2232 3178
35 219 84 244 An.
104 215 134 242 C.
157 214 223 242 ¹736

847 211 987 236 CLEMENS
1015 210 1060 234 ΧΠ
1084 211 1134 235 ΡΡ.

228 261 282 293 iori
306 261 452 291 validitate
480 264 508 291 et
538 260 676 291 firmitate
705 259 739 290 ad
768 260 893 290 invicem
923 259 967 290 liti

228 313 381 341 cesserunt
397 313 425 339 et
447 309 491 339 liti
514 310 632 346 cedunt,
650 309 786 339 omnibus
802 313 829 338 et
846 308 968 348 quibus-

228 368 353 398 cumque
376 358 652 397 supplicationibus,
677 358 800 397 aliisque
824 358 896 388 actis
919 367 967 387 us-

227 416 283 446 que
306 406 392 436 modo
425 406 493 436 hinc
525 406 593 436 inde
626 406 733 445 gestis,
758 410 785 435 et
807 406 967 445 uniruique

227 465 330 485 causae
349 460 376 484 et
401 455 573 493 pendentiae
603 464 691 494 super
718 455 896 493 supradictis
924 465 968 485 ar-

228 505 325 534 ticulis
347 508 379 534 ut
401 513 489 543 supra
513 504 669 533 transactis
700 507 812 533 tantum
836 508 864 533 et
886 504 967 533 dum-

228 557 318 590 taxat,
337 553 543 592 promittentes
566 553 601 582 ad
624 552 750 582 invicem
770 562 846 582 unns
869 553 965 590 alteri,

226 606 255 631 et
282 611 296 631 e
319 610 473 638 converso,
497 601 645 639 praesenti
680 601 873 630 transactioni
908 610 965 631 non

226 649 438 687 contradicere,
455 659 508 679 nec
531 649 671 679 adversus
693 658 725 679 ea
749 649 859 689 aliquid
878 659 968 689 oppo-

225 707 309 736 nere,
324 698 375 728 sed
398 698 441 728 eis
463 702 541 728 stare
563 703 591 728 et
613 699 812 737 acquiescere,
829 703 856 728 et
879 699 914 728 ab
933 701 966 728 ea

225 756 378 787 nunquam
401 748 582 784 reclamare,
606 748 816 778 renunciantes
838 748 872 778 ad
895 748 968 777 invi-

226 807 289 827 cem
313 797 549 836 quibuscumque
571 797 685 827 iuribus
707 801 735 827 et
757 797 854 836 legum
871 797 968 836 dispo-

225 846 383 876 sitionibus
413 856 445 875 ac
473 845 707 886 quibuscumque
734 845 885 876 beneficiis
910 851 965 876 tam

225 895 260 925 de
282 895 347 925 iure
369 895 511 925 canonico
533 904 622 934 quam
645 895 740 931 civili,
765 895 808 925 vel
831 905 866 925 ex
896 904 966 934 qua-

225 953 350 984 cumque
373 944 513 984 peculiari
531 944 607 982 lege,
625 944 750 984 aliisque
766 945 840 974 sorte
856 944 885 973 in
902 954 968 973 con-

225 993 352 1023 trarium
383 992 575 1029 dictantibus,
599 993 706 1032 quibus
740 1002 796 1022 non
829 993 870 1022 uti
904 1002 968 1032 pro-

225 1042 348 1071 mittunt
380 1051 414 1071 ex
448 1046 554 1081 pacto,
578 1046 634 1071 etc.
670 1042 725 1071 Pro
749 1041 871 1080 reliquis
901 1051 968 1071 vero

225 1090 477 1128 altercationibus,
512 1089 746 1130 quaestionibus,
781 1090 905 1126 aliisque
933 1090 967 1119 ad

224 1139 351 1169 invicem
376 1139 537 1179 praetensis
570 1143 627 1168 tam
659 1140 763 1169 decisis
791 1149 876 1178 quam
901 1149 969 1178 pen-

227 1188 375 1223 dentibus,
399 1191 427 1217 et
450 1192 506 1217 tam
531 1187 560 1217 in
583 1188 694 1217 iudicio
718 1187 853 1217 deductis
881 1197 967 1226 quam

225 1246 282 1267 non
306 1237 449 1273 deductis,
467 1237 670 1276 unusquisque
692 1247 729 1266 ex
753 1237 795 1266 eis
819 1240 969 1266 remaneat

224 1286 255 1316 in
278 1285 341 1315 eius
364 1285 521 1325 primaevis
544 1285 659 1315 iuribus
682 1285 711 1315 in
728 1285 835 1324 quibus
857 1291 918 1316 erat
941 1290 968 1316 et

225 1339 269 1365 est
291 1338 358 1365 ante
381 1339 564 1374 praesentem
587 1335 784 1371 concordiam,
819 1340 847 1364 et
870 1335 968 1364 neutri

225 1393 259 1413 ex
282 1384 325 1414 eis
348 1393 399 1424 per
422 1393 561 1423 praesens
584 1384 813 1413 instrumentum
848 1393 969 1414 concor-

225 1424 289 1463 diae
312 1437 340 1463 et
362 1432 568 1463 transactionis
596 1432 778 1471 intelligatur
813 1432 967 1462 inductum

225 1486 254 1512 et
276 1481 389 1512 illatum
411 1482 528 1521 aliquod
554 1482 781 1521 praeiudicium,
799 1482 848 1512 sed
872 1483 967 1512 omnia

225 1535 253 1560 et
274 1531 389 1569 singula
422 1531 601 1561 intransacta
632 1535 659 1560 et
682 1531 711 1560 in
737 1532 885 1570 praesenti
910 1541 966 1561 non

226 1589 363 1620 expressa
394 1585 566 1610 remaneant
589 1580 616 1610 in
641 1590 674 1610 eo
697 1584 773 1610 statu
799 1590 856 1620 quo
887 1585 966 1618 sunt,

225 1634 253 1659 et
276 1629 401 1669 quilibet
423 1639 456 1659 ex
484 1629 526 1658 eis
554 1629 576 1658 si
608 1629 734 1659 voluerit
761 1629 871 1660 liberas
901 1630 969 1660 edes

226 1677 331 1708 habeat
347 1678 408 1707 iura
427 1687 476 1707 sua
494 1678 678 1717 experiendi,
698 1682 782 1717 prout
803 1682 869 1708 anto
888 1688 968 1717 prae-

224 1731 336 1757 sentem
371 1726 501 1766 experiri
535 1731 658 1766 poterat,
694 1728 775 1756 firma
812 1732 908 1757 tamen
940 1731 968 1756 et

223 1776 289 1805 rata,
312 1780 448 1805 manente
471 1775 524 1805 hac
547 1776 692 1814 praesenti
709 1769 865 1806 eoncordia
882 1786 969 1815 super

224 1824 358 1854 articulis
388 1824 545 1863 praedictis
574 1829 605 1854 ut
631 1834 719 1863 supra
743 1825 917 1862 transactis,
941 1829 969 1854 et

224 1883 283 1903 non
319 1873 417 1911 aliter,
449 1877 507 1903 etc.
542 1873 575 1903 Et
608 1874 642 1903 ad
678 1874 733 1903 hoc
764 1879 796 1904 ut
830 1884 968 1914 praesens

226 1923 380 1954 concordia
404 1927 431 1952 et
455 1922 613 1952 transactio
636 1924 718 1953 firma
743 1923 771 1952 in
793 1928 966 1963 perpetuum

225 1972 275 2009 sit,
298 1972 333 2002 ad
367 1971 493 2001 invicem
527 1971 582 2001 sibi
615 1972 687 2010 ipsis
720 1973 918 2011 promiserunt
941 1978 968 2003 et

226 2021 401 2062 promittunt
423 2020 580 2060 implorare
603 2024 631 2050 et
653 2021 786 2051 obtinere
813 2022 969 2052 confirma-

226 2070 333 2101 tionem
356 2079 371 2100 a
395 2070 497 2100 sancta
515 2069 586 2099 Sede
603 2069 782 2109 Apostolica‚
801 2075 828 2100 et
846 2071 968 2110 quilibet

226 2129 261 2149 ex
283 2119 325 2149 eis
348 2122 483 2149 teneatur
505 2118 598 2148 facere
623 2123 719 2158 partes
741 2129 819 2156 suaS,
838 2123 865 2149 et
887 2120 968 2149 adhi-

226 2168 295 2198 bere
328 2177 444 2198 omnem
473 2167 670 2207 diligentiam,
694 2169 906 2199 constituentes
933 2169 965 2199 ad

226 2217 350 2246 invicem
374 2226 405 2246 se
427 2216 506 2255 ipsos
531 2221 738 2255 procuratores
756 2217 790 2246 ad
808 2217 881 2247 hanc
904 2227 968 2256 spe-

227 2266 331 2295 cialem
367 2274 484 2294 causam
526 2265 701 2304 implorandi
745 2271 773 2296 et
814 2266 965 2296 obtinendi

227 2314 407 2353 praedictam
440 2314 691 2343 confirmationem
725 2324 738 2343 a
768 2316 871 2344 sancta
893 2314 966 2344 Sede

227 2362 413 2402 Apostolica‚
448 2372 513 2392 cum
548 2364 626 2392 omni
659 2363 756 2402 amplo
787 2368 815 2392 et
848 2363 966 2401 speciali

228 2411 380 2448 mandato,
404 2415 432 2440 et
454 2410 578 2449 quilibet
606 2420 641 2440 ex
664 2411 706 2441 eis
729 2421 780 2450 per
802 2421 831 2441 se
854 2416 882 2441 et
904 2421 967 2441 suc-

227 2470 357 2491 cessores
379 2469 446 2490 suos
470 2460 631 2499 respective
654 2465 798 2497 teneatur,
830 2466 915 2499 prout
937 2470 966 2490 sc

227 2509 368 2548 obligavit
391 2515 419 2539 et
441 2508 566 2547 obligat,
592 2514 773 2548 praesentem
798 2510 967 2540 transactio-

227 2568 295 2589 nem
317 2559 347 2588 in
371 2558 507 2589 omnibus
526 2562 553 2588 et
570 2567 621 2598 per
643 2558 739 2588 omnia
762 2558 917 2589 observare
940 2564 967 2589 et

227 2607 389 2648 adimplere
411 2606 491 2638 iuxta
516 2610 644 2638 tenorem
667 2611 695 2637 et
714 2608 846 2647 formam,
863 2617 895 2637 ac
912 2607 966 2638 sub

1644 205 1706 239 119

1011 259 1070 290 illis
1085 260 1198 298 legibus
1214 261 1319 301 quibus
1336 262 1421 292 suerit
1437 272 1487 302 per
1503 266 1632 293 sanctam
1646 263 1748 294 Sedem

1011 309 1207 348 Apostolicam
1231 311 1454 350 praescriptum,
1472 316 1499 341 et
1516 321 1572 341 non
1589 312 1673 350 alias,
1691 317 1747 342 etc.

1011 356 1046 386 Et
1067 366 1136 386 casu
1160 367 1215 396 quo
1239 368 1294 388 non
1319 360 1405 389 suerit
1432 369 1570 398 praesens
1593 360 1748 390 concordia

1010 406 1180 435 confirmata
1208 416 1221 435 a
1246 409 1348 438 sancta
1369 409 1443 438 Sede
1466 409 1632 448 Apostolica
1647 433 1654 446 ,
1679 413 1748 438 tunc

1010 458 1036 483 et
1062 463 1095 484 eo
1118 464 1185 484 casu
1210 457 1319 485 nullam
1346 457 1450 487 haheat
1465 458 1521 487 vim
1540 467 1633 497 neque
1652 458 1750 487 estica-

1010 503 1096 537 ciam,
1120 507 1148 532 et
1182 509 1285 534 neuter
1317 514 1351 534 ex
1385 505 1426 535 eis
1459 510 1590 535 teneatur
1612 506 1646 535 ad
1669 506 1749 536 illius

1010 551 1248 589 observantiam,
1273 555 1321 584 sed
1345 556 1545 594 unusquisque
1573 565 1610 586 ex
1638 556 1680 585 eis
1703 565 1750 585 re-

1011 605 1126 630 maneat
1148 601 1178 631 in
1201 602 1264 631 eius
1288 603 1444 642 primaevis
1473 604 1586 634 iuribus
1609 609 1636 634 et
1658 605 1747 634 actio-

1011 649 1108 686 nibus,
1123 655 1209 690 prout
1225 657 1291 681 ante
1308 658 1488 690 praesentem
1503 658 1574 689 erat,
1589 659 1617 683 et
1633 654 1746 684 nullum

1011 709 1062 738 per
1086 706 1269 739 praesentem
1292 701 1473 739 intelligatur
1495 703 1670 742 acquisitum
1689 703 1746 741 ius,

1011 757 1064 778 nec
1081 748 1194 779 illatum
1212 750 1436 788 praeiudicium,
1449 755 1477 780 et
1493 761 1550 780 non
1566 752 1662 789 aliter,
1676 756 1747 789 ete.,

1011 808 1043 826 ex
1069 803 1162 837 paeto,
1187 803 1243 829 etc.
1268 799 1307 829 lta
1331 803 1389 829 est:
1413 801 1501 830 t'rater
1522 800 1629 830 losepa
1652 801 1747 831 MAffla

1011 847 1164 886 episcopus
1201 847 1385 887 Oppidensis.
1420 848 1454 878 Et
1486 848 1616 878 volentes
1651 854 1746 888 partes

1011 895 1091 935 ipsae
1118 900 1149 926 ut
1175 896 1209 926 de
1239 897 1420 936 praeinserto
1452 897 1646 927 instrumento
1680 907 1749 927 con-

1011 945 1139 982 cordiae,
1164 945 1368 975 transactionis
1392 950 1418 975 et
1440 946 1642 976 conventionis
1665 947 1750 985 plene

1011 997 1135 1031 constet,
1160 997 1187 1023 et
1208 994 1294 1023 toties
1323 1003 1337 1023 a
1366 995 1466 1023 sancta
1489 994 1562 1024 Sede
1584 994 1751 1033 Apostolica

1011 1041 1226 1081 beneplacitum
1246 1052 1333 1082 super
1350 1043 1518 1082 praemissis
1534 1043 1562 1072 in
1580 1044 1749 1075 transactio-

1011 1101 1047 1122 ne
1070 1092 1220 1131 praedicta
1242 1092 1392 1123 obtentum
1417 1094 1518 1129 suerit,
1543 1097 1628 1132 prout
1650 1093 1683 1122 ad
1708 1093 1751 1123 in-

1012 1141 1105 1171 vicem
1142 1141 1274 1171 obtinere
1306 1146 1334 1172 et
1368 1143 1525 1181 implorare
1562 1143 1749 1182 promittunt,

1012 1189 1083 1219 illud
1107 1189 1256 1220 observari
1275 1190 1391 1228 debeat,
1408 1191 1644 1220 deliberaverunt
1663 1192 1750 1221 etiam

1011 1239 1046 1268 ad
1070 1243 1253 1278 praesentem
1286 1239 1416 1269 alberani
1451 1240 1571 1269 sormam
1601 1241 1749 1279 devenire,

1013 1293 1097 1327 prout
1119 1288 1288 1324 deveniunt,
1307 1289 1332 1318 vi
1356 1289 1439 1318 cuius
1465 1293 1631 1326 teneantur,
1649 1299 1751 1328 quem-

1012 1337 1168 1366 admodum
1185 1346 1215 1367 se
1234 1337 1402 1375 obligarunt
1424 1341 1452 1367 et
1474 1337 1615 1376 obligant,
1633 1337 1750 1368 obtento

1013 1385 1196 1425 beneplacito
1230 1386 1389 1425 praedicto,
1424 1390 1452 1416 et
1484 1386 1614 1416 adhibita
1646 1387 1752 1417 exinde

1013 1434 1131 1474 publica
1153 1440 1181 1464 et
1203 1435 1327 1465 solemni
1350 1436 1547 1475 stipulatione,
1565 1436 1751 1466 concordiam

1013 1483 1190 1522 praedictam
1219 1484 1247 1513 in
1272 1484 1408 1513 omnibus
1438 1488 1466 1514 et
1495 1494 1544 1523 per
1578 1485 1674 1514 omnia
1703 1485 1753 1515 ob-

1012 1541 1130 1562 servare
1154 1537 1181 1562 et
1200 1533 1372 1572 adimplere,
1391 1533 1468 1562 iuxta
1494 1538 1623 1563 tenorem
1647 1538 1674 1563 et
1698 1534 1752 1563 sor-

1013 1591 1101 1616 mam,
1125 1591 1158 1611 ac
1181 1581 1235 1611 sub
1257 1582 1316 1611 illis
1339 1582 1452 1620 legibus
1475 1582 1580 1621 quibus
1595 1583 1684 1612 suerit
1701 1592 1751 1622 per

1012 1634 1143 1660 sanctam
1178 1630 1280 1660 Sedcm
1314 1631 1406 1669 ipsam
1439 1631 1633 1670 Apostolicam
1672 1640 1752 1669 prae-

1012 1679 1164 1719 scriptum,
1186 1683 1213 1708 et
1229 1688 1284 1709 non
1303 1679 1401 1717 aliter,
1419 1684 1488 1715 etc.;
1506 1684 1534 1709 et
1553 1689 1609 1709 non
1634 1679 1751 1710 obtento

1012 1728 1194 1768 beneplacito
1218 1728 1388 1768 apostolico,
1407 1733 1530 1768 uterque
1547 1734 1696 1759 remaneat
1721 1730 1750 1759 in

1012 1778 1075 1807 iure
1098 1787 1161 1813 suo,
1182 1783 1209 1807 et
1234 1787 1371 1816 praesens
1387 1777 1514 1807 alberani
1534 1778 1623 1807 forma
1642 1778 1751 1807 nullam

1013 1827 1068 1856 vim
1093 1831 1120 1856 et
1142 1826 1232 1856 robur
1255 1826 1369 1864 habeat,
1387 1826 1455 1855 dum
1475 1829 1511 1856 ad
1532 1827 1585 1856 hoc
1600 1827 1753 1857 devenitur

1011 1876 1204 1912 solummodo,
1219 1880 1250 1905 ut
1266 1876 1295 1905 in
1312 1875 1469 1905 obtinendo
1486 1875 1668 1915 beneplacito
1684 1886 1752 1914 apo-

1011 1925 1114 1955 stolico
1137 1924 1324 1962 dignoscatur
1343 1934 1357 1953 a
1375 1925 1484 1954 Sancta.
1498 1924 1570 1954 Sede
1595 1928 1753 1964 utrumque

1011 1983 1186 2004 consensum
1209 1973 1309 2003 adesse
1326 1973 1402 2002 circa
1420 1973 1646 2003 transactionem
1671 1983 1751 2013 prae-

1011 2023 1118 2052 dictam
1142 2022 1274 2061 ipsorum
1298 2022 1512 2061 praedictorum
1537 2022 1752 2053 illustrissimo-

1011 2080 1075 2101 rum
1099 2075 1126 2100 et
1150 2070 1461 2100 reveremlissimorum
1489 2071 1700 2110 archiepiscopi
1724 2076 1752 2102 et

1011 2120 1270 2156 archimandritae,
1295 2120 1344 2159 qui
1361 2129 1390 2149 se
1410 2120 1437 2149 in
1457 2121 1601 2159 praesenti
1626 2120 1752 2150 subscri-

1013 2173 1146 2210 pserunt,
1171 2169 1258 2205 unde,
1283 2174 1338 2198 etc.
1363 2169 1523 2206 Messanae,
1548 2169 1593 2199 die
1624 2179 1679 2199 xxx
1702 2180 1753 2199 an-

1011 2219 1088 2257 gusti
1111 2227 1291 2248 arnccxxvin.
1317 2236 1351 2240 —-
1386 2217 1491 2247 lossseu
1514 2218 1752 2258 archiepiscopus

1012 2268 1216 2297 Messanensis.
1243 2285 1275 2288 —
1300 2267 1413 2297 Simus
1436 2267 1664 2296 archimandrita
1682 2268 1753 2297 Mes-

1010 2317 1154 2346 sanensis.
1174 2333 1212 2338 —
1236 2316 1330 2345 Ahbas
1354 2318 1613 2345 Baarnommffls
1636 2316 1752 2345 Iloinm-

1011 2375 1063 2395 crs
1089 2366 1158 2395 Vocr
1181 2364 1260 2394 adsui
1285 2364 1377 2401 testis,
1395 2370 1422 2394 et
1445 2364 1547 2393 doctor
1564 2363 1669 2393 los-spa
1686 2364 1752 2394 Ceu

1010 2413 1090 2442 adsui
1114 2413 1209 2449 testis,
1233 2415 1290 2441 etc.
1314 2411 1354 2440 Ex
1379 2410 1450 2439 actis
1473 2410 1619 2448 quondam
1644 2411 1750 2440 notarii

1011 2460 1121 2490 lGNArn
1157 2459 1265 2488 Sanam
1306 2457 1500 2486 Messanensis
1538 2461 1667 2486 extracta
1708 2461 1751 2486 est

1011 2517 1150 2547 praesens
1181 2506 1262 2546 copia
1299 2514 1350 2544 per
1385 2513 1429 2533 me
1461 2504 1608 2534 notarium
1644 2505 1750 2534 losern

1009 2557 1150 2593 Cumrro,
1174 2560 1229 2585 etc.
1255 2564 1286 2583 »z

1050 2605 1167 2636 Plenius
1190 2608 1218 2634 et
1241 2603 1332 2634 fusius
1355 2603 1532 2634 continetur.

1753 215 1801 241 An.
1825 216 1854 241 C.
1877 215 1944 243 1736
