2232 3178
301 251 349 277 An.
365 249 392 275 C.
416 247 482 275 1735

326 313 381 332 uano
397 312 480 331 faculta-

300 341 339 359 teni
389 338 481 358 extundit

301 366 401 386 Clemens.

528 238 571 271 [44

534 297 548 339 ἓ
572 296 602 328 ΕΣ.
623 296 697 329 Cum
724 300 840 333 autem,
867 293 950 326 sicut
974 291 1111 325 dilectus
1136 291 1220 324 tilius

493 350 711 383 Bomiventura
736 359 752 381 a
778 346 934 385 Ferraria,
959 345 1104 378 minister
1129 355 1221 387 genc-

491 402 566 435 ralis
603 401 728 434 Ordinis
765 400 896 432 sratrum
933 398 1089 432 Minorum
1121 397 1220 430 sancti

491 454 648 487 Francisci
675 453 932 496 Capuccinorum
952 457 1221 496 nuncupatorum,

491 508 584 540 nobis
601 517 705 550 nuper
721 507 836 549 exponi
855 505 940 546 fecit,
960 505 1044 538 iuxta
1063 505 1223 548 quoddam
1244 507 1246 542 'i

492 562 656 595 decretum
682 566 837 602 nostrum,
864 560 930 593 sive
958 570 1015 603 per
1033 564 1157 592 nostras
1174 570 1225 602 pa-

491 615 567 648 riter
593 615 622 646 in
650 615 751 647 forma
776 613 885 647 Brevis
903 612 1070 656 expeditas
1088 613 1223 651 litteras,

492 668 709 701 delinitorium
736 668 887 711 generale
925 666 1002 700 dicti
1037 666 1165 700 Ordinis
1195 666 1249 704 in3

492 722 552 754 bac
577 723 659 755 alma
684 721 768 754 Urbe
795 723 906 754 nostra
932 721 970 753 de
995 720 1159 764 praesenti
1178 730 1227 752 re-

492 776 606 815 sideat,
633 781 663 808 et
688 775 736 808 bis
762 775 794 808 in
815 775 1019 808 hebdomada
1036 775 1227 817 plerumque

493 840 550 871 pro
587 828 794 862 discutiendis
830 839 865 861 ac
901 827 1098 861 resolvendis
1131 827 1250 860 rebuS÷

492 881 617 915 Ordinis
645 882 830 914 huiusmodi
856 882 998 921 uniatur,
1025 881 1130 914 dictus
1151 891 1226 913 vero

493 935 714 968 Bonaventura
739 935 884 968 minister
908 935 1067 977 generalis
1103 934 1133 966 in
1160 934 1228 966 dies

493 989 531 1021 ab
556 988 729 1021 Ordinariis
756 992 786 1021 et
811 987 1094 1021 communitatibus
1119 991 1149 1020 et
1175 987 1229 1020 bo-

492 1041 631 1073 minibus
658 1041 882 1074 nonnullorum
909 1042 1069 1080 locorum,
1101 1050 1227 1074 necnon

493 1095 600 1127 multis
614 1094 860 1128 honorabilibus
879 1094 1005 1128 familiis
1022 1094 1225 1137 efflagitetur,

493 1151 527 1179 ut
552 1147 663 1180 fratres
689 1147 843 1191 praedicti
869 1147 995 1180 Ordinis
1018 1152 1230 1180 sacramenta·

494 1202 540 1234 les
566 1200 823 1234 christifidelium
839 1200 1060 1234 consessiones
1078 1200 1228 1244 excipere

493 1254 627 1298 possint,
654 1265 689 1287 ac
714 1254 849 1298 proinde
874 1258 1056 1299 opportune
1082 1254 1113 1286 in
1139 1264 1231 1296 prae-

494 1308 599 1341 missis
624 1320 640 1341 a
665 1309 756 1342 nobis
773 1308 937 1352 provideri
956 1318 1162 1352 summopere
1181 1308 1231 1341 de-

495 1361 630 1395 sideret:
650 1372 718 1403 nos,
740 1362 845 1405 ipsum
869 1362 1122 1395 Bonaventuram
1144 1361 1231 1394 mini·

495 1421 595 1448 strum
621 1417 807 1458 generalem
832 1415 1027 1459 specialibus
1068 1415 1231 1448 favoribus

497 1475 528 1502 et
552 1469 659 1512 gratiis
693 1469 848 1512 prosequi
879 1470 1042 1510 volentes,
1068 1474 1098 1502 et
1122 1481 1138 1501 a
1164 1468 1232 1512 qui-

495 1523 604 1556 busvis
639 1523 982 1556 excommunicationis
1005 1550 1012 1563 ‚
1047 1522 1234 1566 suspensio-

495 1576 543 1608 nis
583 1581 614 1609 et
653 1576 840 1616 interdicti,
873 1576 1008 1620 aliisque
1038 1576 1235 1609 ecclesiasti-

496 1629 541 1662 cis
567 1629 749 1669 sententiis,
774 1629 921 1662 censuris
939 1635 971 1663 et
989 1629 1112 1673 poenis,
1131 1640 1148 1662 a
1166 1630 1234 1662 iure

497 1684 545 1716 vel
578 1683 617 1716 ab
654 1683 808 1723 homine,
844 1683 956 1726 quavis
990 1683 1161 1716 occasione
1187 1684 1236 1716 vel

497 1738 591 1769 causa
616 1737 701 1777 latis,
726 1737 761 1769 si
777 1736 893 1780 quibus
918 1737 1165 1780 quomodolibet
1189 1736 1237 1769 in-

496 1790 631 1824 nodatus
649 1790 766 1831 existit,
786 1790 825 1823 ad
843 1790 993 1824 effectum
1014 1790 1236 1834 praesentium

498 1844 660 1877 dumtaxat
696 1844 982 1888 consequendum,
1008 1843 1119 1877 barum
1152 1844 1237 1877 serie

498 1899 703 1932 absolventes
740 1904 771 1931 et
795 1898 977 1931 absolutum
1004 1898 1071 1931 sore
1102 1908 1237 1932 censen-

500 1958 545 1986 tes
561 1979 568 1993 ,
606 1951 796 1985 huiusmodi
836 1951 1131 1996 supplicationibus
1170 1951 1238 1984 eius

499 2005 631 2039 nomine
656 2005 749 2039 nobis
775 2016 875 2050 super
900 2006 963 2038 boc
984 2006 1150 2038 humiliter
1167 2015 1238 2048 por-

499 2060 594 2093 rectis
620 2059 786 2101 inclinati,
811 2059 918 2092 eidem
944 2059 1182 2093 Bonaventurae
1208 2064 1238 2093 et

499 2123 559 2157 pro
585 2119 732 2157 tempore
758 2113 904 2147 existenti
930 2113 1076 2146 ministro
1094 2113 1236 2156 generali

500 2167 654 2210 praedicti
679 2166 819 2207 Ordinis,
844 2172 878 2199 ut
902 2169 966 2199 una
989 2178 1063 2199 eum
1089 2166 1238 2200 definito-

500 2220 548 2253 rio
572 2220 714 2263 generali
740 2219 927 2253 huiusmodi
964 2220 1139 2263 petitiones
1175 2219 1237 2253 sibi

500 2284 599 2318 super
633 2274 824 2318 praemissis
858 2274 954 2307 factas
980 2274 1185 2317 expendere,
1210 2274 1236 2307 si

501 2334 531 2361 et
556 2334 712 2372 quatenus
737 2328 808 2361 illas
833 2333 1049 2370 congruentes
1076 2333 1106 2360 et
1126 2338 1238 2361 neces-

501 2382 600 2415 sarias
625 2382 803 2426 repererit,
828 2382 1018 2425 praesertim
1043 2382 1074 2414 in
1099 2382 1163 2415 illis
1189 2383 1237 2415 lo-

501 2436 546 2469 cis
573 2436 627 2469 ubi
652 2441 833 2470 conventus
859 2435 908 2468 sui
933 2435 1062 2468 Ordinis
1087 2436 1237 2476 existunt,

502 2495 534 2522 et
558 2489 589 2522 in
615 2489 659 2522 cis
685 2489 851 2533 ceteroqui
877 2488 1147 2522 confessariorum
1180 2501 1237 2533 pe-

502 2543 595 2575 nuria
613 2543 714 2586 viget,
733 2548 925 2587 potestatem
946 2542 1096 2575 fratribus
1114 2543 1239 2576 Ordinis

502 2596 658 2639 praedicti
686 2597 716 2629 in
742 2596 823 2630 sacri
855 2596 1094 2640 presbyteratus
1126 2596 1238 2629 ordine

502 2651 692 2693 conuiuiis,
718 2657 748 2686 et
773 2652 813 2686 ad
838 2650 1012 2685 audiendas
1028 2650 1239 2686 saecularium

1073 242 1256 267 RULLARIUM
1283 241 1440 265 ROMANUM

1263 291 1491 323 consessiones
1521 290 1559 322 ab
1585 289 1752 322 Ordinario
1788 289 1851 323 loci
1888 299 2004 333 appro-

1264 344 1355 383 bati=,
1379 344 1559 377 concedere
1584 342 1686 376 libere
1705 348 1735 376 ct
1753 342 1839 376 licite
1860 342 1959 386 possit
1976 345 2006 375 ct

1243 407 1244 422 1
1265 399 1374 439 valeat,
1403 407 1638 441 quamcumque
1665 397 1882 429 necessariam
1903 402 1934 429 ct
1951 406 2007 439 op·

1243 468 1245 475 π
1266 457 1434 494 portunam
1462 451 1654 489 facultatem,
1675 450 1863 483 auctoritate
1885 456 2007 493 aposto·

1268 504 1347 545 lica,
1374 510 1484 536 tenore
1510 503 1729 547 praesentium
1746 530 1753 543 ,
1782 503 1949 537 tribuimus
1976 509 2007 536 et

1269 556 1488 600 impartimur;
1516 556 1788 600 quemadmodum
1815 557 1846 589 in
1867 557 2007 601 capitulo

1270 610 1411 653 generali
1448 609 1592 643 eiusdem
1617 609 1745 643 OrdInis
1779 611 1897 643 servari
1924 621 2004 644 con-

1271 663 1385 696 suern.

1315 718 1329 759 g
1353 716 1384 749 3.
1413 716 1480 750 Non
1507 717 1708 750 obstantibus
1741 717 1903 761 praedicta
1935 717 2007 751 Cle-

1271 770 1385 802 mentis
1411 770 1677 813 praedecessoris,
1703 771 1837 814 aliisque
1855 772 2007 804 constitu-

1272 823 1412 856 tionibus
1449 829 1479 856 et.
1511 824 1767 857 ordinationibus
1799 824 2006 868 apostoliciS,

1272 887 1398 910 necnon
1425 877 1499 910 dicti
1525 877 1660 918 Ordinis,
1686 878 1780 911 etiam
1807 879 2004 918 iuramento,

1272 930 1519 963 confirmatione
1535 931 1728 974 apostolica,
1753 933 1801 965 vel
1825 932 1935 976 quavis
1961 931 2010 964 [ir-

1273 984 1382 1016 mitate
1407 983 1469 1016 alia
1494 985 1657 1018 roboratis
1674 1013 1681 1025 ,
1708 986 1836 1018 statutis
1871 992 1902 1019 et
1937 997 2010 1020 con—

1272 1037 1518 1079 suetudinibus,
1538 1038 1715 1081 privilegiis
1741 1049 1882 1082 quoque,
1906 1040 2011 1073 indul-

1275 1091 1312 1124 tis
1340 1097 1371 1124 ct
1396 1092 1513 1124 litteris
1543 1092 1730 1135 apostolicis
1756 1093 1785 1125 in
1812 1093 2010 1126 eontrarium

1273 1145 1529 1187 praemissorum
1557 1146 1806 1189 quomodolibet
1830 1147 2009 1189 concessis,

1273 1198 1470 1231 confirmatis
1485 1204 1516 1231 et
1530 1198 1706 1240 innovatis;
1727 1200 1843 1243 quibus
1859 1201 2009 1234 omnibus

1274 1256 1306 1284 ct
1339 1251 1496 1294 singulis,
1524 1252 1653 1285 illorum
1693 1258 1822 1286 tenores
1858 1264 2010 1297 praesen-

1275 1305 1358 1337 tibus
1376 1316 1436 1348 pro
1469 1307 1566 1348 plene
1599 1311 1631 1339 et
1656 1306 1855 1340 sufficienter
1886 1318 2012 1351 expres-

1275 1360 1318 1392 sis
1367 1365 1398 1392 et
1438 1361 1477 1393 ad
1529 1361 1662 1393 verbum
1710 1361 1839 1394 insertis
1888 1361 2012 1395 liaben-

1276 1418 1332 1454 tes‚
1354 1413 1418 1446 illis
1443 1413 1522 1446 alias
1548 1414 1580 1446 in
1605 1425 1663 1447 suo
1689 1415 1808 1448 robore
1827 1426 2013 1458 permansu-

1276 1466 1329 1506 ris,
1365 1466 1426 1499 hac
1456 1466 1523 1499 vice
1548 1467 1731 1508 dumtaxat,
1766 1468 1956 1511 specialiter
1981 1475 2013 1503 et

1276 1530 1430 1563 expresse
1457 1521 1673 1563 deroganuls;
1712 1522 1895 1566 ceterisque
1930 1533 2010 1556 con-

1279 1573 1386 1606 trariis
1419 1574 1692 1618 quibuscumque.

1322 1626 1434 1659 Datum
1458 1627 1589 1668 Romae,
1608 1629 1693 1670 apud
1718 1628 1749 1661 S.
1770 1627 1899 1662 Mariam
1925 1629 2016 1663 Maio·

1279 1690 1359 1719 rem,
1377 1679 1436 1711 sub
1454 1681 1574 1713 annulo
1590 1680 1775 1721 piscatoris,
1797 1681 1848 1714 die
1872 1692 1922 1716 xiv
1942 1683 2014 1716 maii

1278 1743 1459 1774 mcccxxxv,
1480 1733 1689 1776 pontificatus
1710 1735 1815 1767 nostri
1844 1746 1932 1769 anno
1952 1747 1978 1770 v.

1316 1796 1375 1823 nat.
1400 1796 1447 1824 die
1469 1799 1498 1824 14
1521 1797 1581 1823 maii
1604 1797 1681 1830 1735,
1703 1797 1803 1832 pontif.
1825 1806 1896 1825 anno
1916 1805 1941 1824 v.

1566 1851 1600 1883 1³.
1627 1851 1715 1884 card.
1742 1851 1925 1885 OLIVERIUS.

1595 2021 1706 2055 CLVII.

1280 2111 1510 2155 Inclulqentiae
1546 2111 1730 2144 docentibus
1764 2115 1792 2144 et
1826 2110 1937 2155 pueris
1971 2111 2018 2145 di-

1323 2166 1482 2199 scentibus
1515 2165 1698 2199 doctrinam
1733 2165 1949 2198 christianam
1981 2166 2018 2199 in

1326 2219 1408 2252 Urbe
1442 2230 1478 2252 ac
1502 2219 1655 2252 um'versei
1681 2218 1806 2258 Italia,
1835 2218 2019 2262 insulisque

1323 2272 1555 2313 adiacentibus,
1582 2272 1801 2305 extenduntur
1825 2272 1867 2305 ad
1890 2272 2019 2306 adultos

1323 2327 1382 2372 qui
1405 2328 1593 2360 catechismo
1618 2325 1807 2359 huiusmodi
1831 2326 2014 2360 intererint.

1491 2417 1624 2444 clemens
1644 2417 1722 2451 Papa
1741 2416 1804 2450 XII,

1393 2464 1429 2490 ad
1451 2465 1632 2496 perpetuam
1654 2463 1702 2489 rei
1722 2461 1908 2488 memoriam.

1325 2543 1516 2576 Caelestium
1542 2553 1712 2576 munerum
1746 2543 1916 2576 thesauros
1951 2541 2017 2575 dis-

1281 2597 1461 2641 pensationi
1494 2603 1622 2630 nostrae
1648 2607 1663 2629 a
1693 2596 1825 2630 Domino
1850 2595 1992 2629 creditos
2008 2623 2016 2638 ‚

1281 2663 1352 2688 cum
1376 2651 1415 2687 ad
1440 2651 1619 2687 catholicae
1645 2650 1811 2694 religionis
1836 2649 2015 2687 incremen-

2012 237 2061 264 An.
2082 236 2111 264 C.
2129 236 2196 264 ¹735
2219 239 2227 265 13

2045 724 2135 749 non-gat
2150 728 2201 744 con-

2018 753 2094 772 trariis.

2056 2545 2176 2569 Exordium.
2218 2530 2222 2586 i!
