2232 3178
0 207 48 234 Αη.
63 206 91 232 C.
114 202 181 231 ¹738

807 203 950 228 CLEMENS
978 203 1022 226 Xll
1049 204 1097 227 Pr.

192 262 256 286 non
281 252 505 296 permittentes
527 254 701 287 modernos
722 259 752 286 et
770 263 829 297 pro
851 258 932 285 tem-

192 316 272 350 pore
298 305 470 339 existentes
495 307 684 349 capitulum,
710 307 881 349 dignitates
901 311 932 338 et

193 359 362 392 canonicos
388 359 491 392 dictae
519 359 745 402 patriarchalis
773 359 930 392 ecclesiae

194 412 457 455 Ulyssiponensis
490 412 700 446 occidentalis
725 423 742 445 a
766 423 930 455 quoquam

194 475 292 507 super
316 465 466 497 omnibus
498 470 529 498 et
564 465 697 508 singulis
727 465 772 498 eis
798 476 813 497 a
839 476 931 508 prae-

194 518 278 551 dicto
304 518 467 551 Clemente
494 519 751 561 praedecessore
783 528 842 561 per
868 517 933 560 pri-

195 571 349 604 niodictas
375 571 496 605 litteras
533 571 564 603 in
591 571 673 604 dicta
710 571 813 603 forma
839 581 933 613 expe-

193 624 273 657 ditas
300 630 330 657 et
362 636 378 657 a
402 625 497 657 nobis
522 635 582 668 per
618 631 802 667 praesentes
829 635 933 666 respe-

193 678 274 711 ctive
300 679 462 711 concessis
487 679 734 722 quomodolibet
754 677 930 717 molestari,

193 731 390 775 perturbari,
418 736 470 764 aut
496 731 689 773 inquietari;
717 731 933 763 contradicto-

192 794 244 817 res
272 784 434 827 quoslibet
460 789 492 817 et
509 784 648 817 rebelles
669 795 726 827 per
743 784 932 822 sententias,

191 847 345 870 censuras
371 842 401 869 et
427 847 547 879 poenas
574 836 821 875 ecclesiasticas,
856 836 931 869 alia-

192 900 255 933 que
281 895 464 933 opportuna
500 890 580 922 iuris
607 896 637 922 et
661 890 734 922 sacti
776 890 931 929 remedia,

192 943 412 986 appellatione
457 942 643 986 posposita,
680 943 931 985 compescendo,

192 996 337 1028 invocato
363 996 456 1028 etiam
483 996 520 1028 ad
548 996 628 1035 hoc,
657 995 680 1028 si
709 1006 789 1038 opus
825 995 933 1034 suerit,

191 1048 310 1081 auxilio
349 1048 472 1081 bracliii
508 1049 696 1088 saecularis,
733 1053 764 1081 et
803 1048 935 1091 insuper

192 1102 352 1134 iudicibus
378 1102 564 1145 praedictis,
591 1109 621 1135 et
647 1113 758 1136 corum
785 1102 932 1141 cuilibet,

192 1165 418 1198 quoscumque
467 1156 611 1188 oninium
659 1162 689 1188 et
729 1155 932 1197 singulorum

191 1207 444 1252 praemissorum
471 1218 597 1240 necnon
625 1219 641 1240 a
665 1208 826 1241 Clemente
846 1218 935 1250 prae·

193 1261 361 1294 decessore
387 1260 552 1304 praedicto
581 1272 640 1304 per
665 1261 876 1304 primodictas
902 1261 933 1292 in

192 1314 295 1347 forma
333 1316 474 1357 praelata
508 1314 672 1356 expeditas
704 1314 825 1346 litteras
859 1324 935 1346 con-

193 1377 354 1401 cessorum
380 1366 527 1400 effectum
554 1367 778 1410 impedientes,
798 1378 852 1399 seu
876 1378 934 1410 pro

194 1426 339 1464 tempore
365 1420 539 1453 existentes
558 1421 743 1463 capitulum,
764 1420 934 1461 dignitates

193 1480 225 1507 et
250 1476 422 1507 canonicos
460 1474 641 1516 praedictos
681 1485 778 1517 super
815 1474 935 1506 eisdem

194 1527 380 1571 praemissis
404 1537 531 1560 necnon
561 1528 599 1559 ab
629 1527 744 1560 eodem
771 1527 934 1560 Clemente

195 1581 463 1624 praedecessore,
491 1586 524 1612 ut
550 1581 741 1623 praesertur,
769 1581 935 1614 concessis

194 1634 424 1673 molestantes,
451 1634 698 1676 pertuibantes,
725 1634 835 1676 eisque
861 1645 937 1677 quo-

195 1687 240 1720 vis
266 1687 362 1720 modo
388 1687 658 1727 contradicentes,
677 1687 771 1720 etiam
791 1698 849 1730 per
874 1687 936 1720 edi-

196 1746 281 1773 etum
307 1740 473 1783 publicum
492 1767 499 1781 ‚
526 1741 664 1773 constito
700 1741 872 1773 summarie
898 1741 936 1773 dc

197 1804 261 1827 non
288 1798 354 1826 tuto
395 1804 542 1833 accessu,
568 1793 703 1833 citandi,
731 1793 877 1836 illisque,
902 1804 937 1826 ac

197 1847 314 1890 quibus
349 1851 381 1880 et
406 1846 533 1890 quoties
571 1846 782 1879 inhibendum
822 1847 934 1886 suerit,

198 1900 293 1934 etiam
319 1911 376 1943 per
402 1900 554 1939 edictum,
580 1900 684 1943 quoad
710 1899 938 1943 patriarcham,

197 1953 463 1996 archiepiscopos
488 1959 517 1986 et
547 1953 718 1996 episcopos
750 1953 807 1985 snb
844 1953 938 1986 inter-

198 2006 274 2039 dicti
301 2006 470 2048 ingresssis
508 2006 685 2046 ecclesiae,
711 2017 773 2049 quo
799 2017 873 2039 vero
899 2007 937 2039 ad

197 2059 277 2092 alios
302 2058 472 2091 inferiores
497 2059 557 2091 sub
583 2059 936 2099 excommunicationis,

199 2122 234 2145 ac
259 2111 353 2145 etiam
380 2111 588 2154 pecuniariis,
614 2122 672 2144 nec
697 2122 761 2144 non
787 2112 939 2154 privatio-

198 2164 248 2198 nis
273 2163 505 2197 benesieiornm
531 2170 563 2197 et
587 2165 768 2198 officiorum
794 2166 939 2198 saecula-

199 2217 281 2250 rium
308 2223 339 2250 et
362 2217 655 2249 ecclesiasticorum
675 2228 785 2250 eorum
806 2218 939 2250 arbitrio

199 2270 419 2314 imponendis,
446 2270 649 2303 moderandis
676 2276 707 2302 et
738 2271 940 2313 applicandis

200 2324 325 2367 poenis,
353 2322 539 2362 inhibendi,
564 2334 599 2356 ac
625 2334 695 2363 ρος,
722 2335 801 2367 quos
827 2335 940 2357 censu-

201 2387 250 2409 ras
275 2382 306 2409 et
333 2386 451 2419 poenas
473 2376 653 2419 praedictas
672 2376 849 2410 incurrisse
868 2388 941 2410 con—

201 2430 334 2469 stiterit,
373 2440 425 2462 eas
461 2429 652 2469 incurrisse,
679 2432 803 2463 servata
839 2430 941 2463 forma

202 2481 336 2516 Concilii
362 2481 557 2521 Tridentini,
583 2482 783 2522 declarandi,
809 2494 845 2516 nc
869 2494 940 2517 cen-

202 2546 292 2568 suras
309 2540 339 2567 et
358 2545 477 2578 poenas
496 2534 580 2578 ipsas
607 2535 700 2568 etiam
729 2535 850 2569 iteratis
869 2536 940 2569 vici-

201 2588 260 2621 bus
286 2587 497 2631 aggravandi,
524 2588 753 2631 rcaggraraudi
785 2595 816 2621 et
841 2588 939 2628 inter-

1615 196 1679 230 335
1727 208 1773 231 An¹
1792 208 1818 232 c.
1845 207 1910 234 ¹738

977 251 1117 292 dicendi,
1144 252 1274 296 plenam
1297 259 1327 285 et
1348 253 1495 293 liberam,
1518 259 1606 287 motu
1633 254 1714 297 pari,

977 305 1059 337 dicta
1079 305 1279 343 auctoritate,
1294 306 1502 339 concedimus
1518 306 1713 340 facultatem.

1020 358 1034 400 ἓ
1061 358 1113 390 1⁶2.
1141 358 1300 401 Denique,
1329 370 1387 402 pro
1414 360 1549 392 faciliori
1578 366 1638 393 tam
1665 371 1716 393 ca·
1748 374 1909 404 emensam·

977 411 1122 444 rumdem
1150 411 1224 443 dicti
1251 412 1424 445 Clementis
1457 402 1758 455 praedecessorisifiS
1783 401 1910 447 {3¹5¹¹‘f1?1”1ffi

978 464 1008 496 in
1034 466 1200 507 praedicta
1226 466 1327 498 forma
1354 467 1593 509 expeditarum,
1621 478 1715 510 quam
1727 456 1910 509 ῃῖζωῖᾞῖἶῖἶῖι.

977 523 1155 550 nostrarum
1183 520 1400 562 praesentium
1433 521 1612 563 respective
1639 507 1911 558 litte-222..'.{¹‡¹.‘0⁰'.2T0'‚.321'.

978 581 1082 602 rarum
1102 571 1290 604 executione
1312 577 1342 604 et
1360 571 1484 612 effectu,
1502 579 1602 612 motu,
1620 573 1718 605 scien·
1729 562 1748 580 ω
1765 565 1874 586 ‘'mm‘'

979 624 1021 655 tia
1039 629 1070 656 et
1092 624 1258 666 potcstatis
1285 625 1489 667 plenitudine
1517 626 1645 668 paribus
1664 626 1718 659 de-

978 677 1138 709 cernimus
1157 682 1188 709 et
1216 677 1428 716 declaramus,
1452 679 1539 720 quod
1571 679 1601 710 in
1624 689 1715 711 eren-

980 735 1068 769 tum,
1090 730 1120 762 in
1152 741 1247 773 quem
1280 741 1339 773 pro
1375 736 1518 774 tempore
1545 732 1718 765 existentes

980 783 1183 824 patriarcha,
1217 784 1457 826 archiepiscopi
1488 789 1519 817 et
1551 785 1719 828 episcopi,

979 846 1035 867 nec
1061 846 1126 867 non
1153 836 1327 878 dignitates
1352 843 1382 868 et
1408 836 1562 874 canonici,
1581 842 1634 868 aut
1652 838 1719 879 qui-

978 898 1114 931 cumque
1141 889 1192 921 alii
1216 889 1419 931 dignitatum,
1441 890 1669 922 canonicorum
1689 895 1721 922 et

978 941 1244 974 beneficiatorum
1282 943 1384 975 dictae
1411 943 1637 985 patriarchalis
1673 954 1720 976 ec-

979 995 1092 1027 clesiae
1108 995 1373 1038 Ulyssiponensis
1394 995 1610 1035 occidentalis,
1627 997 1718 1029 ratio·

979 1058 1017 1080 ne
1036 1048 1290 1091 applicationnm
1311 1049 1525 1091 praefatarum
1545 1049 1720 1089 debitores,

979 1100 1026 1133 si¹
1053 1102 1248 1134 solutionem
1286 1102 1324 1133 ab
1355 1102 1400 1134 eis
1434 1102 1544 1135 debito
1573 1108 1720 1145 tempore

979 1154 1156 1187 faciendam
1191 1165 1392 1197 quacumque
1428 1155 1465 1187 de
1499 1157 1592 1187 causa
1625 1155 1720 1187 ctiam

980 1207 1123 1249 legitima
1142 1208 1334 1250 protrahere
1353 1218 1407 1239 seu
1428 1207 1457 1239 in
1477 1207 1612 1240 dubium
1632 1219 1722 1240 revo-

980 1271 1050 1293 care
1075 1261 1214 1300 vellent,
1243 1261 1274 1293 id
1301 1262 1484 1293 nullatenus
1523 1261 1626 1293 facere
1653 1271 1722 1303 pos·

980 1314 1054 1353 sint,
1083 1324 1141 1346 nec
1167 1324 1266 1356 super
1292 1314 1354 1346 hoc
1375 1314 1405 1346 in
1424 1314 1544 1347 iudicio
1564 1314 1612 1347 vel
1634 1320 1723 1347 extra

980 1365 1105 1399 audii-1⁹
1122 1367 1255 1407 valeant,
1276 1366 1336 1398 nisi
1356 1366 1443 1409 prius
1461 1367 1542 1399 sacto
1562 1367 1720 1410 deposito,

981 1420 1067 1452 iuxta
1092 1421 1208 1462 stylum
1247 1420 1337 1462 regni
1372 1420 1609 1462 Portugalliae‚
1636 1420 1722 1453 illius

982 1473 1169 1516 quantitatis
1196 1484 1276 1515 quac
1302 1473 1340 1505 ab
1368 1473 1413 1505 eis
1438 1473 1634 1506 controverti
1661 1475 1723 1506 vel·

982 1526 1042 1564 let,
1070 1526 1221 1568 quodque
1249 1525 1280 1557 in
1306 1525 1527 1558 exactionibus
1568 1525 1723 1559 faciendis

981 1578 1020 1611 ab
1046 1578 1234 1611 huiusmodi
1269 1579 1473 1611 debitoribus
1506 1580 1638 1621 procedi
1673 1579 1724 1612 dc-

981 1633 1053 1664 beat
1081 1632 1128 1664 via
1150 1632 1332 1670 executiva,
1362 1638 1395 1664 ut
1420 1632 1451 1664 in
1484 1632 1601 1665 debitis
1638 1643 1725 1674 rega-

982 1685 1083 1725 libus,
1110 1696 1145 1717 ac
1177 1685 1349 1717 summarie
1375 1690 1406 1717 et
1430 1685 1497 1718 sine
1523 1685 1660 1728 strepitu
1695 1691 1725 1718 et

982 1738 1083 1781 figura
1109 1738 1239 1778 iudicii,
1267 1749 1301 1770 ac
1327 1739 1395 1771 sola
1420 1738 1491 1771 sacti
1520 1739 1651 1771 veritate
1678 1739 1724 1771 in-

982 1794 1102 1834 specta.

1026 1845 1040 1888 ξ
1069 1844 1118 1877 13.
1146 1845 1298 1878 volumus
1323 1845 1471 1886 ulterius,
1491 1850 1522 1878 et
1541 1845 1653 1878 eadem
1675 1857 1755 1901 au-hi
1776 1854 1919 1900 Commenta

983 1898 1128 1931 ctoritate
1155 1898 1382 1937 decernimus,
1410 1899 1496 1942 quod
1534 1905 1723 1932 executores
1735 1887 1921 1959 ξίξρῐὶιέῐὲῃῖῧβξιιῖ

982 1951 1115 1994 praelati
1142 1962 1201 1994 pro
1230 1957 1372 1995 tempore
1410 1952 1600 1993 existentes,
1625 1952 1811 2007 simul-rzgtffuer
1830 1961 1921 2007 indagata:

985 2005 1032 2037 vel
1059 2005 1240 2047 separatim,
1262 2005 1293 2037 in
1320 2005 1423 2038 causis
1449 2006 1920 2039 concci·nentibuss·squasassitau

984 2058 1239 2101 liquidationem,
1262 2059 1459 2091 exactionem
1481 2065 1512 2091 et
1531 2059 1725 2092 solutionem
1737 2046 1811 2091 iffi'g‘s‘i.
1824 2040 1856 2060 Μ
1872 2046 1920 2060 οων

984 2116 1191 2154 quartarum,
1221 2111 1401 2152 tertiarum,
1427 2111 1624 2154 aliarumque
1651 2124 1727 2156 quo-

986 2170 1086 2197 tarum
1136 2164 1435 2197 dismembratarum
1478 2171 1508 2198 et
1549 2167 1727 2209 respective

985 2217 1222 2260 applicatarum
1246 2219 1474 2260 praefatarum,
1503 2230 1633 2262 semper
1657 2221 1727 2252 sint

984 2270 1108 2303 iudices
1135 2271 1313 2314 privative,
1340 2277 1371 2304 ct
1408 2272 1631 2305 iurisdictione
1671 2275 1727 2305 sua

985 2324 1028 2357 uti
1067 2325 1195 2357 valcant
1228 2331 1340 2357 contra
1366 2336 1588 2368 quascumque
1615 2336 1726 2368 perso-

986 2387 1053 2417 nas,
1072 2382 1101 2410 et
1127 2377 1237 2420 quavis
1265 2384 1328 2410 tam
1354 2378 1642 2420 archiepiscopali,
1662 2378 1727 2420 epi-

983 2430 1105 2473 scopali
1132 2441 1228 2473 quam
1246 2430 1308 2463 alia
1335 2441 1541 2473 quacumque
1568 2430 1725 2472 dignitate

1020 2511 1029 2535 1
1054 2509 1190 2535 Particula
1210 2509 1235 2536 si
1254 2509 1372 2536 delenda
1392 2511 1429 2543 (n.
1448 2511 1496 2541 T.).

1016 2554 1032 2580 2
1054 2554 1175 2580 Pessime
1196 2554 1260 2580 edit.
1292 2553 1369 2580 ltlaiu.
1400 2554 1464 2589 legit
1494 2553 1588 2582 auditi
1607 2562 1655 2590 pro
1675 2562 1727 2582 au-

982 2599 1044 2626 diri
1064 2606 1103 2631 &¹¹-
1119 2599 1167 2632 ‘r.).
