2232 3178
255 274 303 301 An.
321 274 348 301 C.
374 274 439 301 ¹728

267 2027 379 2048 Commi-la
391 2027 430 2048 tul-

242 2054 323 2075 lnntur.

487 265 549 299 508

448 325 619 356 verborum
646 324 811 357 tenoribus
837 330 868 358 et
893 324 1024 365 formis,
1057 336 1093 358 ac
1118 336 1187 358 eum

447 377 613 419 quibusvis
640 378 792 410 clausulis
818 384 849 410 et
875 377 1034 417 decretis,
1062 378 1188 411 etiamsi

448 430 486 462 de
523 430 601 473 ipsis
638 431 867 473 praesentibus
904 442 1084 474 eorumque
1122 437 1188 464 toto

447 489 562 516 tenore
588 494 623 516 ac
645 484 718 516 data
736 484 888 526 specialis
908 484 1028 516 mentio
1047 484 1109 524 liat,
1129 495 1188 528 pro

447 541 593 578 tempore
627 536 715 569 factis
741 543 772 569 et
797 537 983 577 concessis,
1010 548 1045 570 ac
1071 538 1188 570 facien-

446 588 493 620 dis
520 594 551 620 et
576 589 803 629 concedendis,
830 590 1087 633 comprehendi,
1114 591 1186 629 sed,

446 646 608 684 tamquam
635 642 672 674 ad
700 643 802 675 maius
839 642 958 675 bonum
992 643 1186 683 tendentes,

445 705 575 737 semper
600 695 638 727 ab
664 695 727 727 illis
754 695 874 738 excipi,
893 700 939 735 et,
963 696 1088 738 quoties
1114 696 1187 728 illae

445 747 652 787 emanabunt,
682 748 773 781 toties
800 748 832 780 in
858 749 1029 792 pristinum
1057 755 1087 781 et
1110 749 1187 782 vali-

445 800 625 840 dissimum,
654 811 688 832 ac
714 811 788 833 eun]
815 801 847 833 in
878 812 942 844 quo
978 807 1072 834 antea
1108 812 1187 844 quo-

444 853 625 885 modolibet
662 859 774 893 erant,
812 859 930 886 statum
956 854 1120 886 restitutas
1152 864 1187 886 ac

444 906 592 948 plenarie
618 906 840 949 reintegratas,
860 917 894 939 ac
920 907 958 940 de
986 917 1068 940 novo
1091 907 1185 939 etiam

444 958 504 989 sub
531 969 732 1002 quacumque
750 959 920 1002 posteriori
947 960 1019 992 data
1045 960 1186 1003 quando-

443 1021 580 1054 cumque
599 1012 752 1054 eligenda
770 1023 923 1046 concessa
941 1023 1014 1046 esse
1040 1018 1071 1046 et
1096 1013 1184 1053 fore·,

443 1064 553 1107 sicque
580 1068 610 1098 et
636 1076 701 1098 non
727 1065 804 1098 ali'as
823 1066 854 1098 in
873 1066 1058 1108 praemissis
1084 1066 1186 1099 omni-

442 1118 501 1149 bus
522 1121 552 1150 et
577 1117 712 1160 singulis
731 1129 791 1161 per
817 1129 1039 1162 quoscumque
1065 1119 1186 1152 iudices

442 1171 623 1203 ordinarios
650 1172 698 1204 vel
733 1172 913 1214 delegatos,
943 1172 1053 1214 quavis
1079 1178 1186 1205 aucto-

442 1223 535 1256 ritate
556 1224 737 1266 fungentes,
756 1225 851 1257 etiam
878 1235 1047 1258 causarum
1074 1226 1183 1268 palatii

442 1277 612 1319 apostolici
640 1278 818 1317 auditores,
836 1289 871 1309 ac
889 1279 1053 1320 praefatae
1068 1278 1182 1311 SURE

442 1330 634 1369 cardinales,
653 1330 745 1362 etiam
772 1331 810 1363 de
836 1332 935 1363 latere
955 1332 1088 1373 legatos,
1107 1332 1185 1364 vice·

442 1383 576 1424 legatos,
592 1384 761 1427 dictaeque
778 1384 871 1417 Sedis
887 1385 1033 1424 nuncios,
1053 1390 1084 1417 et
1103 1385 1184 1418 alios

442 1445 666 1479 quoscumque
700 1437 811 1479 quavis
844 1437 1062 1476 auctoritate,
1095 1443 1183 1480 pote-

442 1494 535 1529 state,
562 1489 666 1521 officio
693 1495 724 1522 et
749 1489 907 1532 dignitate
934 1490 1119 1532 fungentes,
1149 1500 1184 1522 ac

441 1543 687 1585 praerogativa,
715 1542 900 1585 privilegio,
927 1543 1183 1586 praeeminentia

441 1600 472 1627 et
497 1595 622 1628 honore
649 1595 822 1638 fulgentes,
851 1596 977 1629 sublata
1004 1596 1049 1629 eis
1075 1602 1106 1629 et
1131 1607 1184 1630 eo-

440 1659 510 1680 rum
537 1648 672 1681 cuilibet
701 1649 813 1691 quavis
843 1649 938 1682 aliter
963 1649 1125 1682 iudicandi
1153 1655 1184 1683 et

440 1701 679 1744 interpretandi
698 1702 850 1735 facultate
869 1707 900 1735 et
918 1703 1124 1742 auctoritate,
1150 1702 1181 1735 in

440 1765 648 1798 quocumque
688 1755 807 1788 iudicio
844 1761 876 1788 et
910 1755 943 1787 in
979 1766 1182 1799 quacumque

440 1807 595 1840 instantia
630 1808 767 1841 iudicari
804 1814 836 1841 et
872 1808 999 1841 definiri
1037 1808 1179 1849 debere;

440 1860 566 1894 irritum
585 1872 713 1905 quoque
739 1867 771 1895 et
796 1861 891 1895 inane
916 1862 942 1895 si
967 1872 1061 1894 secus
1085 1872 1183 1905 super

441 1914 493 1946 his
512 1926 529 1947 a
547 1925 724 1958 quoquam,
742 1915 853 1958 quavis
878 1915 1058 1954 actoritate,
1084 1915 1183 1947 scien-

441 1972 490 2000 ter
515 1969 564 2000 vel
590 1967 790 2011 ignoranter,
815 1968 991 2011 contigerit
1015 1968 1178 2001 attentari.

485 2021 499 2064 ξ
524 2020 578 2054 13,
605 2021 674 2054 Non
705 2022 910 2055 obstantibus
942 2022 1182 2055 secundodictis

440 2074 577 2117 praefati
614 2074 789 2108 Clementis
826 2075 1110 2118 praedecessoris,
1145 2085 1180 2108 ac

440 2127 593 2161 omnibus
620 2128 651 2160 in
677 2128 798 2161 nostris
816 2128 934 2161 litteris
952 2128 1102 2172 praefatis
1128 2139 1180 2161 su-

439 2191 499 2223 per
525 2182 607 2213 nova
630 2181 751 2220 servitii
777 2181 809 2213 in
836 2181 947 2214 eadem
969 2181 1179 2224 patriarchali

439 2235 576 2267 ecclesia
596 2233 840 2278 Ulyssiponensi
867 2235 1059 2268 occidentali
1086 2246 1179 2277 prae-

439 2288 545 2320 standi
584 2288 685 2321 formzl
723 2288 906 2330 dispositis,
942 2298 977 2320 ac
1013 2288 1180 2331 quibusvis

438 2342 510 2374 aliis
532 2341 736 2385 apostolicis,
754 2352 789 2374 ac
807 2342 838 2374 in
857 2342 1106 2382 universalibus,
1126 2353 1180 2385 ge-

437 2395 619 2435 neralibus,
630 2394 890 2437 provincialibus,
903 2395 1179 2438 synodalibusque

438 2447 593 2485 conciliis,
614 2447 707 2480 editis
728 2448 776 2480 vel
804 2446 955 2486 edendis,
982 2447 1179 2490 specialibus

436 2501 485 2532 vel
505 2500 722 2541 generalibus,
737 2499 1024 2532 constitutionibus
1049 2505 1080 2532 et
1097 2501 1180 2533 ordi-

436 2552 641 2592 nationibus,
669 2552 841 2596 dictaeque
874 2551 1105 2595 patriarchalis
1132 2563 1179 2585 ec-

438 2605 554 2637 clesiae
569 2605 830 2648 Ulyssiponensis
848 2604 1067 2645 occidentalis,
1082 2605 1179 2638 etiam

437 2658 631 2700 iuramento,
650 2657 895 2692 confirmatione
920 2658 1110 2702 apostolica,
1129 2660 1179 2693 vel

1038 276 1225 301 BULLAMUM
1252 278 1268 301 n
1276 277 1411 302 OMANUM

1232 326 1342 370 quavis
1368 326 1518 359 firmitate
1544 328 1607 360 alia
1634 327 1809 368 roboratis,
1836 329 1973 372 statutis,

1233 390 1412 423 eorumque
1431 381 1729 422 reformationibus,
1744 382 1845 425 stylis,
1863 382 1973 415 usibus

1233 437 1264 465 et
1289 434 1591 476 consuetudinibus,
1617 434 1713 468 etiam
1739 435 1974 468 immemorabi-

1232 486 1336 526 libus,
1373 487 1552 530 privilegiis
1578 488 1674 521 etiam
1711 499 1748 521 ex
1785 488 1972 522 fundatione

1232 540 1518 581 competentibus,
1558 542 1606 573 vel
1640 551 1656 574 a
1693 540 1779 574 dicto
1805 540 1972 574 Clemente

1232 592 1495 633 praedecessore,
1511 598 1564 626 aut
1582 594 1651 627 aliis
1665 594 1973 637 praedecessoribus

1233 645 1350 677 nostris
1383 646 1462 678 alias
1489 647 1650 689 praefatae
1676 647 1884 689 patriarchali
1921 657 1974 680 ec-

1231 699 1349 731 clesiae
1364 698 1606 743 Ulyssiponensi
1622 700 1825 740 occidentali,
1837 700 1911 733 dum
1927 710 1972 733 es·

1231 757 1279 784 set
1304 752 1431 793 capella
1457 753 1545 795 regia
1571 754 1620 785 vel
1647 753 1782 796 insignis
1800 753 1972 796 collegiata

1231 805 1380 844 ecclesia,
1394 805 1569 845 concessis,
1586 811 1740 848 quatenus
1758 806 1820 847 his,
1839 806 1972 849 quaein

1232 857 1309 900 ipsis
1326 858 1554 900 praesentibus
1580 869 1734 901 expressa
1752 863 1836 897 sunt,
1858 859 1972 892 adver-

1231 915 1358 949 sentur,
1385 920 1513 943 necnon
1541 911 1673 944 indultis
1699 916 1730 943 et
1754 911 1870 944 litteris
1895 921 1971 954 apo-

1231 962 1374 1003 stolicis,
1402 963 1553 1006 praefatis
1579 964 1722 1006 capitulo
1748 969 1780 997 et
1804 964 1970 997 canonicis

1231 1015 1334 1048 dictae
1367 1016 1595 1058 patriarchalis
1622 1015 1972 1061 ecclesiae'Ulyssipo-

1231 1068 1342 1101 nensis
1381 1069 1616 1109 occidentaliS,
1647 1070 1785 1113 aliisque
1822 1070 1971 1112 personis

1231 1121 1500 1164 quilmscumque,
1528 1122 1623 1154 etiam
1643 1123 1785 1165 speciali,
1804 1122 1968 1166 specifica,

1231 1177 1382 1216 expressa
1408 1181 1439 1207 et
1464 1175 1630 1208 individua
1657 1176 1823 1208 mentione
1849 1176 1967 1218 dignis,

1230 1228 1289 1260 sub
1315 1228 1571 1270 quibuscumque
1597 1229 1764 1261 tenoribus
1790 1233 1823 1261 et
1847 1229 1968 1269 formis,

1229 1291 1264 1312 ac
1289 1291 1359 1312 cum
1386 1280 1551 1323 quibusvis
1573 1281 1669 1313 etiam
1689 1281 1968 1323 derogatoriarum

1230 1333 1460 1375 derogatoriis,
1487 1333 1622 1377 aliisque
1648 1333 1898 1374 efficacioribus,
1925 1334 1970 1367 ef-

1229 1385 1428 1419 ficacissimis
1467 1392 1499 1419 et
1534 1386 1675 1420 insolitis
1711 1388 1870 1427 clausulis,
1897 1386 1971 1420 irri-

1229 1440 1437 1482 tantibusque
1463 1444 1495 1472 et
1520 1439 1590 1472 aliis
1627 1440 1785 1479 decretis,
1816 1440 1911 1473 etiam
1937 1440 1968 1472 in

1228 1503 1350 1535 genere
1375 1494 1425 1525 vel
1451 1493 1483 1525 in
1510 1493 1630 1536 specie,
1658 1493 1754 1526 etiam
1785 1499 1873 1526 motu
1898 1494 1969 1537 pari

1228 1552 1260 1578 et
1277 1545 1315 1578 de
1334 1545 1501 1588 potestatis
1518 1545 1722 1589 plenitudine
1741 1546 1915 1587 similibus,
1933 1557 1970 1580 ac

1228 1598 1508 1639 consistorialiter,
1526 1603 1581 1631 aut
1598 1599 1676 1631 alias
1706 1598 1967 1642 quomodolibet,

1228 1650 1324 1683 etiam
1363 1650 1488 1683 iteratis
1520 1651 1662 1692 vicibus,
1698 1652 1730 1684 in
1768 1651 1968 1685 contrarium

1227 1704 1484 1747 praemissorum
1523 1705 1713 1746 concessis,
1754 1705 1967 1748 approbatis,

1227 1757 1427 1790 confirmatis
1454 1762 1484 1790 et
1508 1758 1677 1798 innovatis,
1714 1758 1839 1791 etiamsi
1863 1758 1896 1791 in
1922 1759 1968 1791 eis

1227 1815 1377 1843 caveatur
1403 1821 1568 1853 expresse,
1588 1811 1674 1854 quod
1701 1811 1764 1844 illis
1788 1821 1848 1854 per
1873 1821 1968 1854 quas·

1227 1874 1364 1906 cumque
1389 1863 1513 1896 litteras
1539 1863 1749 1906 apostolicas,
1765 1863 1860 1897 etiam
1879 1868 1968 1897 motu

1226 1916 1294 1960 pari
1321 1927 1379 1960 pro
1406 1922 1552 1960 tempore
1578 1927 1749 1950 concessas
1787 1922 1819 1950 et
1850 1927 1968 1950 conce-

1226 1969 1349 2003 dendas
1373 1980 1602 2013 quascumque,
1628 1970 1723 2003 etiam
1750 1969 1968 2013 derogatoria-

1225 2032 1297 2054 rum
1324 2022 1547 2065 derogatorias
1565 2022 1597 2055 in
1615 2034 1649 2056 se
1675 2023 1890 2064 continentes,
1917 2023 1967 2056 de·

1225 2074 1334 2118 rogari
1360 2085 1426 2107 non
1451 2075 1565 2118 possit,
1591 2086 1697 2119 neque
1722 2081 1894 2109 censeatur
1918 2075 1966 2108 eis

1226 2128 1439 2171 derogatum;
1458 2128 1576 2171 quibus
1598 2128 1748 2162 omnibus
1768 2134 1800 2161 et
1817 2128 1964 2171 singulis,

1225 2179 1350 2213 etiamsi
1376 2180 1415 2213 dc
1440 2180 1505 2213 illis
1532 2191 1711 2225 eorumque
1741 2181 1816 2214 totis
1844 2181 1965 2214 tenori-

1225 2232 1282 2265 bus
1308 2233 1470 2276 specialis,
1498 2234 1661 2277 specifica,
1688 2245 1837 2278 expressa
1862 2240 1892 2268 et
1916 2235 1965 2268 in-

1225 2286 1376 2327 dividua,
1402 2296 1438 2319 ac
1462 2286 1501 2319 de
1528 2287 1626 2320 verbo
1652 2287 1691 2320 ad
1716 2287 1849 2321 verbum
1865 2315 1873 2328 ,
1899 2298 1964 2321 non

1225 2344 1332 2372 autem
1358 2350 1416 2382 per
1436 2341 1596 2373 clausulas
1613 2341 1783 2383 generales
1802 2340 1887 2374 idem
1905 2340 1964 2373 im·

1224 2397 1414 2436 portanteS,
1439 2393 1559 2426 mentio
1585 2404 1642 2427 seu
1669 2395 1798 2436 quaevis
1824 2394 1887 2427 alia
1912 2404 1964 2427 ex-

1223 2445 1346 2488 pressio
1373 2446 1540 2486 habenda,
1565 2451 1620 2479 aut
1650 2457 1872 2490 quaecumque
1900 2446 1964 2480 alia

1224 2499 1381 2542 exquisita
1406 2499 1509 2532 forma
1534 2500 1572 2532 ad
1598 2499 1660 2532 hoc
1685 2500 1842 2533 servanda
1870 2500 1962 2540 foret,

1223 2563 1334 2585 eorum
1361 2557 1501 2593 tenores,
1527 2553 1644 2586 formas
1670 2558 1701 2586 et
1724 2563 1846 2594 causas,
1865 2553 1962 2587 etiam

1224 2605 1425 2649 quantumvis
1440 2611 1666 2649 praegnantes,
1681 2606 1766 2650 pias,
1781 2606 1963 2650 privilegia-

1224 2664 1287 2701 tas,
1303 2659 1534 2703 praesentibus
1551 2670 1612 2703 pro
1638 2661 1735 2703 plene
1754 2670 1790 2694 ac
1806 2659 1962 2694 sussicien-

2147 0 2232 189 'pil

2197 95 2216 108 l«

1980 281 2028 308 tin.
2049 281 2078 308 c.
2096 282 2159 312 1738
2197 276 2201 299 ²
