<?xml version="1.0" encoding="UTF-8"?>
<!DOCTYPE html PUBLIC "-//W3C//DTD XHTML 1.0 Transitional//EN"
    "http://www.w3.org/TR/xhtml1/DTD/xhtml1-transitional.dtd">
<html xmlns="http://www.w3.org/1999/xhtml" xml:lang="en" lang="en">
 <head>
  <title>
</title>
<meta http-equiv="Content-Type" content="text/html;charset=utf-8" />
  <meta name='ocr-system' content='tesseract 3.04.00' />
  <meta name='ocr-capabilities' content='ocr_page ocr_carea ocr_par ocr_line ocrx_word'/>
</head>
<body>
  <div class='ocr_page' id='page_1' title='image "./bullarumdiplomat24cath_0688.png"; bbox 0 0 2232 3178; ppageno 0'>
   <div class='ocr_carea' id='block_1_1' title="bbox 261 189 552 225">
    <p class='ocr_par' dir='ltr' id='par_1_1' title="bbox 261 189 552 225">
     <span class='ocr_line' id='line_1_1' title="bbox 261 189 552 225; baseline -0.014 0"><span class='ocrx_word' id='word_1_1' title='bbox 261 199 310 225; x_wconf 70' lang='lat' dir='ltr'>An.</span> <span class='ocrx_word' id='word_1_2' title='bbox 330 197 359 224; x_wconf 91' lang='lat' dir='ltr'>c.</span> <span class='ocrx_word' id='word_1_3' title='bbox 376 196 444 224; x_wconf 68' lang='lat'>¹740</span> <span class='ocrx_word' id='word_1_4' title='bbox 488 189 552 222; x_wconf 66' lang='lat'>054</span> 
     </span>
    </p>
   </div>
   <div class='ocr_carea' id='block_1_2' title="bbox 454 244 1204 2612">
    <p class='ocr_par' dir='ltr' id='par_1_2' title="bbox 454 244 1195 622">
     <span class='ocr_line' id='line_1_2' title="bbox 494 244 1192 286; baseline -0.001 -10"><span class='ocrx_word' id='word_1_5' title='bbox 494 256 531 277; x_wconf 76' lang='lat' dir='ltr'>vr.</span> <span class='ocrx_word' id='word_1_6' title='bbox 556 247 585 276; x_wconf 88' lang='lat' dir='ltr'>Si</span> <span class='ocrx_word' id='word_1_7' title='bbox 608 247 673 286; x_wconf 89' lang='lat' dir='ltr'>quis</span> <span class='ocrx_word' id='word_1_8' title='bbox 695 247 808 276; x_wconf 76' lang='lat' dir='ltr'>litteras</span> <span class='ocrx_word' id='word_1_9' title='bbox 831 245 947 276; x_wconf 91' lang='lat' dir='ltr'>nomine</span> <span class='ocrx_word' id='word_1_10' title='bbox 970 244 1083 275; x_wconf 86' lang='lat' dir='ltr'>abbatis</span> <span class='ocrx_word' id='word_1_11' title='bbox 1106 255 1192 284; x_wconf 89' lang='lat' dir='ltr'>gene-</span> 
     </span>
     <span class='ocr_line' id='line_1_3' title="bbox 454 294 1192 333; baseline -0.003 -8"><span class='ocrx_word' id='word_1_12' title='bbox 454 295 536 333; x_wconf 79' lang='lat' dir='ltr'>ralis,</span> <span class='ocrx_word' id='word_1_13' title='bbox 559 295 802 333; x_wconf 81' lang='lat' dir='ltr'>hegumenorum,</span> <span class='ocrx_word' id='word_1_14' title='bbox 821 294 935 324; x_wconf 87' lang='lat' dir='ltr'>abbatis</span> <span class='ocrx_word' id='word_1_15' title='bbox 958 294 1126 333; x_wconf 87' lang='lat' dir='ltr'>provinciae</span> <span class='ocrx_word' id='word_1_16' title='bbox 1149 294 1192 324; x_wconf 93' lang='lat' dir='ltr'>vel</span> 
     </span>
     <span class='ocr_line' id='line_1_4' title="bbox 455 342 1194 379; baseline -0.001 -7"><span class='ocrx_word' id='word_1_17' title='bbox 455 344 637 379; x_wconf 84' lang='lat' dir='ltr'>monasterii,</span> <span class='ocrx_word' id='word_1_18' title='bbox 654 348 703 373; x_wconf 88' lang='lat' dir='ltr'>aut</span> <span class='ocrx_word' id='word_1_19' title='bbox 728 343 862 372; x_wconf 87' lang='lat' dir='ltr'>monachi</span> <span class='ocrx_word' id='word_1_20' title='bbox 887 343 1012 372; x_wconf 87' lang='lat' dir='ltr'>alicuius</span> <span class='ocrx_word' id='word_1_21' title='bbox 1030 342 1075 371; x_wconf 91' lang='lat' dir='ltr'>vel</span> <span class='ocrx_word' id='word_1_22' title='bbox 1095 351 1194 371; x_wconf 84' lang='lat' dir='ltr'>mona-</span> 
     </span>
     <span class='ocr_line' id='line_1_5' title="bbox 455 390 1193 428; baseline -0.001 -8"><span class='ocrx_word' id='word_1_23' title='bbox 455 392 576 421; x_wconf 89' lang='lat' dir='ltr'>chorum</span> <span class='ocrx_word' id='word_1_24' title='bbox 599 391 790 427; x_wconf 79' lang='lat' dir='ltr'>confinxerit,</span> <span class='ocrx_word' id='word_1_25' title='bbox 814 391 874 420; x_wconf 86' lang='lat' dir='ltr'>sive</span> <span class='ocrx_word' id='word_1_26' title='bbox 906 400 955 420; x_wconf 90' lang='lat' dir='ltr'>eas</span> <span class='ocrx_word' id='word_1_27' title='bbox 987 390 1083 428; x_wconf 79' lang='lat' dir='ltr'>sigillo</span> <span class='ocrx_word' id='word_1_28' title='bbox 1106 390 1193 420; x_wconf 80' lang='lat' dir='ltr'>officii</span> 
     </span>
     <span class='ocr_line' id='line_1_6' title="bbox 455 439 1194 477; baseline 0 -9"><span class='ocrx_word' id='word_1_29' title='bbox 455 444 503 469; x_wconf 87' lang='lat' dir='ltr'>aut</span> <span class='ocrx_word' id='word_1_30' title='bbox 527 439 676 477; x_wconf 81' lang='lat' dir='ltr'>dignitatis</span> <span class='ocrx_word' id='word_1_31' title='bbox 698 439 743 468; x_wconf 89' lang='lat' dir='ltr'>vel</span> <span class='ocrx_word' id='word_1_32' title='bbox 768 448 906 477; x_wconf 75' lang='lat' dir='ltr'><strong>personae</strong></span> <span class='ocrx_word' id='word_1_33' title='bbox 929 439 1101 475; x_wconf 81' lang='lat' dir='ltr'>firmaverit,</span> <span class='ocrx_word' id='word_1_34' title='bbox 1134 439 1194 468; x_wconf 87' lang='lat' dir='ltr'>sive</span> 
     </span>
     <span class='ocr_line' id='line_1_7' title="bbox 456 486 1195 525; baseline -0.001 -9"><span class='ocrx_word' id='word_1_35' title='bbox 456 497 528 525; x_wconf 67' lang='lat' dir='ltr'>non,</span> <span class='ocrx_word' id='word_1_36' title='bbox 551 487 619 516; x_wconf 86' lang='lat' dir='ltr'>item</span> <span class='ocrx_word' id='word_1_37' title='bbox 643 486 693 525; x_wconf 87' lang='lat' dir='ltr'>qui</span> <span class='ocrx_word' id='word_1_38' title='bbox 715 486 827 516; x_wconf 87' lang='lat' dir='ltr'>litteras</span> <span class='ocrx_word' id='word_1_39' title='bbox 851 487 886 516; x_wconf 91' lang='lat' dir='ltr'>ad</span> <span class='ocrx_word' id='word_1_40' title='bbox 909 486 1044 516; x_wconf 80' lang='lat' dir='ltr'>abbatem</span> <span class='ocrx_word' id='word_1_41' title='bbox 1074 495 1195 524; x_wconf 80' lang='lat' dir='ltr'>genera-</span> 
     </span>
     <span class='ocr_line' id='line_1_8' title="bbox 456 534 1192 573; baseline -0.001 -9"><span class='ocrx_word' id='word_1_42' title='bbox 456 536 511 564; x_wconf 83' lang='lat' dir='ltr'>lem</span> <span class='ocrx_word' id='word_1_43' title='bbox 545 539 594 564; x_wconf 88' lang='lat' dir='ltr'>aut</span> <span class='ocrx_word' id='word_1_44' title='bbox 627 535 808 572; x_wconf 82' lang='lat' dir='ltr'>hegumenos</span> <span class='ocrx_word' id='word_1_45' title='bbox 840 535 965 564; x_wconf 88' lang='lat' dir='ltr'>directas</span> <span class='ocrx_word' id='word_1_46' title='bbox 992 534 1192 573; x_wconf 78' lang='lat' dir='ltr'>interceperit,</span> 
     </span>
     <span class='ocr_line' id='line_1_9' title="bbox 455 583 861 622; baseline 0.002 -10"><span class='ocrx_word' id='word_1_47' title='bbox 455 588 503 613; x_wconf 82' lang='lat' dir='ltr'>aut</span> <span class='ocrx_word' id='word_1_48' title='bbox 525 584 672 622; x_wconf 85' lang='lat' dir='ltr'>aperuerit</span> <span class='ocrx_word' id='word_1_49' title='bbox 693 588 721 613; x_wconf 93' lang='lat' dir='ltr'>et</span> <span class='ocrx_word' id='word_1_50' title='bbox 744 583 861 622; x_wconf 78' lang='lat' dir='ltr'>legerit3</span> 
     </span>
    </p>

    <p class='ocr_par' dir='ltr' id='par_1_3' title="bbox 455 631 1194 767">
     <span class='ocr_line' id='line_1_10' title="bbox 498 631 1192 671; baseline -0.001 -10"><span class='ocrx_word' id='word_1_51' title='bbox 498 641 546 661; x_wconf 86' lang='lat' dir='ltr'>vn.</span> <span class='ocrx_word' id='word_1_52' title='bbox 570 632 599 662; x_wconf 80' lang='lat' dir='ltr'>Si</span> <span class='ocrx_word' id='word_1_53' title='bbox 632 632 697 671; x_wconf 90' lang='lat' dir='ltr'>quis</span> <span class='ocrx_word' id='word_1_54' title='bbox 729 631 917 670; x_wconf 79' lang='lat' dir='ltr'>beneficium,</span> <span class='ocrx_word' id='word_1_55' title='bbox 951 632 1192 669; x_wconf 80' lang='lat' dir='ltr'>incantationem,</span> 
     </span>
     <span class='ocr_line' id='line_1_11' title="bbox 455 680 1194 719; baseline -0.003 -8"><span class='ocrx_word' id='word_1_56' title='bbox 455 680 650 718; x_wconf 80' lang='lat' dir='ltr'>sortilegium,</span> <span class='ocrx_word' id='word_1_57' title='bbox 675 681 927 718; x_wconf 80' lang='lat' dir='ltr'>necromantiam,</span> <span class='ocrx_word' id='word_1_58' title='bbox 951 684 1001 710; x_wconf 89' lang='lat' dir='ltr'>aut</span> <span class='ocrx_word' id='word_1_59' title='bbox 1023 689 1194 719; x_wconf 88' lang='lat' dir='ltr'>quamcum-</span> 
     </span>
     <span class='ocr_line' id='line_1_12' title="bbox 455 728 1191 767; baseline 0.001 -10"><span class='ocrx_word' id='word_1_60' title='bbox 455 738 510 767; x_wconf 94' lang='lat' dir='ltr'>que</span> <span class='ocrx_word' id='word_1_61' title='bbox 537 729 621 758; x_wconf 88' lang='lat' dir='ltr'>aliam</span> <span class='ocrx_word' id='word_1_62' title='bbox 644 728 752 758; x_wconf 86' lang='lat' dir='ltr'>diaboli</span> <span class='ocrx_word' id='word_1_63' title='bbox 776 729 989 759; x_wconf 82' lang='lat' dir='ltr'>invocationem</span> <span class='ocrx_word' id='word_1_64' title='bbox 1013 729 1191 766; x_wconf 71' lang='lat' dir='ltr'>exercuerit,</span> 
     </span>
    </p>

    <p class='ocr_par' dir='ltr' id='par_1_4' title="bbox 454 776 1195 914">
     <span class='ocr_line' id='line_1_13' title="bbox 496 776 1194 817; baseline 0.001 -11"><span class='ocrx_word' id='word_1_65' title='bbox 496 786 554 807; x_wconf 85' lang='lat' dir='ltr'>vm.</span> <span class='ocrx_word' id='word_1_66' title='bbox 581 777 610 807; x_wconf 85' lang='lat' dir='ltr'>Si</span> <span class='ocrx_word' id='word_1_67' title='bbox 631 778 696 817; x_wconf 90' lang='lat' dir='ltr'>quis</span> <span class='ocrx_word' id='word_1_68' title='bbox 720 776 869 816; x_wconf 84' lang='lat' dir='ltr'>publicum</span> <span class='ocrx_word' id='word_1_69' title='bbox 894 778 1063 807; x_wconf 88' lang='lat' dir='ltr'>scandalum</span> <span class='ocrx_word' id='word_1_70' title='bbox 1086 778 1130 807; x_wconf 93' lang='lat' dir='ltr'>vel</span> <span class='ocrx_word' id='word_1_71' title='bbox 1153 778 1194 807; x_wconf 90' lang='lat' dir='ltr'>in-</span> 
     </span>
     <span class='ocr_line' id='line_1_14' title="bbox 455 825 1195 866; baseline 0.001 -11"><span class='ocrx_word' id='word_1_72' title='bbox 455 825 570 855; x_wconf 79' lang='lat' dir='ltr'>famiam</span> <span class='ocrx_word' id='word_1_73' title='bbox 600 835 716 864; x_wconf 84' lang='lat' dir='ltr'>gravem</span> <span class='ocrx_word' id='word_1_74' title='bbox 744 825 846 856; x_wconf 85' lang='lat' dir='ltr'>Ordini</span> <span class='ocrx_word' id='word_1_75' title='bbox 879 826 979 856; x_wconf 88' lang='lat' dir='ltr'>fecerit</span> <span class='ocrx_word' id='word_1_76' title='bbox 1001 836 1052 866; x_wconf 90' lang='lat' dir='ltr'>per</span> <span class='ocrx_word' id='word_1_77' title='bbox 1075 826 1195 856; x_wconf 83' lang='lat' dir='ltr'>manife-</span> 
     </span>
     <span class='ocr_line' id='line_1_15' title="bbox 454 874 1192 914; baseline 0 -10"><span class='ocrx_word' id='word_1_78' title='bbox 454 879 531 904; x_wconf 89' lang='lat' dir='ltr'>stum</span> <span class='ocrx_word' id='word_1_79' title='bbox 545 875 657 914; x_wconf 81' lang='lat' dir='ltr'>lapsum</span> <span class='ocrx_word' id='word_1_80' title='bbox 673 874 782 912; x_wconf 87' lang='lat' dir='ltr'>carnis,</span> <span class='ocrx_word' id='word_1_81' title='bbox 797 875 1008 914; x_wconf 85' lang='lat' dir='ltr'>cuiuscumque</span> <span class='ocrx_word' id='word_1_82' title='bbox 1024 874 1130 913; x_wconf 86' lang='lat' dir='ltr'>speciei</span> <span class='ocrx_word' id='word_1_83' title='bbox 1145 874 1192 911; x_wconf 74' lang='lat' dir='ltr'>sit,</span> 
     </span>
    </p>

    <p class='ocr_par' dir='ltr' id='par_1_5' title="bbox 454 922 1193 1010">
     <span class='ocr_line' id='line_1_16' title="bbox 495 922 1193 961; baseline -0.001 -9"><span class='ocrx_word' id='word_1_84' title='bbox 495 932 534 952; x_wconf 81' lang='lat' dir='ltr'>tx.</span> <span class='ocrx_word' id='word_1_85' title='bbox 565 922 593 953; x_wconf 89' lang='lat' dir='ltr'>Si</span> <span class='ocrx_word' id='word_1_86' title='bbox 628 923 693 961; x_wconf 89' lang='lat' dir='ltr'>quis</span> <span class='ocrx_word' id='word_1_87' title='bbox 725 923 851 961; x_wconf 82' lang='lat' dir='ltr'>maligne</span> <span class='ocrx_word' id='word_1_88' title='bbox 884 923 1131 961; x_wconf 79' lang='lat' dir='ltr'>conspirationem</span> <span class='ocrx_word' id='word_1_89' title='bbox 1164 922 1193 951; x_wconf 93' lang='lat' dir='ltr'>in</span> 
     </span>
     <span class='ocr_line' id='line_1_17' title="bbox 454 971 1074 1010; baseline 0 -10"><span class='ocrx_word' id='word_1_90' title='bbox 454 971 635 1010; x_wconf 88' lang='lat' dir='ltr'>superiorem</span> <span class='ocrx_word' id='word_1_91' title='bbox 654 981 737 1001; x_wconf 91' lang='lat' dir='ltr'>suum</span> <span class='ocrx_word' id='word_1_92' title='bbox 758 971 940 1000; x_wconf 85' lang='lat' dir='ltr'>machinatus</span> <span class='ocrx_word' id='word_1_93' title='bbox 962 971 1049 1000; x_wconf 87' lang='lat' dir='ltr'>suerit</span> <span class='ocrx_word' id='word_1_94' title='bbox 1067 981 1074 1007; x_wconf 95' lang='lat'>;</span> 
     </span>
    </p>

    <p class='ocr_par' dir='ltr' id='par_1_6' title="bbox 456 1019 1196 1154">
     <span class='ocr_line' id='line_1_18' title="bbox 495 1019 1193 1058; baseline 0 -10"><span class='ocrx_word' id='word_1_95' title='bbox 495 1029 523 1049; x_wconf 87' lang='lat' dir='ltr'>x.</span> <span class='ocrx_word' id='word_1_96' title='bbox 548 1020 577 1048; x_wconf 83' lang='lat' dir='ltr'>Si</span> <span class='ocrx_word' id='word_1_97' title='bbox 600 1019 666 1058; x_wconf 91' lang='lat' dir='ltr'>quis</span> <span class='ocrx_word' id='word_1_98' title='bbox 689 1019 918 1049; x_wconf 82' lang='lat' dir='ltr'>machinationes</span> <span class='ocrx_word' id='word_1_99' title='bbox 934 1023 962 1049; x_wconf 88' lang='lat' dir='ltr'>et</span> <span class='ocrx_word' id='word_1_100' title='bbox 978 1019 1135 1049; x_wconf 79' lang='lat' dir='ltr'>schismata</span> <span class='ocrx_word' id='word_1_101' title='bbox 1159 1020 1193 1049; x_wconf 92' lang='lat' dir='ltr'>ad</span> 
     </span>
     <span class='ocr_line' id='line_1_19' title="bbox 456 1067 1196 1098; baseline 0.003 -2"><span class='ocrx_word' id='word_1_102' title='bbox 456 1067 685 1098; x_wconf 80' lang='lat' dir='ltr'>destructionem</span> <span class='ocrx_word' id='word_1_103' title='bbox 710 1068 754 1097; x_wconf 89' lang='lat' dir='ltr'>vel</span> <span class='ocrx_word' id='word_1_104' title='bbox 771 1067 944 1097; x_wconf 85' lang='lat' dir='ltr'>divisionem</span> <span class='ocrx_word' id='word_1_105' title='bbox 961 1067 1079 1098; x_wconf 90' lang='lat' dir='ltr'>Ordinis</span> <span class='ocrx_word' id='word_1_106' title='bbox 1102 1072 1196 1098; x_wconf 86' lang='lat' dir='ltr'>atten-</span> 
     </span>
     <span class='ocr_line' id='line_1_20' title="bbox 457 1116 576 1154; baseline 0.008 -9"><span class='ocrx_word' id='word_1_107' title='bbox 457 1116 576 1154; x_wconf 66' lang='lat' dir='ltr'>laverit,</span> 
     </span>
    </p>

    <p class='ocr_par' dir='ltr' id='par_1_7' title="bbox 457 1165 1199 1594">
     <span class='ocr_line' id='line_1_21' title="bbox 496 1165 1194 1206; baseline 0.001 -12"><span class='ocrx_word' id='word_1_108' title='bbox 496 1175 535 1195; x_wconf 80' lang='lat' dir='ltr'>xr.</span> <span class='ocrx_word' id='word_1_109' title='bbox 559 1165 588 1196; x_wconf 87' lang='lat' dir='ltr'>Si</span> <span class='ocrx_word' id='word_1_110' title='bbox 611 1166 676 1205; x_wconf 90' lang='lat' dir='ltr'>quis</span> <span class='ocrx_word' id='word_1_111' title='bbox 712 1176 725 1195; x_wconf 95' lang='lat' dir='ltr'>a</span> <span class='ocrx_word' id='word_1_112' title='bbox 762 1166 947 1206; x_wconf 88' lang='lat' dir='ltr'>superiorum</span> <span class='ocrx_word' id='word_1_113' title='bbox 983 1165 1129 1195; x_wconf 70' lang='lat' dir='ltr'>sententia</span> <span class='ocrx_word' id='word_1_114' title='bbox 1161 1165 1194 1195; x_wconf 89' lang='lat' dir='ltr'>ad</span> 
     </span>
     <span class='ocr_line' id='line_1_22' title="bbox 457 1214 1195 1254; baseline 0 -10"><span class='ocrx_word' id='word_1_115' title='bbox 457 1214 613 1244; x_wconf 87' lang='lat' dir='ltr'>tribunalia</span> <span class='ocrx_word' id='word_1_116' title='bbox 630 1215 791 1244; x_wconf 79' lang='lat' dir='ltr'>saecularia</span> <span class='ocrx_word' id='word_1_117' title='bbox 807 1214 953 1254; x_wconf 88' lang='lat' dir='ltr'>appellare</span> <span class='ocrx_word' id='word_1_118' title='bbox 972 1218 1022 1244; x_wconf 87' lang='lat' dir='ltr'>aut</span> <span class='ocrx_word' id='word_1_119' title='bbox 1037 1215 1195 1252; x_wconf 82' lang='lat' dir='ltr'>confugere</span> 
     </span>
     <span class='ocr_line' id='line_1_23' title="bbox 457 1262 1196 1302; baseline 0.001 -10"><span class='ocrx_word' id='word_1_120' title='bbox 457 1272 544 1292; x_wconf 87' lang='lat' dir='ltr'>ausus</span> <span class='ocrx_word' id='word_1_121' title='bbox 566 1263 669 1300; x_wconf 87' lang='lat' dir='ltr'>fuerit;</span> <span class='ocrx_word' id='word_1_122' title='bbox 693 1263 770 1302; x_wconf 92' lang='lat' dir='ltr'>quod</span> <span class='ocrx_word' id='word_1_123' title='bbox 793 1265 816 1292; x_wconf 91' lang='lat' dir='ltr'>si</span> <span class='ocrx_word' id='word_1_124' title='bbox 839 1262 874 1292; x_wconf 93' lang='lat' dir='ltr'>ab</span> <span class='ocrx_word' id='word_1_125' title='bbox 897 1262 1001 1292; x_wconf 88' lang='lat' dir='ltr'>abbate</span> <span class='ocrx_word' id='word_1_126' title='bbox 1026 1263 1142 1301; x_wconf 83' lang='lat' dir='ltr'>gravari</span> <span class='ocrx_word' id='word_1_127' title='bbox 1165 1272 1196 1293; x_wconf 87' lang='lat' dir='ltr'>se</span> 
     </span>
     <span class='ocr_line' id='line_1_24' title="bbox 460 1312 1195 1352; baseline -0.003 -9"><span class='ocrx_word' id='word_1_128' title='bbox 460 1313 667 1352; x_wconf 85' lang='lat' dir='ltr'>praetenderit,</span> <span class='ocrx_word' id='word_1_129' title='bbox 691 1313 726 1343; x_wconf 92' lang='lat' dir='ltr'>ad</span> <span class='ocrx_word' id='word_1_130' title='bbox 749 1312 883 1343; x_wconf 86' lang='lat' dir='ltr'>abbatem</span> <span class='ocrx_word' id='word_1_131' title='bbox 903 1313 1068 1351; x_wconf 83' lang='lat' dir='ltr'>generalem</span> <span class='ocrx_word' id='word_1_132' title='bbox 1091 1317 1140 1342; x_wconf 89' lang='lat' dir='ltr'>aut</span> <span class='ocrx_word' id='word_1_133' title='bbox 1162 1312 1195 1341; x_wconf 90' lang='lat' dir='ltr'>ad</span> 
     </span>
     <span class='ocr_line' id='line_1_25' title="bbox 458 1361 1197 1400; baseline 0 -9"><span class='ocrx_word' id='word_1_134' title='bbox 458 1361 714 1400; x_wconf 84' lang='lat' dir='ltr'>congregationem</span> <span class='ocrx_word' id='word_1_135' title='bbox 748 1361 978 1400; x_wconf 86' lang='lat' dir='ltr'>hegumenorum</span> <span class='ocrx_word' id='word_1_136' title='bbox 1005 1362 1050 1391; x_wconf 91' lang='lat' dir='ltr'>vel</span> <span class='ocrx_word' id='word_1_137' title='bbox 1072 1361 1107 1391; x_wconf 90' lang='lat' dir='ltr'>ad</span> <span class='ocrx_word' id='word_1_138' title='bbox 1130 1370 1197 1391; x_wconf 85' lang='lat' dir='ltr'>con-</span> 
     </span>
     <span class='ocr_line' id='line_1_26' title="bbox 457 1410 1196 1449; baseline 0 -9"><span class='ocrx_word' id='word_1_139' title='bbox 457 1411 657 1449; x_wconf 82' lang='lat' dir='ltr'>gregationem</span> <span class='ocrx_word' id='word_1_140' title='bbox 674 1411 838 1449; x_wconf 83' lang='lat' dir='ltr'>generalem</span> <span class='ocrx_word' id='word_1_141' title='bbox 856 1414 1003 1447; x_wconf 80' lang='lat' dir='ltr'>recurrat3</span> <span class='ocrx_word' id='word_1_142' title='bbox 1018 1415 1046 1440; x_wconf 92' lang='lat' dir='ltr'>et</span> <span class='ocrx_word' id='word_1_143' title='bbox 1062 1410 1084 1440; x_wconf 91' lang='lat' dir='ltr'>si</span> <span class='ocrx_word' id='word_1_144' title='bbox 1101 1410 1196 1440; x_wconf 88' lang='lat' dir='ltr'>adhuc</span> 
     </span>
     <span class='ocr_line' id='line_1_27' title="bbox 458 1460 1198 1500; baseline 0 -10"><span class='ocrx_word' id='word_1_145' title='bbox 458 1460 494 1490; x_wconf 91' lang='lat' dir='ltr'>ab</span> <span class='ocrx_word' id='word_1_146' title='bbox 526 1460 572 1490; x_wconf 89' lang='lat' dir='ltr'>his</span> <span class='ocrx_word' id='word_1_147' title='bbox 604 1460 802 1500; x_wconf 87' lang='lat' dir='ltr'>praetenderit</span> <span class='ocrx_word' id='word_1_148' title='bbox 829 1470 858 1490; x_wconf 87' lang='lat' dir='ltr'>se</span> <span class='ocrx_word' id='word_1_149' title='bbox 887 1461 1020 1499; x_wconf 83' lang='lat' dir='ltr'>gravari,</span> <span class='ocrx_word' id='word_1_150' title='bbox 1045 1469 1198 1490; x_wconf 83' lang='lat' dir='ltr'>recurrere</span> 
     </span>
     <span class='ocr_line' id='line_1_28' title="bbox 458 1508 1199 1549; baseline 0.001 -11"><span class='ocrx_word' id='word_1_151' title='bbox 458 1509 565 1548; x_wconf 87' lang='lat' dir='ltr'>poterit</span> <span class='ocrx_word' id='word_1_152' title='bbox 587 1508 620 1539; x_wconf 85' lang='lat' dir='ltr'>ad</span> <span class='ocrx_word' id='word_1_153' title='bbox 644 1509 852 1549; x_wconf 81' lang='lat' dir='ltr'>patriarcham,</span> <span class='ocrx_word' id='word_1_154' title='bbox 870 1513 919 1539; x_wconf 90' lang='lat' dir='ltr'>aut</span> <span class='ocrx_word' id='word_1_155' title='bbox 934 1510 1098 1539; x_wconf 85' lang='lat' dir='ltr'>Romanum</span> <span class='ocrx_word' id='word_1_156' title='bbox 1125 1509 1199 1539; x_wconf 80' lang='lat' dir='ltr'>Pon-</span> 
     </span>
     <span class='ocr_line' id='line_1_29' title="bbox 459 1556 588 1594; baseline 0.008 -9"><span class='ocrx_word' id='word_1_157' title='bbox 459 1556 565 1586; x_wconf 85' lang='lat' dir='ltr'>tificem</span> <span class='ocrx_word' id='word_1_158' title='bbox 582 1567 588 1594; x_wconf 89' lang='lat'>;</span> 
     </span>
    </p>

    <p class='ocr_par' dir='ltr' id='par_1_8' title="bbox 459 1605 1200 2035">
     <span class='ocr_line' id='line_1_30' title="bbox 498 1605 1198 1645; baseline 0.001 -10"><span class='ocrx_word' id='word_1_159' title='bbox 498 1614 548 1635; x_wconf 84' lang='lat' dir='ltr'>xn.</span> <span class='ocrx_word' id='word_1_160' title='bbox 573 1606 602 1636; x_wconf 80' lang='lat' dir='ltr'>Si</span> <span class='ocrx_word' id='word_1_161' title='bbox 625 1605 691 1645; x_wconf 90' lang='lat' dir='ltr'>quis</span> <span class='ocrx_word' id='word_1_162' title='bbox 714 1606 844 1636; x_wconf 88' lang='lat' dir='ltr'>ordinem</span> <span class='ocrx_word' id='word_1_163' title='bbox 868 1606 994 1645; x_wconf 85' lang='lat' dir='ltr'>aliquem</span> <span class='ocrx_word' id='word_1_164' title='bbox 1022 1606 1198 1636; x_wconf 83' lang='lat' dir='ltr'>ecclesiasti-</span> 
     </span>
     <span class='ocr_line' id='line_1_31' title="bbox 459 1654 1199 1694; baseline 0 -10"><span class='ocrx_word' id='word_1_165' title='bbox 459 1664 525 1684; x_wconf 90' lang='lat' dir='ltr'>cum</span> <span class='ocrx_word' id='word_1_166' title='bbox 548 1654 611 1684; x_wconf 90' lang='lat' dir='ltr'>sine</span> <span class='ocrx_word' id='word_1_167' title='bbox 638 1654 823 1693; x_wconf 87' lang='lat' dir='ltr'>superiorum</span> <span class='ocrx_word' id='word_1_168' title='bbox 849 1654 972 1684; x_wconf 66' lang='lat' dir='ltr'>licentia</span> <span class='ocrx_word' id='word_1_169' title='bbox 999 1654 1034 1684; x_wconf 88' lang='lat' dir='ltr'>ab</span> <span class='ocrx_word' id='word_1_170' title='bbox 1062 1655 1199 1694; x_wconf 86' lang='lat' dir='ltr'>episcopo</span> 
     </span>
     <span class='ocr_line' id='line_1_32' title="bbox 459 1703 1200 1743; baseline 0 -10"><span class='ocrx_word' id='word_1_171' title='bbox 459 1703 615 1742; x_wconf 89' lang='lat' dir='ltr'>acceperit,</span> <span class='ocrx_word' id='word_1_172' title='bbox 636 1707 685 1732; x_wconf 85' lang='lat' dir='ltr'>aut</span> <span class='ocrx_word' id='word_1_173' title='bbox 707 1703 770 1733; x_wconf 88' lang='lat' dir='ltr'>sine</span> <span class='ocrx_word' id='word_1_174' title='bbox 792 1704 912 1733; x_wconf 74' lang='lat' dir='ltr'>licentia</span> <span class='ocrx_word' id='word_1_175' title='bbox 933 1703 1063 1743; x_wconf 84' lang='lat' dir='ltr'>episcopi</span> <span class='ocrx_word' id='word_1_176' title='bbox 1083 1703 1200 1733; x_wconf 90' lang='lat' dir='ltr'>ordina-</span> 
     </span>
     <span class='ocr_line' id='line_1_33' title="bbox 459 1752 1196 1791; baseline 0 -9"><span class='ocrx_word' id='word_1_177' title='bbox 459 1752 495 1782; x_wconf 89' lang='lat' dir='ltr'>rii</span> <span class='ocrx_word' id='word_1_178' title='bbox 517 1762 606 1782; x_wconf 88' lang='lat' dir='ltr'>ausus</span> <span class='ocrx_word' id='word_1_179' title='bbox 638 1752 726 1782; x_wconf 84' lang='lat' dir='ltr'>suerit</span> <span class='ocrx_word' id='word_1_180' title='bbox 756 1752 791 1782; x_wconf 90' lang='lat' dir='ltr'>ad</span> <span class='ocrx_word' id='word_1_181' title='bbox 823 1752 986 1782; x_wconf 79' lang='lat' dir='ltr'>saeculares</span> <span class='ocrx_word' id='word_1_182' title='bbox 1015 1752 1196 1791; x_wconf 88' lang='lat' dir='ltr'>concionari,</span> 
     </span>
     <span class='ocr_line' id='line_1_34' title="bbox 459 1800 1199 1840; baseline 0.001 -10"><span class='ocrx_word' id='word_1_183' title='bbox 459 1811 560 1831; x_wconf 89' lang='lat' dir='ltr'>eorum</span> <span class='ocrx_word' id='word_1_184' title='bbox 582 1801 779 1832; x_wconf 84' lang='lat' dir='ltr'>confessiones</span> <span class='ocrx_word' id='word_1_185' title='bbox 801 1801 913 1840; x_wconf 86' lang='lat' dir='ltr'>audire,</span> <span class='ocrx_word' id='word_1_186' title='bbox 937 1811 951 1831; x_wconf 87' lang='lat' dir='ltr'>a</span> <span class='ocrx_word' id='word_1_187' title='bbox 975 1800 1092 1831; x_wconf 85' lang='lat' dir='ltr'>casibus</span> <span class='ocrx_word' id='word_1_188' title='bbox 1114 1801 1199 1832; x_wconf 87' lang='lat' dir='ltr'>Ordi-</span> 
     </span>
     <span class='ocr_line' id='line_1_35' title="bbox 459 1849 1200 1880; baseline 0 -1"><span class='ocrx_word' id='word_1_189' title='bbox 459 1850 542 1880; x_wconf 88' lang='lat' dir='ltr'>nario</span> <span class='ocrx_word' id='word_1_190' title='bbox 565 1849 723 1880; x_wconf 85' lang='lat' dir='ltr'>reservatis</span> <span class='ocrx_word' id='word_1_191' title='bbox 752 1849 848 1879; x_wconf 86' lang='lat' dir='ltr'>sciens</span> <span class='ocrx_word' id='word_1_192' title='bbox 880 1854 909 1880; x_wconf 92' lang='lat' dir='ltr'>et</span> <span class='ocrx_word' id='word_1_193' title='bbox 940 1850 1040 1879; x_wconf 87' lang='lat' dir='ltr'>volens</span> <span class='ocrx_word' id='word_1_194' title='bbox 1062 1850 1128 1880; x_wconf 91' lang='lat' dir='ltr'>illos</span> <span class='ocrx_word' id='word_1_195' title='bbox 1150 1850 1200 1880; x_wconf 91' lang='lat' dir='ltr'>ab·</span> 
     </span>
     <span class='ocr_line' id='line_1_36' title="bbox 461 1897 1199 1937; baseline 0 -9"><span class='ocrx_word' id='word_1_196' title='bbox 461 1898 583 1935; x_wconf 89' lang='lat' dir='ltr'>solvere,</span> <span class='ocrx_word' id='word_1_197' title='bbox 607 1902 657 1928; x_wconf 86' lang='lat' dir='ltr'>aut</span> <span class='ocrx_word' id='word_1_198' title='bbox 678 1902 859 1928; x_wconf 89' lang='lat' dir='ltr'>sacramenta</span> <span class='ocrx_word' id='word_1_199' title='bbox 882 1897 1032 1937; x_wconf 86' lang='lat' dir='ltr'>baptismi,</span> <span class='ocrx_word' id='word_1_200' title='bbox 1053 1902 1199 1929; x_wconf 86' lang='lat' dir='ltr'>extremae</span> 
     </span>
     <span class='ocr_line' id='line_1_37' title="bbox 461 1946 1200 1986; baseline 0.003 -10"><span class='ocrx_word' id='word_1_201' title='bbox 461 1947 609 1976; x_wconf 88' lang='lat' dir='ltr'>unctionis</span> <span class='ocrx_word' id='word_1_202' title='bbox 632 1947 676 1976; x_wconf 92' lang='lat' dir='ltr'>vel</span> <span class='ocrx_word' id='word_1_203' title='bbox 700 1946 879 1977; x_wconf 87' lang='lat' dir='ltr'>matrimonii</span> <span class='ocrx_word' id='word_1_204' title='bbox 898 1946 1115 1986; x_wconf 85' lang='lat' dir='ltr'>administrare,</span> <span class='ocrx_word' id='word_1_205' title='bbox 1142 1956 1200 1978; x_wconf 90' lang='lat' dir='ltr'>uno</span> 
     </span>
     <span class='ocr_line' id='line_1_38' title="bbox 461 1995 992 2035; baseline 0 -10"><span class='ocrx_word' id='word_1_206' title='bbox 461 1995 551 2025; x_wconf 90' lang='lat' dir='ltr'>verbo</span> <span class='ocrx_word' id='word_1_207' title='bbox 575 1995 735 2025; x_wconf 86' lang='lat' dir='ltr'>ministeria</span> <span class='ocrx_word' id='word_1_208' title='bbox 758 1995 878 2035; x_wconf 87' lang='lat' dir='ltr'>parochi</span> <span class='ocrx_word' id='word_1_209' title='bbox 901 1995 992 2025; x_wconf 91' lang='lat' dir='ltr'>obire.</span> 
     </span>
    </p>

    <p class='ocr_par' dir='ltr' id='par_1_9' title="bbox 462 2044 1204 2612">
     <span class='ocr_line' id='line_1_39' title="bbox 501 2044 1201 2082; baseline 0.003 -9"><span class='ocrx_word' id='word_1_210' title='bbox 501 2044 557 2074; x_wconf 85' lang='lat' dir='ltr'>Pro</span> <span class='ocrx_word' id='word_1_211' title='bbox 580 2044 686 2074; x_wconf 89' lang='lat' dir='ltr'>talibus</span> <span class='ocrx_word' id='word_1_212' title='bbox 710 2044 896 2082; x_wconf 87' lang='lat' dir='ltr'>criminibus,</span> <span class='ocrx_word' id='word_1_213' title='bbox 913 2054 978 2074; x_wconf 89' lang='lat' dir='ltr'>curn</span> <span class='ocrx_word' id='word_1_214' title='bbox 1002 2045 1126 2075; x_wconf 85' lang='lat' dir='ltr'>consilio</span> <span class='ocrx_word' id='word_1_215' title='bbox 1148 2046 1201 2075; x_wconf 87' lang='lat' dir='ltr'>fra-</span> 
     </span>
     <span class='ocr_line' id='line_1_40' title="bbox 462 2093 1201 2133; baseline 0.003 -11"><span class='ocrx_word' id='word_1_216' title='bbox 462 2097 539 2123; x_wconf 86' lang='lat' dir='ltr'>trum</span> <span class='ocrx_word' id='word_1_217' title='bbox 569 2093 738 2131; x_wconf 84' lang='lat' dir='ltr'>seniorum,</span> <span class='ocrx_word' id='word_1_218' title='bbox 770 2097 886 2132; x_wconf 85' lang='lat' dir='ltr'>praeter</span> <span class='ocrx_word' id='word_1_219' title='bbox 918 2103 1026 2133; x_wconf 88' lang='lat' dir='ltr'>poenas</span> <span class='ocrx_word' id='word_1_220' title='bbox 1058 2094 1201 2132; x_wconf 84' lang='lat' dir='ltr'>gravioris</span> 
     </span>
     <span class='ocr_line' id='line_1_41' title="bbox 463 2142 1202 2181; baseline 0.003 -10"><span class='ocrx_word' id='word_1_221' title='bbox 463 2142 577 2181; x_wconf 87' lang='lat' dir='ltr'>culpae,</span> <span class='ocrx_word' id='word_1_222' title='bbox 595 2150 662 2172; x_wconf 90' lang='lat' dir='ltr'>reus</span> <span class='ocrx_word' id='word_1_223' title='bbox 686 2142 818 2181; x_wconf 89' lang='lat' dir='ltr'>privetur</span> <span class='ocrx_word' id='word_1_224' title='bbox 841 2142 956 2172; x_wconf 88' lang='lat' dir='ltr'>cucullo</span> <span class='ocrx_word' id='word_1_225' title='bbox 978 2146 1006 2172; x_wconf 86' lang='lat' dir='ltr'>et</span> <span class='ocrx_word' id='word_1_226' title='bbox 1027 2143 1150 2180; x_wconf 71' lang='lat' dir='ltr'>corona,</span> <span class='ocrx_word' id='word_1_227' title='bbox 1174 2147 1202 2173; x_wconf 87' lang='lat' dir='ltr'>et</span> 
     </span>
     <span class='ocr_line' id='line_1_42' title="bbox 462 2191 1200 2229; baseline 0.001 -9"><span class='ocrx_word' id='word_1_228' title='bbox 462 2191 492 2220; x_wconf 92' lang='lat' dir='ltr'>in</span> <span class='ocrx_word' id='word_1_229' title='bbox 516 2191 619 2221; x_wconf 86' lang='lat' dir='ltr'>cellam</span> <span class='ocrx_word' id='word_1_230' title='bbox 636 2195 782 2229; x_wconf 88' lang='lat' dir='ltr'>tamquam</span> <span class='ocrx_word' id='word_1_231' title='bbox 799 2191 829 2220; x_wconf 91' lang='lat' dir='ltr'>in</span> <span class='ocrx_word' id='word_1_232' title='bbox 846 2200 993 2221; x_wconf 87' lang='lat' dir='ltr'>carcerem</span> <span class='ocrx_word' id='word_1_233' title='bbox 1016 2191 1200 2229; x_wconf 90' lang='lat' dir='ltr'>detrudatur,</span> 
     </span>
     <span class='ocr_line' id='line_1_43' title="bbox 463 2239 1201 2270; baseline 0.001 -1"><span class='ocrx_word' id='word_1_234' title='bbox 463 2239 499 2269; x_wconf 81' lang='lat' dir='ltr'>ab</span> <span class='ocrx_word' id='word_1_235' title='bbox 521 2240 652 2269; x_wconf 88' lang='lat' dir='ltr'>omnium</span> <span class='ocrx_word' id='word_1_236' title='bbox 676 2240 796 2270; x_wconf 84' lang='lat' dir='ltr'>fratrum</span> <span class='ocrx_word' id='word_1_237' title='bbox 823 2240 970 2270; x_wconf 86' lang='lat' dir='ltr'>consortio</span> <span class='ocrx_word' id='word_1_238' title='bbox 992 2240 1143 2270; x_wconf 87' lang='lat' dir='ltr'>seiunctus</span> <span class='ocrx_word' id='word_1_239' title='bbox 1167 2241 1201 2270; x_wconf 87' lang='lat' dir='ltr'>ad</span> 
     </span>
     <span class='ocr_line' id='line_1_44' title="bbox 463 2288 1203 2328; baseline 0.001 -10"><span class='ocrx_word' id='word_1_240' title='bbox 463 2289 577 2328; x_wconf 89' lang='lat' dir='ltr'>aliquos</span> <span class='ocrx_word' id='word_1_241' title='bbox 593 2297 719 2318; x_wconf 79' lang='lat' dir='ltr'>menseS.</span> <span class='ocrx_word' id='word_1_242' title='bbox 736 2288 777 2318; x_wconf 88' lang='lat' dir='ltr'>Ne</span> <span class='ocrx_word' id='word_1_243' title='bbox 800 2292 895 2318; x_wconf 90' lang='lat' dir='ltr'>tamen</span> <span class='ocrx_word' id='word_1_244' title='bbox 919 2288 1088 2318; x_wconf 88' lang='lat' dir='ltr'>huiusmodi</span> <span class='ocrx_word' id='word_1_245' title='bbox 1105 2289 1203 2328; x_wconf 90' lang='lat' dir='ltr'>poeni-</span> 
     </span>
     <span class='ocr_line' id='line_1_45' title="bbox 466 2336 1203 2376; baseline 0.001 -10"><span class='ocrx_word' id='word_1_246' title='bbox 466 2341 530 2366; x_wconf 90' lang='lat' dir='ltr'>tens</span> <span class='ocrx_word' id='word_1_247' title='bbox 547 2341 666 2376; x_wconf 87' lang='lat' dir='ltr'>propter</span> <span class='ocrx_word' id='word_1_248' title='bbox 681 2336 895 2376; x_wconf 84' lang='lat' dir='ltr'>impatientiam</span> <span class='ocrx_word' id='word_1_249' title='bbox 911 2346 992 2366; x_wconf 88' lang='lat' dir='ltr'>suam</span> <span class='ocrx_word' id='word_1_250' title='bbox 1015 2336 1044 2366; x_wconf 90' lang='lat' dir='ltr'>in</span> <span class='ocrx_word' id='word_1_251' title='bbox 1066 2337 1203 2376; x_wconf 88' lang='lat' dir='ltr'>despera-</span> 
     </span>
     <span class='ocr_line' id='line_1_46' title="bbox 465 2385 1204 2426; baseline 0.001 -11"><span class='ocrx_word' id='word_1_252' title='bbox 465 2385 574 2415; x_wconf 84' lang='lat' dir='ltr'>tionem</span> <span class='ocrx_word' id='word_1_253' title='bbox 593 2395 730 2425; x_wconf 87' lang='lat' dir='ltr'>praeceps</span> <span class='ocrx_word' id='word_1_254' title='bbox 746 2389 829 2423; x_wconf 85' lang='lat' dir='ltr'>ruat,</span> <span class='ocrx_word' id='word_1_255' title='bbox 848 2386 944 2416; x_wconf 86' lang='lat' dir='ltr'>mittat</span> <span class='ocrx_word' id='word_1_256' title='bbox 965 2386 1000 2415; x_wconf 89' lang='lat' dir='ltr'>ad</span> <span class='ocrx_word' id='word_1_257' title='bbox 1023 2395 1089 2416; x_wconf 91' lang='lat' dir='ltr'>eum</span> <span class='ocrx_word' id='word_1_258' title='bbox 1113 2396 1204 2426; x_wconf 90' lang='lat' dir='ltr'>qnan-</span> 
     </span>
     <span class='ocr_line' id='line_1_47' title="bbox 465 2433 1202 2474; baseline 0.003 -11"><span class='ocrx_word' id='word_1_259' title='bbox 465 2434 559 2473; x_wconf 88' lang='lat' dir='ltr'>doque</span> <span class='ocrx_word' id='word_1_260' title='bbox 582 2434 716 2473; x_wconf 86' lang='lat' dir='ltr'>superior</span> <span class='ocrx_word' id='word_1_261' title='bbox 743 2437 839 2473; x_wconf 88' lang='lat' dir='ltr'>patres</span> <span class='ocrx_word' id='word_1_262' title='bbox 865 2433 1017 2472; x_wconf 88' lang='lat' dir='ltr'>seniores,</span> <span class='ocrx_word' id='word_1_263' title='bbox 1044 2434 1093 2474; x_wconf 91' lang='lat' dir='ltr'>qui</span> <span class='ocrx_word' id='word_1_264' title='bbox 1119 2434 1202 2465; x_wconf 88' lang='lat' dir='ltr'>illum</span> 
     </span>
     <span class='ocr_line' id='line_1_48' title="bbox 466 2481 1202 2522; baseline 0.003 -11"><span class='ocrx_word' id='word_1_265' title='bbox 466 2481 581 2511; x_wconf 84' lang='lat' dir='ltr'>blandis</span> <span class='ocrx_word' id='word_1_266' title='bbox 597 2481 693 2511; x_wconf 89' lang='lat' dir='ltr'>verbis</span> <span class='ocrx_word' id='word_1_267' title='bbox 709 2486 914 2512; x_wconf 89' lang='lat' dir='ltr'>commoneant</span> <span class='ocrx_word' id='word_1_268' title='bbox 930 2482 963 2512; x_wconf 91' lang='lat' dir='ltr'>ad</span> <span class='ocrx_word' id='word_1_269' title='bbox 983 2483 1202 2522; x_wconf 89' lang='lat' dir='ltr'>poenitentiam,</span> 
     </span>
     <span class='ocr_line' id='line_1_49' title="bbox 466 2531 1204 2571; baseline 0.001 -11"><span class='ocrx_word' id='word_1_270' title='bbox 466 2535 494 2560; x_wconf 81' lang='lat' dir='ltr'>et</span> <span class='ocrx_word' id='word_1_271' title='bbox 511 2535 668 2570; x_wconf 87' lang='lat' dir='ltr'>provocent</span> <span class='ocrx_word' id='word_1_272' title='bbox 683 2531 716 2561; x_wconf 92' lang='lat' dir='ltr'>ad</span> <span class='ocrx_word' id='word_1_273' title='bbox 736 2531 922 2570; x_wconf 86' lang='lat' dir='ltr'>patientiam:</span> <span class='ocrx_word' id='word_1_274' title='bbox 941 2532 1057 2562; x_wconf 88' lang='lat' dir='ltr'>foveant</span> <span class='ocrx_word' id='word_1_275' title='bbox 1074 2541 1124 2571; x_wconf 91' lang='lat' dir='ltr'>per</span> <span class='ocrx_word' id='word_1_276' title='bbox 1136 2541 1204 2562; x_wconf 90' lang='lat' dir='ltr'>con-</span> 
     </span>
     <span class='ocr_line' id='line_1_50' title="bbox 466 2578 1201 2612; baseline 0.003 -4"><span class='ocrx_word' id='word_1_277' title='bbox 466 2578 638 2609; x_wconf 73' lang='lat' dir='ltr'>solationem</span> <span class='ocrx_word' id='word_1_278' title='bbox 667 2583 695 2609; x_wconf 84' lang='lat' dir='ltr'>et</span> <span class='ocrx_word' id='word_1_279' title='bbox 729 2579 869 2610; x_wconf 78' lang='lat' dir='ltr'>inducant</span> <span class='ocrx_word' id='word_1_280' title='bbox 895 2580 928 2610; x_wconf 88' lang='lat' dir='ltr'>ad</span> <span class='ocrx_word' id='word_1_281' title='bbox 956 2580 1201 2612; x_wconf 85' lang='lat' dir='ltr'>emendationem.</span> 
     </span>
    </p>
   </div>
   <div class='ocr_carea' id='block_1_3' title="bbox 1212 256 1222 1816">
    <p class='ocr_par' dir='ltr' id='par_1_10' title="bbox 1212 256 1222 1816">
     <span class='ocr_line' id='line_1_51' title="bbox 1212 256 1222 1816; baseline 0 0"><span class='ocrx_word' id='word_1_282' title='bbox 1212 256 1222 1816; x_wconf 95' lang='lat' dir='ltr'> </span> 
     </span>
    </p>
   </div>
   <div class='ocr_carea' id='block_1_4' title="bbox 1037 197 1399 222">
    <p class='ocr_par' dir='ltr' id='par_1_11' title="bbox 1037 197 1399 222">
     <span class='ocr_line' id='line_1_52' title="bbox 1037 197 1399 222; baseline 0.003 -1"><span class='ocrx_word' id='word_1_283' title='bbox 1037 197 1220 222; x_wconf 74' lang='lat' dir='ltr'>BULLARIUM</span> <span class='ocrx_word' id='word_1_284' title='bbox 1243 197 1399 222; x_wconf 70' lang='lat' dir='ltr'>ROMANUM</span> 
     </span>
    </p>
   </div>
   <div class='ocr_carea' id='block_1_5' title="bbox 1236 245 1986 2621">
    <p class='ocr_par' dir='ltr' id='par_1_12' title="bbox 1236 245 1976 615">
     <span class='ocr_line' id='line_1_53' title="bbox 1236 245 1971 291; baseline 0.005 -16"><span class='ocrx_word' id='word_1_285' title='bbox 1236 246 1388 284; x_wconf 82' lang='lat' dir='ltr'>Recogitet</span> <span class='ocrx_word' id='word_1_286' title='bbox 1411 250 1507 291; x_wconf 88' lang='lat' dir='ltr'>autem</span> <span class='ocrx_word' id='word_1_287' title='bbox 1530 245 1636 284; x_wconf 88' lang='lat' dir='ltr'>abbas,</span> <span class='ocrx_word' id='word_1_288' title='bbox 1654 246 1770 287; x_wconf 87' lang='lat' dir='ltr'>qualem</span> <span class='ocrx_word' id='word_1_289' title='bbox 1785 248 1842 278; x_wconf 89' lang='lat' dir='ltr'>Deo</span> <span class='ocrx_word' id='word_1_290' title='bbox 1859 249 1896 279; x_wconf 85' lang='lat' dir='ltr'>sit</span> <span class='ocrx_word' id='word_1_291' title='bbox 1911 249 1971 289; x_wconf 86' lang='lat' dir='ltr'>ipse</span> 
     </span>
     <span class='ocr_line' id='line_1_54' title="bbox 1236 294 1972 336; baseline 0.005 -13"><span class='ocrx_word' id='word_1_292' title='bbox 1236 294 1403 324; x_wconf 83' lang='lat' dir='ltr'>redditurus</span> <span class='ocrx_word' id='word_1_293' title='bbox 1420 295 1576 333; x_wconf 90' lang='lat' dir='ltr'>rationem,</span> <span class='ocrx_word' id='word_1_294' title='bbox 1593 295 1616 325; x_wconf 91' lang='lat' dir='ltr'>si</span> <span class='ocrx_word' id='word_1_295' title='bbox 1633 295 1704 325; x_wconf 88' lang='lat' dir='ltr'>forte</span> <span class='ocrx_word' id='word_1_296' title='bbox 1721 297 1774 326; x_wconf 68' lang='lat' dir='ltr'>sua</span> <span class='ocrx_word' id='word_1_297' title='bbox 1789 297 1972 336; x_wconf 67' lang='lat' dir='ltr'>impatientia</span> 
     </span>
     <span class='ocr_line' id='line_1_55' title="bbox 1237 343 1973 385; baseline 0.005 -13"><span class='ocrx_word' id='word_1_298' title='bbox 1237 347 1264 372; x_wconf 90' lang='lat' dir='ltr'>et</span> <span class='ocrx_word' id='word_1_299' title='bbox 1287 343 1464 382; x_wconf 86' lang='lat' dir='ltr'>imprudenti</span> <span class='ocrx_word' id='word_1_300' title='bbox 1487 344 1642 374; x_wconf 89' lang='lat' dir='ltr'>severitate</span> <span class='ocrx_word' id='word_1_301' title='bbox 1661 345 1778 374; x_wconf 87' lang='lat' dir='ltr'>fratrem</span> <span class='ocrx_word' id='word_1_302' title='bbox 1797 345 1899 384; x_wconf 87' lang='lat' dir='ltr'>perdat</span> <span class='ocrx_word' id='word_1_303' title='bbox 1922 355 1973 385; x_wconf 90' lang='lat' dir='ltr'>pro</span> 
     </span>
     <span class='ocr_line' id='line_1_56' title="bbox 1236 392 1973 434; baseline 0.004 -13"><span class='ocrx_word' id='word_1_304' title='bbox 1236 401 1293 431; x_wconf 91' lang='lat' dir='ltr'>quo</span> <span class='ocrx_word' id='word_1_305' title='bbox 1325 392 1456 422; x_wconf 88' lang='lat' dir='ltr'>Christus</span> <span class='ocrx_word' id='word_1_306' title='bbox 1491 397 1624 423; x_wconf 89' lang='lat' dir='ltr'>mortuus</span> <span class='ocrx_word' id='word_1_307' title='bbox 1659 398 1715 424; x_wconf 89' lang='lat' dir='ltr'>est.</span> <span class='ocrx_word' id='word_1_308' title='bbox 1752 394 1973 434; x_wconf 85' lang='lat' dir='ltr'>Memineritqne</span> 
     </span>
     <span class='ocr_line' id='line_1_57' title="bbox 1237 442 1973 479; baseline 0.004 -10"><span class='ocrx_word' id='word_1_309' title='bbox 1237 444 1370 469; x_wconf 84' lang='lat' dir='ltr'>sanctum</span> <span class='ocrx_word' id='word_1_310' title='bbox 1395 444 1506 479; x_wconf 89' lang='lat' dir='ltr'>patrem</span> <span class='ocrx_word' id='word_1_311' title='bbox 1530 445 1659 470; x_wconf 89' lang='lat' dir='ltr'>nostrum</span> <span class='ocrx_word' id='word_1_312' title='bbox 1678 442 1836 471; x_wconf 84' lang='lat' dir='ltr'>Antonium</span> <span class='ocrx_word' id='word_1_313' title='bbox 1856 442 1973 472; x_wconf 89' lang='lat' dir='ltr'>solitum</span> 
     </span>
     <span class='ocr_line' id='line_1_58' title="bbox 1237 488 1972 529; baseline 0.004 -12"><span class='ocrx_word' id='word_1_314' title='bbox 1237 488 1325 518; x_wconf 89' lang='lat' dir='ltr'>fuisse</span> <span class='ocrx_word' id='word_1_315' title='bbox 1347 488 1465 519; x_wconf 85' lang='lat' dir='ltr'>dicere:</span> <span class='ocrx_word' id='word_1_316' title='bbox 1492 499 1506 517; x_wconf 84' lang='lat'>‹&lt;</span> <span class='ocrx_word' id='word_1_317' title='bbox 1529 489 1660 519; x_wconf 85' lang='lat' dir='ltr'>Fratrem</span> <span class='ocrx_word' id='word_1_318' title='bbox 1684 490 1713 519; x_wconf 93' lang='lat' dir='ltr'>in</span> <span class='ocrx_word' id='word_1_319' title='bbox 1737 499 1826 529; x_wconf 89' lang='lat' dir='ltr'>aquas</span> <span class='ocrx_word' id='word_1_320' title='bbox 1848 490 1972 529; x_wconf 83' lang='lat' dir='ltr'>lapsum,</span> 
     </span>
     <span class='ocr_line' id='line_1_59' title="bbox 1237 536 1976 578; baseline 0.005 -13"><span class='ocrx_word' id='word_1_321' title='bbox 1237 536 1409 575; x_wconf 87' lang='lat' dir='ltr'>erigendum</span> <span class='ocrx_word' id='word_1_322' title='bbox 1432 546 1507 575; x_wconf 87' lang='lat' dir='ltr'>esse,</span> <span class='ocrx_word' id='word_1_323' title='bbox 1531 547 1588 567; x_wconf 88' lang='lat' dir='ltr'>non</span> <span class='ocrx_word' id='word_1_324' title='bbox 1610 538 1645 567; x_wconf 89' lang='lat' dir='ltr'>ad</span> <span class='ocrx_word' id='word_1_325' title='bbox 1668 538 1851 577; x_wconf 81' lang='lat' dir='ltr'>naufragium</span> <span class='ocrx_word' id='word_1_326' title='bbox 1873 539 1976 578; x_wconf 89' lang='lat' dir='ltr'>impel-</span> 
     </span>
     <span class='ocr_line' id='line_1_60' title="bbox 1238 584 1405 615; baseline 0 -2"><span class='ocrx_word' id='word_1_327' title='bbox 1238 584 1354 615; x_wconf 90' lang='lat' dir='ltr'>lendum</span> <span class='ocrx_word' id='word_1_328' title='bbox 1378 596 1405 614; x_wconf 76' lang='grc'>».</span> 
     </span>
    </p>

    <p class='ocr_par' dir='ltr' id='par_1_13' title="bbox 1236 633 1977 1052">
     <span class='ocr_line' id='line_1_61' title="bbox 1277 633 1976 674; baseline 0.003 -11"><span class='ocrx_word' id='word_1_329' title='bbox 1277 642 1296 663; x_wconf 87' lang='lat'>1.</span> <span class='ocrx_word' id='word_1_330' title='bbox 1320 633 1526 673; x_wconf 83' lang='lat' dir='ltr'>Quaecumque</span> <span class='ocrx_word' id='word_1_331' title='bbox 1559 635 1594 664; x_wconf 89' lang='lat' dir='ltr'>de</span> <span class='ocrx_word' id='word_1_332' title='bbox 1627 635 1694 672; x_wconf 87' lang='lat' dir='ltr'>levi,</span> <span class='ocrx_word' id='word_1_333' title='bbox 1728 635 1827 673; x_wconf 85' lang='lat' dir='ltr'>gravi,</span> <span class='ocrx_word' id='word_1_334' title='bbox 1849 634 1976 674; x_wconf 86' lang='lat' dir='ltr'>graviori</span> 
     </span>
     <span class='ocr_line' id='line_1_62' title="bbox 1237 682 1973 722; baseline 0.004 -11"><span class='ocrx_word' id='word_1_335' title='bbox 1237 685 1265 711; x_wconf 89' lang='lat' dir='ltr'>et</span> <span class='ocrx_word' id='word_1_336' title='bbox 1287 682 1461 720; x_wconf 69' lang='lat' dir='ltr'>gravissima</span> <span class='ocrx_word' id='word_1_337' title='bbox 1483 683 1567 722; x_wconf 76' lang='lat' dir='ltr'>culpa</span> <span class='ocrx_word' id='word_1_338' title='bbox 1600 688 1628 713; x_wconf 88' lang='lat' dir='ltr'>et</span> <span class='ocrx_word' id='word_1_339' title='bbox 1660 685 1756 722; x_wconf 70' lang='lat' dir='ltr'>poena</span> <span class='ocrx_word' id='word_1_340' title='bbox 1786 683 1862 713; x_wconf 88' lang='lat' dir='ltr'>dicta</span> <span class='ocrx_word' id='word_1_341' title='bbox 1895 687 1973 722; x_wconf 86' lang='lat' dir='ltr'>sunt,</span> 
     </span>
     <span class='ocr_line' id='line_1_63' title="bbox 1237 730 1973 771; baseline 0.004 -12"><span class='ocrx_word' id='word_1_342' title='bbox 1237 739 1269 759; x_wconf 86' lang='lat' dir='ltr'>ea</span> <span class='ocrx_word' id='word_1_343' title='bbox 1292 730 1326 760; x_wconf 92' lang='lat' dir='ltr'>de</span> <span class='ocrx_word' id='word_1_344' title='bbox 1349 730 1550 770; x_wconf 89' lang='lat' dir='ltr'>superioribus</span> <span class='ocrx_word' id='word_1_345' title='bbox 1572 731 1734 770; x_wconf 88' lang='lat' dir='ltr'>respective</span> <span class='ocrx_word' id='word_1_346' title='bbox 1756 731 1973 771; x_wconf 83' lang='lat' dir='ltr'>intelliguntur,</span> 
     </span>
     <span class='ocr_line' id='line_1_64' title="bbox 1236 778 1976 818; baseline 0.004 -10"><span class='ocrx_word' id='word_1_347' title='bbox 1236 778 1276 808; x_wconf 84' lang='lat' dir='ltr'>ita</span> <span class='ocrx_word' id='word_1_348' title='bbox 1313 782 1343 808; x_wconf 88' lang='lat' dir='ltr'>ut</span> <span class='ocrx_word' id='word_1_349' title='bbox 1380 779 1599 818; x_wconf 86' lang='lat' dir='ltr'>delinquentem</span> <span class='ocrx_word' id='word_1_350' title='bbox 1635 779 1769 810; x_wconf 87' lang='lat' dir='ltr'>abbatem</span> <span class='ocrx_word' id='word_1_351' title='bbox 1806 780 1976 811; x_wconf 86' lang='lat' dir='ltr'>monasterii</span> 
     </span>
     <span class='ocr_line' id='line_1_65' title="bbox 1237 826 1976 868; baseline 0.004 -12"><span class='ocrx_word' id='word_1_352' title='bbox 1237 826 1326 857; x_wconf 87' lang='lat' dir='ltr'>abbas</span> <span class='ocrx_word' id='word_1_353' title='bbox 1359 828 1504 866; x_wconf 88' lang='lat' dir='ltr'>generalis</span> <span class='ocrx_word' id='word_1_354' title='bbox 1537 828 1655 868; x_wconf 88' lang='lat' dir='ltr'>puniat,</span> <span class='ocrx_word' id='word_1_355' title='bbox 1679 829 1757 859; x_wconf 88' lang='lat' dir='ltr'>hunc</span> <span class='ocrx_word' id='word_1_356' title='bbox 1790 829 1976 868; x_wconf 87' lang='lat' dir='ltr'>congregatio</span> 
     </span>
     <span class='ocr_line' id='line_1_66' title="bbox 1237 877 1976 917; baseline 0.004 -12"><span class='ocrx_word' id='word_1_357' title='bbox 1237 877 1403 914; x_wconf 85' lang='lat' dir='ltr'>generalis:</span> <span class='ocrx_word' id='word_1_358' title='bbox 1436 877 1523 916; x_wconf 88' lang='lat' dir='ltr'>idque</span> <span class='ocrx_word' id='word_1_359' title='bbox 1556 877 1779 916; x_wconf 83' lang='lat' dir='ltr'>intelligendum</span> <span class='ocrx_word' id='word_1_360' title='bbox 1812 878 1846 908; x_wconf 92' lang='lat' dir='ltr'>de</span> <span class='ocrx_word' id='word_1_361' title='bbox 1875 878 1976 917; x_wconf 90' lang='lat' dir='ltr'>poenis</span> 
     </span>
     <span class='ocr_line' id='line_1_67' title="bbox 1237 926 1977 966; baseline 0.004 -12"><span class='ocrx_word' id='word_1_362' title='bbox 1237 926 1439 964; x_wconf 89' lang='lat' dir='ltr'>suspensionis</span> <span class='ocrx_word' id='word_1_363' title='bbox 1462 926 1497 955; x_wconf 92' lang='lat' dir='ltr'>ab</span> <span class='ocrx_word' id='word_1_364' title='bbox 1520 926 1632 963; x_wconf 86' lang='lat' dir='ltr'>officio,</span> <span class='ocrx_word' id='word_1_365' title='bbox 1656 926 1846 965; x_wconf 89' lang='lat' dir='ltr'>depositionis</span> <span class='ocrx_word' id='word_1_366' title='bbox 1868 931 1896 957; x_wconf 87' lang='lat' dir='ltr'>et</span> <span class='ocrx_word' id='word_1_367' title='bbox 1919 926 1977 966; x_wconf 91' lang='lat' dir='ltr'>pri-</span> 
     </span>
     <span class='ocr_line' id='line_1_68' title="bbox 1237 974 1977 1015; baseline 0.004 -13"><span class='ocrx_word' id='word_1_368' title='bbox 1237 974 1362 1003; x_wconf 88' lang='lat' dir='ltr'>vationis</span> <span class='ocrx_word' id='word_1_369' title='bbox 1384 975 1484 1012; x_wconf 88' lang='lat' dir='ltr'>vocis,</span> <span class='ocrx_word' id='word_1_370' title='bbox 1509 974 1565 1004; x_wconf 89' lang='lat' dir='ltr'>loci</span> <span class='ocrx_word' id='word_1_371' title='bbox 1595 978 1624 1004; x_wconf 80' lang='lat' dir='ltr'>et</span> <span class='ocrx_word' id='word_1_372' title='bbox 1649 984 1790 1014; x_wconf 84' lang='lat' dir='ltr'>coronae,</span> <span class='ocrx_word' id='word_1_373' title='bbox 1814 975 1849 1005; x_wconf 90' lang='lat' dir='ltr'>de</span> <span class='ocrx_word' id='word_1_374' title='bbox 1870 974 1977 1015; x_wconf 89' lang='lat' dir='ltr'>quibus</span> 
     </span>
     <span class='ocr_line' id='line_1_69' title="bbox 1237 1021 1518 1052; baseline 0.004 -1"><span class='ocrx_word' id='word_1_375' title='bbox 1237 1021 1312 1051; x_wconf 90' lang='lat' dir='ltr'>infra</span> <span class='ocrx_word' id='word_1_376' title='bbox 1335 1031 1430 1052; x_wconf 89' lang='lat' dir='ltr'>sermo</span> <span class='ocrx_word' id='word_1_377' title='bbox 1453 1023 1518 1052; x_wconf 87' lang='lat' dir='ltr'>erit.</span> 
     </span>
    </p>

    <p class='ocr_par' dir='ltr' id='par_1_14' title="bbox 1238 1071 1984 1888">
     <span class='ocr_line' id='line_1_70' title="bbox 1279 1071 1977 1110; baseline 0.003 -10"><span class='ocrx_word' id='word_1_378' title='bbox 1279 1080 1308 1101; x_wconf 90' lang='lat'>11.</span> <span class='ocrx_word' id='word_1_379' title='bbox 1333 1071 1416 1101; x_wconf 89' lang='lat' dir='ltr'>Levis</span> <span class='ocrx_word' id='word_1_380' title='bbox 1438 1071 1523 1110; x_wconf 89' lang='lat' dir='ltr'>culpa</span> <span class='ocrx_word' id='word_1_381' title='bbox 1546 1071 1659 1102; x_wconf 86' lang='lat' dir='ltr'>abbatis</span> <span class='ocrx_word' id='word_1_382' title='bbox 1681 1076 1736 1110; x_wconf 87' lang='lat' dir='ltr'>est,</span> <span class='ocrx_word' id='word_1_383' title='bbox 1759 1072 1783 1102; x_wconf 91' lang='lat' dir='ltr'>si</span> <span class='ocrx_word' id='word_1_384' title='bbox 1805 1072 1895 1102; x_wconf 88' lang='lat' dir='ltr'>cellas</span> <span class='ocrx_word' id='word_1_385' title='bbox 1916 1081 1977 1102; x_wconf 89' lang='lat' dir='ltr'>mo-</span> 
     </span>
     <span class='ocr_line' id='line_1_71' title="bbox 1239 1116 1980 1160; baseline 0.001 -11"><span class='ocrx_word' id='word_1_386' title='bbox 1239 1120 1402 1150; x_wconf 86' lang='lat' dir='ltr'>nachorum</span> <span class='ocrx_word' id='word_1_387' title='bbox 1426 1116 1462 1150; x_wconf 63' lang='lat' dir='ltr'>et⁴</span> <span class='ocrx_word' id='word_1_388' title='bbox 1477 1121 1610 1151; x_wconf 82' lang='lat' dir='ltr'>officinas</span> <span class='ocrx_word' id='word_1_389' title='bbox 1632 1130 1684 1160; x_wconf 90' lang='lat' dir='ltr'>per</span> <span class='ocrx_word' id='word_1_390' title='bbox 1705 1131 1735 1151; x_wconf 92' lang='lat' dir='ltr'>se</span> <span class='ocrx_word' id='word_1_391' title='bbox 1757 1121 1801 1151; x_wconf 89' lang='lat' dir='ltr'>vel</span> <span class='ocrx_word' id='word_1_392' title='bbox 1825 1130 1875 1160; x_wconf 89' lang='lat' dir='ltr'>per</span> <span class='ocrx_word' id='word_1_393' title='bbox 1902 1121 1980 1151; x_wconf 89' lang='lat' dir='ltr'>vica-</span> 
     </span>
     <span class='ocr_line' id='line_1_72' title="bbox 1239 1168 1978 1207; baseline 0.001 -10"><span class='ocrx_word' id='word_1_394' title='bbox 1239 1168 1316 1197; x_wconf 88' lang='lat' dir='ltr'>rium</span> <span class='ocrx_word' id='word_1_395' title='bbox 1341 1169 1496 1198; x_wconf 88' lang='lat' dir='ltr'>visitavere</span> <span class='ocrx_word' id='word_1_396' title='bbox 1519 1169 1707 1207; x_wconf 82' lang='lat' dir='ltr'>neglexerit;</span> <span class='ocrx_word' id='word_1_397' title='bbox 1737 1169 1760 1199; x_wconf 90' lang='lat' dir='ltr'>si</span> <span class='ocrx_word' id='word_1_398' title='bbox 1790 1169 1825 1199; x_wconf 91' lang='lat' dir='ltr'>ad</span> <span class='ocrx_word' id='word_1_399' title='bbox 1847 1168 1978 1199; x_wconf 91' lang='lat' dir='ltr'>divinum</span> 
     </span>
     <span class='ocr_line' id='line_1_73' title="bbox 1238 1217 1979 1247; baseline 0.001 -1"><span class='ocrx_word' id='word_1_400' title='bbox 1238 1217 1367 1246; x_wconf 77' lang='lat' dir='ltr'>officium</span> <span class='ocrx_word' id='word_1_401' title='bbox 1390 1222 1418 1247; x_wconf 87' lang='lat' dir='ltr'>et</span> <span class='ocrx_word' id='word_1_402' title='bbox 1440 1217 1475 1247; x_wconf 87' lang='lat' dir='ltr'>ad</span> <span class='ocrx_word' id='word_1_403' title='bbox 1497 1226 1683 1247; x_wconf 86' lang='lat' dir='ltr'>communem</span> <span class='ocrx_word' id='word_1_404' title='bbox 1705 1217 1893 1247; x_wconf 87' lang='lat' dir='ltr'>resectionem</span> <span class='ocrx_word' id='word_1_405' title='bbox 1916 1217 1979 1246; x_wconf 85' lang='lat' dir='ltr'>sine</span> 
     </span>
     <span class='ocr_line' id='line_1_74' title="bbox 1241 1266 1981 1305; baseline 0 -10"><span class='ocrx_word' id='word_1_406' title='bbox 1241 1266 1328 1295; x_wconf 72' lang='lat' dir='ltr'>causa</span> <span class='ocrx_word' id='word_1_407' title='bbox 1351 1266 1508 1305; x_wconf 89' lang='lat' dir='ltr'>aliquoties</span> <span class='ocrx_word' id='word_1_408' title='bbox 1530 1275 1588 1296; x_wconf 90' lang='lat' dir='ltr'>non</span> <span class='ocrx_word' id='word_1_409' title='bbox 1611 1266 1746 1304; x_wconf 89' lang='lat' dir='ltr'>venerit;</span> <span class='ocrx_word' id='word_1_410' title='bbox 1766 1266 1790 1296; x_wconf 89' lang='lat' dir='ltr'>si</span> <span class='ocrx_word' id='word_1_411' title='bbox 1805 1275 1820 1295; x_wconf 90' lang='lat' dir='ltr'>e</span> <span class='ocrx_word' id='word_1_412' title='bbox 1836 1269 1981 1296; x_wconf 87' lang='lat' dir='ltr'>monaste-</span> 
     </span>
     <span class='ocr_line' id='line_1_75' title="bbox 1239 1313 1980 1353; baseline -0.001 -9"><span class='ocrx_word' id='word_1_413' title='bbox 1239 1314 1283 1344; x_wconf 91' lang='lat' dir='ltr'>rio</span> <span class='ocrx_word' id='word_1_414' title='bbox 1306 1315 1369 1344; x_wconf 89' lang='lat' dir='ltr'>sine</span> <span class='ocrx_word' id='word_1_415' title='bbox 1392 1315 1566 1345; x_wconf 87' lang='lat' dir='ltr'>necessitate</span> <span class='ocrx_word' id='word_1_416' title='bbox 1588 1315 1709 1353; x_wconf 79' lang='lat' dir='ltr'>exierit3</span> <span class='ocrx_word' id='word_1_417' title='bbox 1733 1314 1758 1344; x_wconf 91' lang='lat' dir='ltr'>si</span> <span class='ocrx_word' id='word_1_418' title='bbox 1780 1313 1980 1344; x_wconf 86' lang='lat' dir='ltr'>caeremonias</span> 
     </span>
     <span class='ocr_line' id='line_1_76' title="bbox 1240 1362 1980 1400; baseline -0.001 -7"><span class='ocrx_word' id='word_1_419' title='bbox 1240 1363 1451 1393; x_wconf 84' lang='lat' dir='ltr'>ecclesiasticas</span> <span class='ocrx_word' id='word_1_420' title='bbox 1474 1363 1571 1394; x_wconf 88' lang='lat' dir='ltr'>minus</span> <span class='ocrx_word' id='word_1_421' title='bbox 1592 1364 1729 1394; x_wconf 90' lang='lat' dir='ltr'>decenter</span> <span class='ocrx_word' id='word_1_422' title='bbox 1750 1363 1938 1400; x_wconf 74' lang='lat' dir='ltr'>exercuerit3</span> <span class='ocrx_word' id='word_1_423' title='bbox 1955 1362 1980 1392; x_wconf 87' lang='lat' dir='ltr'>si</span> 
     </span>
     <span class='ocr_line' id='line_1_77' title="bbox 1241 1410 1981 1451; baseline 0 -10"><span class='ocrx_word' id='word_1_424' title='bbox 1241 1412 1311 1451; x_wconf 91' lang='lat' dir='ltr'>quid</span> <span class='ocrx_word' id='word_1_425' title='bbox 1333 1411 1440 1442; x_wconf 81' lang='lat' dir='ltr'>dixerit</span> <span class='ocrx_word' id='word_1_426' title='bbox 1463 1412 1507 1441; x_wconf 88' lang='lat' dir='ltr'>vel</span> <span class='ocrx_word' id='word_1_427' title='bbox 1530 1412 1643 1449; x_wconf 85' lang='lat' dir='ltr'>fecerit,</span> <span class='ocrx_word' id='word_1_428' title='bbox 1667 1412 1744 1442; x_wconf 86' lang='lat' dir='ltr'>unde</span> <span class='ocrx_word' id='word_1_429' title='bbox 1766 1412 1871 1442; x_wconf 86' lang='lat' dir='ltr'>fratres</span> <span class='ocrx_word' id='word_1_430' title='bbox 1892 1410 1981 1441; x_wconf 77' lang='lat' dir='ltr'>offen—</span> 
     </span>
     <span class='ocr_line' id='line_1_78' title="bbox 1241 1459 1982 1499; baseline 0.001 -10"><span class='ocrx_word' id='word_1_431' title='bbox 1241 1459 1369 1498; x_wconf 79' lang='lat' dir='ltr'>dantur3</span> <span class='ocrx_word' id='word_1_432' title='bbox 1386 1460 1409 1489; x_wconf 90' lang='lat' dir='ltr'>si</span> <span class='ocrx_word' id='word_1_433' title='bbox 1433 1460 1462 1489; x_wconf 92' lang='lat' dir='ltr'>in</span> <span class='ocrx_word' id='word_1_434' title='bbox 1486 1459 1562 1498; x_wconf 90' lang='lat' dir='ltr'>cibo,</span> <span class='ocrx_word' id='word_1_435' title='bbox 1580 1464 1650 1499; x_wconf 89' lang='lat' dir='ltr'>potu</span> <span class='ocrx_word' id='word_1_436' title='bbox 1672 1464 1700 1490; x_wconf 90' lang='lat' dir='ltr'>et</span> <span class='ocrx_word' id='word_1_437' title='bbox 1721 1460 1903 1490; x_wconf 86' lang='lat' dir='ltr'>vestimentis</span> <span class='ocrx_word' id='word_1_438' title='bbox 1925 1460 1982 1490; x_wconf 87' lang='lat' dir='ltr'>fra-</span> 
     </span>
     <span class='ocr_line' id='line_1_79' title="bbox 1242 1508 1979 1548; baseline 0 -10"><span class='ocrx_word' id='word_1_439' title='bbox 1242 1512 1299 1538; x_wconf 89' lang='lat' dir='ltr'>tres</span> <span class='ocrx_word' id='word_1_440' title='bbox 1328 1518 1394 1538; x_wconf 90' lang='lat' dir='ltr'>cum</span> <span class='ocrx_word' id='word_1_441' title='bbox 1420 1508 1550 1538; x_wconf 74' lang='lat' dir='ltr'>indebita</span> <span class='ocrx_word' id='word_1_442' title='bbox 1579 1508 1759 1548; x_wconf 66' lang='lat' dir='ltr'>parsimonia</span> <span class='ocrx_word' id='word_1_443' title='bbox 1787 1508 1979 1545; x_wconf 80' lang='lat' dir='ltr'>tractaverit3</span> 
     </span>
     <span class='ocr_line' id='line_1_80' title="bbox 1241 1557 1981 1597; baseline -0.001 -10"><span class='ocrx_word' id='word_1_444' title='bbox 1241 1557 1266 1587; x_wconf 89' lang='lat' dir='ltr'>si</span> <span class='ocrx_word' id='word_1_445' title='bbox 1289 1566 1356 1596; x_wconf 85' lang='lat' dir='ltr'>erga</span> <span class='ocrx_word' id='word_1_446' title='bbox 1390 1557 1517 1597; x_wconf 89' lang='lat' dir='ltr'>aliquem</span> <span class='ocrx_word' id='word_1_447' title='bbox 1549 1557 1670 1588; x_wconf 85' lang='lat' dir='ltr'>fratrem</span> <span class='ocrx_word' id='word_1_448' title='bbox 1703 1558 1768 1597; x_wconf 89' lang='lat' dir='ltr'>plus</span> <span class='ocrx_word' id='word_1_449' title='bbox 1799 1557 1905 1588; x_wconf 86' lang='lat' dir='ltr'>favoris</span> <span class='ocrx_word' id='word_1_450' title='bbox 1937 1557 1981 1587; x_wconf 91' lang='lat' dir='ltr'>vel</span> 
     </span>
     <span class='ocr_line' id='line_1_81' title="bbox 1242 1606 1981 1646; baseline 0 -10"><span class='ocrx_word' id='word_1_451' title='bbox 1242 1606 1409 1645; x_wconf 85' lang='lat' dir='ltr'>asperitatis</span> <span class='ocrx_word' id='word_1_452' title='bbox 1425 1606 1612 1643; x_wconf 77' lang='lat' dir='ltr'>exliibuerit3</span> <span class='ocrx_word' id='word_1_453' title='bbox 1634 1606 1658 1636; x_wconf 90' lang='lat' dir='ltr'>si</span> <span class='ocrx_word' id='word_1_454' title='bbox 1674 1606 1743 1646; x_wconf 90' lang='lat' dir='ltr'>quid</span> <span class='ocrx_word' id='word_1_455' title='bbox 1759 1606 1981 1646; x_wconf 89' lang='lat' dir='ltr'>poculentorum</span> 
     </span>
     <span class='ocr_line' id='line_1_82' title="bbox 1242 1655 1984 1694; baseline 0 -9"><span class='ocrx_word' id='word_1_456' title='bbox 1242 1655 1287 1685; x_wconf 89' lang='lat' dir='ltr'>vel</span> <span class='ocrx_word' id='word_1_457' title='bbox 1317 1655 1550 1693; x_wconf 84' lang='lat' dir='ltr'>esculentorum,</span> <span class='ocrx_word' id='word_1_458' title='bbox 1574 1655 1604 1685; x_wconf 93' lang='lat' dir='ltr'>in</span> <span class='ocrx_word' id='word_1_459' title='bbox 1630 1664 1662 1685; x_wconf 89' lang='lat' dir='ltr'>re</span> <span class='ocrx_word' id='word_1_460' title='bbox 1690 1659 1787 1685; x_wconf 88' lang='lat' dir='ltr'>tamen</span> <span class='ocrx_word' id='word_1_461' title='bbox 1813 1655 1894 1694; x_wconf 89' lang='lat' dir='ltr'>parvi</span> <span class='ocrx_word' id='word_1_462' title='bbox 1923 1663 1984 1684; x_wconf 91' lang='lat' dir='ltr'>mo-</span> 
     </span>
     <span class='ocr_line' id='line_1_83' title="bbox 1242 1703 1982 1742; baseline 0 -9"><span class='ocrx_word' id='word_1_463' title='bbox 1242 1704 1345 1742; x_wconf 80' lang='lat' dir='ltr'>menti,</span> <span class='ocrx_word' id='word_1_464' title='bbox 1364 1703 1512 1733; x_wconf 86' lang='lat' dir='ltr'>extraneis</span> <span class='ocrx_word' id='word_1_465' title='bbox 1527 1703 1641 1733; x_wconf 87' lang='lat' dir='ltr'>dederit</span> <span class='ocrx_word' id='word_1_466' title='bbox 1659 1703 1722 1733; x_wconf 89' lang='lat' dir='ltr'>sine</span> <span class='ocrx_word' id='word_1_467' title='bbox 1738 1705 1828 1734; x_wconf 76' lang='lat' dir='ltr'>causa.</span> <span class='ocrx_word' id='word_1_468' title='bbox 1842 1703 1982 1742; x_wconf 69' lang='lat' dir='ltr'>legitima.</span> 
     </span>
     <span class='ocr_line' id='line_1_84' title="bbox 1242 1752 1984 1783; baseline 0 -1"><span class='ocrx_word' id='word_1_469' title='bbox 1242 1753 1301 1783; x_wconf 88' lang='lat' dir='ltr'>Pro</span> <span class='ocrx_word' id='word_1_470' title='bbox 1324 1752 1491 1783; x_wconf 89' lang='lat' dir='ltr'>huiusmodi</span> <span class='ocrx_word' id='word_1_471' title='bbox 1512 1752 1673 1783; x_wconf 84' lang='lat' dir='ltr'>defectibus</span> <span class='ocrx_word' id='word_1_472' title='bbox 1694 1752 1729 1782; x_wconf 88' lang='lat' dir='ltr'>ab</span> <span class='ocrx_word' id='word_1_473' title='bbox 1750 1752 1853 1783; x_wconf 86' lang='lat' dir='ltr'>abbate</span> <span class='ocrx_word' id='word_1_474' title='bbox 1875 1752 1984 1783; x_wconf 86' lang='lat' dir='ltr'>maiore</span> 
     </span>
     <span class='ocr_line' id='line_1_85' title="bbox 1242 1801 1981 1840; baseline 0 -9"><span class='ocrx_word' id='word_1_475' title='bbox 1242 1802 1428 1840; x_wconf 85' lang='lat' dir='ltr'>corripiatur,</span> <span class='ocrx_word' id='word_1_476' title='bbox 1452 1805 1480 1831; x_wconf 88' lang='lat' dir='ltr'>et</span> <span class='ocrx_word' id='word_1_477' title='bbox 1502 1801 1606 1840; x_wconf 85' lang='lat' dir='ltr'>psalmi</span> <span class='ocrx_word' id='word_1_478' title='bbox 1628 1801 1672 1831; x_wconf 87' lang='lat' dir='ltr'>vel</span> <span class='ocrx_word' id='word_1_479' title='bbox 1694 1801 1806 1840; x_wconf 87' lang='lat' dir='ltr'>aliquot</span> <span class='ocrx_word' id='word_1_480' title='bbox 1832 1801 1981 1831; x_wconf 86' lang='lat' dir='ltr'>orationes</span> 
     </span>
     <span class='ocr_line' id='line_1_86' title="bbox 1242 1849 1942 1888; baseline -0.001 -8"><span class='ocrx_word' id='word_1_481' title='bbox 1242 1850 1406 1880; x_wconf 88' lang='lat' dir='ltr'>dominicae</span> <span class='ocrx_word' id='word_1_482' title='bbox 1423 1859 1473 1879; x_wconf 90' lang='lat' dir='ltr'>seu</span> <span class='ocrx_word' id='word_1_483' title='bbox 1489 1849 1709 1888; x_wconf 82' lang='lat' dir='ltr'>genuflexiones</span> <span class='ocrx_word' id='word_1_484' title='bbox 1731 1849 1757 1879; x_wconf 90' lang='lat' dir='ltr'>ei</span> <span class='ocrx_word' id='word_1_485' title='bbox 1772 1849 1942 1888; x_wconf 86' lang='lat' dir='ltr'>iungantur.</span> 
     </span>
    </p>

    <p class='ocr_par' dir='ltr' id='par_1_15' title="bbox 1243 1898 1986 2621">
     <span class='ocr_line' id='line_1_87' title="bbox 1282 1898 1983 1938; baseline -0.001 -8"><span class='ocrx_word' id='word_1_486' title='bbox 1282 1909 1323 1930; x_wconf 84' lang='lat'><em>111.</em></span> <span class='ocrx_word' id='word_1_487' title='bbox 1346 1899 1448 1930; x_wconf 88' lang='lat' dir='ltr'>Gravis</span> <span class='ocrx_word' id='word_1_488' title='bbox 1473 1898 1556 1938; x_wconf 87' lang='lat' dir='ltr'>culpa</span> <span class='ocrx_word' id='word_1_489' title='bbox 1579 1902 1634 1938; x_wconf 86' lang='lat' dir='ltr'>est,</span> <span class='ocrx_word' id='word_1_490' title='bbox 1650 1899 1674 1929; x_wconf 89' lang='lat' dir='ltr'>si</span> <span class='ocrx_word' id='word_1_491' title='bbox 1696 1898 1781 1929; x_wconf 86' lang='lat' dir='ltr'>fratri</span> <span class='ocrx_word' id='word_1_492' title='bbox 1797 1899 1841 1929; x_wconf 93' lang='lat' dir='ltr'>vel</span> <span class='ocrx_word' id='word_1_493' title='bbox 1863 1902 1983 1929; x_wconf 83' lang='lat' dir='ltr'>externo</span> 
     </span>
     <span class='ocr_line' id='line_1_88' title="bbox 1243 1947 1984 1987; baseline 0 -9"><span class='ocrx_word' id='word_1_494' title='bbox 1243 1948 1330 1979; x_wconf 85' lang='lat' dir='ltr'>verba</span> <span class='ocrx_word' id='word_1_495' title='bbox 1352 1948 1493 1978; x_wconf 88' lang='lat' dir='ltr'>iniuriosa</span> <span class='ocrx_word' id='word_1_496' title='bbox 1517 1947 1635 1985; x_wconf 87' lang='lat' dir='ltr'>dixerit,</span> <span class='ocrx_word' id='word_1_497' title='bbox 1652 1947 1806 1978; x_wconf 86' lang='lat' dir='ltr'>maledicta</span> <span class='ocrx_word' id='word_1_498' title='bbox 1828 1951 1856 1978; x_wconf 87' lang='lat' dir='ltr'>et</span> <span class='ocrx_word' id='word_1_499' title='bbox 1876 1947 1984 1987; x_wconf 87' lang='lat' dir='ltr'>impre-</span> 
     </span>
     <span class='ocr_line' id='line_1_89' title="bbox 1243 1996 1984 2037; baseline -0.003 -9"><span class='ocrx_word' id='word_1_500' title='bbox 1243 1998 1373 2028; x_wconf 86' lang='lat' dir='ltr'>cationes</span> <span class='ocrx_word' id='word_1_501' title='bbox 1395 1996 1652 2037; x_wconf 77' lang='lat' dir='ltr'>pronunciaverit3</span> <span class='ocrx_word' id='word_1_502' title='bbox 1676 1996 1700 2026; x_wconf 90' lang='lat' dir='ltr'>si</span> <span class='ocrx_word' id='word_1_503' title='bbox 1722 1996 1885 2027; x_wconf 88' lang='lat' dir='ltr'>discordias</span> <span class='ocrx_word' id='word_1_504' title='bbox 1907 1996 1984 2026; x_wconf 88' lang='lat' dir='ltr'>inter</span> 
     </span>
     <span class='ocr_line' id='line_1_90' title="bbox 1243 2045 1984 2084; baseline -0.001 -8"><span class='ocrx_word' id='word_1_505' title='bbox 1243 2046 1348 2077; x_wconf 87' lang='lat' dir='ltr'>fratres</span> <span class='ocrx_word' id='word_1_506' title='bbox 1369 2045 1576 2083; x_wconf 74' lang='lat' dir='ltr'>seminaverit,</span> <span class='ocrx_word' id='word_1_507' title='bbox 1599 2045 1623 2075; x_wconf 91' lang='lat' dir='ltr'>si</span> <span class='ocrx_word' id='word_1_508' title='bbox 1646 2045 1755 2084; x_wconf 81' lang='lat' dir='ltr'>iurare,</span> <span class='ocrx_word' id='word_1_509' title='bbox 1772 2045 1903 2084; x_wconf 87' lang='lat' dir='ltr'>mentiri,</span> <span class='ocrx_word' id='word_1_510' title='bbox 1923 2049 1984 2075; x_wconf 90' lang='lat' dir='ltr'>tur-</span> 
     </span>
     <span class='ocr_line' id='line_1_91' title="bbox 1244 2093 1985 2134; baseline -0.003 -9"><span class='ocrx_word' id='word_1_511' title='bbox 1244 2095 1290 2134; x_wconf 91' lang='lat' dir='ltr'>pia</span> <span class='ocrx_word' id='word_1_512' title='bbox 1314 2095 1359 2125; x_wconf 89' lang='lat' dir='ltr'>vel</span> <span class='ocrx_word' id='word_1_513' title='bbox 1378 2094 1511 2124; x_wconf 82' lang='lat' dir='ltr'>scurrilia</span> <span class='ocrx_word' id='word_1_514' title='bbox 1527 2093 1625 2123; x_wconf 87' lang='lat' dir='ltr'>dicere</span> <span class='ocrx_word' id='word_1_515' title='bbox 1642 2093 1810 2133; x_wconf 82' lang='lat' dir='ltr'>frequenter</span> <span class='ocrx_word' id='word_1_516' title='bbox 1825 2093 1985 2133; x_wconf 86' lang='lat' dir='ltr'>deprehen-</span> 
     </span>
     <span class='ocr_line' id='line_1_92' title="bbox 1245 2142 1986 2179; baseline -0.001 -6"><span class='ocrx_word' id='word_1_517' title='bbox 1245 2152 1293 2173; x_wconf 90' lang='lat' dir='ltr'>sus</span> <span class='ocrx_word' id='word_1_518' title='bbox 1316 2142 1425 2179; x_wconf 77' lang='lat' dir='ltr'>suerit3</span> <span class='ocrx_word' id='word_1_519' title='bbox 1449 2142 1473 2172; x_wconf 91' lang='lat' dir='ltr'>si</span> <span class='ocrx_word' id='word_1_520' title='bbox 1496 2142 1690 2172; x_wconf 88' lang='lat' dir='ltr'>saecularium</span> <span class='ocrx_word' id='word_1_521' title='bbox 1718 2142 1819 2172; x_wconf 90' lang='lat' dir='ltr'>domos</span> <span class='ocrx_word' id='word_1_522' title='bbox 1845 2142 1908 2172; x_wconf 89' lang='lat' dir='ltr'>sine</span> <span class='ocrx_word' id='word_1_523' title='bbox 1935 2151 1986 2172; x_wconf 91' lang='lat' dir='ltr'>ne-</span> 
     </span>
     <span class='ocr_line' id='line_1_93' title="bbox 1244 2190 1986 2230; baseline 0 -9"><span class='ocrx_word' id='word_1_524' title='bbox 1244 2191 1380 2222; x_wconf 85' lang='lat' dir='ltr'>cessitate</span> <span class='ocrx_word' id='word_1_525' title='bbox 1403 2191 1649 2230; x_wconf 77' lang='lat' dir='ltr'>frequentaverit3</span> <span class='ocrx_word' id='word_1_526' title='bbox 1667 2191 1691 2221; x_wconf 84' lang='lat' dir='ltr'>si</span> <span class='ocrx_word' id='word_1_527' title='bbox 1714 2200 1780 2222; x_wconf 89' lang='lat' dir='ltr'>cum</span> <span class='ocrx_word' id='word_1_528' title='bbox 1799 2190 1914 2221; x_wconf 88' lang='lat' dir='ltr'>feminis</span> <span class='ocrx_word' id='word_1_529' title='bbox 1936 2194 1986 2221; x_wconf 89' lang='lat' dir='ltr'>aut</span> 
     </span>
     <span class='ocr_line' id='line_1_94' title="bbox 1245 2239 1983 2280; baseline -0.001 -10"><span class='ocrx_word' id='word_1_530' title='bbox 1245 2240 1344 2280; x_wconf 88' lang='lat' dir='ltr'>pueris</span> <span class='ocrx_word' id='word_1_531' title='bbox 1365 2240 1572 2279; x_wconf 84' lang='lat' dir='ltr'>colloquendo,</span> <span class='ocrx_word' id='word_1_532' title='bbox 1595 2240 1715 2270; x_wconf 87' lang='lat' dir='ltr'>attentis</span> <span class='ocrx_word' id='word_1_533' title='bbox 1743 2239 1983 2278; x_wconf 79' lang='lat' dir='ltr'>circumstantiis,</span> 
     </span>
     <span class='ocr_line' id='line_1_95' title="bbox 1245 2287 1985 2328; baseline 0 -10"><span class='ocrx_word' id='word_1_534' title='bbox 1245 2288 1443 2328; x_wconf 88' lang='lat' dir='ltr'>suspicionem</span> <span class='ocrx_word' id='word_1_535' title='bbox 1478 2288 1607 2328; x_wconf 88' lang='lat' dir='ltr'>aliquam</span> <span class='ocrx_word' id='word_1_536' title='bbox 1643 2288 1705 2318; x_wconf 90' lang='lat' dir='ltr'>vitii</span> <span class='ocrx_word' id='word_1_537' title='bbox 1741 2288 1920 2326; x_wconf 74' lang='lat' dir='ltr'>ingesserit,</span> <span class='ocrx_word' id='word_1_538' title='bbox 1959 2287 1985 2317; x_wconf 83' lang='lat' dir='ltr'>si</span> 
     </span>
     <span class='ocr_line' id='line_1_96' title="bbox 1245 2335 1986 2375; baseline -0.001 -8"><span class='ocrx_word' id='word_1_539' title='bbox 1245 2337 1398 2367; x_wconf 86' lang='lat' dir='ltr'>dormierit</span> <span class='ocrx_word' id='word_1_540' title='bbox 1419 2337 1482 2367; x_wconf 88' lang='lat' dir='ltr'>sine</span> <span class='ocrx_word' id='word_1_541' title='bbox 1505 2337 1605 2367; x_wconf 65' lang='lat' dir='ltr'>tunica„</span> <span class='ocrx_word' id='word_1_542' title='bbox 1626 2340 1655 2367; x_wconf 90' lang='lat' dir='ltr'>et</span> <span class='ocrx_word' id='word_1_543' title='bbox 1676 2337 1814 2375; x_wconf 72' lang='lat' dir='ltr'>cucullo,</span> <span class='ocrx_word' id='word_1_544' title='bbox 1844 2337 1869 2367; x_wconf 88' lang='lat' dir='ltr'>si</span> <span class='ocrx_word' id='word_1_545' title='bbox 1892 2335 1986 2366; x_wconf 83' lang='lat' dir='ltr'>medi-</span> 
     </span>
     <span class='ocr_line' id='line_1_97' title="bbox 1246 2384 1986 2426; baseline -0.001 -10"><span class='ocrx_word' id='word_1_546' title='bbox 1246 2386 1343 2416; x_wconf 86' lang='lat' dir='ltr'>cinam</span> <span class='ocrx_word' id='word_1_547' title='bbox 1372 2386 1434 2416; x_wconf 89' lang='lat' dir='ltr'>sine</span> <span class='ocrx_word' id='word_1_548' title='bbox 1463 2386 1583 2416; x_wconf 77' lang='lat' dir='ltr'>licentia</span> <span class='ocrx_word' id='word_1_549' title='bbox 1616 2385 1722 2416; x_wconf 85' lang='lat' dir='ltr'>medici</span> <span class='ocrx_word' id='word_1_550' title='bbox 1754 2385 1929 2426; x_wconf 88' lang='lat' dir='ltr'>sumpserit;</span> <span class='ocrx_word' id='word_1_551' title='bbox 1960 2384 1986 2415; x_wconf 87' lang='lat' dir='ltr'>si</span> 
     </span>
     <span class='ocr_line' id='line_1_98' title="bbox 1245 2433 1986 2474; baseline -0.001 -10"><span class='ocrx_word' id='word_1_552' title='bbox 1245 2435 1360 2474; x_wconf 87' lang='lat' dir='ltr'>culpam</span> <span class='ocrx_word' id='word_1_553' title='bbox 1396 2434 1601 2474; x_wconf 86' lang='lat' dir='ltr'>praeteritam,</span> <span class='ocrx_word' id='word_1_554' title='bbox 1626 2443 1678 2474; x_wconf 89' lang='lat' dir='ltr'>pro</span> <span class='ocrx_word' id='word_1_555' title='bbox 1715 2444 1771 2474; x_wconf 88' lang='lat' dir='ltr'>qua</span> <span class='ocrx_word' id='word_1_556' title='bbox 1806 2433 1986 2464; x_wconf 83' lang='lat' dir='ltr'>satisfactum</span> 
     </span>
     <span class='ocr_line' id='line_1_99' title="bbox 1246 2482 1985 2523; baseline 0 -11"><span class='ocrx_word' id='word_1_557' title='bbox 1246 2482 1296 2521; x_wconf 85' lang='lat' dir='ltr'>sit,</span> <span class='ocrx_word' id='word_1_558' title='bbox 1316 2483 1403 2513; x_wconf 88' lang='lat' dir='ltr'>alicui</span> <span class='ocrx_word' id='word_1_559' title='bbox 1426 2482 1649 2523; x_wconf 76' lang='lat' dir='ltr'>exprobaverit3</span> <span class='ocrx_word' id='word_1_560' title='bbox 1673 2483 1696 2512; x_wconf 89' lang='lat' dir='ltr'>si</span> <span class='ocrx_word' id='word_1_561' title='bbox 1719 2483 1782 2512; x_wconf 85' lang='lat' dir='ltr'>sine</span> <span class='ocrx_word' id='word_1_562' title='bbox 1804 2483 1882 2512; x_wconf 86' lang='lat' dir='ltr'>socio</span> <span class='ocrx_word' id='word_1_563' title='bbox 1904 2485 1985 2512; x_wconf 89' lang='lat' dir='ltr'>extra</span> 
     </span>
     <span class='ocr_line' id='line_1_100' title="bbox 1247 2530 1986 2570; baseline 0.001 -9"><span class='ocrx_word' id='word_1_564' title='bbox 1247 2531 1456 2562; x_wconf 83' lang='lat' dir='ltr'>monasterium</span> <span class='ocrx_word' id='word_1_565' title='bbox 1479 2532 1587 2570; x_wconf 82' lang='lat' dir='ltr'>iverit;</span> <span class='ocrx_word' id='word_1_566' title='bbox 1612 2532 1635 2562; x_wconf 89' lang='lat' dir='ltr'>si</span> <span class='ocrx_word' id='word_1_567' title='bbox 1658 2532 1798 2562; x_wconf 84' lang='lat' dir='ltr'>ieiunium</span> <span class='ocrx_word' id='word_1_568' title='bbox 1822 2531 1857 2562; x_wconf 89' lang='lat' dir='ltr'>ab</span> <span class='ocrx_word' id='word_1_569' title='bbox 1878 2530 1986 2562; x_wconf 83' lang='lat' dir='ltr'>Ordine</span> 
     </span>
     <span class='ocr_line' id='line_1_101' title="bbox 1246 2580 1986 2621; baseline -0.001 -10"><span class='ocrx_word' id='word_1_570' title='bbox 1246 2581 1458 2621; x_wconf 88' lang='lat' dir='ltr'>praescriptum</span> <span class='ocrx_word' id='word_1_571' title='bbox 1482 2581 1620 2620; x_wconf 75' lang='lat' dir='ltr'>fregerit,</span> <span class='ocrx_word' id='word_1_572' title='bbox 1653 2581 1676 2611; x_wconf 87' lang='lat' dir='ltr'>si</span> <span class='ocrx_word' id='word_1_573' title='bbox 1699 2581 1830 2621; x_wconf 84' lang='lat' dir='ltr'>missam,</span> <span class='ocrx_word' id='word_1_574' title='bbox 1852 2580 1986 2612; x_wconf 88' lang='lat' dir='ltr'>divinum</span> 
     </span>
    </p>
   </div>
   <div class='ocr_carea' id='block_1_6' title="bbox 1981 200 2166 229">
    <p class='ocr_par' dir='ltr' id='par_1_16' title="bbox 1981 200 2166 229">
     <span class='ocr_line' id='line_1_102' title="bbox 1981 200 2166 229; baseline 0.005 -1"><span class='ocrx_word' id='word_1_575' title='bbox 1981 200 2029 228; x_wconf 78' lang='lat' dir='ltr'>An.</span> <span class='ocrx_word' id='word_1_576' title='bbox 2051 200 2080 228; x_wconf 90' lang='lat' dir='ltr'>C.</span> <span class='ocrx_word' id='word_1_577' title='bbox 2097 201 2166 229; x_wconf 73' lang='lat'>1740</span> 
     </span>
    </p>
   </div>
   <div class='ocr_carea' id='block_1_7' title="bbox 2012 651 2168 704">
    <p class='ocr_par' dir='ltr' id='par_1_17' title="bbox 2012 651 2168 704">
     <span class='ocr_line' id='line_1_103' title="bbox 2020 651 2133 673; baseline 0 -1"><span class='ocrx_word' id='word_1_578' title='bbox 2020 651 2070 673; x_wconf 71' lang='lat' dir='ltr'>Cn.</span> <span class='ocrx_word' id='word_1_579' title='bbox 2087 651 2133 673; x_wconf 81' lang='lat' dir='ltr'>vu.</span> 
     </span>
     <span class='ocr_line' id='line_1_104' title="bbox 2012 679 2168 704; baseline -0.006 -4"><span class='ocrx_word' id='word_1_580' title='bbox 2012 679 2042 700; x_wconf 85' lang='lat' dir='ltr'>De</span> <span class='ocrx_word' id='word_1_581' title='bbox 2064 679 2131 704; x_wconf 78' lang='lat' dir='ltr'>culpis</span> <span class='ocrx_word' id='word_1_582' title='bbox 2147 679 2168 699; x_wconf 72' lang='lat' dir='ltr'>et</span> 
     </span>
    </p>
   </div>
   <div class='ocr_carea' id='block_1_8' title="bbox 1986 705 2218 732">
    <p class='ocr_par' dir='ltr' id='par_1_18' title="bbox 1986 705 2218 732">
     <span class='ocr_line' id='line_1_105' title="bbox 1986 705 2218 732; baseline 0.004 -7"><span class='ocrx_word' id='word_1_583' title='bbox 1986 705 2059 731; x_wconf 79' lang='lat' dir='ltr'>poenis</span> <span class='ocrx_word' id='word_1_584' title='bbox 2072 705 2168 732; x_wconf 76' lang='lat' dir='ltr'>superio·</span> <span class='ocrx_word' id='word_1_585' title='bbox 2216 706 2218 709; x_wconf 78' lang='grc'><em>’</em></span> 
     </span>
    </p>
   </div>
   <div class='ocr_carea' id='block_1_9' title="bbox 1986 737 2039 754">
    <p class='ocr_par' dir='ltr' id='par_1_19' title="bbox 1986 737 2039 754">
     <span class='ocr_line' id='line_1_106' title="bbox 1986 737 2039 754; baseline -0.038 0"><span class='ocrx_word' id='word_1_586' title='bbox 1986 737 2039 754; x_wconf 69' lang='lat' dir='ltr'>Tum.</span> 
     </span>
    </p>
   </div>
   <div class='ocr_carea' id='block_1_10' title="bbox 2196 0 2232 1389">
    <p class='ocr_par' dir='ltr' id='par_1_20' title="bbox 2196 0 2232 1389">
     <span class='ocr_line' id='line_1_107' title="bbox 2196 0 2232 1389; baseline 0 0"><span class='ocrx_word' id='word_1_587' title='bbox 2196 0 2232 1389; x_wconf 95' lang='lat' dir='ltr'> </span> 
     </span>
    </p>
   </div>
  </div>
 </body>
</html>
