2232 3178
275 193 324 220 An.
340 193 369 220 C.
392 192 458 220 ¹738

299 888 438 908 Precianum.

281 1470 454 1493 Conventirulac.

271 1498 348 1523 quihus
380 1497 405 1517 de
435 1497 454 1516 in

271 1524 364 1545 rubi-sca.
373 1530 385 1544 a
398 1525 454 1548 priu-

271 1550 355 1575 eupitius
379 1556 454 1570 saecu-

271 1576 351 1597 laribus
368 1577 454 1598 interdi-

271 1606 328 1623 ctae.

503 184 568 218 366

761 242 917 276 CCXXIX.

470 321 699 355 condemnatio
728 321 896 354 Societalis
928 331 983 354 seu
1007 321 1209 354 conventicu-

513 373 632 413 Iarum,
653 373 748 416 vulqo
765 373 821 406 De'
840 373 933 407 liberi
959 374 1130 414 muratori,
1150 378 1208 407 aul

512 426 572 459 Des
598 427 703 459 francs
728 437 891 467 inassons,
926 427 984 460 sub
1013 428 1117 470 poena
1148 438 1202 459 ecc-

511 480 816 512 commum'calionis
841 481 910 524 ipso
933 480 1016 523 sczcco
1041 481 1208 513 incurren-

511 531 573 569 da,
601 533 670 565 eius
695 532 917 572 absolutione,
943 537 1069 576 exceplo
1094 533 1208 565 mortis

511 585 667 626 articulo,
695 585 827 619 Szumno
851 585 1007 628 Pontifici
1030 586 1204 619 reservasti.

674 664 810 692 Clemens
832 665 1004 699 episcopus,

642 716 750 735 servus
780 716 936 735 servorum
965 709 1028 743 Dei,

538 761 692 789 Universis
714 762 967 789 christifidelibus
981 783 988 794 ‚
1009 763 1139 790 salutem

570 810 602 834 et
622 807 819 841 apostolicam
837 807 1095 835 benedictionem.

510 877 543 910 In
571 877 728 911 eminenti
755 878 956 920 apostolatus
981 877 1121 921 specula,
1144 887 1208 910 me-

467 930 535 963 ritis
560 930 636 963 licet
661 930 859 973 imparibus,
891 930 999 963 divina
1031 931 1209 973 disponen-

467 988 496 1015 te
521 983 693 1016 clementia
721 983 906 1022 constituti,
932 983 1019 1016 iuxta
1046 983 1206 1016 creditum

465 1036 560 1069 nobis
596 1036 766 1079 pastoralis
802 1036 1029 1079 providentiae
1062 1035 1205 1068 debitum

464 1088 557 1131 iugi,
585 1094 740 1132 quantum
767 1099 804 1122 ex
829 1089 895 1122 alto
921 1088 1124 1129 conceditur,
1145 1089 1208 1122 sol-

463 1141 638 1174 licitudinis
674 1141 779 1174 studio
813 1142 851 1175 iis
884 1142 1114 1183 intendimus,
1147 1152 1207 1185 per

464 1204 557 1237 quae,
573 1194 738 1227 erroribus
752 1194 901 1238 vitiisque
916 1195 1004 1227 aditu
1018 1195 1205 1236 intercluso,

465 1247 668 1280 orthodoxae
687 1247 854 1290 religionis
874 1247 1080 1291 potissimum
1098 1258 1206 1281 serve-

467 1305 518 1332 tur
543 1300 720 1343 integritas,
748 1306 843 1344 atque
868 1301 906 1333 ab
923 1301 1075 1334 universo
1097 1301 1207 1334 catho-

466 1353 527 1387 lico
552 1354 631 1387 orbe
657 1354 856 1387 difficillimis
883 1353 971 1387 hisce
1002 1354 1204 1398 temporibus

465 1407 748 1449 perturbationum
774 1406 917 1450 pericula
942 1408 1181 1450 propellantur.

509 1461 523 1503 ἓ
548 1459 578 1492 1.
604 1459 708 1500 Sanc,
732 1460 782 1493 vel
808 1460 878 1502 ipso
903 1470 1036 1493 rumore
1073 1460 1205 1503 publico

467 1512 654 1553 nunciante,
679 1512 775 1546 nobis
801 1513 941 1546 innotuit
964 1514 1062 1556 longe
1078 1512 1206 1556 lateque

466 1565 621 1608 progredi
647 1570 744 1609 atque
770 1566 800 1598 in
819 1566 887 1599 dies
909 1566 1108 1599 invalescere
1130 1576 1207 1599 non-

466 1619 571 1652 nullas
596 1618 770 1652 societates
790 1646 797 1660 ‚
832 1624 967 1659 coetus,
1006 1624 1204 1659 conventus,

465 1671 677 1705 collectiones
696 1698 703 1712 ‚
730 1671 983 1715 aggregationes
1003 1699 1011 1713 ‚
1037 1682 1094 1705 seu
1130 1682 1206 1705 con-

465 1727 640 1767 venticula,
664 1727 759 1769 vulgo
784 1726 929 1760 de⁷liberi
952 1725 1120 1765 muratori,
1146 1735 1205 1759 seu

464 1781 573 1823 francs
599 1790 753 1820 massons,
780 1785 834 1813 aut
859 1779 919 1812 alia
945 1779 1053 1823 quavis
1071 1789 1206 1812 nomen-

464 1835 587 1867 clatura
606 1843 664 1877 pro
683 1834 872 1867 idiomatum
889 1832 1063 1867 varietate¹
1082 1843 1205 1865 nuncu-

464 1892 549 1930 pata,
576 1887 608 1919 in
635 1887 752 1930 quibus
772 1886 1017 1930 cuiuscumque²
1038 1886 1204 1929 religionis

465 1946 496 1972 et
516 1945 622 1973 sectae
638 1940 798 1980 homines,
813 1939 960 1973 affectata
974 1940 1111 1983 quadam
1128 1949 1205 1973 con·

465 1993 545 2026 tenti
571 1993 753 2026 honestatis
779 1993 934 2026 naturalis
960 1993 1068 2036 specie
1084 2019 1092 2033 ,
1119 1997 1205 2026 arcto

465 2056 569 2089 aeque
606 2057 641 2079 ac
679 2046 835 2089 impervie
874 2046 1002 2079 foedere
1027 2046 1205 2079 secundum

465 2099 554 2140 leges
587 2104 619 2131 et
655 2103 775 2131 statuta
809 2098 869 2132 sibi
901 2099 1034 2131 condita
1068 2098 1204 2132 invicem

465 2151 704 2192 consociantur,
732 2161 880 2195 quaeque
905 2151 1000 2185 simul
1026 2153 1107 2185 clam
1127 2162 1204 2195 ope-

464 2209 602 2245 rantur,
632 2209 697 2236 tum
733 2204 879 2238 districto
915 2204 1128 2238 iureiurando
1164 2205 1203 2238 ad

464 2267 555 2290 sacra
580 2257 681 2290 biblia
705 2257 900 2301 interposito
918 2285 925 2299 ‚
957 2261 1021 2291 tum
1059 2258 1202 2300 gravium

465 2305 644 2353 poenarum
671 2309 898 2353 exageratione
915 2337 923 2350 ,
950 2309 1131 2344 inviolabili
1163 2311 1205 2343 si-

464 2363 568 2397 lentio
600 2363 754 2406 obtegere
779 2363 1037 2406 adstringuntur.
1067 2363 1203 2404 Verum,

501 2452 512 2478 1
536 2451 606 2478 Edit.
627 2451 710 2479 Maia.
731 2451 796 2487 legit
814 2452 968 2480 varietates
979 2451 1027 2486 ’(R.
1048 2452 1097 2487 T.).

501 2496 518 2522 2
532 2495 598 2523 Male
614 2496 679 2523 edit.
691 2496 769 2523 Main.
786 2496 851 2531 legit
865 2496 896 2524 in
912 2496 1138 2531 quibuscumque
1154 2504 1203 2532 pro

465 2541 497 2570 in
513 2541 616 2576 quibus
630 2542 835 2576 cuiuscumque
850 2543 886 2576 (n.
899 2542 947 2575 T.).

502 2585 518 2612 3
537 2585 608 2613 Edit.
629 2585 708 2614 lllain.
730 2585 796 2621 legit
816 2585 1009 2615 incurrendae
1027 2587 1066 2621 (κ.
1083 2586 1131 2621 τ.).

1052 192 1237 219 BULLARIUM
1263 194 1422 220 ROMANUM

1250 253 1322 276 cum
1348 253 1385 277 ea
1409 244 1450 277 sit
1474 245 1605 278 sceleris
1630 250 1755 287 natura,
1778 250 1813 279 ut
1830 256 1864 279 se
1883 245 1988 289 ipsum

1250 296 1365 338 prodat
1390 302 1421 330 et
1445 298 1617 331 clamorem
1647 299 1723 331 edat
1750 299 1799 331 sui
1827 298 1986 331 indicem:

1251 349 1328 382 hinc
1354 350 1524 384 societates
1544 361 1599 384 scu
1621 351 1845 384 conventicula
1865 352 1990 395 praedi-

1250 407 1300 435 cta
1317 403 1544 436 vehementem
1567 405 1648 437 adeo
1664 404 1805 437 fidelium
1825 404 1988 437 mentibus

1250 456 1472 500 suspicionem
1493 457 1718 500 ingesserunt,
1749 462 1785 489 ut
1806 457 1917 491 iisdem
1940 467 1991 500 ag-

1250 509 1492 551 gregationibus
1513 520 1630 543 nomen
1653 510 1729 544 dare
1747 511 1831 554 apud
1851 511 1989 553 pruden-

1252 566 1298 593 tes
1321 567 1352 594 ct
1380 562 1502 605 probos
1521 562 1605 595 idem
1627 563 1760 596 omnino
1788 563 1829 596 sit
1861 574 1897 596 ac
1921 573 1989 606 pra-

1250 614 1354 647 vitatis
1383 621 1414 648 et
1433 616 1650 658 perversionis
1669 621 1780 648 notam
1801 616 1988 654 incurrere,

1250 667 1310 700 nisi
1332 668 1417 701 enim
1439 670 1520 701 male
1556 674 1714 711 agerent,
1745 673 1834 702 tanto
1867 679 1989 712 nequa·

1250 732 1344 764 quam
1363 721 1438 754 odio
1460 722 1565 755 lucem
1589 723 1761 755 haberent.
1784 721 1840 760 Qui
1857 722 1988 765 quidem

1251 784 1358 807 rumor
1383 784 1420 807 eo
1451 785 1554 818 usque
1581 774 1769 818 percrebuit
1796 780 1830 806 ut
1860 775 1892 806 in
1920 775 1990 817 plu-

1250 826 1339 859 rimis
1362 826 1553 869 regionibus
1585 832 1782 860 memoratae
1814 826 1989 859 societates

1249 890 1310 922 per
1329 880 1451 913 saeculi
1472 886 1647 924 potestates
1678 885 1842 923 tamquam
1876 889 1989 920 regno-

1250 942 1320 965 rum
1351 933 1513 965 securitati
1545 933 1755 966 adversantes
1786 933 1989 976 proscriptae

1250 996 1286 1018 ac
1319 985 1456 1028 provide
1486 985 1670 1019 eliminatae
1699 985 1892 1028 iampridem
1914 985 1990 1018 exti-

1252 1038 1359 1072 terint.

1293 1091 1308 1133 g
1337 1091 1368 1124 ⁶2.
1402 1092 1464 1125 Nos
1495 1092 1625 1135 itaque,
1661 1092 1769 1125 animo
1801 1092 1988 1125 evolventes

1250 1145 1437 1187 gravissima
1456 1146 1580 1184 damna,
1601 1156 1682 1188 quac
1702 1151 1735 1178 ut
1755 1146 1933 1188 plurimum
1951 1156 1988 1178 ex

1249 1198 1435 1231 huiusmodi
1450 1197 1657 1230 societatibus
1674 1208 1730 1230 seu
1745 1198 1987 1238 conventiculis,

1249 1251 1367 1284 nedum
1387 1251 1578 1293 temporalis
1599 1251 1794 1294 reIpublicae
1809 1251 1990 1294 tranquilli·

1250 1305 1322 1343 tati,
1353 1314 1464 1337 verum
1499 1304 1594 1336 ctiam
1627 1304 1788 1347 spirituali
1809 1304 1989 1337 animarum

1249 1357 1342 1390 saluti
1371 1356 1552 1389 inseruntur
1567 1383 1574 1395 ,
1604 1362 1700 1400 atque
1721 1356 1841 1389 idcirco
1864 1361 1929 1389 turn
1950 1357 1989 1389 ci-

1248 1410 1365 1443 vilibus
1385 1416 1448 1442 tum
1468 1409 1633 1442 canonicis
1654 1409 1788 1442 minime
1810 1409 1988 1442 cohaerere

1249 1462 1498 1501 sanctionibus3
1529 1472 1600 1494 cum
1633 1461 1740 1494 (livino
1769 1461 1900 1505 eloquio
1932 1462 1989 1494 do-

1249 1525 1388 1552 ceamur,
1408 1515 1460 1548 die
1483 1520 1655 1557 noctuque,
1674 1525 1764 1547 more
1782 1514 1865 1547 servi
1884 1513 1988 1547 fidelis

1249 1575 1280 1602 et
1307 1569 1479 1612 prudentis
1512 1569 1696 1602 dominicae
1729 1568 1870 1601 familiae
1896 1577 1989 1611 prae-

1248 1621 1368 1665 positi,
1393 1621 1593 1665 vigilandum
1619 1631 1710 1662 esse,
1736 1632 1777 1654 ne
1803 1620 1988 1654 huiusmodi

1248 1675 1415 1708 hominum
1451 1685 1554 1717 genus
1594 1675 1691 1707 veluti
1732 1675 1816 1708 sures
1857 1674 1987 1708 domum

1249 1728 1442 1771 perfodiant,
1464 1733 1560 1771 atque
1581 1727 1682 1760 instar
1701 1728 1843 1771 vulpium
1860 1728 1988 1760 vineam

1249 1781 1398 1815 demoliri
1423 1781 1594 1820 nitantur,
1624 1791 1664 1814 ne
1693 1781 1846 1815 videlicet
1865 1780 1988 1824 simpli-

1248 1835 1330 1867 cium
1351 1835 1450 1868 corda
1471 1839 1678 1877 pervertant,
1711 1840 1806 1878 atque
1838 1833 1987 1867 innoxios

1248 1887 1401 1930 sagittent
1417 1887 1449 1919 in
1467 1887 1620 1928 occultis;
1639 1888 1677 1920 ad
1693 1887 1891 1926 latissimam,
1905 1897 1987 1930 quae

1247 1940 1473 1984 iniquitatibus
1491 1939 1623 1983 impune
1637 1940 1804 1982 patrandis
1823 1940 1897 1972 inde
1913 1949 1989 1983 ape-

1247 1993 1303 2026 riri
1325 1998 1454 2036 posset,
1476 1993 1567 2026 viam.
1582 1994 1825 2034 obstruendam,
1850 1993 1987 2036 aliisque

1248 2047 1287 2080 de
1307 2047 1397 2080 iustis
1418 2057 1454 2079 ac
1467 2046 1681 2080 rationalibus
1699 2047 1803 2080 causis
1822 2047 1916 2079 nobis
1934 2055 1989 2079 no-

1248 2100 1304 2132 tis:
1319 2100 1450 2132 easdem
1466 2099 1649 2141 societates,
1664 2105 1783 2139 coctus,
1798 2104 1985 2138 conventus,

1247 2152 1468 2193 collectiones,
1487 2152 1754 2195 aggregadones,
1775 2162 1830 2185 seu
1851 2162 1987 2185 conven-

1248 2205 1344 2239 ticula
1375 2204 1421 2238 de’
1444 2205 1538 2238 liberi
1571 2206 1753 2245 nzuratori,
1786 2216 1843 2238 seu
1876 2205 1987 2248 francs

1246 2269 1391 2292 nzassons
1409 2285 1416 2298 ,
1451 2263 1506 2291 aut
1536 2259 1599 2291 alio
1626 2269 1832 2302 quocumque
1852 2258 1986 2292 nomine

1247 2313 1437 2355 appellata,
1475 2312 1514 2345 de
1549 2314 1786 2346 nonnullorum
1818 2313 1848 2346 S.
1883 2312 1921 2345 R.
1947 2312 1982 2345 E.

1247 2365 1457 2399 cardinalium
1476 2365 1625 2405 consilio,
1641 2376 1678 2399 ac
1694 2366 1790 2399 etiam
1807 2371 1896 2399 motu
1914 2375 1987 2409 pro-

1246 2419 1344 2462 prio,
1382 2424 1413 2452 et
1449 2429 1486 2452 ex
1519 2421 1605 2452 certa
1639 2419 1773 2452 scientia
1803 2430 1840 2452 ac
1861 2421 1986 2453 matura

1247 2472 1482 2506 deliberatione
1501 2473 1619 2505 nostris
1634 2500 1641 2513 ‚
1663 2472 1769 2516 deque
1786 2472 1985 2516 apostolicae

1246 2524 1418 2568 potestatis
1435 2521 1653 2569 plenitudine,
1668 2525 1852 2559 damnanda
1866 2530 1898 2559 et
1914 2536 1986 2569 pro-

1247 2578 1391 2613 hibenda
1412 2588 1482 2613 esse
1500 2578 1668 2612 statuimus
1701 2584 1732 2612 ct
1758 2579 1962 2613 decernimus
1972 2606 1987 2621 ,,

1995 197 2046 224 An.
2066 196 2096 224 c.
2113 197 2187 232 17³8}

2039 1101 2128 1123 Easdem
2143 1101 2177 1124 ‹ln-

1999 1131 2062 1152 mnat,
2074 1128 2176 1154 prunibau-

2000 1161 2039 1181 que
2056 1155 2156 1176 Pontifex.
