2232 3178
267 249 315 277 An.
337 250 364 277 c.
384 250 450 278 1735
495 240 536 274 90

291 1103 358 1124 Petita
372 1103 446 1124 horum

264 1129 396 1150 dem-vunnu·
426 1136 447 1149 a·

264 1158 365 1182 postoima
400 1162 446 1178 cou-

264 1185 359 1204 lilinum).

290 1474 388 1494 Concmlr
395 1482 424 1496 ur.

323 2533 399 2553 Etuuru
409 2533 448 2553 lem

461 298 587 328 tutiones
609 297 761 327 reformari
783 295 950 333 mandavit·⁷
975 294 1090 325 addit0¹
1107 294 1195 325 etiam

460 348 535 387 quod
564 346 687 377 ex-socii
713 345 885 384 generales,
914 344 984 374 licet
1013 345 1122 373 Romae
1148 343 1196 373 de-

459 400 528 434 gant
558 399 585 425 et
614 395 672 424 sint
699 393 905 424 conventuales
927 393 971 422 vel
999 392 1026 422 in
1051 396 1196 422 conventu

459 445 487 475 S.
509 444 623 474 Martini
651 443 694 472 vel
721 442 750 472 S.
775 441 880 471 Mariae
907 441 936 471 in
963 441 1194 480 Transpontina,

459 494 553 523 adhuc
576 497 669 522 tamon
687 492 750 520 iure
766 490 897 528 suffragii
922 499 978 519 non
1001 489 1145 528 gaudeant
1166 489 1195 518 in

459 542 600 571 electione
623 540 724 570 vicarii
756 539 919 577 generalis,
944 543 1075 574 mortuo,
1101 542 1196 566 amoto

458 591 501 619 vel
525 593 656 628 promoto
680 592 761 627 patre
783 587 925 626 generali.
945 604 978 608 —
997 587 1029 616 V.
1046 586 1125 616 eard.
1144 586 1197 616 PE-

460 648 529 676 ·rnA,
553 639 584 667 F.
602 638 635 667 V.
654 638 683 667 L.
701 637 781 666 eard.
799 636 890 667 Gorrr
912 636 1029 666 Ordinis
1046 635 1196 665 Praedica-

459 692 565 723 torum,
583 687 614 716 F.
632 686 653 715 l.
672 686 705 715 Α.
723 685 801 715 card.
819 686 984 721 GrnnAGNi,
1002 684 1022 713 Ι.
1037 684 1115 714 card.
1134 683 1197 713 Sri-

457 744 578 772 NELLL'S,
602 735 635 765 N.
659 734 740 764 card.
764 734 874 763 Iunios.

498 785 538 814 lta
570 786 719 823 reperitur
740 785 769 813 in
792 788 923 821 regestro
945 782 1125 822 autographo
1148 782 1197 811 de-

458 838 604 863 cretorum
626 842 725 862 sacrae
740 832 978 870 Congregationis
994 833 1194 870 episcoporum

458 887 486 912 et
501 883 678 921 regularium
698 881 775 920 quod
794 885 960 910 asservatur
982 882 1010 909 in
1033 880 1196 910 Secretariiz

458 932 601 962 eiusdem.
626 931 657 961 In
685 931 793 968 fidem,
818 935 891 967 etc.,
915 930 968 959 liae
997 930 1042 959 die
1073 938 1091 959 11
1123 930 1195 958 iunii

458 990 625 1012 ninccxxxv.
643 1000 681 1004 —-
697 980 803 1010 lost-:pu
826 980 924 1010 Mam
947 979 1076 1018 archiep.
1095 979 1196 1008 Dama-

457 1041 579 1069 seenus,
603 1030 862 1071 pro-secretarius.

501 1089 515 1132 ἓ
540 1087 571 1121 2.
599 1088 676 1121 Cum
702 1093 820 1126 autem,
847 1087 928 1119 sicut
952 1086 1086 1119 dilectus
1110 1084 1194 1118 filius

458 1142 635 1174 modernus
661 1145 852 1184 procurator
870 1139 1033 1182 generalis
1049 1138 1194 1171 eiusdem

457 1194 587 1228 Ordinis
612 1194 707 1227 nobis
732 1193 870 1226 subinde
890 1193 1007 1236 exponi
1028 1192 1195 1235 i'eoit,ipse

458 1249 626 1282 decretum
653 1247 859 1287 huiusmodi,
886 1258 949 1290 quo
974 1246 1097 1279 firmius
1122 1246 1196 1278 sub-

458 1302 548 1336 sistat
580 1307 612 1335 et
635 1306 781 1334 servetur
805 1301 968 1341 exactius,
995 1300 1196 1344 apostolicae

457 1355 714 1388 confirmationis
741 1359 869 1387 nostrae
895 1353 1078 1397 patrocinio
1113 1365 1197 1387 coin-

457 1409 574 1442 muniri
599 1408 774 1451 plurimum
799 1408 986 1441 desideret:

501 1463 515 1506 §
539 1462 571 1496 3.
597 1462 681 1503 Nos,
708 1461 880 1505 specialem
906 1461 966 1504 ipsi
994 1461 1194 1504 procuratori

457 1517 597 1559 generali
624 1515 762 1558 gratiam
787 1516 891 1548 facere
917 1516 1083 1554 volentes,
1111 1526 1196 1548 eum-

458 1581 518 1613 que
538 1581 554 1602 a
571 1569 736 1612 quibusvis
755 1568 1111 1607 excommunicationis,
1129 1579 1196 1601 sus-

459 1622 626 1666 pensionis
651 1628 682 1655 et
714 1620 902 1661 interdicti,
931 1621 1067 1664 aliisque
1095 1623 1196 1654 eecle-

456 1675 592 1708 siasticis
616 1674 810 1714 sententiis,
837 1674 983 1706 censuris
1008 1678 1040 1706 et
1064 1674 1194 1717 poeniS‚

457 1739 474 1761 a
499 1729 568 1761 iure
593 1729 641 1761 vel
667 1728 706 1760 ab
732 1727 876 1766 homine,
896 1727 1009 1771 quavis
1024 1726 1195 1760 occasione

456 1781 505 1814 vel
531 1783 626 1814 causti
650 1780 735 1819 latis,
761 1780 787 1812 si
809 1780 926 1823 quibus
947 1779 1198 1823 quomodolibet

457 1833 631 1867 innodatus
657 1833 779 1873 existit,
804 1833 843 1865 ad
869 1832 1019 1865 effectum
1045 1843 1197 1876 praesen-

459 1888 536 1920 tium
563 1888 725 1920 dumtaxat
756 1886 1043 1929 consequendum,
1082 1886 1196 1918 barum

458 1941 540 1973 serie
567 1940 773 1973 absolventes
791 1945 821 1972 et
835 1940 1017 1972 absolutum
1037 1939 1103 1971 sore
1124 1949 1198 1971 cen-

458 2000 566 2027 sentes
585 2020 592 2034 ,
629 1992 921 2036 supplicationibus
961 1992 1028 2026 eius
1066 1993 1197 2026 nomine

458 2047 552 2080 nobis
577 2057 674 2090 super
700 2047 761 2079 hoc
787 2046 952 2078 humiliter
977 2046 1136 2088 porrectis
1155 2046 1199 2078 in-

458 2101 579 2140 clinati,
595 2101 761 2134 decretum
777 2099 1027 2142 praeinsertum,
1045 2105 1075 2132 et
1091 2101 1199 2132 omnia

458 2160 489 2187 et
516 2155 642 2196 singula
668 2154 698 2186 in
728 2164 767 2186 eo
801 2158 952 2186 contenta
978 2158 1008 2185 et
1036 2163 1198 2196 expressa,

458 2209 648 2240 auctoritate
677 2207 869 2250 apostoliea,
895 2211 1008 2239 tenore
1037 2217 1194 2250 praesen-

459 2261 550 2301 tium,
577 2260 798 2304 approbamus
827 2264 858 2292 et
885 2259 1134 2299 confirmamus,
1160 2259 1198 2293 il-

458 2314 562 2358 lisque
593 2312 791 2346 inviolabilis
817 2313 1014 2356 apostolicae
1040 2312 1198 2346 firmitatis

459 2368 559 2400 robur
583 2366 767 2405 adiicimus,
797 2376 833 2399 ac
862 2376 976 2399 omnes
1006 2370 1035 2398 et
1054 2365 1197 2408 singulos

461 2420 538 2453 iuris
568 2426 599 2453 et
628 2419 700 2452 sacti
731 2419 894 2459 desectus,
921 2419 945 2451 si
974 2419 1027 2462 qui
1058 2419 1199 2463 desuper

461 2473 704 2517 quomodolibet
728 2472 973 2512 intervenerint,
996 2474 1196 2516 supplemus.

507 2528 522 2570 ἓ
547 2527 578 2559 4.
606 2526 838 2565 Decernentes,
860 2526 988 2559 easdem
1009 2532 1197 2569 praesentes

461 2579 586 2612 litteras
621 2589 749 2622 semper
773 2577 903 2619 firmas,
929 2578 1050 2612 validas
1076 2584 1106 2612 et
1132 2579 1197 2612 effi-

498 2644 506 2669 1
530 2640 598 2669 Male
613 2640 656 2669 ed.
673 2641 711 2670 M.
728 2640 794 2676 legit
808 2640 907 2669 audito
923 2649 972 2676 pro
987 2640 1083 2669 addico
1100 2645 1136 2675 (a.
1149 2641 1196 2677 τ.).

1045 244 1229 270 acmantum
1251 244 1409 270 noititNUM

1240 304 1332 327 cacos
1359 293 1497 327 existere
1522 297 1554 327 et
1578 293 1666 333 sore,
1693 303 1837 337 suosque
1861 293 1976 338 plena-

1241 347 1303 381 rios
1329 352 1360 381 et
1384 347 1528 390 integros
1552 346 1684 380 effectus
1710 347 1819 380 sortiri
1844 352 1876 380 et
1893 346 1976 380 obti-

1240 411 1339 441 nere,
1364 411 1399 433 ac
1425 399 1506 440 illis,
1533 399 1572 432 ad
1606 410 1687 442 quos
1714 403 1836 443 spectat
1861 403 1893 433 et
1917 409 1976 443 pro

1241 459 1385 496 tempore
1423 452 1698 496 quandocumque
1735 452 1917 496 spectabit,
1943 452 1976 485 in

1239 506 1388 541 omnibus
1414 511 1445 539 et
1470 516 1527 548 per
1552 504 1660 537 omnia
1692 504 1880 548 plenissime
1914 505 1978 537 sus-

1241 559 1376 602 sragari,
1404 564 1436 592 et
1460 558 1498 591 ab
1525 558 1571 591 eis
1598 558 1776 601 respective
1808 558 1978 591 inviolabi-

1239 613 1313 646 liter
1334 611 1513 652 observari,
1532 611 1643 655 sicque
1664 612 1696 643 in
1713 611 1900 655 praemissis
1917 621 1977 655 per

1240 676 1464 710 quoscumque
1490 665 1611 698 iudices
1637 664 1819 698 ordinarios
1839 669 1871 698 et
1892 664 1978 698 dele-

1240 725 1339 762 gatos,
1366 720 1461 752 etiam
1486 729 1652 751 causarum
1678 717 1787 760 palatii
1805 717 1977 761 apostolici

1239 773 1414 812 auditores,
1441 771 1575 804 iudicari
1595 776 1626 804 et
1643 770 1768 803 deliniri
1791 770 1922 810 debere,
1941 781 1979 803 ac

1240 826 1363 858 irritum
1378 831 1409 859 et
1426 826 1522 858 inane
1536 825 1562 858 si
1579 835 1668 857 secus
1682 823 1844 867 superbis
1864 834 1881 856 a
1898 834 1978 867 quo-

1239 890 1353 923 quam,
1390 878 1501 922 quavis
1527 878 1730 918 auctoritate,
1762 877 1903 911 scienter
1926 878 1978 912 vel

1239 933 1444 976 ignoranter,
1470 932 1644 974 contigerit
1668 931 1832 964 attentari.

1283 986 1298 1028 §
1323 985 1353 1019 5.
1383 985 1450 1018 Non
1476 983 1678 1018 obstantibus
1703 984 1914 1027 praemissis,
1942 994 1979 1017 ac

1239 1038 1524 1071 constitutionibus
1550 1043 1581 1070 et
1605 1036 1865 1070 ordinationibus
1895 1047 1976 1080 apo-

1239 1092 1372 1132 stolicis,
1392 1102 1443 1131 ae,
1462 1096 1623 1134 quatenus
1645 1101 1726 1133 opus
1744 1089 1799 1129 sit,
1819 1089 1894 1123 dicti
1915 1089 1978 1123 Or-

1240 1145 1325 1178 dinis
1343 1171 1350 1184 ,
1378 1145 1474 1178 etiam
1500 1144 1703 1183 iuramento,
1730 1142 1979 1176 confirmatione

1240 1198 1441 1242 apostolica,
1461 1199 1510 1231 vel
1536 1197 1647 1241 quavis
1676 1196 1829 1229 firmitate
1853 1196 1915 1229 alia
1931 1206 1982 1230 ro-

1240 1252 1362 1285 boratis
1386 1278 1394 1291 ,
1429 1251 1555 1284 statutis
1590 1256 1622 1283 et
1656 1250 1948 1291 consuetudinibus
1972 1277 1980 1291 ‚

1241 1305 1417 1348 privilegiis
1451 1315 1600 1348 quoque,
1637 1303 1777 1336 indultis
1805 1308 1838 1336 et
1865 1303 1981 1338 litteris

1241 1358 1437 1402 apostolicis,
1456 1358 1488 1390 in
1508 1357 1704 1390 contrarium
1727 1356 1982 1400 praemissorum

1240 1411 1489 1455 quomodolibet
1513 1410 1695 1450 concessiS,
1726 1409 1924 1443 confirmatis
1951 1415 1984 1444 et

1241 1465 1422 1505 innovatis;
1457 1463 1574 1507 quibus
1605 1463 1755 1496 omnibus
1781 1468 1811 1495 et
1835 1463 1982 1506 singulis,

1240 1520 1371 1552 illorum
1392 1524 1520 1550 tenores
1550 1517 1776 1560 praesentibus
1800 1526 1859 1560 pro
1884 1517 1983 1560 plene

1240 1577 1272 1605 et
1300 1571 1499 1604 sufficienter
1524 1569 1688 1613 expressis
1712 1579 1749 1602 ac
1777 1570 1816 1602 ad
1848 1570 1982 1602 verbum

1240 1624 1370 1657 insertis
1408 1624 1568 1656 babentes
1585 1650 1592 1662 ,
1633 1622 1698 1656 illis
1738 1622 1818 1655 alias
1853 1622 1887 1655 in
1926 1632 1983 1656 suo

1240 1678 1358 1710 robore
1389 1676 1632 1720 permansuris,
1657 1675 1696 1709 ad
1728 1675 1983 1719 praemissorum

1240 1729 1402 1770 effectum,
1421 1723 1481 1762 liae
1500 1729 1568 1762 vice
1590 1729 1764 1768 dumtaxat,
1792 1727 1984 1771 specialiter

1241 1788 1273 1816 et
1293 1793 1445 1827 expresse
1462 1782 1677 1825 derogamus;
1700 1781 1883 1825 ceterisque
1909 1791 1985 1815 eon-

1242 1837 1347 1870 trariis
1373 1836 1644 1880 quibuscumque.

1287 1890 1301 1932 ἓ
1335 1889 1366 1922 6.
1398 1889 1553 1922 volumus
1594 1894 1698 1921 autem
1731 1893 1765 1920 ut
1796 1888 2177 1948 3³¹'Uffldem⁵„„,*{,';{,⁹,{ffl,'f³¹¹‘

1241 1941 1466 1986 praesentium
1485 1941 1664 1974 litterarum
1682 1941 1891 1985 transumptis
1903 1968 1910 1981 ,
1925 1952 1984 1975 seu

1243 1995 1409 2038 exemplis,
1426 1995 1523 2028 etiam
1541 1994 1722 2038 impressis,
1736 2005 1832 2027 manu
1846 1994 1984 2028 alicuius

1243 2048 1360 2081 notarii
1377 2048 1500 2091 publici
1517 2047 1720 2090 subscriptis,
1738 2053 1767 2080 et
1786 2047 1893 2090 sigillo
1912 2058 1986 2091 per-

1242 2112 1340 2135 sonae
1359 2101 1391 2134 in
1410 2101 1630 2134 ecclesiastica
1647 2101 1805 2144 dignitate
1828 2100 1985 2135 constitu-

1244 2160 1293 2188 tae
1309 2155 1453 2195 munitis‚
1470 2154 1582 2187 eadem
1601 2164 1735 2197 prorsus
1750 2153 1829 2187 sides
1843 2154 1985 2187 ubicum-

1243 2218 1304 2251 que
1322 2207 1465 2241 locorum
1492 2213 1554 2240 tam
1580 2206 1612 2239 in
1638 2206 1758 2240 iudicio
1778 2217 1873 2250 quam
1892 2211 1983 2240 extra

1242 2259 1459 2300 adhibeatur,
1485 2270 1567 2303 quae
1592 2259 1818 2303 praesentibus
1846 2259 1983 2293 adhibe-

1243 2318 1334 2346 retur
1363 2313 1389 2345 si
1420 2314 1526 2346 forent
1551 2313 1715 2346 exhibitae
1740 2313 1788 2345 vel
1815 2317 1980 2346 ostensae.

1287 2366 1401 2400 Datum
1428 2367 1571 2408 Romae,
1596 2366 1680 2409 apud
1706 2365 1737 2399 S.
1766 2365 1897 2399 Mariam
1922 2366 1986 2400 Ma-

1242 2419 1344 2453 iorem
1358 2447 1365 2460 ‚
1401 2420 1461 2453 sub
1489 2420 1609 2453 annulo
1648 2419 1836 2461 piscatoris,
1867 2419 1919 2452 die
1955 2430 1985 2453 ix

1242 2474 1426 2507 decembris
1451 2483 1630 2514 unccxxxv,
1651 2472 1861 2516 pontificatus
1882 2473 1986 2507 nostri

1242 2536 1326 2560 anno
1354 2537 1397 2560 vn

1278 2580 1339 2606 Dat.
1361 2580 1405 2607 die
1425 2580 1440 2607 9
1462 2579 1615 2607 decembris
1636 2579 1715 2614 1735,
1736 2578 1835 2615 pontit.
1855 2587 1926 2608 auno
1946 2585 1982 2608 vt.

1547 2632 1582 2666 F.
1610 2632 1700 2667 card.
1727 2631 1896 2667 Omvnnus.

1982 243 2036 271 An.
2057 243 2168 274 c.1·.·35
2198 285 2201 290 1

2058 992 2173 1022 Derngatitr
2203 973 2223 1023 ᾧ

1989 1021 2149 1041 contrariorum.

2215 2612 2225 2654 ἱ..
2206 2482 2227 2594 -ιζρ-Αο·
