2232 3178
294 216 342 243 An.
360 216 390 242 c.
416 214 480 241 1738
526 205 589 239 :346

334 276 475 296 Commissarii

294 304 390 328 deputati

439 308 475 326 [lt]

294 333 419 350 exer-niune
440 330 475 348 liuv

295 358 298 359 ⁷
334 362 338 367 “
394 362 398 366 “
432 363 476 375 ces·

293 389 366 403 >luntz-

332 1968 427 1988 contrari
445 1973 488 1987 rum

531 263 545 305 ξ
570 264 600 295 5.
628 262 779 301 Quocirca
806 261 929 295 dilectis
955 261 1028 294 liliis
1055 266 1168 293 nostro
1197 264 1228 293 ct

489 317 592 349 divtae
626 317 717 349 Sedis
757 315 876 347 nuncio
914 314 944 346 in
980 313 1153 357 praefatis*
1179 324 1228 346 re-

489 369 560 412 gnis
587 379 672 400 nunc
698 373 728 400 et
747 379 804 410 pro
828 373 974 410 tempore
1002 366 1228 407 commoranti,

489 432 548 454 nec
567 432 628 454 nou
649 421 774 454 dnobus
797 420 1000 462 dignioribus
1022 425 1051 452 et
1069 419 1230 462 antiquio-

492 475 578 506 ribus
604 473 772 514 ministris,
793 483 855 505 non
876 478 981 505 tamen
1007 473 1227 514 regularibus,

493 527 661 560 tribunalis
680 526 900 569 inquisitionis
919 536 1093 571 regnorum
1120 526 1228 558 liuius-

492 580 586 620 modi‚
607 590 693 612 nunc
713 584 743 611 et
762 590 819 622 pro
842 584 987 621 tempore
1006 578 1228 617 existentibus,

491 640 579 667 motu
606 632 702 665 simili
730 643 787 675 per
812 631 992 675 apostolica
1012 630 1130 673 scripta
1148 641 1227 664 coin-

493 687 651 719 mittimus
677 692 707 718 et
732 686 930 724 mandamus,
967 690 1129 728 quatenus
1155 684 1229 728 ipsi,

493 742 541 773 rel
568 741 648 779 duo,
675 745 728 772 aut
753 749 833 771 iuius
859 749 989 776 eorum,
1016 748 1075 780 per
1100 748 1152 777 se,
1181 738 1228 770 vel

493 794 599 833 aliani,
620 804 673 825 seu
700 792 792 831 alios,
813 797 1003 834 praesentes
1029 796 1154 823 nostras
1180 790 1230 823 lit-

495 854 577 880 teras
604 851 634 878 et
660 846 691 877 in
718 845 763 877 cis
800 849 952 876 contenta
993 854 1227 886 rmaecumquc,

493 900 548 932 ubi
576 905 607 932 ct
631 898 760 942 quando
787 907 868 939 opus
909 896 1020 936 suerit,
1047 902 1078 930 et
1103 896 1229 940 quoties

494 964 553 997 pro
578 957 668 995 parte
696 951 773 983 dicti
800 950 927 982 loannis
953 955 985 982 et
1009 961 1067 992 pro
1087 955 1229 993 tompore

496 1005 665 1039 existentis
702 1003 920 1045 portugalliae
948 1008 979 1035 et
1004 1003 1230 1045 Algarbiorum

495 1060 579 1101 regis
605 1068 660 1091 seu
686 1058 773 1090 illius
799 1056 1019 1089 ministrortun
1042 1057 1162 1088 suerint
1183 1068 1231 1089 rc-

496 1112 625 1156 quisiti⁷
652 1110 842 1143 solemniter
867 1109 1091 1152 publicantes,
1120 1110 1231 1151 eisque

496 1167 527 1198 in
554 1164 738 1208 praemissis
764 1163 904 1195 efficacis
945 1162 1141 1195 defensionis
1178 1174 1233 1195 au-

495 1219 571 1251 xilio
597 1217 795 1255 assistentes,
822 1215 940 1248 saciant
965 1216 1154 1248 auctet-itate
1176 1227 1233 1248 uo-

497 1275 561 1304 stra
586 1271 714 1303 easdem
740 1274 950 1312 praesentes,
978 1275 1007 1300 et
1033 1269 1065 1300 in
1092 1268 1136 1301 eis
1162 1280 1234 1301 eon-

499 1330 586 1358 tenta
613 1322 818 1361 huiusmodi,
837 1322 876 1354 ab
896 1323 1061 1361 omnibus,
1089 1323 1126 1354 ad
1153 1334 1234 1365 qnos

499 1382 622 1422 spectat
648 1382 677 1409 et
704 1387 764 1419 pro
785 1381 930 1418 tempore
953 1375 1120 1417 spectabit,
1139 1374 1235 1407 sirini-

499 1437 546 1463 ter
570 1429 748 1469 observari,
775 1428 1035 1461 contradictores
1074 1428 1236 1470 quoslibet

499 1490 529 1517 et
554 1484 692 1515 rebelles
718 1492 776 1524 per
801 1481 1000 1520 sententias,
1027 1491 1181 1512 censuras
1207 1486 1236 1513 et

499 1548 620 1581 poenas
640 1535 888 1575 ecclesiasticas,
908 1534 1033 1577 aliaque
1055 1540 1236 1577 opportuna

498 1591 576 1623 iuris
604 1595 634 1622 et
649 1589 720 1621 sacti
737 1588 889 1626 remedia,
911 1587 1131 1630 appellatione
1150 1592 1237 1630 post-

499 1644 613 1687 posita,
633 1641 887 1685 compescendo,
907 1651 951 1680 ac,
969 1641 1120 1682 legitimis
1139 1651 1237 1683 super

501 1698 563 1730 lioo
588 1695 747 1729 habendis
772 1694 904 1727 servatis
931 1695 1148 1737 processibus,
1167 1705 1237 1726 sen-

501 1751 630 1789 tentias,
658 1758 812 1781 censuras
838 1752 870 1780 et
896 1758 1016 1790 poenas
1037 1748 1122 1791 ipsas
1141 1748 1237 1780 etiam

500 1804 624 1836 iteratis
662 1802 786 1835 vicibus
825 1801 1050 1843 aggravand03
1089 1800 1236 1833 invocato

502 1858 598 1889 etiam
625 1855 663 1887 ad
691 1855 765 1895 boo,
792 1854 815 1886 si
854 1864 937 1897 opus
979 1854 1092 1894 suerit,
1118 1853 1237 1886 auxilio

501 1909 625 1942 bracliii
653 1907 837 1941 saecularis.

545 1963 559 2005 g
584 1962 615 1995 G.
643 1961 713 1994 Non
739 1960 942 1993 obstantibus
969 1961 1088 1993 nostris
1115 1966 1145 1993 et
1164 1960 1238 1993 Can-

502 2015 655 2049 cellariae
682 2014 888 2057 Apostolicae
929 2014 1051 2056 regulis
1093 2014 1132 2046 de
1170 2013 1239 2046 iure

502 2068 651 2112 quaesito
666 2078 730 2100 non
751 2067 908 2107 tollendo,
922 2077 968 2107 ae,
983 2072 1144 2110 quatenus
1159 2077 1240 2109 opus

503 2123 552 2163 sit,
579 2123 618 2154 de
644 2121 856 2164 exprimendo
882 2131 959 2153 vero
984 2130 1089 2152 annuo
1115 2121 1237 2160 valore,

503 2176 543 2208 de
569 2185 636 2207 nou
662 2173 880 2206 concedendis
918 2173 1030 2215 gratiis
1065 2172 1103 2204 ad
1130 2172 1239 2212 instar,

503 2238 631 2260 necnon
669 2226 833 2270 praedicta
871 2225 975 2258 dictae
1014 2226 1238 2268 capellaniae,

504 2282 640 2324 aliisque
667 2280 809 2312 omnium
836 2285 866 2311 et
902 2280 1104 2322 singulorum
1139 2279 1242 2322 digni-

505 2340 614 2373 tatum,
642 2332 890 2365 canonicatuum
917 2337 948 2365 et
974 2332 1240 2374 praebendarum,

505 2387 782 2429 dimidiorumque
816 2385 1062 2418 canonicatuum
1097 2390 1128 2417 et
1153 2384 1242 2417 dimi-

505 2441 630 2474 diarum
657 2439 918 2482 praebendarum
956 2448 992 2470 ac
1023 2437 1243 2481 qiuutanaria-

504 2504 575 2526 rum
595 2492 780 2525 huiusmodi
796 2491 974 2534 respective
989 2490 1242 2531 fundationibus,

541 2566 551 2591 1
576 2563 696 2590 Pessime
725 2563 781 2589 edit
807 2562 887 2590 lllain.
916 2562 979 2597 legit
1007 2561 1165 2598 praesentis
1195 2570 1244 2596 pro

502 2608 646 2643 praefatis
665 2615 700 2643 ta.
716 2607 766 2642 T.).

1064 211 1246 236 BULLARlUM
1271 210 1425 235 ROMANUM

1271 264 1311 300 et,
1334 259 1440 302 quoad
1465 260 1665 303 praedictam
1690 260 1835 293 iudicum
1860 266 2010 294 executo-

1273 323 1340 344 rum
1367 312 1624 355 deputationem‚
1645 313 1747 345 felicis
1774 312 2008 346 recordationis

1271 366 1426 398 Bonisacii
1448 366 1551 408 Papae
1571 366 1632 398 VllI
1650 365 1798 399 similiter
1823 366 2009 409 praedeces-

1271 418 1351 451 soris
1378 418 1477 451 nostri
1505 419 1542 451 de
1568 420 1640 458 una,
1668 424 1700 451 et
1725 419 1757 451 in
1791 419 1926 452 concilio
1953 429 2008 460 ge-

1271 472 1372 504 nerali
1392 471 1479 504 edita
1500 472 1538 504 de
1566 472 1689 504 duabus
1709 472 1813 512 dietis,
1833 472 2008 504 dammodo

1273 525 1355 557 ultra
1381 523 1473 557 duas¹
1497 524 1598 556 dietas
1624 525 1695 567 quis
1722 525 1830 567 rigore
1856 535 2010 568 praesen-

1274 578 1350 610 tium
1377 578 1414 610 ad
1436 577 1589 610 iudicium
1612 588 1677 610 non
1696 578 1851 617 trahatur,
1872 577 2010 620 aliisque

1272 630 1471 674 apostolicis,
1497 630 1594 663 etiam
1621 630 1652 662 in
1679 630 1894 672 generalibus,
1935 640 2010 673 pro-

1273 683 1464 716 vincialibus
1490 688 1520 715 ct
1544 683 1752 727 synodalibus
1779 682 1923 716 conciliis
1948 683 2012 716 edi-

1274 736 1322 775 tis,
1349 736 1545 778 specialibus
1571 737 1621 769 vel
1647 735 1863 777 generalibus,
1890 735 2011 768 consti-

1275 790 1454 822 tutionibus
1480 794 1511 822 et
1535 789 1817 828 ordinationibus,
1844 789 2012 832 dictaeque

1274 843 1431 876 ccclesiae
1446 842 1706 886 Ulyssiponensis
1723 841 1902 882 orientalis,
1915 847 1946 874 et
1959 841 2013 874 Or-

1274 896 1384 928 dinum
1411 895 1599 928 militarium
1626 895 1888 938 praedictorum,
1915 894 2011 928 etiam

1274 949 1464 991 iuramento,
1489 948 1736 982 confirmatione
1751 947 1942 991 apostolica,
1962 948 2013 981 vel

1274 1002 1383 1045 quavis
1398 1002 1460 1034 alia
1474 1001 1622 1035 firmitate
1638 1001 1950 1041 roboratis,statutis
1962 1005 2015 1034 aut

1275 1054 1581 1095 consuetudinibus,
1619 1055 1714 1087 etiarn
1749 1053 2015 1086 immemorabili-

1275 1109 1343 1147 bus,
1360 1107 1538 1151 privilegiis
1549 1118 1692 1151 quoque,
1705 1108 1839 1140 indultis
1854 1113 1884 1140 et
1898 1107 2014 1140 litteris

1276 1161 1478 1205 apostolicis,
1504 1160 1751 1204 archiepiscopo
1777 1170 1904 1193 necnon
1930 1160 2015 1203 eapi-

1279 1216 1345 1247 tulo
1365 1219 1395 1246 et
1413 1213 1579 1246 canonicis
1599 1214 1703 1246 dictae
1721 1214 1877 1246 eeclesiae
1903 1213 2018 1257 Ulyssi-

1278 1267 1432 1310 ponensis
1458 1267 1635 1307 orientalis,
1657 1271 1711 1299 aut
1733 1266 1907 1299 Ordinibus
1924 1276 2018 1309 prae-

1279 1320 1382 1360 dictis,
1402 1326 1454 1352 aut
1480 1330 1590 1353 eorum
1619 1321 1666 1352 vel
1687 1319 1756 1352 aliis
1783 1319 2015 1362 superioribus,

1279 1385 1313 1406 ac
1340 1373 1506 1417 quibusiis
1531 1373 1601 1406 aliis
1627 1372 1783 1416 personis,
1803 1371 1862 1404 sub
1885 1372 2017 1415 quihus-

1280 1438 1419 1470 cumque
1441 1427 1607 1459 tenoribus
1623 1432 1654 1458 et
1675 1427 1795 1466 formis,
1814 1426 1910 1458 etiam
1928 1430 2018 1458 motu
2038 1446 2041 1447 ν

1281 1481 1347 1524 pari
1374 1486 1404 1512 et
1430 1479 1708 1520 consistorialiter,
1735 1480 1830 1512 etiam
1856 1479 1888 1511 in
1915 1479 2019 1521 digni-

1280 1539 1379 1565 tatum
1397 1543 1431 1564 ac
1446 1532 1691 1565 canonicatuum
1709 1537 1740 1564 et
1758 1532 2020 1574 praebendarum

1281 1597 1411 1618 necnon
1437 1586 1578 1628 praefata
1599 1586 1743 1619 eiusdem
1766 1585 1965 1629 capellaniae
1984 1596 2020 1619 ac

1282 1640 1489 1673 diniidiorum
1526 1640 1770 1672 canonicatuum
1806 1645 1837 1673 et
1872 1639 2021 1672 dimidia-

1282 1704 1353 1725 rum
1380 1692 1642 1736 praebendarum
1675 1703 1711 1725 ae
1744 1692 2021 1736 quartanariarum

1283 1745 1467 1778 huiusmodi
1500 1745 1756 1785 fundationibus,
1789 1755 1916 1778 necnon
1949 1744 2021 1777 uni-

1282 1799 1435 1840 versitati,
1461 1799 1640 1832 vicecomiti
1678 1804 1710 1831 et
1743 1798 1894 1831 tribunali
1931 1809 2021 1841 prae-

1283 1853 1353 1886 satis
1372 1852 1382 1869 ²
1411 1852 1589 1895 respective
1616 1852 1867 1895 quomodolibet
1892 1862 2023 1885 conces-

1283 1907 1345 1946 sis,
1388 1905 1576 1948 approbatis
1614 1910 1644 1937 ct
1680 1905 1865 1944 innovatis3
1904 1904 2021 1947 quibus

1283 1958 1433 1992 omnibus
1460 1963 1491 1990 et
1516 1957 1669 2000 singulis,
1697 1957 1832 2001 aliisque
1858 1968 1938 2001 quae
1961 1957 2021 1990 eis-

1284 2014 1355 2045 dem
1381 2011 1611 2055 praesentibus
1638 2010 1884 2053 quomodolibet
1906 2010 2022 2043 obesse.

1284 2070 1428 2108 possent,
1456 2063 1580 2096 etiamsi
1608 2063 1646 2096 de
1672 2063 1735 2095 illis
1762 2073 1938 2106 eorumque
1975 2068 2023 2096 to-

1285 2118 1324 2150 tis
1339 2117 1508 2150 tenoribus
1525 2116 1683 2159 specialis,
1697 2116 1858 2159 specifica,
1874 2126 2025 2159 expressa

1284 2177 1315 2204 et
1340 2171 1517 2210 individua,
1545 2180 1580 2202 ac
1606 2170 1644 2202 de
1677 2169 1774 2202 verbo
1804 2170 1842 2202 ad
1875 2169 2021 2210 verbum,

1285 2235 1350 2257 non
1373 2228 1478 2256 autem
1498 2234 1557 2266 per
1575 2223 1733 2256 clausulas
1753 2223 1919 2265 generales
1939 2223 2023 2256 idem

1285 2277 1520 2320 iinportantes,
1547 2275 1667 2308 mentio
1704 2286 1759 2308 seu
1797 2275 1930 2318 quaevis
1963 2275 2025 2308 alia

1286 2329 1451 2374 expressio
1485 2329 1635 2362 habenda
1661 2334 1713 2361 aut
1746 2328 1853 2371 aliqua
1883 2328 1946 2361 alia
1971 2338 2022 2361 ex·

1286 2385 1405 2428 quisita
1432 2384 1533 2416 forma
1567 2383 1604 2415 ad
1640 2382 1704 2415 hoc
1733 2382 1890 2414 servanda
1924 2382 2024 2422 soret,

1287 2443 1418 2470 tenores
1444 2436 1648 2476 huiusmodi,
1674 2434 1769 2467 etiam
1796 2435 1949 2475 veriores,
1977 2440 2024 2468 to-

1288 2497 1401 2534 tosque
1428 2496 1460 2523 et
1486 2490 1627 2531 integros
1644 2515 1652 2530 ,
1679 2488 1774 2521 etiam
1800 2488 2024 2531 praesentibus

1324 2563 1333 2588 l
1358 2561 1458 2587 Forsan
1477 2559 1622 2595 legendum
1645 2560 1701 2586 tres
1721 2566 1769 2593 pro
1789 2558 1862 2584 duas
1881 2561 1920 2591 (fl.
1941 2559 1989 2593 Τ.).

1321 2605 1337 2632 2
1352 2604 1401 2632 Ed.
1418 2605 1455 2632 M.
1468 2604 1496 2631 h.
1509 2602 1707 2639 praesentibus
1717 2610 1764 2638 pro
1775 2602 1921 2638 praefatis
1932 2601 2025 2637 (nnn).
