2232 3178
264 203 313 228 Aia.
334 202 361 228 G.
387 201 452 228 1736

288 1055 410 1077 Exordium.

280 1480 369 1500 Munisui
386 1486 447 1505 gene·

263 1508 313 1527 ratis
363 1508 446 1527 Ordinis

272 1535 437 1560 Capuccinoiuiu

264 1567 346 1587 preceS.

498 191 562 224 1022

456 260 636 290 mcccxxxv,
661 260 717 284 vui
741 249 812 283 idus
838 248 960 289 martii,
987 248 1194 292 pontificatus

457 304 562 337 nostri
587 314 671 337 anno
698 313 740 336 vi.

493 365 551 392 Dat.
573 365 615 392 die
635 366 651 392 8
671 364 762 391 martii
781 364 861 396 1736,
883 363 978 398 pontis.
1000 372 1072 390 auno
1092 370 1127 390 vt.

748 505 901 540 CLXXIV.

460 579 632 613 Tertiariis
654 577 789 612 Ordinis
808 577 841 610 S.
861 577 1043 617 Francisci,
1063 577 1197 610 iurisdi-

500 632 601 665 cti'oni
624 642 682 674 pro
709 635 844 673 tempore
860 631 1025 663 existentis
1050 631 1198 664 ministri

499 685 660 729 yenerali‘s
680 684 817 718 Ordinis
841 685 983 727 fratrum
1003 684 1197 728 Capuccino-

500 749 574 771 rum
592 739 755 778 subiectis,
778 738 1004 781 indulyenliae
1025 739 1198 780 confratri-

492 792 555 825 -bus
570 795 597 824 et
611 791 833 824 consororibus
846 792 886 824 B.
902 791 1029 824 Mariae
1042 791 1079 824 de
1091 792 1198 825 Monte

501 845 645 879 Carmelo
665 855 811 878 concessa
835 845 1130 878 communicantur.

667 925 801 952 clemens
822 925 901 958 Papa
920 925 984 957 ΧΠ,

570 970 608 997 ad
629 972 808 1004 perpetuam
830 969 876 996 rei
899 969 1087 996 memoriam.

500 1041 694 1075 Sollicitudo
720 1040 892 1084 pastoralis
917 1039 1025 1079 officii,
1051 1051 1116 1084 quo
1142 1040 1198 1073 Ec-

457 1095 574 1128 clesiae
596 1094 777 1127 catholicae
801 1093 951 1136 regimini
972 1093 1079 1126 divina
1095 1093 1198 1136 dispo-

458 1147 574 1180 sitione
600 1147 842 1190 praesidemus,
870 1156 930 1178 nos
957 1146 1124 1186 admonet,
1146 1153 1197 1186 ut,

457 1207 626 1244 paternam
642 1200 869 1242 religiosorum
882 1198 1022 1232 virorum
1037 1201 1095 1232 sub
1109 1200 1196 1232 suavi

457 1254 605 1287 arctioris
625 1254 758 1296 regulae
777 1252 852 1294 iugo
871 1252 1126 1296 mancipatorum
1146 1265 1198 1286 cu-

458 1319 526 1341 ram
552 1313 712 1350 gerentes,
731 1306 783 1350 pia
807 1306 937 1339 illorum
964 1306 1069 1339 studia
1087 1307 1198 1349 gratiis

459 1367 490 1394 et
514 1360 677 1394 favoribus
704 1360 869 1393 foveamus
904 1365 1000 1403 atque
1025 1360 1198 1393 incitemus

457 1413 662 1458 opportunis.

502 1468 516 1510 ἓ
541 1467 572 1499 1.
599 1466 675 1499 Cum
701 1466 821 1510 itaque,
846 1466 930 1500 sicut
951 1466 1089 1499 dilectus
1115 1467 1199 1500 silius

458 1522 687 1554 Bonaventura
711 1532 728 1553 a
753 1520 898 1553 Ferraria
930 1520 1077 1553 minister
1101 1531 1199 1563 gene-

458 1574 534 1607 ralis
565 1573 695 1607 Ordinis
732 1573 867 1605 fratrum
905 1572 1063 1606 Minoi-um
1098 1573 1198 1606 sancti

458 1626 623 1660 Francisci
650 1626 906 1669 Capuccinorum
939 1633 1198 1670 nuncupatorum

459 1680 553 1713 nobis
578 1690 683 1723 nuper
709 1679 825 1722 exponi
851 1679 934 1719 fecit,
952 1679 1022 1723 ipse
1047 1681 1199 1713 omnibus

459 1733 630 1776 utriusque
666 1743 761 1765 sexus
793 1732 854 1775 piis
879 1734 1027 1775 personis
1055 1734 1200 1766 ubicum-

460 1796 522 1829 que
548 1785 772 1823 existentibus,
790 1790 855 1817 tani
883 1785 968 1817 intra
993 1796 1089 1828 quam
1111 1792 1200 1819 extra

460 1841 601 1872 claustra
627 1838 843 1881 degentibus,
871 1839 967 1871 etiam
1000 1839 1196 1882 coniugatis,

460 1904 542 1937 quae
568 1894 626 1925 sub
653 1893 765 1934 regula
787 1892 874 1925 tertii
900 1891 1028 1925 Ordinis
1054 1893 1199 1925 eiusdem

460 1946 560 1979 sancti
586 1946 749 1979 Francisci
786 1945 944 1986 militant,
971 1951 1002 1978 et
1034 1957 1116 1989 quae
1141 1947 1199 1979 sul)

460 1999 685 2032 iurisdictione
711 2009 769 2042 pro
788 2003 932 2041 tempore
952 1998 1120 2032 existentis
1145 2000 1200 2032 mi-

461 2052 553 2085 nistri
579 2051 741 2094 generaliS
775 2051 849 2085 dicti
875 2051 1004 2085 Ordinis
1029 2052 1200 2095 reperiun-

462 2111 524 2145 tur,
543 2116 657 2137 omnes
676 2110 707 2137 et
732 2115 952 2148 quascumque
982 2104 1200 2147 indulgentias

461 2158 500 2190 ab
526 2159 586 2191 hac
606 2158 721 2191 Sancta
738 2158 820 2191 Sede
836 2158 1024 2200 Apostolica
1042 2165 1104 2191 tam
1123 2169 1200 2192 con-

462 2222 568 2244 cessas
595 2222 691 2255 quam
717 2211 929 2254 imposterum
951 2212 1177 2245 concedendas
1192 2240 1199 2254 ‚

462 2264 579 2307 quibus
605 2264 786 2296 confratres
805 2273 841 2296 ac
858 2274 1054 2297 consorores
1079 2265 1201 2297 confra-

463 2317 625 2350 ternitatis
651 2317 685 2350 B.
713 2316 832 2350 Mariae
858 2318 897 2349 de
922 2316 1030 2349 Monte
1055 2316 1200 2350 Carmelo

463 2371 607 2413 gaudent
633 2370 868 2413 (tendentibus
893 2370 990 2403 etiam
1016 2370 1046 2403 in
1073 2370 1104 2403 id
1128 2381 1201 2414 prc-

463 2423 553 2456 cibus
578 2423 686 2457 dilecti
712 2423 835 2467 pariter
859 2423 915 2456 filii
941 2423 1093 2456 Ludovici
1119 2424 1202 2457 Ben-

463 2477 535 2510 zoni
561 2477 680 2521 prioris
712 2477 873 2520 generalis
898 2477 1121 2510 secundodicti
1146 2477 1202 2511 Or-

464 2530 572 2573 dinis)
590 2540 648 2573 per
665 2540 725 2564 nos
742 2529 975 2564 communicari
993 2540 1201 2575 summopere

465 2583 649 2618 desideret:

1028 199 1208 224 BULLARIUM
1234 199 1391 225 ROMANUM

1238 301 1322 335 Ordo
1347 302 1448 334 sancti
1485 302 1649 335 Francisci
1677 303 1716 336 ad
1741 302 1895 335 maiorem
1920 302 1976 335 Dei

1239 355 1387 396 gloriam,
1413 355 1582 397 religionis
1607 355 1842 389 incrementum
1861 360 1893 388 et
1909 354 1978 387 ani—

1239 418 1362 440 marum
1389 408 1525 440 salutem
1555 407 1655 450 magis
1680 408 1849 451 magisque
1867 408 1907 440 de
1925 408 1977 440 die

1240 459 1271 492 in
1298 460 1382 492 diem
1407 465 1574 502 augeatur,
1601 459 1747 492 eiusdem
1774 460 1977 493 Bonaventu-

1241 522 1293 545 rae
1318 512 1455 545 ministri
1482 513 1645 555 generalis
1669 512 1750 545 votis
1777 513 1837 545 hac
1867 512 1900 545 in
1929 522 1975 551 re,

1241 571 1396 609 quantum
1414 576 1484 597 cum
1500 565 1637 599 Domino
1656 576 1838 608 possumus,
1855 566 1978 599 favora-

1240 618 1350 651 biliter
1367 629 1510 651 annuere
1535 618 1692 658 volentes,
1712 629 1850 662 eumque
1874 628 1891 651 a
1908 619 1979 662 qui-

1241 671 1351 704 busvis
1371 671 1728 710 excommunicationis,
1754 671 1977 714 suspensionis

1242 730 1273 757 et
1298 724 1475 765 interdicti,
1498 724 1632 768 aliisque
1657 724 1885 758 ecclesiasticis
1910 735 1979 758 sen-

1243 778 1365 818 tentiis,
1392 779 1539 812 censuris
1560 784 1590 812 et
1607 778 1736 822 poenis,
1752 789 1768 811 a
1786 779 1854 811 iure
1874 779 1922 811 vel
1939 778 1978 812 ab

1242 832 1387 872 homine,
1409 832 1520 875 quavis
1536 832 1707 866 occasione
1721 832 1769 865 vel
1783 833 1878 865 causa
1894 831 1979 872 latis,

1242 884 1399 928 siquibus
1413 885 1660 928 quomodolibet
1678 885 1853 919 innodatus
1872 885 1981 918 existit

1242 937 1281 970 ad
1301 936 1447 970 effectum
1474 937 1693 980 praesentium
1719 938 1883 971 dumtaxat
1906 948 1979 971 con·

1242 990 1465 1033 sequendum,
1484 991 1597 1023 harum
1619 991 1703 1024 serie
1724 991 1930 1024 absolventes
1949 996 1980 1024 et

1242 1044 1423 1076 absolutum
1444 1044 1511 1076 sore
1537 1049 1721 1084 censentes,
1737 1044 1982 1087 supplicationi·

1242 1098 1301 1129 bus
1315 1097 1383 1129 eius
1400 1097 1531 1129 nomine
1550 1097 1647 1130 nobis
1668 1107 1767 1140 super
1793 1097 1855 1130 hoc
1880 1097 1981 1129 humi-

1244 1151 1319 1184 liter
1337 1151 1498 1194 porrectis
1518 1150 1675 1191 inclinati,
1693 1156 1875 1183 enarratam
1894 1161 1982 1184 com-

1243 1203 1497 1236 municationem
1516 1203 1793 1246 indulgentiarum
1812 1203 1980 1247 praedicto

1242 1257 1350 1290 Tertio
1366 1256 1475 1289 Ordini
1490 1257 1589 1289 sancti
1604 1256 1779 1297 Francisci‚
1794 1256 1846 1299 qui
1865 1257 1982 1290 militat

1243 1310 1301 1342 sub
1328 1310 1439 1351 regula
1464 1309 1493 1342 S.
1519 1309 1680 1342 Francisci
1707 1314 1739 1342 et
1768 1311 1826 1342 sub
1854 1309 1983 1342 iurisdi-

1243 1363 1349 1397 ctione
1374 1374 1434 1407 pro
1462 1368 1610 1406 tempore
1648 1362 1815 1395 existentis
1840 1362 1981 1395 ministri

1243 1416 1405 1458 generalis
1422 1416 1613 1449 eorumdem
1637 1416 1769 1448 fratrum
1789 1414 1983 1459 Capuccino-

1245 1480 1313 1502 rum
1345 1469 1526 1512 reperitur,
1555 1469 1746 1502 auctoritate
1778 1469 1980 1512 apostolica,

1245 1530 1356 1557 tenore
1382 1522 1617 1566 praesentium,
1643 1522 1863 1556 concedimus,

1287 1577 1302 1620 ἓ
1326 1576 1357 1610 3.
1383 1577 1609 1617 DecernenteS,
1636 1576 1767 1609 easdem
1794 1580 1984 1618 praesentes
1995 1587 2179 1635 iii-pssssiifissnniii‘

1979 199 2032 226 An.
2052 199 2082 226 C.
2101 200 2167 230 ¹736

1282 249 1297 292 g
1317 249 1349 282 Q,
1365 249 1428 282 Nos
1445 248 1554 292 igitur,
1568 260 1630 292 quo
1649 249 1834 293 praedictus
1851 248 1976 282 Tertius
1988 261 2180 284 ‹ze-muniamus-

1969 302 1975 307 .
1988 289 2030 314 qua
2047 294 2067 308 in
2077 287 2167 311 rubrica.

1244 1630 1364 1662 litteras
1389 1629 1518 1669 sirmas,
1544 1630 1665 1663 validas
1691 1634 1722 1662 et
1747 1629 1894 1662 efficaces
1920 1639 2065 1662 exi-mita„

1244 1689 1328 1716 stere
1354 1688 1385 1715 et
1409 1683 1494 1721 sore,
1529 1693 1669 1725 suosque
1695 1682 1861 1724 plenarios
1887 1686 1920 1715 et
1939 1681 1985 1714 in·

1246 1741 1352 1777 {egros
1379 1734 1511 1768 effectus
1544 1734 1652 1767 sortiri
1689 1740 1722 1767 et
1751 1735 1920 1775 obtinere,
1948 1745 1985 1767 ac

1245 1789 1330 1828 illis,
1357 1789 1394 1821 ad
1422 1799 1503 1831 quos
1530 1793 1658 1831 spectat
1683 1794 1713 1821 et
1737 1797 1797 1830 pro
1837 1792 1985 1831 tempore

1244 1842 1413 1885 spectabit,
1429 1841 1459 1873 in
1476 1842 1628 1874 omnibus
1646 1846 1676 1873 et
1700 1851 1759 1884 per
1784 1840 1893 1873 omnia
1918 1840 1985 1883 ple-

1245 1896 1379 1928 nissime
1405 1895 1585 1938 suffragari,
1605 1895 1716 1938 sicque
1743 1894 1773 1926 in
1795 1894 1985 1938 praemissis

1245 1959 1301 1992 per
1334 1959 1553 1992 quoscumque
1588 1948 1710 1981 iudices
1746 1946 1929 1980 ordinarios
1955 1952 1986 1980 et

1245 2002 1429 2044 delegatos,
1457 2001 1552 2034 etiam
1577 2011 1745 2034 causarum
1770 1999 1880 2044 palatii
1913 2010 1985 2043 apo·

1245 2055 1350 2088 stolici
1376 2055 1554 2095 auditores,
1574 2054 1707 2087 iudicari
1735 2059 1766 2086 et
1790 2052 1917 2086 definiri
1936 2054 1987 2086 de·
2032 2062 2035 2065 ·

1246 2109 1333 2148 bere,
1353 2119 1390 2141 ac
1407 2107 1535 2140 irritum
1561 2112 1592 2140 et
1611 2107 1705 2140 inane
1729 2106 1754 2139 si
1775 2116 1870 2139 secus
1888 2116 1987 2149 super

1246 2162 1296 2194 liis
1310 2172 1327 2194 a
1344 2171 1517 2204 quoquam,
1532 2160 1640 2203 quavis
1658 2159 1860 2199 auctoritate,
1879 2159 1985 2192 scien-

1247 2220 1296 2246 ter
1313 2215 1361 2246 vel
1383 2213 1592 2254 ignoranter,
1621 2212 1796 2254 contigerit
1820 2211 1983 2245 attentari.

1289 2268 1303 2310 ᾗ
1327 2267 1359 2300 4.
1387 2266 1456 2299 Non
1482 2265 1686 2299 obstantibus
1717 2267 1827 2298 nostra
1853 2270 1885 2298 et
1908 2265 1986 2299 Can-

1246 2320 1398 2354 cellariae
1417 2319 1622 2362 Apostolicae
1640 2320 1753 2361 regula
1772 2319 1810 2352 de
1833 2330 1896 2352 non
1914 2329 1986 2352 con-

1246 2373 1402 2406 cedendis
1425 2372 1637 2414 indulgentiis
1657 2371 1827 2411 adinstar,
1848 2371 1984 2415 aliisque

1245 2425 1529 2459 constitutionibus
1555 2430 1587 2457 et
1612 2424 1873 2457 ordinationibus
1908 2435 1987 2467 apo-

1246 2479 1383 2519 stolicis,
1410 2488 1546 2520 necnon,
1569 2484 1727 2522 quatenus
1756 2488 1837 2521 opus
1863 2478 1913 2518 sit,
1930 2478 1987 2511 Or-

1247 2532 1358 2565 dinum
1383 2532 1636 2576 praedictorum,
1658 2531 1770 2565 aliisve
1796 2530 1960 2575 quibusvis
1975 2557 1983 2572 ,

1247 2585 1342 2619 etiam
1359 2585 1560 2626 iuramento,
1581 2583 1826 2619 confirmatione
1856 2588 1986 2629 aposto-

2044 2273 2177 2293 thtantium

1999 2300 2117 2325 derogatio.

2220 621 2232 698 “⁴32¹

2222 839 2232 891 ,τι-π
2222 763 2232 824 zen?

2222 1647 2224 1671 t
