2232 3178
29 182 79 209 An.
98 177 126 204 C.
145 175 211 204 ¹738

212 221 360 265 exigendi
381 226 411 254 et
436 222 640 265 percipiendi
669 220 821 254 tribunali
840 221 950 264 lnqui-

212 275 339 309 sitionis
366 281 478 308 contra
503 275 702 308 haereticam
737 274 948 318 pravitatem,

211 335 245 361 ut
269 329 391 372 pariter
416 329 611 371 accepimus,
639 328 686 360 ins
713 328 887 370 competit;
915 338 949 359 ac

212 382 250 415 ad
277 382 373 414 alium
401 387 431 414 et
455 381 552 414 aliam
578 381 778 414 sextidecimi
802 379 840 412 ab
867 379 950 412 eins-

212 435 285 468 dem
312 435 437 476 decani,
456 446 593 478 quornm
612 440 835 468 sexcentorum
856 433 949 466 trium

212 489 401 522 ducatorum
442 488 509 521 anri
547 488 700 521 similium
735 493 766 520 et
797 487 949 519 iuliorum

211 547 335 585 septem
361 547 512 575 monetae
538 541 726 584 praedictae
759 551 830 572 cnm
856 540 950 572 dimi-

213 594 267 627 dio
295 595 430 626 alterins
455 594 523 626 iulii
551 593 677 633 similis;
697 598 728 625 ct
748 593 786 625 ad
805 593 901 626 alium
922 598 952 624 et.

211 647 305 680 aliam
333 647 583 690 decimiseptimi
610 646 734 689 pariter
751 646 789 678 ab
808 645 950 678 eiusdem

211 699 345 739 decani,
374 710 511 743 quornm
545 704 773 732 sexcentorum
812 704 952 741 quatuor

211 753 397 785 ducatorum
425 753 496 785 auri
523 752 698 792 similium;
725 762 762 784 ac
787 752 824 784 ad
852 752 949 784 alium

211 811 242 838 et
267 806 361 838 aliam
389 805 608 838 decimioctavi
632 805 727 837 etiam
749 805 786 837 ab
807 804 951 837 eiusdem

211 859 349 897 decani,
388 869 528 901 quornm
565 864 792 891 sexcentorum
828 864 951 901 septem

211 912 402 945 ducatorum
436 912 504 944 auri
538 912 691 944 similium
731 917 763 944 et
799 911 950 944 iuliorum

211 970 337 1007 septem
363 971 514 998 monetae
541 965 728 1008 praedictae
759 976 829 998 cnm
857 965 952 998 dimi-

211 1018 264 1050 dio
290 1018 424 1050 alterins
443 1018 511 1051 iulii
531 1018 658 1058 similis;
679 1029 714 1050 ac
732 1019 769 1050 ad
790 1018 952 1060 reliquum

211 1076 243 1104 et
259 1071 417 1114 reliquam
437 1071 585 1103 eiusdem
604 1071 762 1103 ecclesiae
778 1071 948 1114 Ulyssipo-

210 1124 319 1157 nensis
344 1124 510 1158 orientalis
535 1124 756 1164 canonicatus,
784 1125 950 1167 praeben-

211 1179 276 1217 das,
303 1178 502 1211 deciminoni
528 1179 710 1221 respective
737 1178 821 1211 stalli
847 1178 887 1210 ab
914 1188 949 1210 e-

211 1232 336 1265 iusdem
353 1232 465 1265 decani
486 1232 664 1275 respective
684 1233 795 1272 latere,
814 1242 951 1274 quornm

211 1291 441 1318 sexcentorum
468 1285 631 1318 sexdecim
660 1285 849 1318 ducatorum
882 1285 951 1317 auri

211 1338 386 1379 similium3
412 1349 472 1371 nec
492 1349 556 1371 non
583 1338 622 1370 ad
648 1338 861 1382 capellaniam
888 1349 953 1371 ma—

211 1391 314 1424 iorem
353 1392 392 1425 de
417 1391 516 1424 Masta
552 1397 770 1434 nuncupatam
797 1392 828 1424 S.
856 1392 953 1424 Seba-

212 1444 307 1478 stiani
335 1444 366 1477 in
393 1445 506 1478 eadem
545 1445 682 1478 ecclesia
707 1444 952 1488 Ulyssiponensi

213 1498 365 1531 orientali
391 1509 451 1541 per
474 1498 579 1531 bonae
605 1498 782 1531 memoriae
800 1498 952 1531 loannem

214 1551 345 1584 Martius
367 1551 406 1584 de
424 1551 615 1591 Soallmens,
635 1552 708 1585 dum
735 1551 866 1592 viveret,
886 1551 952 1595 epi-

214 1615 346 1648 scopum
373 1605 664 1648 Ulyssiponensem
690 1605 877 1645 fundatam,
904 1605 953 1637 cni

215 1658 425 1691 canonicatus
452 1663 483 1691 et
507 1658 694 1701 praebenda
720 1657 814 1691 etiam
833 1658 872 1691 de
893 1657 955 1690 Ma-

216 1712 264 1745 sra
289 1711 466 1755 nuncupati
494 1712 597 1755 quinti
624 1712 709 1745 stalli
746 1722 763 1744 a
798 1711 953 1755 praedicti

215 1765 358 1798 cantoris
397 1766 498 1799 latere
539 1765 718 1809 apostolica
762 1765 954 1799 anctoritate

214 1818 375 1862 perpetuo
400 1819 480 1851 uniti
515 1822 546 1852 et
571 1819 688 1852 annexi
722 1819 952 1862 reperiuntur,

215 1881 250 1904 ac
277 1883 360 1915 quae
387 1877 418 1905 et
442 1871 505 1915 qui,
526 1872 610 1905 sicut
627 1872 822 1915 accepimns,
843 1873 881 1905 de
909 1872 955 1905 in-

214 1927 445 1969 repatronattis
471 1926 628 1959 laicorum
648 1926 818 1966 nobilium,
838 1926 955 1959 videli-

215 1984 266 2011 cet
300 1989 359 2022 pro
397 1984 543 2022 tempore
581 1978 749 2011 existentis
775 1979 889 2012 domus
916 1979 954 2012 de

215 2033 442 2066 Vasconcellos
476 2033 515 2066 de
545 2032 726 2066 Soalliacns
753 2033 954 2076 possessoris

217 2091 249 2119 et
272 2086 542 2119 administratoris
575 2097 611 2119 ex
639 2086 829 2119 fundatione
862 2096 956 2129 prac-

217 2138 301 2173 dicta
332 2139 380 2172 vel
407 2139 584 2172 donatione
621 2149 677 2172 seu
713 2150 749 2173 ex
782 2139 955 2182 privilegio

216 2191 410 2235 apostolico,
437 2193 487 2225 cui
514 2202 580 2225 non
607 2198 657 2225 est.
682 2193 842 2226 hactenns
868 2192 899 2224 in
922 2204 955 2225 a-

217 2245 307 2290 liquo
333 2247 546 2289 derogatum,
573 2246 723 2287 existunt,
751 2251 781 2279 et
806 2245 838 2279 in
865 2246 955 2279 cuius

218 2299 416 2343 capellaniae
442 2300 632 2333 fundatione
658 2300 823 2343 praedicta
849 2299 954 2333 caveri

219 2352 337 2386 dicitnr
372 2363 525 2396 expresse
567 2353 656 2397 qnod
693 2353 731 2386 ad
772 2353 860 2386 illam
894 2364 955 2396 pro

220 2411 364 2449 tempore
397 2411 562 2439 vacantem
590 2406 726 2440 clericus
763 2407 801 2439 de
834 2416 955 2448 genere

220 2459 366 2493 eiusdem
412 2460 540 2493 Ioannis
581 2459 728 2503 episcopi
769 2460 955 2503 praedictae

220 2513 419 2556 capellaniae
458 2513 638 2546 fundatoris
671 2513 896 2553 descendens,
930 2512 955 2545 si

220 2565 358 2601 idoneus
375 2567 570 2610 reperiatur,
590 2566 639 2600 sin
658 2571 776 2607 autem,
795 2566 877 2600 alius
896 2567 957 2600 cle-

837 171 979 196 CLEMENS
1007 171 1059 195 xn
1083 171 1133 195 PP.

993 220 1079 252 ricus
1105 230 1163 252 seu
1189 219 1363 263 presbyter
1390 220 1528 253 idonens
1550 224 1737 262 praesente-

996 278 1045 305 tur
1071 278 1100 305 et
1125 273 1332 316 praesentari
1359 274 1489 316 possit,
1528 283 1563 305 ac
1599 282 1736 315 quorum

994 327 1309 360 milledueentornm
1329 333 1359 360 et
1376 327 1488 370 viginti
1508 326 1575 360 auri
1594 326 1733 369 parium;

994 390 1053 412 nec
1078 390 1142 412 non
1170 381 1208 412 ad
1235 387 1373 423 quatuor
1394 381 1546 414 dimidios
1564 380 1735 413 canonica-

994 438 1044 465 tus
1069 439 1100 465 et
1125 433 1275 467 dimidias
1301 435 1517 477 praebendas,
1536 435 1575 467 ad
1596 434 1675 466 dnos
1695 433 1738 465 vi-

995 486 1113 519 delicet
1140 492 1170 519 ct
1197 487 1276 519 duas
1302 498 1399 530 super
1417 486 1520 521 nono⁴
1541 499 1556 520 a
1575 486 1735 530 praedicti

995 539 1145 579 cantoris,
1173 550 1311 583 quornm
1331 540 1461 573 insimul
1481 541 1735 583 quingentorum

994 593 1200 635 septuaginta
1227 599 1299 626 octo
1326 595 1517 626 ducatorum
1556 593 1625 626 auri
1653 593 1737 625 simi-

995 646 1072 678 lium
1115 652 1146 679 et
1183 647 1338 680 iuliornm
1375 647 1561 690 quindecim
1588 652 1736 680 monetae

994 699 1198 740 praedictae,
1225 710 1261 732 ac
1288 700 1325 732 ad
1352 700 1432 733 alios
1470 700 1549 733 dnos
1587 705 1618 733 et
1655 700 1737 732 duas

995 762 1094 794 super
1120 753 1337 786 decimosexto
1356 753 1394 785 ab
1413 753 1560 786 eiusdem
1583 753 1734 792 cantoris,

996 815 1133 848 qnorum
1149 805 1279 839 insimul
1295 806 1549 849 quingentorum
1570 807 1737 849 octoginta

995 858 1089 890 unius
1128 858 1317 892 ducatorum
1352 859 1420 891 auri
1454 859 1606 892 similium
1634 865 1665 892 et
1691 859 1737 891 in—

996 912 1113 944 liorum
1152 911 1322 944 duodecim
1360 917 1511 945 monetae
1548 912 1735 955 praedictae

996 975 1066 996 cnm
1093 964 1228 998 dimidio
1254 965 1387 998 alterius
1415 965 1482 998 iulii
1509 965 1648 1005 similis,
1677 975 1737 998 nec

997 1027 1060 1050 uon
1087 1017 1125 1049 ad
1153 1018 1326 1050 duodecim
1345 1018 1585 1061 quartanarias‚
1605 1019 1643 1051 ad
1663 1029 1738 1061 qna-

998 1076 1069 1103 tuor
1094 1070 1244 1104 videlieet
1269 1082 1368 1114 super
1394 1072 1568 1104 undecimo
1595 1082 1610 1103 a
1637 1082 1733 1114 prae-

997 1123 1072 1156 dicti
1099 1124 1226 1164 decani,
1255 1135 1392 1166 quarum
1419 1125 1551 1157 insimul
1579 1125 1738 1168 quingen-

997 1182 1103 1208 torum
1130 1177 1337 1219 septuaginta
1363 1183 1436 1210 octo
1455 1178 1644 1210 ducatorum
1667 1178 1736 1210 auri

997 1230 1151 1262 similium
1178 1237 1210 1263 et
1234 1230 1387 1263 iuliornm
1416 1231 1603 1273 quindecim
1627 1242 1737 1263 mone-

998 1288 1046 1315 tae
1072 1283 1270 1326 praedictae,
1297 1294 1332 1316 ac
1359 1284 1396 1316 ad
1424 1284 1504 1317 alios
1531 1290 1668 1327 quatuor
1685 1295 1736 1317 sn-

996 1346 1054 1379 per
1079 1336 1252 1369 undccimo
1279 1348 1295 1369 a
1313 1337 1470 1379 praedicti
1490 1337 1640 1377 cantoris,
1661 1348 1737 1380 qua-

998 1400 1067 1422 rum
1108 1389 1236 1422 insimul
1277 1390 1529 1433 quingentorum
1571 1392 1738 1433 octoginta

997 1443 1186 1475 ducatorum
1224 1443 1292 1475 auri
1331 1443 1483 1475 similium
1522 1449 1554 1476 et
1583 1444 1738 1476 inliorum

998 1495 1110 1528 decem
1136 1502 1286 1529 monetae
1313 1497 1514 1539 praedictae,
1542 1507 1578 1529 ac
1603 1497 1641 1529 ad
1667 1497 1738 1530 reli-

998 1559 1076 1592 quas
1114 1555 1255 1592 quatuor
1287 1550 1512 1592 quartanarias
1550 1549 1737 1582 huiusmodi

998 1612 1094 1646 snper
1120 1603 1349 1635 tertiodecimo
1375 1603 1554 1646 respective
1576 1603 1671 1635 stallo
1698 1603 1737 1635 ab

998 1655 1142 1688 eiusdem
1169 1655 1311 1688 cantoris
1338 1655 1521 1699 respective
1554 1657 1655 1688 latere
1688 1666 1738 1688 re—

998 1709 1139 1752 spective
1166 1709 1325 1749 fundatas,
1349 1719 1485 1752 quarum
1512 1709 1649 1749 insimul,
1676 1719 1738 1742 nec

998 1773 1062 1795 non
1100 1762 1312 1805 dignitatibus
1350 1772 1386 1795 ac
1422 1761 1668 1795 canonicatibus
1707 1766 1740 1794 et

998 1815 1195 1858 praebendis
1221 1825 1281 1848 uec
1318 1825 1383 1848 non
1420 1815 1621 1858 capellaniae
1649 1813 1740 1847 dimi-

999 1869 1126 1912 diisqne
1152 1868 1396 1902 canonicatibus
1422 1874 1453 1902 et
1479 1867 1621 1901 dimidiis
1646 1878 1740 1911 prae-

998 1922 1115 1955 bendis
1152 1932 1188 1955 ac
1220 1922 1436 1965 quartanariis
1471 1921 1649 1965 praedictis
1676 1921 1739 1954 for-

1000 1985 1055 2008 san
1072 1975 1253 2019 respective
1268 1985 1480 2012 annexorum,
1497 1974 1591 2007 etiam
1608 1983 1741 2017 compu-

1000 2030 1072 2062 tatis
1104 2029 1284 2072 respective
1316 2028 1600 2062 distributionilms
1635 2028 1740 2071 qnoti-

1000 2082 1103 2115 dianis
1138 2087 1169 2115 et
1201 2081 1272 2115 aliis
1309 2082 1462 2121 incertis,
1490 2081 1741 2125 quingentorum

1000 2136 1164 2179 octoginta
1200 2136 1391 2169 ducatorum
1431 2135 1499 2168 auri
1534 2135 1573 2168 de
1606 2134 1741 2168 Camerti

1000 2189 1183 2222 huiusmodi
1211 2189 1388 2232 respective
1417 2189 1562 2227 fructus,
1590 2188 1740 2221 redditus

1000 2248 1032 2276 ct
1056 2247 1244 2286 proventus,
1265 2243 1442 2275 secundnm
1462 2252 1668 2274 communem
1693 2250 1741 2273 ae-

1000 2297 1232 2337 stimationem⁷
1260 2297 1400 2329 valorem
1426 2305 1582 2335 annuum,
1604 2298 1637 2326 nt
1656 2293 1741 2326 simi-

1000 2350 1074 2383 liter
1099 2350 1295 2393 accepimus,
1317 2359 1381 2382 non
1403 2349 1564 2381 excedunt
1590 2347 1639 2390 (ae
1662 2357 1741 2390 qno-

999 2414 1070 2436 rum
1097 2408 1127 2436 et
1152 2413 1307 2446 quarum,
1335 2411 1401 2434 non
1428 2406 1535 2433 tamen
1561 2399 1667 2443 quoad
1696 2399 1741 2432 di-

1000 2463 1083 2490 ctum
1118 2457 1331 2496 decanatum,
1360 2455 1412 2498 qni
1441 2455 1471 2487 in
1499 2453 1663 2497 praedicta
1691 2463 1740 2485 ec-

1001 2511 1099 2544 clesia
1124 2508 1371 2554 Ulyssiponcnsi
1409 2507 1559 2541 orientali
1597 2506 1739 2549 dignitas

1038 2575 1047 2601 1
1068 2573 1138 2600 Edit.
1160 2572 1238 2600 Main.
1261 2571 1324 2607 legit
1345 2578 1413 2599 noco
1434 2580 1482 2606 pro
1503 2578 1575 2598 nouo
1594 2570 1634 2605 (a.
1654 2570 1704 2605 τ.).

1742 169 1793 195 An.
1815 169 1843 196 C.
1864 170 1929 197 1738
