2232 3178
239 244 290 271 An.
307 243 336 272 c.
355 243 422 272 1730
467 233 532 268 529.

264 1029 336 1049 Mi<si0
356 1029 421 1051 Bene·

238 1056 349 1077 dictorum.

431 293 455 322 si
479 291 671 331 adimplendis
694 300 727 321 ex
751 299 813 321 asse
829 290 965 322 omnibus
982 290 1170 330 praescriptis

431 341 622 380 negligentes,
646 340 752 370 Incurii
775 349 913 379 segnesve
936 340 1062 378 fueritis,
1079 339 1170 370 omni-

431 391 541 430 potenti
573 390 648 428 Deo,
678 389 778 427 nobis,
803 388 1022 420 successoribus
1045 389 1168 427 nostris,

430 443 517 478 atque
542 437 701 468 venerabili
724 442 823 468 nostro
851 437 979 476 capitulo
1007 437 1169 467 districtam

430 487 595 517 reddituros
624 485 768 515 rationein
786 510 793 524 ,
818 495 925 525 vosque
957 490 1087 515 nostram
1120 486 1170 515 ho-

431 543 556 573 rumque
579 534 811 572 indignationem
830 534 971 564 noveritis
987 534 1168 564 incursuros.

431 583 534 613 Actum
557 582 732 620 Salisburgi‚
750 583 905 622 metropoli
921 583 1032 619 nostrii,
1049 583 1103 612 hac
1125 583 1171 612 die

432 640 478 661 xiv
509 631 616 661 mensis
644 631 742 661 martii
764 631 833 661 anni
862 639 1050 661 nroccxxxvu.

903 680 1088 710 Lssoromrs.

434 754 465 783 In
488 755 596 783 nomine
617 755 803 783 sanctissimae
824 758 849 783 et
870 754 1028 783 individuae
1050 753 1172 783 Trinita-

472 804 519 832 tis.
543 802 641 832 Amen.
671 802 724 833 Nos
747 802 914 842 Leopoldus,
938 802 989 831 Dei
1009 802 1100 839 qratia*
1126 812 1171 831 ar-

473 851 663 890 chiepiscopus
680 855 704 879 et
719 851 851 889 princeps
868 850 1082 888 Salt'buryensz's,
1102 849 1172 880 Sau-

472 905 530 929 clae
547 899 626 929 Sedis
643 899 815 938 Apostolicae
833 900 936 938 legatus
955 903 1046 936 natus,
1066 901 1172 938 primas

475 948 659 985 Germaniae,
681 952 731 977 etc.

471 1020 663 1058 Quamquam,
681 1027 715 1048 ex
732 1028 788 1057 quo
810 1018 845 1048 ad
869 1017 1127 1058 archiepiscopalis
1143 1023 1172 1048 et

432 1069 603 1108 principalis
625 1068 808 1098 celsitudinis
830 1068 947 1097 culmen
970 1068 1099 1107 supremi
1116 1068 1173 1098 Nu-

432 1117 520 1147 minis
543 1117 722 1155 benignitate
744 1117 853 1146 suimus
879 1117 1009 1155 evocati,
1034 1125 1066 1146 ac
1088 1117 1172 1155 quasi

432 1166 461 1195 in
485 1165 603 1195 sublimi
626 1165 745 1203 specula
768 1164 865 1203 positi,
890 1164 965 1194 unde
981 1173 1032 1203 per
1048 1164 1174 1194 circum-

433 1219 562 1254 spectam
595 1214 804 1244 sollicitudinis
837 1218 955 1243 nostrae
993 1213 1173 1252 vigilantiam

433 1268 460 1293 et
483 1263 664 1292 imminentia
689 1262 922 1302 prospiceremus
939 1262 1066 1301 pericula
1090 1266 1117 1292 et
1139 1262 1173 1292 ad

433 1312 535 1341 eadem
558 1316 671 1341 mature
693 1311 866 1350 depellenda
889 1320 922 1340 ac
945 1311 1112 1350 dissipanda
1139 1311 1174 1341 de

433 1361 605 1401 opportunis
627 1360 764 1390 remediis
788 1360 1008 1398 provideremus
1023 1383 1030 1397 ,
1055 1360 1082 1389 id
1106 1370 1174 1400 prae

433 1411 536 1451 primis
570 1415 710 1450 paternae
743 1409 828 1439 nobIs
851 1419 939 1439 curae
962 1419 1024 1439 esse
1048 1410 1175 1439 volueri-

434 1469 508 1496 mus,
532 1463 580 1497 ut,
605 1459 654 1498 qui
677 1459 706 1489 in
730 1459 883 1488 commissa
907 1458 991 1488 nobis
1014 1459 1174 1489 archidioe—

433 1509 492 1538 cesi
525 1508 639 1538 Domini
673 1508 735 1537 vice
766 1507 927 1545 fungimur,
951 1507 1081 1537 eiusdem
1117 1518 1173 1537 non

433 1561 545 1586 tantum
562 1556 618 1595 ipsi
635 1556 781 1591 mandata,
799 1559 940 1594 quantum
958 1556 1014 1585 Deo
1032 1557 1175 1594 largiente

434 1614 600 1644 possumuS,
623 1604 724 1634 sedulo
747 1605 941 1643 expleremus,
966 1613 1066 1634 verum
1089 1609 1117 1634 et
1140 1605 1174 1635 ad

433 1655 462 1684 id
486 1654 649 1683 faciendum
672 1653 802 1682 subditos
826 1657 941 1682 nostros
965 1653 1060 1682 verbis
1085 1657 1112 1683 et
1127 1663 1176 1683 ex·

434 1702 539 1741 emplis
561 1701 679 1731 assiduo
702 1701 939 1737 cohortaremur,
963 1711 996 1731 ac
1026 1702 1176 1731 concredi-

434 1756 477 1780 tas
499 1750 583 1780 uobis
606 1750 736 1779 oviculas
759 1749 812 1779 sub
836 1750 922 1779 unius
952 1750 1076 1789 pastoris
1107 1750 1175 1779 ovili

433 1799 541 1837 iugiter
573 1798 809 1834 contineremus,
841 1802 869 1828 et
902 1798 1007 1837 pabulo
1040 1799 1176 1829 salutaris

433 1847 585 1877 doctrinae
615 1856 759 1886 veraeque
782 1846 849 1876 fidei
872 1847 1054 1877 incessanter
1076 1847 1176 1877 refice-

434 1906 551 1933 remus,
586 1896 689 1925 maiori
722 1900 818 1925 tamen
842 1895 931 1925 animi
955 1896 1083 1935 impulsu
1105 1896 1175 1926 illuc

435 1945 532 1983 urgeri
556 1945 723 1980 credimus,
748 1948 897 1984 totamque
930 1945 1036 1975 mentis
1058 1950 1176 1976 nostrae

435 1995 527 2024 aciem
550 1993 760 2023 admovendam
783 2002 846 2023 esse
865 1994 1043 2032 putavimus,
1061 1998 1091 2025 ut
1110 1994 1174 2024 hae-

435 2043 491 2072 resi
524 2046 566 2071 tot
597 2041 848 2072 archidioeceseos
872 2046 989 2072 nostrae
1012 2042 1082 2072 locis
1105 2042 1177 2072 iam-

435 2091 545 2120 dudum
578 2090 679 2127 fatali,
703 2099 836 2130 quaeque
859 2100 910 2130 per
932 2091 988 2121 duo
1010 2092 1126 2121 saecula
1149 2095 1177 2121 et

435 2140 509 2170 ultra
525 2164 532 2177 ,
557 2140 676 2169 miseret
705 2139 886 2177 meminisse,
918 2143 977 2169 tam
1000 2141 1123 2170 nefande
1146 2141 1175 2170 in

436 2188 616 2228 provinciam
639 2192 769 2217 nostram
792 2187 938 2226 incubuit,
964 2192 1080 2229 tamque
1103 2189 1176 2219 altas

435 2236 536 2265 defixit
557 2235 680 2271 radices,
705 2239 878 2274 perpetuum
901 2236 1098 2267 indiceremus
1116 2237 1177 2267 bel-

435 2285 508 2323 lum,
528 2288 606 2314 certo
629 2288 815 2313 autumantes
837 2284 926 2314 exitio
949 2285 1096 2323 proximos
1116 2286 1177 2316 fore

437 2334 584 2373 principes
606 2333 671 2363 illos
694 2333 743 2372 qui
766 2333 928 2363 haereticos
962 2334 1082 2373 impune
1105 2335 1176 2365 tole-

436 2386 514 2420 rant,
538 2386 566 2412 et
589 2391 706 2412 causam
728 2381 891 2420 religionis,
911 2392 986 2421 quae
1009 2384 1175 2422 prorogata'

437 2430 522 2460 sicuti
544 2435 587 2461 est
610 2430 789 2470 reipublicae
811 2430 972 2468 vinculum,
988 2431 1027 2461 ita
1044 2432 1176 2470 neglecta

437 2479 566 2509 eiusdem
590 2479 754 2516 dissolutio,
779 2488 881 2519 parum
903 2484 1025 2516 curant,
1049 2480 1174 2520 ratique,

438 2528 563 2558 tolerare
579 2527 701 2566 similes,
719 2537 782 2559 esse
804 2528 835 2559 in
856 2528 923 2559 sinu
938 2537 1049 2568 angues
1065 2530 1174 2568 fovere,

475 2629 485 2657 1
508 2629 609 2659 Forsan
628 2630 762 2661 roborata
781 2633 827 2659 aut
845 2629 934 2660 simile
953 2630 992 2666 (a.
1008 2631 1057 2665 r.).

998 241 1183 267 BULLARIUM
1208 240 1367 266 ROMANUM

1212 290 1369 320 connivere
1391 299 1459 321 vero
1480 299 1518 321 ex
1540 291 1653 321 futurae
1669 290 1867 322 conversionis
1882 301 1944 332 spe,

1212 347 1275 368 esse
1306 339 1460 370 manifeste
1492 339 1705 379 rempublicam
1734 345 1891 370 concutere
1921 345 1949 371 et

1212 396 1405 418 commovere.
1429 387 1556 418 Suadent
1579 388 1650 418 haec
1672 388 1802 427 priorum
1819 389 1949 419 saeculo-

1212 445 1275 465 rum
1299 441 1499 474 monumenta,
1516 437 1669 466 docentur¹
1686 446 1754 467 vero
1777 437 1948 475 novissima,

1213 493 1328 514 causam
1356 485 1517 523 Religionis
1539 485 1577 515 ita
1600 493 1665 515 esse
1686 494 1751 515 cum
1781 485 1830 516 illa
1852 486 1950 517 Status

1212 532 1410 570 coniunctam,
1428 537 1470 571 ut,
1487 533 1539 562 illa
1556 532 1682 568 turbata,
1699 538 1727 563 et
1743 533 1818 563 hanc
1837 534 1951 565 turbari

1213 584 1241 610 et
1257 582 1365 611 mutari
1381 582 1431 612 fiat
1453 591 1589 618 necesse,
1604 582 1707 612 cadere
1723 591 1791 612 vero
1807 591 1908 620 regna,
1922 587 1951 613 et

1213 629 1403 668 imperantes,
1421 629 1485 660 ubi²
1500 630 1641 668 religione
1663 630 1714 659 illa
1736 630 1766 660 hi
1784 632 1855 660 cura
1872 631 1952 661 illius

1213 678 1364 717 deficiunt,
1389 679 1477 709 traxit
1499 688 1626 718 namque
1649 688 1764 718 semper
1786 680 1833 709 et³
1857 679 1952 709 trahet

1214 726 1308 756 adhuc
1330 726 1543 767 rempublicam
1573 736 1671 757 secum
1694 727 1798 766 religio
1820 728 1951 766 neglecta

1214 779 1263 805 aut
1296 775 1430 815 prolapsa
1446 800 1453 813 ‚
1487 785 1540 805 nec
1562 776 1640 806 enim
1663 777 1854 816 esse-poterit
1874 777 1951 807 idem

1215 824 1369 854 coercendi
1392 824 1491 864 populi
1514 825 1658 862 fraenum,
1676 825 1726 854 ubi
1743 834 1801 855 non
1817 829 1861 855 est
1876 825 1952 856 idem

1214 872 1348 902 Numinis
1364 882 1456 911 amor,
1474 873 1550 902 idem
1568 877 1674 911 metus,
1692 873 1828 913 idemque
1843 874 1951 915 cultus,

1215 921 1379 951 libertatem
1403 922 1541 951 credendi
1571 922 1690 951 licentia
1719 931 1832 952 morum
1847 946 1855 960 ‚
1878 923 1953 954 hanc

1215 970 1323 1000 civium
1346 970 1492 1000 discordia
1514 970 1722 1010 subsequente.

1255 1019 1349 1055 Quare
1374 1019 1572 1058 ponderantes
1598 1020 1687 1059 quod,
1711 1020 1776 1058 etsi,
1803 1024 1954 1060 spectante

1215 1069 1332 1108 Europa
1354 1071 1414 1100 tot-:2
1435 1069 1578 1099 indictum
1601 1073 1759 1106 certamen,
1783 1069 1812 1099 in
1834 1070 1955 1101 comita-

1215 1122 1277 1147 tum
1293 1127 1322 1147 se
1339 1117 1548 1147 exhibentibus
1564 1118 1702 1147 caelitum
1718 1118 1847 1155 auxiliiS,
1862 1119 1954 1158 pulsis

1216 1166 1320 1204 viginti
1342 1170 1370 1196 et
1392 1166 1517 1205 amplius
1536 1166 1665 1196 millibus
1683 1166 1802 1196 Lutheri
1817 1167 1956 1197 aliorum-

1216 1223 1272 1253 que
1305 1214 1577 1244 haeresiarcharum
1604 1219 1684 1253 peste
1706 1215 1793 1245 simul
1816 1219 1845 1245 et
1866 1215 1954 1246 exitio

1216 1262 1412 1292 involutorum
1431 1286 1438 1300 ,
1469 1262 1666 1302 adhibitisque
1696 1267 1738 1293 tot
1767 1263 1831 1293 aliis
1860 1272 1954 1303 oppu-

1216 1311 1366 1349 gnandae⁴
1388 1311 1503 1341 haeresi
1525 1311 1783 1350 opportunissimis
1805 1312 1953 1350 remediis,

1216 1360 1353 1398 decretis,
1373 1359 1616 1399 inquisitionibus
1638 1364 1666 1390 et
1688 1360 1788 1398 armis,
1812 1360 1866 1391 rite
1889 1370 1956 1400 per-

1217 1409 1372 1438 fecerimus
1396 1409 1558 1445 victoriam‚
1583 1409 1749 1440 subsecutis
1771 1409 1909 1449 auspiciis
1927 1413 1956 1441 et

1218 1462 1311 1488 status
1334 1458 1426 1487 nostri
1449 1458 1653 1495 incrementiS‚
1678 1462 1785 1495 tamen,
1803 1468 1877 1498 quae
1903 1468 1957 1489 un-

1217 1507 1370 1546 dequaque
1392 1507 1423 1536 in
1447 1507 1596 1545 provincia
1619 1509 1717 1537 nostra
1736 1507 1877 1537 hactenus
1895 1511 1958 1538 erat

1218 1555 1404 1584 disseminata
1428 1555 1558 1584 haeresis
1573 1579 1580 1593 ,
1604 1556 1743 1585 continuo
1765 1556 1955 1595 repullulare,

1218 1607 1257 1640 et,
1282 1603 1440 1641 amputatis
1461 1602 1530 1632 licet
1552 1603 1695 1643 capitibus
1711 1628 1718 1642 ,
1742 1614 1831 1634 novas
1853 1605 1959 1635 identi-

1218 1652 1283 1682 dem
1303 1652 1378 1681 vires
1394 1661 1577 1682 reassumere
1592 1662 1643 1682 seu
1662 1657 1792 1690 attentet,
1810 1663 1861 1684 seu
1877 1658 1958 1684 certo

1218 1700 1256 1730 sit
1288 1704 1490 1738 attentatura,
1515 1710 1595 1731 more
1627 1701 1740 1731 scilicet
1771 1702 1957 1741 superiorum

1219 1754 1406 1788 temporum,
1437 1750 1521 1789 queis
1544 1750 1640 1780 hostes
1662 1751 1757 1781 nostri
1780 1751 1958 1790 (haereticos

1218 1798 1425 1837 intelligimus)
1457 1798 1544 1828 latius
1577 1808 1693 1838 semper
1725 1799 1956 1838 grassabantur,

1219 1846 1287 1885 quia
1310 1847 1462 1877 dumtaxat
1484 1847 1588 1885 fugati,
1611 1847 1699 1877 deleti
1721 1857 1884 1888 nunquam,
1900 1848 1958 1879 nisi

1219 1899 1247 1925 et
1270 1895 1305 1925 de
1327 1895 1464 1925 remediis
1487 1896 1604 1926 solliciti
1626 1896 1778 1935 fuerimus,
1796 1900 1828 1927 ut
1849 1901 1877 1927 et
1898 1906 1960 1927 mo-

1219 1944 1316 1974 dicum
1348 1944 1524 1974 fermentum
1556 1944 1693 1983 tollatur,
1723 1954 1760 1975 ne
1792 1945 1957 1976 universam

1221 2001 1344 2022 massam
1368 1992 1505 2022 reiterato
1527 1997 1719 2032 corrumpat,
1743 2002 1816 2023 neve
1837 2003 1875 2023 ex
1901 1994 1958 2025 levi

1220 2041 1369 2070 flammula
1390 2041 1458 2071 novi
1480 2042 1612 2071 oriantur
1634 2042 1708 2081 rogi,
1732 2042 1830 2072 divina
1845 2043 1957 2074 nemesi

1219 2091 1373 2120 universos
1395 2091 1534 2130 puniente
1558 2095 1676 2130 propter
1698 2091 1816 2122 unicum
1834 2092 1960 2122 haereti-

1220 2149 1285 2169 cum
1310 2139 1428 2179 impune
1451 2140 1625 2170 toleratum:
1649 2140 1717 2170 hinc
1738 2144 1782 2170 est
1806 2141 1883 2180 quod
1907 2150 1959 2171 no-

1219 2193 1279 2219 stro
1311 2193 1339 2218 et
1370 2189 1512 2219 maiorum
1546 2193 1714 2220 nostrorum
1748 2190 1823 2220 malo
1852 2190 1957 2228 edocti,

1220 2241 1281 2267 tuto
1316 2237 1470 2276 opinantes
1515 2238 1668 2276 indignum
1697 2247 1766 2279 esse,
1782 2239 1958 2269 catholicum

1220 2286 1382 2325 principem
1405 2286 1555 2325 sacrilegis
1577 2287 1740 2326 imperare,
1761 2291 1848 2327 atque
1871 2297 1958 2327 expa-

1220 2338 1370 2364 vescentes
1398 2335 1609 2374 praenuncium
1642 2335 1715 2365 illud
1746 2335 1837 2367 divini
1864 2336 1960 2366 numi-

1220 2383 1264 2413 nis
1287 2383 1436 2414 oraculum
1453 2393 1459 2413 :
1484 2383 1555 2420 Quia
1581 2394 1635 2414 non
1655 2385 1827 2415 custodivisti
1845 2389 1958 2425 pactum

1253 2454 1266 2480 1
1291 2453 1390 2481 Forsan
1410 2454 1509 2482 docent
1527 2454 1567 2488 (R.
1587 2455 1637 2487 τ.).

1253 2498 1269 2524 ⁰2
1288 2497 1399 2525 Comma
1424 2498 1496 2525 istud
1524 2498 1685 2526 dimittimus
1711 2498 1900 2535 corrigendum
1919 2499 1955 2527 le-

1218 2542 1286 2569 ctori
1305 2545 1346 2575 (R.
1364 2543 1413 2575 T.).

1253 2586 1269 2614 3
1289 2585 1361 2614 Edit.
1382 2586 1461 2614 Main.
1482 2585 1547 2622 legit
1566 2589 1597 2615 ut
1617 2594 1664 2623 pro
1685 2589 1711 2616 et
1729 2587 1770 2622 (Β.
1786 2587 1836 2623 τ.).

1251 2631 1269 2658 4
1287 2630 1359 2659 Edit.
1380 2630 1466 2660 Main.
1486 2630 1555 2669 legit
1572 2631 1765 2667 oppuynanda
1783 2632 1824 2668 (R.
1840 2632 1892 2668 Τ.).

1962 245 2015 273 Αη.
2031 246 2059 275 C.
2074 247 2144 278 173⁹

2185 0 2210 22 111
