2232 3178
0 1607 5 1826 Ξ

1 1828 10 2041 l

35 250 83 278 An.
103 247 131 273 C.
151 244 217 272 1738

223 292 382 322 titularibus
398 292 662 332 praescribuntur¹.
677 292 843 322 Teneantur
865 296 961 321 autem

224 341 258 370 ad
276 340 350 371 hanc
369 350 429 370 rem
447 341 565 371 abbates
582 341 732 379 regiminis
751 350 867 370 nouere
890 340 963 378 regi-

225 399 289 419 men
319 395 345 419 et
375 391 534 429 capitulum
558 391 712 428 generale,
737 390 869 429 quando,
894 399 964 428 quo-

225 438 320 473 modo,
345 443 372 468 et
396 438 501 478 quibus
524 439 553 468 in
577 439 664 469 rebus
688 439 819 469 titulares
847 438 964 468 abbates

224 487 259 517 ab
281 487 376 517 officio
399 488 564 517 discedunt.

38 545 121 568 nocant.
135 544 174 563 mv
193 548 214 571 ¹t·
264 545 322 565 xvi.
347 536 417 571 Quia
444 537 563 575 praelati
587 536 762 565 decanorum
780 537 869 575 opera
890 535 962 564 indi-

37 570 303 623 Z?§‡‡¹2¹2'?„012¹¹ifflfssgent,
328 595 393 615 cum
417 585 524 624 quibus
547 595 634 615 onera
660 586 836 624 partiantur,
857 585 964 623 quique

37 627 124 680 30¹¹ssng
150 630 258 663 5“”““”3(1
281 643 312 663 ea
336 634 507 664 sustinenda
530 634 588 664 sint
611 643 716 673 pares,
742 633 893 663 hortamur
915 632 965 661 ab·

226 681 318 720 bates,
336 687 367 712 ut
380 683 563 712 oeconomica
581 683 675 712 officia
691 681 890 711 sacerdotibus
906 690 963 710 non

226 731 376 760 conserant
392 754 399 767 ‚
424 731 479 761 nisi
507 735 637 770 tempore
670 730 823 760 sacerdotii
847 729 891 759 sui
915 738 965 768 per

225 778 376 809 biennium
409 780 571 810 continue²
603 779 804 809 observantiae
836 778 964 817 regulari

227 829 403 866 vacaverint,
428 829 499 858 alias
522 828 607 858 facile
631 829 737 868 poterit
761 827 911 863 accidere,
929 836 965 856 ne

226 877 254 907 in
279 877 404 907 decanos
426 878 535 907 assumi
560 877 671 916 possint
693 877 727 906 ad
753 877 964 916 praescriptum

227 927 468 956 constitutionum
488 935 552 966 cap.
579 935 637 963 xxi,
662 935 723 964 reg.
742 935 822 955 num.
847 934 885 955 iv.

267 984 334 1005 xvn.
367 975 420 1011 Qui
453 980 549 1005 autem
582 975 685 1005 decani
717 979 784 1005 sunt
815 973 966 1004 constituti

226 1024 456 1055 sollicitudinem
479 1029 582 1062 gerant
604 1034 692 1064 super
714 1025 850 1055 decanias
876 1033 943 1053 suas
958 1048 965 1061 ‚

227 1073 347 1103 audiant
368 1073 468 1113 culpas
499 1074 730 1109 monachorum,
760 1078 788 1103 et
821 1073 968 1110 corrigant

227 1131 276 1152 eos
300 1122 329 1152 in
353 1122 577 1152 mansuetudine
607 1126 635 1152 et
657 1122 809 1152 charitate.
833 1121 968 1151 visitato-

228 1180 275 1200 res
297 1180 376 1208 vero,
400 1176 431 1201 ut
454 1172 483 1201 in
506 1176 573 1201 actu
596 1171 773 1201 visitationis
795 1170 830 1200 de
858 1171 911 1199 liae
937 1179 967 1198 re

228 1219 330 1250 sedulo
352 1221 522 1259 inquirant,
546 1229 697 1250 monemus
719 1224 747 1249 et
768 1219 966 1249 obsecramus.

269 1277 348 1299 xviii.
371 1269 441 1299 Cum
465 1269 651 1308 perspicuum
675 1269 727 1307 sit,
752 1268 857 1298 studiis
880 1268 969 1298 sacul-

63 991 136 1013 officio
154 991 215 1012 deca-

39 1025 115 1041 norum.

97 1282 218 1304 Studiorum

33 1309 212 1363 “‘²‘³¹¹⁸¹¹‘³“⁰¹²⁰·
229 1321 320 1348 tatum
343 1327 439 1348 mores
471 1318 625 1348 hominum
658 1317 776 1347 formari
799 1327 832 1347 ac
855 1316 966 1356 pertici,

228 1366 392 1397 rectissime
414 1370 496 1396 cavet
516 1367 614 1404 regula
638 1376 702 1406 cap.
720 1375 799 1396 van
821 1366 851 1395 in
873 1365 969 1395 decla-

227 1416 341 1446 ratione
353 1425 433 1446 num.
447 1424 503 1445 vn:
524 1425 538 1445 ι(
554 1415 594 1446 Ne
614 1417 724 1445 tamen3
739 1415 937 1445 adolescentes
954 1423 968 1443 a

228 1464 333 1494 studiis
345 1468 515 1503 avocentur,
527 1464 625 1494 nullus
638 1464 848 1494 monachorum
861 1463 895 1493 ad
908 1463 970 1492 ossi-

228 1513 272 1543 cia
287 1514 471 1544 oeconomica
490 1513 551 1543 sive
568 1513 751 1553 temporalia,
769 1513 855 1543 etiam
872 1512 969 1542 dome-

40 1573 47 1581 ·
229 1562 313 1600 stica,
330 1563 439 1593 assumi
462 1562 563 1602 possit,
581 1562 636 1592 nisi
653 1562 797 1601 completo
813 1572 883 1593 suae
903 1571 971 1593 con-

230 1612 373 1641 versionis
403 1621 479 1642 anno
501 1611 675 1642 duodecimo
696 1622 731 1641 a:
755 1613 829 1652 quod
853 1614 969 1653 quidem

229 1660 338 1690 idcirco
356 1664 499 1691 statutum
523 1664 566 1690 est
589 1665 619 1690 ut
641 1662 754 1700 possint
772 1662 971 1693 adolescentes

230 1709 334 1738 studiis
357 1709 527 1739 facultatum
551 1719 664 1739 vacare.
688 1710 782 1745 Quare
811 1711 899 1741 etiam
921 1713 971 1751 qui

229 1757 339 1787 suerint
354 1758 516 1788 sacerdotio
532 1758 640 1788 initiati
654 1759 768 1789 scholas
785 1760 970 1799 frequentare

230 1807 348 1837 omnino
365 1811 533 1844 teneantur,
550 1807 642 1837 donec
666 1807 695 1837 in
718 1808 825 1838 studiis
842 1809 972 1848 pbiloso-

230 1856 327 1895 phiae‚
346 1857 509 1894 theologiae
532 1860 560 1886 et
582 1866 731 1887 sacrorum
760 1867 904 1888 canonum
928 1868 972 1888 se-

230 1904 357 1934 cundum
381 1905 626 1935 monasteriorum
646 1906 888 1936 consuetudinem
905 1916 971 1936 cur-

230 1961 294 1983 sum
327 1953 522 1983 confecerint:
548 1963 622 1993 quae
646 1963 795 1984 sacrorum
826 1964 970 1985 canonum

230 2002 344 2041 studia,
368 2002 416 2033 ubi
449 2003 565 2042 vigent,
594 2003 799 2042 retineantur3
827 2004 875 2034 ubi
903 2014 971 2034 vero

231 2051 344 2090 iacent,
366 2051 570 2082 restituantur.

273 2110 331 2131 x1x.
355 2101 497 2136 Quoniam
519 2101 644 2132 invaluit
677 2102 747 2132 salsa
781 2103 921 2142 quaedam
944 2107 972 2133 et

233 2150 308 2180 male
330 2150 464 2180 consulta
481 2150 582 2189 opinio
609 2151 644 2180 de
668 2156 801 2181 votorum
824 2153 930 2181 natura
946 2156 973 2182 et

233 2199 283 2238 vi,
308 2208 382 2238 quae
405 2208 419 2229 a
442 2200 550 2229 nostris
584 2200 747 2230 commissis
780 2200 971 2239 emittuntur3

233 2247 314 2286 ideo⁷
338 2247 374 2278 ad
395 2257 458 2277 eam
480 2248 681 2286 avellendam,
706 2249 842 2279 noverint
873 2258 973 2279 omnes

233 2297 366 2336 praelati,
385 2297 510 2336 priores,
528 2297 631 2327 decani
654 2298 803 2337 ceterique
825 2299 972 2335 monachi,

234 2347 405 2377 commissos
428 2350 542 2376 nostros
576 2346 697 2376 fratrum
731 2351 897 2377 nostrorum
924 2357 974 2377 no-

233 2395 312 2425 mine
335 2396 461 2433 censeri,
481 2398 509 2424 et
531 2395 561 2424 in
584 2394 684 2424 eodem
708 2404 831 2425 numero
855 2405 975 2435 compu-

233 2443 308 2480 tari,
331 2447 418 2483 atque
450 2443 536 2482 ideo,
566 2443 658 2473 donec
687 2443 759 2482 ipsis
781 2443 933 2474 nobiscum
959 2454 974 2473 a

233 2492 434 2532 superioribus
457 2501 630 2532 permanere
653 2493 857 2532 permittitur,
882 2493 974 2524 teneri

67 2139 71 2144 Ι
83 2113 140 2135 Votis
167 2120 222 2136 com-

46 2145 157 2162 missorum.

270 2557 281 2582 1
304 2555 374 2582 Edit.
396 2555 479 2582 Main.
501 2556 566 2589 legit
582 2555 785 2590 praescribunt
800 2558 837 2588 (n.
851 2556 900 2591 r.).

267 2599 283 2626 2
299 2598 348 2626 Ed.
366 2599 403 2626 M.
421 2599 487 2634 legit
502 2599 659 2627 continuae
675 2607 724 2635 pro
739 2599 873 2628 continue
883 2600 972 2635 (n.r.).

268 2643 284 2672 3
302 2644 379 2672 Tom.
404 2652 446 2671 xix
467 2652 527 2681 pag.
549 2643 601 2672 315
620 2645 635 2671 b
654 2646 692 2680 (R.
713 2645 760 2679 12),

840 243 983 267 CLEMENS
1006 242 1054 266 XII
1078 243 1128 267 1³1³.

1643 232 1703 265 491

1007 300 1056 320 eos
1078 300 1195 321 servare
1219 291 1394 327 castitatem,
1419 294 1618 330 paupertatem
1636 294 1661 319 et
1681 289 1746 319 obe-

1006 340 1144 370 dientiam
1170 350 1220 380 per
1240 345 1302 369 vota
1327 340 1481 378 simplicia:
1503 351 1515 365 «
1534 350 1547 369 a
1565 350 1620 378 qna
1637 339 1746 374 :ildica-

1755 241 1804 267 An.
1826 240 1855 267 C.
1876 241 1940 268 1738

1008 389 1085 419 tione
1116 400 1149 419 eo
1180 390 1243 429 ipso
1277 390 1453 420 solvantur.
1485 399 1548 418 rum
1571 398 1619 416 vos
1642 400 1655 417 a
1676 390 1744 416 *30:1-

1007 439 1175 476 3regatione
1199 439 1306 468 dimitti
1324 439 1479 477 eontigerit
1500 450 1526 475 η,
1544 438 1584 467 nti
1610 447 1744 476 expresse

1009 487 1096 515 tradit
1118 486 1277 516 declaratio
1294 496 1357 525 cap,
1384 495 1449 516 Lvin
1474 490 1589 515 nostrae
1615 485 1745 523 regulae,

1009 545 1089 565 num.
1116 538 1181 564 xx'.
1202 536 1286 565 Nullo
1310 536 1398 573 igitur
1420 536 1505 565 modo
1528 535 1599 564 solvi
1625 538 1745 573 possunt

1008 594 1023 614 a
1047 585 1204 623 praedictis
1228 585 1314 620 votis,
1335 585 1391 614 nisi
1415 594 1429 613 a
1451 584 1682 622 Congregatione
1705 583 1748 612 di-

1010 634 1173 663 mittantur.
1188 634 1261 663 Hinc
1276 633 1457 672 reprobanda
1475 642 1574 663 eorum
1588 633 1686 671 opinio
1699 632 1749 671 qui

1011 682 1111 711 volunt
1124 683 1297 712 commissos
1310 682 1344 711 ad
1358 682 1510 711 arbitrium
1525 691 1609 711 suum
1624 690 1706 720 posse
1720 690 1750 710 se

1009 731 1135 761 liberare
1152 730 1328 769 obligatione
1345 736 1491 768 votorum,
1505 731 1529 760 si
1545 730 1749 766 decesserinffl,

1011 781 1104 820 petit-21
1119 781 1212 810 solum
1229 790 1244 810 a
1261 780 1389 819 praelato
1412 780 1558 809 facultate.
1573 779 1646 808 llinc
1663 779 1751 808 etiam

1011 830 1206 868 expungenda
1240 833 1283 859 est
1315 829 1518 868 interpretatio
1550 828 1646 867 (quae
1679 828 1751 857 forte

1011 878 1079 909 huic
1101 879 1232 917 opinioni
1260 879 1356 908 locum
1379 878 1483 917 dedit)
1508 877 1626 907 illorum
1650 876 1753 907 verbo-

1011 937 1098 958 rum:
1123 928 1144 957 A
1174 938 1227 967 qua
1254 928 1415 966 obliynlz'one
1446 937 1475 957 eo
1503 929 1560 966 ipso
1587 927 1749 964 solvantur,

1010 988 1071 1007 cum
1103 987 1146 1007 eos
1172 988 1188 1006 a
1219 977 1432 1015 Conqreyalione
1460 977 1561 1005 dimitti
1587 977 1750 1014 contigerit,

1011 1036 1086 1066 quae
1109 1036 1159 1066 per
1182 1026 1253 1055 haec
1275 1025 1331 1055 alia
1359 1025 1456 1055 italice
1478 1025 1662 1054 redduntur:
1686 1024 1754 1053 Dal-

1012 1075 1202 1114 l’obliyazz'one
1224 1075 1265 1104 de’
1281 1074 1356 1114 quali
1369 1084 1432 1103 sono
1444 1074 1531 1103 subito
1549 1073 1651 1111 sciolti,
1665 1083 1753 1111 qnan-

1012 1126 1043 1154 do
1065 1134 1172 1154 occurre
1193 1125 1241 1153 che
1271 1128 1386 1162 partone
1418 1133 1431 1152 o
1458 1132 1522 1153 sono
1544 1123 1657 1152 caecian*
1678 1121 1753 1151 dalla

1015 1173 1240 1211 Conyrpyazione.
1257 1171 1335 1207 Quae
1353 1170 1558 1210 interpretatio
1581 1170 1700 1209 irrepsit
1722 1170 1751 1199 in

1012 1221 1115 1259 regula
1150 1221 1247 1250 italico
1282 1220 1422 1250 idiomate
1459 1219 1549 1249 semel
1584 1222 1613 1248 et
1645 1219 1752 1248 iterum

1012 1270 1145 1299 Mantuae
1168 1269 1300 1299 excusa3.

1053 1328 1101 1348 xx.
1125 1319 1233 1349 Causae
1250 1321 1346 1348 autem
1363 1321 1391 1348 et
1407 1317 1510 1347 modus
1526 1326 1574 1346 eos
1590 1316 1754 1346 dimittendi
1924 1352 1926 1354 Ι

1014 1368 1159 1398 habentur
1191 1377 1255 1407 cap.
1281 1376 1369 1397 xxvin
1401 1366 1519 1405 regulae
1548 1351 1823 1398 ‹tectarationis{{2}¹¹
1852 1357 1949 1372 commis-

1014 1427 1082 1447 num
1101 1426 1138 1447 iv.
1156 1417 1250 1453 Quare
1273 1416 1367 1446 sciant
1390 1415 1524 1455 praelati,
1541 1424 1573 1445 ac
1589 1415 1689 1453 ceteri,
1706 1424 1755 1445 eos

1014 1467 1121 1497 dimitti
1145 1476 1203 1496 non
1221 1475 1316 1505 posse,
1334 1465 1391 1495 nisi
1408 1465 1510 1495 modus
1525 1473 1574 1494 eos
1590 1463 1756 1503 expellendi

1014 1516 1117 1555 regula
1141 1517 1339 1555 praescriptus
1362 1518 1507 1550 servetur,
1525 1517 1553 1543 et
1570 1522 1673 1543 causae
1689 1512 1756 1542 sub-

1015 1565 1084 1603 sint,
1099 1564 1285 1604 praeeipuae⁴
1298 1563 1510 1599 contumaciae,
1525 1562 1561 1592 ob
1578 1571 1658 1601 quaS,
1674 1562 1753 1591 iuxta

1015 1613 1239 1643 constitutiones
1256 1615 1382 1649 nostras,
1400 1610 1508 1641 dimitti
1528 1613 1664 1650 possunt,
1679 1618 1753 1648 quae

1016 1662 1039 1692 si
1062 1671 1119 1691 non
1143 1661 1251 1700 adsint,
1267 1670 1324 1691 non
1344 1665 1465 1700 possunt
1482 1659 1598 1699 expelli.
1617 1659 1659 1688 Ad
1676 1667 1754 1688 eom-

1016 1711 1176 1751 pescendos
1199 1714 1295 1740 autem
1318 1719 1378 1748 eos,
1402 1709 1452 1749 qui
1475 1708 1634 1739 monastico
1657 1707 1754 1738 ordini

1016 1760 1099 1790 malis
1124 1759 1255 1790 moribus
1278 1767 1455 1797 magnopere
1485 1757 1612 1793 obsunt,
1636 1765 1755 1786 necesse

1015 1809 1149 1839 ducimus
1174 1817 1292 1838 monere
1315 1812 1411 1846 patres
1434 1806 1599 1836 visitatores
1612 1810 1640 1835 et
1654 1814 1756 1836 omnes

1017 1858 1177 1897 praelatos,
1203 1861 1235 1886 ut
1266 1856 1441 1886 denuntient
1463 1855 1594 1894 patribus
1622 1854 1756 1884 definito-

1016 1906 1097 1936 ribus
1120 1906 1307 1942 criminosos‚
1332 1904 1536 1940 scandalosos,
1560 1903 1706 1943 inquietos
1728 1906 1756 1932 et

1017 1959 1211 1995 processatos,
1237 1958 1269 1983 ut
1291 1952 1494 1983 describantur
1516 1961 1617 1982 eorum
1636 1951 1755 1980 nomina

1015 2004 1045 2033 in
1068 2003 1143 2033 libro
1167 2001 1426 2040 incorrigibilium,
1444 2001 1526 2030 iuxta
1543 2000 1756 2040 praescriptum

1016 2051 1237 2082 constitutionis
1261 2055 1342 2090 parte
1364 2059 1383 2087 1,
1407 2059 1471 2089 cap.
1489 2059 1560 2087 xvii,
1578 2059 1608 2079 n.
1626 2058 1675 2078 xn.

1055 2101 1184 2131 Tandem
1207 2099 1241 2129 ad
1266 2099 1427 2129 tollendum
1451 2098 1585 2135 abusum,
1609 2098 1658 2137 qui
1681 2097 1757 2137 apud

1016 2159 1064 2180 eos
1084 2149 1214 2188 irrepsit,
1233 2148 1295 2188 qui,
1319 2148 1404 2177 titulo
1420 2148 1531 2177 solutae
1549 2146 1688 2186 pecuniae
1705 2155 1757 2185 pro

1017 2199 1096 2229 victu
1113 2202 1226 2237 putant,
1245 2206 1275 2227 se
1293 2196 1402 2226 liberos
1418 2206 1481 2226 esse
1503 2195 1538 2225 ab
1562 2195 1756 2226 observantiis

1016 2247 1217 2286 regularibus3
1236 2247 1434 2287 praecipimus
1451 2245 1600 2285 praelatiS,
1617 2249 1660 2283 ut,
1675 2245 1755 2274 nulla

1017 2297 1148 2326 solutae5
1171 2296 1313 2335 pecuniae
1336 2294 1436 2324 habita
1457 2294 1580 2332 ratione,
1605 2302 1756 2332 nunqnam

1017 2345 1052 2375 iis
1085 2345 1254 2384 permittant
1283 2353 1298 2374 a
1332 2344 1443 2378 choro,
1467 2343 1629 2381 ceterisque
1657 2341 1756 2371 obser-

1018 2394 1123 2424 vantiis
1146 2393 1332 2432 regularibus
1354 2392 1467 2430 abesse,
1491 2392 1540 2422 sed
1564 2391 1601 2421 ita
1628 2395 1658 2420 ut
1681 2395 1755 2420 cete-

1792 1323 1865 1344 Cansis
1881 1324 1950 1345 dimit-

1054 2468 1064 2493 1
1087 2465 1162 2492 Tom.
1184 2473 1228 2492 xix
1248 2473 1308 2500 pag,
1330 2465 1382 2491 328
1403 2464 1417 2489 b
1436 2465 1476 2497 (n.
1493 2464 1541 2497 τ.).

1051 2510 1068 2537 2
1088 2510 1189 2537 Forsan
1209 2509 1391 2536 discesserint
1410 2510 1448 2541 (n.
1465 2507 1515 2542 T.).

1052 2554 1068 2582 3
1088 2554 1159 2581 Edit.
1181 2554 1261 2581 lllain.
1285 2553 1350 2587 legit
1369 2553 1487 2578 eaecussa
1506 2553 1545 2585 (a.
1562 2551 1611 2586 T.).

1051 2599 1068 2624 4
1088 2598 1198 2624 Videtur
1217 2589 1362 2633 legenduin
1379 2595 1536 2631 praecipue
1561 2596 1600 2629 (a.
1615 2594 1664 2629 τ.).

1051 2643 1068 2670 5
1087 2643 1205 2671 Pessime
1227 2642 1292 2670 edit.
1314 2641 1391 2669 Maia.
1415 2641 1479 2676 legit
1497 2641 1599 2669 solitae
1620 2641 1654 2675 (nt
1670 2639 1719 2676 τ.)ἃ
