2232 3178
0 1418 7 1467 b*
0 1323 7 1401 u—

27 217 77 252 tin.
92 221 119 248 c.
141 218 208 248 1738

43 311 72 332 De
87 282 204 334 bsos'pitibus

27 335 140 358 saecularii)
147 340 176 355 us.

828 218 973 243 CLEMENS

254 275 272 296 ι.
294 265 389 296 Etiam
411 265 576 295 saeculares
598 265 739 295 benevole
771 269 799 296 et
831 266 956 296 charita-

215 314 271 345 tive
303 314 505 353 recipiantur,
541 324 598 344 non
632 318 729 344 tamen
752 314 781 344 in
805 315 952 344 communi

214 362 397 398 dormitorio,
412 363 460 391 sed
476 362 506 391 in
522 363 585 392 loco
604 368 737 402 separato
754 363 950 402 hospitentur.

253 420 282 441 11.
312 411 374 440 Non
408 412 613 449 permittantur
645 412 810 441 saeculares
843 411 954 441 intrare

213 460 301 490 cellas
323 463 351 488 et
373 459 504 489 officinas
527 465 700 497 conventus,
719 460 852 500 quamvis
874 460 954 490 illius

214 508 314 538 famuli
334 508 392 538 sint
407 518 414 545 ;
434 508 508 538 bene
524 513 620 539 tamen
637 509 733 548 aliqua
751 518 874 548 persona
891 518 956 546 gra-

213 557 268 592 vis,
292 558 343 587 sed
366 559 444 595 raro,
463 563 491 588 et
516 568 581 588 cum
605 558 765 598 superioris
787 558 905 587 licentia
928 561 956 587 et

212 606 350 644 religioso
367 606 535 636 comitante.
553 607 761 646 Delinquentes
777 611 886 643 autem,
905 606 955 645 qui

213 654 247 684 ad
270 663 322 684 nos
346 655 540 693 confugerint,
565 655 658 685 solum
682 655 889 694 permittantur
905 664 956 694 per

214 708 273 733 tres
296 703 369 734 dies.

396 780 544 803 REGULAE
570 780 670 804 CAPUT
693 780 776 804 xxiv.

332 823 415 842 Nullus
428 824 502 843 frater
515 825 588 844 laicus
604 826 653 843 sive
668 825 776 847 clei-tons,
793 825 840 843 oto.

267 875 364 906 CAPUT
388 885 466 906 xxiv.
486 894 524 900 —-
546 876 585 906 De
608 878 741 907 otiositate
764 887 779 906 a
802 878 903 906 nostris

510 926 654 964 fityiendsi.

252 1000 271 1020 1.
295 990 398 1020 Nullus
420 991 574 1029 religiosus
598 991 686 1029 (sicut
709 992 850 1031 praecipit
872 1001 957 1030 regu-

213 1037 254 1077 la)
278 1039 315 1069 sit
338 1039 401 1069 sine
424 1039 542 1078 proprio
558 1040 665 1079 officio,
684 1040 763 1071 iuxta
782 1041 955 1081 prudentem

213 1087 334 1126 praelati
357 1088 588 1127 dispositionem.

251 1144 281 1165 11.
317 1135 417 1166 Officia
450 1136 480 1166 in
513 1137 661 1167 communi
695 1137 794 1167 tabula
829 1138 955 1176 singulis

213 1183 403 1214 hebdomadis
426 1185 587 1224 aequaliter
609 1186 834 1225 distribuantur,
852 1190 880 1216 et
902 1186 956 1216 im-

213 1237 360 1272 ponantur
391 1233 527 1263 omnibus
560 1234 705 1272 religiosis
736 1239 793 1264 tam
818 1235 955 1274 praelatis

212 1291 299 1321 quam
322 1281 460 1319 subditis,
485 1286 513 1311 et
534 1282 615 1312 iuxta
639 1283 716 1312 vires
738 1287 766 1313 et
789 1284 954 1323 occupatio-

212 1340 263 1361 nes
286 1331 528 1369 uniuscuiusque,
557 1335 644 1370 prout
670 1332 699 1361 in
730 1336 830 1362 nostro
858 1342 956 1363 caere-

212 1379 331 1409 moniali
347 1379 531 1419 disponitur;
549 1384 576 1410 et
593 1380 804 1419 sacerdotibus,
823 1381 873 1420 qui
896 1381 953 1411 iam

213 1428 332 1466 triginta
366 1432 393 1458 et
426 1432 491 1458 octo
524 1438 615 1458 annos
648 1429 683 1459 ab
716 1429 815 1459 habitu
839 1435 954 1470 recepto

212 1477 412 1516 expleverint,
448 1477 541 1507 solum
575 1477 744 1517 imponatur
778 1479 953 1509 humilitatis

212 1526 360 1563 officiuim
384 1535 437 1555 nec
456 1525 575 1565 insuper
598 1527 701 1556 fratres
723 1527 801 1565 laici,
819 1528 869 1567 qui
891 1537 954 1558 eos-

212 1576 277 1606 dem
302 1576 422 1614 triginta
445 1580 509 1605 octo
532 1585 623 1606 annos
647 1576 762 1606 habitus
791 1577 952 1616 compleve-

211 1630 292 1663 runt,
316 1625 361 1655 vel
384 1625 408 1655 si
425 1626 580 1664 coquinae,
600 1626 645 1655 vel
669 1627 824 1665 pulsatoris
843 1627 876 1656 ad
893 1637 953 1657 ma-

213 1675 338 1704 tutinum
362 1678 390 1704 et
418 1683 502 1703 mane
525 1675 559 1703 ad
583 1675 743 1704 orationem
767 1685 890 1705 aurorae
913 1677 953 1706 os-

212 1723 276 1753 ficia
300 1722 484 1752 laudabiliter
507 1724 702 1760 exercuerint,
722 1725 952 1764 unumquodque

211 1782 263 1813 per
285 1773 437 1803 duodecim
461 1782 554 1802 annos
583 1773 712 1811 integros
741 1779 769 1803 et
798 1775 952 1804 continuos

211 1825 261 1852 aut
283 1821 385 1851 saltem
402 1830 452 1860 per
468 1821 554 1850 breve
574 1825 689 1860 tempus
705 1822 949 1860 discentinuatos‚

211 1870 395 1900 immediatos
411 1874 507 1899 tamen
526 1875 590 1908 post
609 1871 829 1909 professionem,
847 1880 952 1910 cogan-

212 1923 260 1949 tur
284 1919 400 1958 pulsare
425 1918 520 1947 media
536 1922 620 1948 nocte
639 1919 673 1949 ad
691 1920 879 1958 matutinum,
897 1930 950 1951 nec

211 1977 296 1998 mane
318 1968 353 1997 ad
377 1967 537 1997 orationem
561 1977 696 2005 aurorae,
717 1978 770 1998 nec
793 1969 827 1999 ad
851 1970 951 2009 coqui-

210 2026 277 2046 nam
300 2016 494 2046 destinentur.
529 2016 562 2046 Et
595 2016 790 2055 praecipimus
820 2017 950 2057 patribus

211 2065 362 2100 ministris,
386 2065 463 2104 quod
495 2064 564 2094 solis
595 2065 640 2095 liis
671 2066 724 2095 hoc
747 2067 831 2096 modo
854 2076 951 2096 exem-

211 2115 278 2154 ptis,
303 2122 331 2145 et
352 2114 423 2144 alias
446 2114 531 2153 aptis,
556 2123 629 2144 onus
645 2115 828 2145 committant
851 2121 949 2155 postu·

211 2164 289 2194 landi
326 2163 528 2201 eleemosynas
564 2163 706 2193 ostiatim.
744 2165 779 2194 Et
815 2165 950 2195 similiter

211 2213 407 2253 praecipimus
443 2211 576 2251 patribus
612 2213 840 2252 provincialibus
872 2215 948 2253 quod

213 2267 323 2293 tantum
348 2262 399 2292 bos
422 2262 478 2291 iarn
502 2262 543 2291 sic
566 2268 726 2301 exemptos,
744 2267 771 2293 et
789 2273 845 2293 non
865 2265 947 2303 alios,

211 2310 279 2341 licet
302 2311 439 2350 aptiores,
463 2310 497 2339 ad
521 2311 756 2348 procurationem
774 2312 950 2351 redemptio-

211 2359 276 2394 nis,
311 2359 461 2389 sacristiae
484 2359 631 2397 officium,
664 2360 949 2391 administrationem

213 2408 344 2438 laborum
368 2408 448 2446 agri,
473 2408 517 2437 vel
541 2408 595 2437 alia
629 2409 818 2447 huiusmodi,
842 2410 950 2449 eligant

212 2461 261 2487 aut
282 2457 445 2495 designent,
469 2466 522 2486 nec
538 2457 646 2495 eligere
664 2457 847 2496 permittant.
864 2458 951 2489 Prae-

213 2511 290 2537 terea
314 2506 417 2535 fratres
440 2505 517 2542 laici,
541 2506 590 2545 qui
614 2515 665 2545 per
687 2516 735 2535 sex
759 2516 862 2544 annom
887 2513 951 2547 post

212 2555 278 2586 illos
300 2554 472 2592 duodecim,
496 2555 658 2585 officiorum
681 2555 948 2596 administratoris,

212 2604 410 2645 procuratoris
442 2603 673 2643 redemptionis,
705 2604 948 2645 eleemosynarii,

283 2662 364 2691 Buta.
379 2662 466 2690 Rom.
481 2678 513 2681 —
534 2662 596 2691 Vol.
616 2662 718 2691 XXIV.
862 2664 895 2691 53

997 218 1041 243 xl1
1065 219 1116 242 1³1³.

997 271 1046 296 ant
1068 266 1208 296 sacristae
1239 266 1415 296 exercitium
1448 266 1635 296 laudabiliter
1664 276 1743 296 com-

998 315 1152 354 pleverint,
1170 319 1286 354 praeter
1309 315 1487 344 humilitatis
1509 315 1638 345 osticium
1664 315 1742 345 aliud

996 364 1056 393 illis
1078 363 1106 393 in
1130 364 1279 393 communi
1304 363 1403 393 tabula
1426 373 1483 393 non
1508 364 1677 402 imponatur
1701 364 1743 393 ul-

998 413 1098 442 terius.

1037 470 1077 490 111.
1103 461 1270 491 Praedictae
1294 461 1410 491 tabulae
1426 461 1520 491 officia
1545 471 1611 491 cum
1634 462 1742 500 magna

997 511 1068 538 cura
1090 510 1194 539 fratres
1217 510 1405 549 adimpleant.
1440 510 1521 545 Quod
1550 511 1574 540 si
1604 511 1668 550 quis
1692 520 1742 540 ur-

997 558 1076 596 genti
1106 560 1195 588 causa
1226 559 1384 597 adimplere
1416 559 1590 598 quandoque
1613 569 1670 589 non
1694 568 1742 588 va-

999 607 1110 645 luerit,
1147 608 1328 646 superiorem
1361 612 1492 646 tempore
1526 613 1591 647 apto
1626 612 1742 638 moneat

999 659 1029 685 ut
1051 655 1139 685 alium
1164 655 1342 693 substituat,
1372 655 1426 685 sub
1454 658 1545 695 poena
1569 656 1741 695 disciplinae

999 713 1055 733 non
1080 704 1221 734 monenti.

1184 797 1331 821 REGULAE
1358 797 1458 821 CAPL'T
1483 799 1551 822 XXV.

1038 851 1162 870 strenuum
1177 851 1305 870 observent
1320 855 1413 874 semper
1428 851 1450 870 ln
1465 851 1566 870 eccleis
1582 851 1630 873 sue,
1647 852 1686 870 eto

998 917 1095 947 CAPUT
1118 926 1186 947 xxv.
1205 934 1240 938 —
1263 916 1304 947 De
1324 917 1443 955 silentio,
1461 917 1604 955 clausura,
1621 921 1646 946 et
1666 917 1742 946 modo

1128 965 1258 995 servando
1280 966 1310 995 z'n
1332 966 1408 995 avitu
1429 975 1445 994 a
1466 969 1610 995 conuentu.

1038 1048 1057 1069 1.
1081 1039 1202 1069 Praeter
1234 1038 1296 1069 loca
1325 1038 1355 1068 in
1388 1038 1495 1078 quibus
1518 1039 1619 1077 regula
1641 1042 1741 1069 nostra

999 1087 1143 1126 praecipit
1160 1096 1275 1127 semper
1297 1085 1454 1117 observare
1470 1087 1632 1124 silentium,
1653 1087 1741 1117 etiam

998 1135 1211 1165 inviolabiliter
1233 1139 1366 1165 servetur
1388 1135 1417 1165 in
1441 1135 1576 1165 sacristia
1608 1141 1636 1166 et
1664 1136 1742 1165 clau-

998 1188 1077 1223 stro,
1102 1189 1130 1214 et
1152 1185 1275 1223 insuper
1298 1184 1327 1214 in
1357 1184 1436 1214 omni
1459 1185 1522 1214 loco
1544 1188 1677 1214 servetur
1703 1185 1742 1214 fa-

998 1239 1043 1264 cto
1076 1234 1159 1271 signo
1194 1238 1257 1272 post
1291 1233 1445 1272 prandium
1481 1237 1512 1263 ut
1542 1234 1672 1272 religiosi
1706 1235 1742 1264 ad

997 1282 1086 1312 cellas
1109 1291 1139 1312 se
1161 1282 1315 1312 conferant
1338 1292 1430 1321 usque
1460 1282 1495 1312 ad
1519 1292 1672 1321 vesperas,
1698 1283 1741 1313 vel

997 1331 1074 1361 aliud
1108 1331 1202 1361 simile
1235 1331 1373 1369 signum,
1408 1340 1522 1361 necnon
1546 1331 1581 1361 ab
1607 1332 1741 1362 examine

997 1380 1195 1411 conscientiae
1211 1384 1357 1410 nocturno
1373 1390 1465 1419 usque
1482 1381 1516 1410 ad
1540 1381 1668 1410 Primam
1684 1381 1741 1412 diei

997 1430 1160 1470 sequentis.
1184 1429 1296 1459 Licebit
1318 1434 1414 1459 tamen
1436 1429 1478 1459 eis
1500 1439 1566 1459 cum
1589 1431 1741 1469 superiore

996 1480 1041 1509 his
1058 1479 1240 1518 temporibus
1262 1479 1342 1518 loqui
1365 1488 1454 1518 super
1472 1479 1570 1519 aliquo
1591 1480 1668 1519 quod
1686 1479 1741 1510 dis-

994 1528 1066 1558 scrri
1084 1538 1142 1558 non
1166 1529 1269 1567 possit⁴

1034 1588 1065 1609 11.
1091 1578 1293 1617 Praecipimus
1309 1577 1432 1616 singulis
1448 1577 1594 1615 religiosis
1618 1578 1737 1615 nostris,

995 1628 1071 1667 quod
1094 1636 1147 1656 nec
1170 1627 1248 1656 inter
1281 1635 1322 1663 se,
1352 1635 1406 1655 nec
1439 1635 1504 1655 cum
1538 1626 1738 1656 saecularibus

995 1685 1123 1715 unquam
1146 1674 1346 1712 deambulent,
1377 1684 1431 1704 nec
1462 1674 1686 1704 confabulentur
1708 1675 1738 1704 in

995 1726 1134 1755 claustro.
1159 1724 1187 1754 Si
1218 1723 1265 1753 cui
1292 1734 1365 1763 opus
1387 1725 1475 1754 suerit
1508 1724 1633 1754 alterum
1668 1725 1739 1754 allo-

994 1774 1062 1813 qui,
1087 1774 1114 1803 id
1138 1773 1223 1802 saciat
1244 1772 1273 1802 in
1297 1773 1380 1810 aula,
1405 1773 1465 1802 sire
1488 1773 1551 1802 loco
1574 1773 1608 1802 ad
1637 1773 1664 1803 id
1690 1773 1739 1803 de-

993 1823 1099 1852 stinato
1122 1831 1136 1851 a
1159 1822 1323 1861 superiore,
1341 1831 1407 1851 cum
1425 1822 1504 1851 illius
1527 1822 1655 1852 licentia.

1033 1880 1073 1900 111.
1097 1871 1205 1901 Omnes
1228 1870 1359 1907 religiosi
1383 1875 1483 1900 mutuo
1510 1880 1540 1900 se
1563 1871 1672 1900 bonore
1695 1871 1737 1900 as-

994 1920 1114 1957 ficiant,
1145 1929 1203 1949 non
1228 1923 1323 1949 tamen
1354 1919 1408 1949 hoc
1439 1920 1488 1949 ssat
1519 1919 1737 1950 urbanitatibus

992 1969 1095 1999 alienis
1118 1969 1154 1998 ab
1178 1968 1343 1998 humilitate
1366 1968 1624 1998 discalceatorum.

1031 2027 1051 2048 1.
1079 2018 1192 2055 Singuli
1226 2017 1358 2056 religiosi
1391 2017 1421 2046 in
1455 2018 1579 2055 singulis
1613 2018 1735 2048 seorsim

992 2066 1124 2097 habitent
1152 2066 1246 2104 cellis,
1271 2065 1415 2105 aquibus
1449 2075 1506 2095 non
1540 2071 1643 2096 exeant
1674 2067 1736 2096 sine

992 2116 1108 2154 urgenti
1132 2114 1317 2152 necessitate,
1341 2115 1385 2145 vel
1419 2115 1453 2144 ad
1483 2116 1618 2153 chorum,
1649 2116 1737 2155 idque

992 2165 1164 2205 praesertim
1196 2164 1369 2194 observetur
1398 2164 1581 2203 temporibus
1613 2165 1734 2195 silentii.

1031 2224 1062 2244 11.
1087 2214 1190 2244 Nullus
1223 2213 1344 2243 alterius
1377 2213 1480 2242 cellam
1515 2214 1617 2246 (etiam
1650 2223 1737 2253 snpe-

991 2263 1088 2299 rioris,
1113 2262 1232 2292 absente
1255 2262 1332 2300 ipso)
1356 2262 1551 2299 ingrediatur,
1570 2262 1624 2291 sub
1641 2263 1737 2301 poena

991 2312 1162 2342 comedendi
1199 2311 1288 2341 semel
1325 2320 1414 2349 super
1451 2315 1569 2340 terram.
1592 2311 1673 2346 Quod
1711 2311 1734 2340 si

993 2360 1131 2400 privatim
1148 2361 1251 2390 cellam
1267 2360 1301 2389 de
1318 2364 1402 2389 nocte
1418 2359 1581 2397 intraverit,
1606 2360 1737 2399 privatus

991 2410 1028 2440 sit
1050 2419 1121 2440 voce
1144 2413 1172 2440 et
1195 2410 1258 2439 loco
1281 2418 1332 2448 per
1355 2417 1484 2438 mensem
1505 2418 1511 2445 3
1540 2408 1563 2437 si
1587 2412 1682 2437 autem
1706 2408 1735 2438 in

990 2458 1089 2498 aliquo
1111 2462 1258 2488 conventu
1281 2458 1411 2487 desectus
1441 2466 1507 2495 erga
1533 2456 1587 2486 boc
1609 2457 1736 2496 reperia-

993 2512 1051 2546 tur,
1075 2508 1220 2547 superior,
1247 2507 1282 2537 ad
1307 2507 1390 2536 illum
1418 2506 1585 2544 vitandum,
1618 2515 1736 2544 praece-

992 2561 1072 2597 ptum
1096 2557 1228 2596 imponat
1251 2560 1280 2586 et
1303 2556 1443 2585 maiorem
1465 2564 1600 2594 poenam.

1030 2615 1071 2637 ιιι.
1095 2606 1199 2638 Nullus
1222 2605 1257 2636 ab
1279 2604 1400 2636 alterius
1416 2604 1491 2636 cella
1506 2605 1639 2636 extrahat
1656 2604 1735 2637 codi-

1632 202 1701 244 417
1742 219 1795 246 An.
1814 218 1843 245 c.
1867 219 1934 247 1738

1780 1084 1809 1105 Da
1823 1058 1922 1108 Ξειιιέιιιιο.

1845 2037 1856 2049 ⁵,

1845 2050 1865 2058 ..

1774 2063 1805 2084 De
1824 2064 1930 2084 clausura.
