2232 3178
29 195 76 223 An.
91 192 120 221 C.
142 191 210 219 1740

98 1423 212 1449 Derogatio

31 1451 190 1472 contrariorum.

826 191 970 216 CLEMENS
994 189 1042 214 xl!
1067 191 1117 215 1¹1¹.

220 239 318 272 modo
343 249 404 283 pro
430 244 575 283 tempore
602 239 775 280 faciendas,
803 251 838 273 ac
864 240 959 272 desu-

220 302 280 335 per
305 292 521 325 conficiendas
538 293 674 333 litteras,
696 298 726 326 et
751 293 826 326 inde
849 298 960 325 secuta

222 356 454 389 quaecumque,
480 346 568 380 nulla
593 350 624 380 et
648 346 803 387 invalida,
824 346 960 379 nullius-

222 410 284 442 que
309 399 438 432 roboris
465 405 495 433 et
520 400 676 433 momenti
706 400 774 433 sore
810 405 842 432 et
873 409 960 439 esse,

222 457 319 496 teque
344 453 395 486 vel
417 459 616 487 memoratos
637 464 731 496 reges
753 462 960 485 successores

222 511 292 539 tuos
318 506 357 539 ad
383 506 567 540 docendum
588 507 626 540 de
644 506 761 539 litteris
782 505 960 549 praedietis

222 569 279 592 seu
317 559 389 593 illas
427 560 665 593 ostendendum
703 564 735 592 et
758 558 791 591 in
817 558 861 591 eis
886 568 961 591 eon-

222 617 309 644 tenta
327 623 552 655 quaecumque
569 612 811 645 iustificandum
828 611 961 644 minime

223 665 339 705 teneri,
359 666 414 699 sed
434 665 555 699 eisdem
583 665 811 708 praesentibus
838 669 960 697 tantum

221 718 266 750 uti
293 729 401 761 posse,
426 719 555 762 illisque
582 724 644 751 tam
663 718 695 751 in
720 718 840 751 iudicio
866 728 961 761 quam

224 776 314 805 extra
338 772 418 805 illud
444 772 521 805 stari
547 772 686 812 debere;
705 772 815 814 sicque
842 777 873 804 et
897 781 962 804 non

223 826 318 859 aliter
342 836 400 869 per
426 836 647 869 quoscumque
668 825 792 858 iudices
818 831 849 858 et
874 835 963 858 com-

223 879 402 920 missarios,
426 879 538 923 quavis
563 879 754 912 auctoritate
779 879 962 921 fungentes,

223 933 319 965 etiam
344 943 515 966 causarum
537 933 650 976 palatii
676 932 849 976 apostolici
875 932 965 965 audi-

223 991 325 1026 tores,
352 996 388 1019 ac
412 986 556 1019 eiusdem
582 986 613 1019 S.
644 986 681 1018 R.
708 986 743 1018 E.
767 985 962 1025 cardinales,

223 1039 350 1071 sublata
383 1039 429 1072 eis
467 1045 498 1072 et
533 1050 646 1072 eorum
684 1039 818 1071 cuilibet
854 1038 963 1081 quavis

223 1092 318 1125 aliter
342 1092 507 1125 iudicandi
546 1098 576 1125 et
600 1091 840 1135 interpretandi
868 1092 965 1124 sacul—

224 1150 286 1178 tate
312 1151 343 1178 et
367 1146 559 1178 auctoritate
576 1173 584 1186 ,
610 1145 744 1178 iudicari
776 1150 807 1178 et
836 1144 963 1177 definiri

223 1198 357 1238 debere,
391 1208 426 1231 ac
459 1199 586 1231 irritum
620 1202 650 1232 et
682 1198 776 1230 inane
813 1197 837 1229 si
870 1207 964 1230 secus

225 1261 324 1295 super
348 1251 399 1284 his
425 1262 442 1284 a
467 1261 632 1294 quoquam
649 1278 656 1291 ,
684 1250 794 1294 quavis
824 1249 965 1282 auctori-

224 1309 298 1345 tate,
324 1305 468 1338 scienter
491 1306 541 1338 vel
567 1304 767 1347 ignoranter,
788 1303 965 1346 contigerit

222 1358 387 1392 attentari.

267 1412 282 1455 §
306 1412 336 1445 5.
364 1412 435 1446 Non
455 1412 659 1446 obstantibus
678 1412 845 1456 quibusvis
871 1422 965 1455 gene.-

222 1465 347 1499 ralibus
381 1468 431 1500 vel
465 1466 660 1510 specialibus
693 1466 964 1499 monasteriorum

224 1526 255 1553 et
273 1520 488 1564 prioratuum,
506 1520 711 1564 aliorumque
728 1519 962 1553 beneficiorum

225 1573 465 1617 praedictorum
501 1573 778 1607 reservationibus
803 1583 858 1606 seu
884 1572 962 1605 ass'e-

224 1626 385 1659 ctionibus
417 1626 606 1670 apostolicis
643 1636 702 1670 per
738 1636 963 1669 quoscumque

224 1679 388 1713 Romanos
421 1679 594 1713 Pontifices
635 1680 867 1724 praedessores
898 1690 961 1712 no-

224 1738 311 1766 stros
331 1739 362 1766 et
380 1744 440 1767 nos
466 1739 498 1766 et
517 1733 632 1767 Sedem
654 1733 800 1766 eamdem
826 1743 965 1776 quomo·

225 1786 351 1819 dolibet
368 1786 457 1820 sactis
475 1797 530 1820 seu
556 1797 615 1830 pro
634 1791 781 1829 tempore
800 1785 964 1826 faciendis,

223 1849 352 1872 necnon
378 1839 594 1873 Cancellariae
612 1839 820 1883 Apostolicae
844 1839 965 1882 regulis

225 1892 321 1925 editis
347 1897 380 1927 et
404 1892 550 1933 edendis,
565 1904 601 1926 ae
622 1893 784 1936 quibusvis
802 1893 872 1926 aliis
890 1903 966 1936 apo-

224 1945 359 1988 stolicis,
378 1956 505 1980 necnon
523 1946 555 1979 in
577 1946 813 1979 universalibus
839 1946 966 1990 provin-

225 1998 426 2043 cialibusque
452 1999 596 2032 conciliis
622 1999 730 2041 editis,
757 1999 964 2042 generalibus

225 2052 275 2085 vel
301 2052 517 2096 specialibus,
545 2052 833 2086 constitutionibus
860 2058 891 2085 ct
916 2063 964 2086 or-

225 2105 466 2147 dinationibus,
492 2117 529 2139 ae
554 2116 836 2150 quarumcumque
862 2107 967 2139 eccle-

224 2159 345 2192 siarum
381 2166 413 2193 et
446 2160 741 2201 monasteriorum,
767 2159 965 2203 illorumque

225 2212 392 2254 Ordinum,
411 2213 508 2247 etiam
534 2214 727 2254 iuramento,
745 2213 966 2247 confirmatio-
982 2255 983 2258 Ἴ

225 2276 266 2299 ne
291 2266 487 2310 apostolica,
516 2267 565 2300 vel
591 2266 702 2310 quavis
726 2265 880 2299 firmitate
906 2266 966 2299 alia

225 2319 408 2361 roboratis,
433 2320 561 2353 statutis
595 2325 626 2353 et
650 2319 965 2360 consuetudinibus,

225 2373 407 2417 privilegiis
440 2383 572 2417 quoque
591 2400 599 2414 ,
625 2372 760 2405 indultis
786 2378 817 2405 et
849 2372 965 2406 litteris

225 2426 433 2470 apostolicis,
463 2426 557 2460 etiam
593 2425 719 2469 quasvis
745 2427 908 2459 clausulas
934 2431 965 2458 et

224 2480 461 2514 reservationes
487 2479 519 2512 in
549 2489 582 2512 se
615 2478 881 2519 continentibus,
906 2489 966 2521 per

226 2533 358 2567 eosdem
376 2533 645 2577 praedecessores
664 2542 700 2565 ac
720 2542 779 2565 nos
799 2537 830 2565 et
846 2531 964 2565 Sedem

226 2586 372 2622 camdem
398 2586 544 2620 ecelesiis
577 2591 608 2620 et
640 2585 865 2628 monasteriis,
895 2585 965 2619 illo-

1003 249 1140 283 rumque
1155 239 1556 283 capitulis,conventibus,
1576 239 1746 272 et'Ordini-

1002 292 1072 333 bus,
1092 293 1228 336 aliisque
1250 293 1396 336 personis
1411 292 1656 336 quomodolibet
1674 303 1747 325 con-

1003 346 1112 386 cessis,
1137 345 1334 379 confirmatis
1361 351 1392 378 et
1416 345 1600 385 innovatis,
1628 345 1745 388 quibus

1003 399 1155 432 omnibus
1174 404 1205 432 et
1222 399 1367 442 singulis,
1387 399 1511 432 etiamsi
1532 409 1591 442 pro
1613 399 1746 432 illorum

1004 451 1175 484 sufficienti
1195 452 1410 494 derogatione
1425 453 1463 485 de
1484 452 1548 485 illis
1571 462 1748 494 eorumque

1004 505 1078 538 totis
1105 505 1272 538 tenoribus
1297 506 1462 549 specialis,
1479 505 1629 548 specifica
1655 511 1685 538 et
1703 505 1748 537 in-

1005 558 1156 599 dividua,
1183 570 1218 591 ac
1244 559 1283 591 de
1310 560 1410 591 verbo
1437 559 1475 591 ad
1503 559 1649 599 verbum,
1680 568 1747 590 non

1005 616 1114 645 autem
1150 623 1211 655 per
1247 613 1412 645 clausulas
1448 613 1622 655 generales
1660 612 1746 644 idem

1005 665 1233 708 importantes,
1252 665 1372 698 mentm
1391 676 1446 698 seu
1466 665 1597 708 quaevis
1616 664 1677 697 alia
1697 675 1748 697 ex-

1005 718 1130 761 pressio
1152 718 1309 751 servanda
1330 718 1425 758 soret,
1448 718 1576 751 illorum
1603 717 1746 750 omnium

1007 776 1037 804 et
1058 771 1263 814 singulorum
1287 776 1417 804 tenores
1443 771 1670 814 praesentibus
1689 781 1747 814 pro

1006 826 1105 868 plene
1128 830 1158 858 et
1176 824 1373 857 sufficienter
1391 825 1552 868 expressis
1573 830 1604 857 et
1621 825 1659 857 ad
1678 834 1749 857 ver-

1007 878 1082 910 bum
1109 878 1240 910 insertis
1267 878 1442 915 habentes,
1461 877 1525 910 illis
1545 877 1623 910 alias
1641 877 1672 909 in
1692 887 1748 909 suo

1007 931 1125 964 robore
1151 930 1396 974 permansuris,
1428 931 1466 963 ad
1492 930 1748 973 praemissorum

1008 983 1167 1023 effectum,
1193 984 1253 1016 hac
1279 984 1345 1016 vice
1371 984 1543 1023 dumtaxat,
1562 982 1750 1026 specialiter

1008 1043 1039 1071 et
1060 1048 1223 1080 expresse,
1241 1043 1339 1077 motu,
1362 1037 1497 1070 seientia
1523 1042 1555 1069 et
1578 1035 1748 1080 potestatis

1007 1090 1211 1134 plenitudine
1226 1090 1370 1133 paribus,
1385 1090 1595 1132 derogamus,
1610 1095 1638 1122 et
1654 1089 1750 1132 plene

1009 1144 1199 1185 derogatum
1242 1153 1313 1176 esse
1354 1144 1530 1183 volumus3
1565 1142 1749 1185 ceterisque

1008 1197 1179 1231 contrariis
1205 1197 1480 1240 quibuscumque.

1052 1251 1066 1293 ἓ
1091 1251 1122 1283 6.
1151 1250 1304 1283 Volumus
1326 1255 1434 1282 autem
1461 1254 1495 1281 ut
1521 1254 1585 1282 tam
1605 1254 1636 1281 tu
1654 1259 1748 1292 quain

1008 1314 1215 1338 successores
1242 1303 1288 1335 tui
1314 1314 1406 1346 reges
1433 1303 1568 1346 praefati
1591 1303 1675 1335 intra
1696 1313 1749 1335 sex

1007 1367 1146 1398 menseS,
1166 1368 1183 1390 a
1201 1357 1251 1390 die
1269 1356 1447 1389 vacationis
1466 1356 1749 1397 monasteriorum,

1007 1411 1211 1454 prioratuum
1226 1437 1233 1450 ,
1271 1410 1476 1453 aliorumque
1516 1408 1751 1442 beneficiorum

1007 1463 1196 1497 huiusmodi
1222 1463 1475 1506 computandos,
1502 1473 1658 1506 personas
1683 1462 1751 1495 ido-

1007 1529 1085 1551 neas
1104 1517 1199 1550 nobis
1224 1522 1256 1550 et
1280 1527 1340 1560 pro
1364 1522 1509 1560 tempore
1528 1516 1672 1549 existenti
1691 1515 1751 1549 Ro-

1008 1583 1104 1605 mano
1127 1571 1274 1604 Pontifici
1298 1581 1358 1614 pro
1388 1570 1574 1611 collatione,
1595 1569 1751 1613 provisio-

1008 1636 1058 1666 ne,
1079 1635 1134 1658 seu
1161 1624 1353 1658 commend-‘⁴1
1380 1623 1558 1657 obtinenda
1580 1623 1749 1656 nominare

1008 1677 1143 1711 omnino
1162 1676 1351 1717 teneamini,
1370 1676 1456 1710 etad
1478 1675 1674 1709 monasteria
1692 1686 1749 1708 seu

1008 1731 1171 1775 prioratus
1197 1729 1385 1763 huiusmodi
1403 1729 1435 1762 in
1462 1729 1590 1762 titulum
1613 1729 1749 1762 concedi

1009 1785 1103 1818 solita
1139 1783 1250 1817 cleriei
1287 1784 1486 1822 saeculareS‚
1512 1784 1561 1815 vel
1600 1782 1747 1822 alterius,

1009 1849 1104 1882 quam
1128 1838 1319 1871 monasterii
1341 1848 1397 1870 seu
1416 1837 1588 1880 prioratus,
1604 1837 1642 1869 ad
1661 1836 1749 1879 quod

1008 1903 1062 1926 seu
1090 1902 1185 1935 quem
1221 1901 1278 1924 eos
1314 1901 1374 1934 per
1408 1895 1437 1923 te
1472 1891 1519 1923 vel
1546 1900 1750 1923 successores

1009 1952 1079 1979 tuos
1098 1955 1193 1988 reges
1214 1944 1400 1988 praedictos
1425 1943 1583 1978 nominari
1602 1943 1749 1985 eontige-

1009 2000 1063 2040 rit,
1090 1998 1220 2032 Ordinis
1245 2000 1413 2041 regulares
1436 1997 1636 2037 nominandi,
1658 1996 1751 2029 liabi-

1010 2058 1075 2085 tum
1094 2062 1154 2096 per
1171 2052 1284 2084 fratres
1302 2062 1359 2085 seu
1378 2051 1555 2084 monachos
1572 2050 1660 2083 illius
1680 2060 1750 2082 mo-

1008 2104 1142 2138 nasterii
1177 2115 1233 2138 seu
1270 2105 1435 2148 prioratus
1473 2103 1593 2147 gestari
1619 2103 1750 2136 solitum

1009 2159 1193 2203 suscipere,
1212 2163 1244 2191 et
1267 2158 1507 2202 professionem
1534 2168 1592 2201 per
1617 2157 1749 2190 eosdem

1009 2213 1124 2246 fratres
1151 2223 1207 2245 seu
1233 2212 1413 2245 monachos
1439 2211 1541 2244 emitti
1563 2215 1750 2244 consuetam

1010 2277 1164 2310 expresse
1190 2266 1352 2306 emittere,
1373 2276 1549 2308 omnesque
1576 2270 1606 2297 et
1631 2264 1749 2306 singuli

1010 2320 1166 2353 nominati
1204 2319 1360 2363 praedicti
1390 2329 1491 2362 super
1523 2316 1748 2356 monasteriis,

1009 2372 1205 2416 prioratibus
1242 2377 1274 2405 et
1311 2371 1382 2404 aliis
1416 2370 1580 2404 beneficiis
1610 2369 1747 2413 quibus-

1009 2436 1146 2469 cumque
1164 2424 1351 2468 praedictis,
1371 2424 1601 2466 cuiuscumque
1627 2422 1748 2455 valoris

1010 2479 1105 2511 annui
1143 2478 1237 2511 etiam
1270 2477 1394 2510 minimi
1430 2477 1588 2515 existant,
1627 2476 1750 2508 litteras

1009 2531 1206 2575 apostolicas
1239 2530 1445 2570 collationis,
1470 2528 1667 2571 provisionis
1693 2538 1750 2561 seu

1009 2584 1220 2620 commendae
1247 2584 1427 2628 respective
1462 2582 1519 2616 snb
1545 2581 1678 2626 plumbo
1704 2581 1751 2614 in-

1641 181 1705 215 603
1753 190 1802 216 An.
1821 189 1850 216 c.
1875 190 1942 216 ¹740

1834 1257 1944 1278 Terminus

1761 1286 1887 1304 consutum<
1906 1291 1944 1310 pro

1761 1316 1857 1336 personis
1879 1317 1945 1331 nunu-

1763 1337 1845 1358 nandis.
