2232 3178
251 258 298 284 An.
315 257 342 284 e.
367 256 432 283 1739
479 249 542 283 53ss
1024 256 1205 281 Bruanium
1230 255 1384 280 nomnen
1973 259 2021 285 An.
2039 259 2065 286 c,
2086 260 2151 288 1739
2198 269 2201 277 ¹

278 318 397 363 ξῑιιιμίρηῆι
415 319 434 338 m
489 307 504 349 g
530 306 561 338 Ξ).
600 306 720 339 Deinde
747 315 840 348 vero,
867 312 995 349 praeter
1023 311 1181 338 rectorem
1225 305 1360 338 Romani
1378 304 1552 338 Pontifices
1573 306 1841 349 praedecessores
1858 307 1962 340 nostri

251 351 277 364 51ss
292 351 306 363 l*
320 352 323 363 Ι
337 352 368 365 t'ffl
408 352 423 364 ΕΙ

251 372 292 390 mni
310 355 592 402 ainm-rm'aliosque
614 359 785 401 magistros
811 365 842 392 et
867 359 1044 399 ministros,
1063 358 1116 401 qui
1135 369 1182 391 sc·
1225 364 1473 398 concesserunt,
1501 358 1540 391 de
1569 359 1767 401 apostolicae
1793 359 1961 402 potestatis

251 404 293 418 rein
329 398 415 423 ssr¹*ltti*1›

250 430 336 449 nruputn
346 425 409 444 llurm·

264 1425 366 1445 Clementi
382 1429 432 1449 sup·

247 1453 347 1478 pli-:atum
364 1454 387 1471 ul.
400 1457 432 1471 re-

247 1482 301 1498 ctori
314 1478 434 1497 facultatem

248 1505 376 1525 ennemase-t
387 1505 431 1524 alu·

270 1537 300 1550 nis
320 1533 341 1550 ot
360 1537 431 1550 minii-

248 1557 341 1577 rioribus
367 1557 431 1577 dandi

248 1585 343 1604 lauream
359 1584 430 1604 docto·

248 1611 320 1631 talem.

414 408 552 445 {ildulam
589 412 792 444 alumnorum
829 412 1112 455 convictorumque
1149 412 1181 444 in

444 465 611 508 praedicto
649 464 826 497 seminario
862 475 920 496 seu
954 464 1094 506 collegio
1121 475 1180 507 pro

445 523 589 560 tempore
611 517 814 549 existentium
841 527 948 549 curam
975 523 1103 559 gerunt,
1132 528 1181 549 ve<

443 570 621 602 nerabilem
648 569 743 602 ctiam
771 570 898 602 fratrem
920 570 1104 602 Samuelem
1123 571 1180 603 Be-

444 633 591 655 roensem
618 622 920 665 archiepiscopum,
948 624 1021 666 qui,
1048 623 1181 656 huiusce

441 675 486 707 rei
506 675 720 707 instituendae
746 675 1034 719 conficiendaeque
1060 677 1098 708 ab
1125 677 1182 708 ini-

442 728 486 760 tio
512 727 605 760 nobis
631 733 760 767 auctor,
785 738 821 760 ex
859 728 1018 761 antedicta
1050 728 1180 761 natione

442 781 651 823 italo-graeca
667 781 834 821 oriundus,
849 781 1022 824 perfectam
1038 782 1180 814 omnium

442 834 586 866 eiusdem
612 834 717 876 gentis
743 844 849 866 rerum
878 834 1025 867 notitiam
1052 835 1181 874 doctus,

441 886 530 929 ipsos
557 886 753 927 instrueret,
779 887 878 920 saeris
904 886 1071 926 initiaret,
1098 891 1181 919 cete-

441 950 541 982 raque
568 940 606 972 ad
629 940 774 972 divinum
792 940 912 972 cultum
934 940 1181 982 adaugendum,

441 993 622 1026 catholicae
648 992 721 1026 fidei
755 993 1011 1026 stabilimentum
1047 999 1078 1026 et
1113 993 1182 1026 ani-

440 1056 564 1079 marum
583 1047 719 1079 salutem
740 1046 980 1089 procurandam
998 1052 1182 1089 opportuna
1203 1062 1204 1071 π

441 1105 474 1132 et
499 1099 684 1131 necessaria
716 1099 841 1139 obiret,
867 1099 972 1132 eidem
1007 1100 1181 1132 seminario

441 1159 473 1185 et
490 1153 630 1195 collegio
656 1153 833 1185 antistitem
857 1159 1087 1196 etsupremum
1114 1164 1182 1186 mo-

442 1206 623 1238 deratorem
646 1206 876 1248 praefecimus,
902 1206 1132 1239 constituimus
1152 1212 1182 1239 et

442 1259 687 1302 deputavimus:
713 1264 744 1290 et
779 1259 857 1292 alias
883 1264 980 1302 prout
1005 1259 1036 1291 in
1062 1259 1181 1292 nostris

442 1312 501 1343 sub
526 1311 662 1354 plumbo
695 1311 836 1354 desuper
873 1311 1031 1355 expeditis
1065 1311 1180 1344 litteris

442 1364 577 1397 uberius
604 1364 803 1397 continetur.

487 1419 503 1460 ξ
529 1417 560 1451 3.
588 1417 665 1451 Cum
691 1423 808 1458 autem,
828 1417 908 1451 sicut
926 1429 984 1462 pro
1002 1424 1095 1462 parte
1120 1429 1183 1452 mo-

443 1471 534 1504 derni
569 1471 706 1504 rectoris
743 1471 871 1513 collegii
905 1472 1062 1515 praedicti
1088 1472 1182 1505 nobis

442 1534 548 1567 nuper
572 1524 758 1567 expositum
787 1524 855 1563 suit,
881 1523 1001 1557 alumni
1027 1525 1184 1558 convicto-

442 1587 581 1620 resque,
609 1577 682 1620 qui,
708 1576 740 1609 in
777 1577 891 1610 eodem
928 1577 1101 1610 seminario
1126 1588 1183 1611 seu

444 1630 584 1672 collegio
610 1636 861 1670 commorantes,
889 1631 1122 1674 philosophiae
1147 1642 1184 1664 ac

445 1684 631 1725 theologiae
657 1694 790 1726 operam
817 1690 947 1723 navant,
967 1683 1053 1723 inde,
1071 1689 1182 1717 exacto

442 1736 677 1779 philosophiae
703 1746 738 1769 ac
764 1736 949 1779 theologiae
982 1743 1015 1769 ut
1040 1737 1184 1780 praeser-

443 1796 494 1822 tur
512 1789 687 1829 curriculo,
708 1795 873 1828 exeuntes,
893 1791 1037 1822 lauream
1058 1800 1184 1822 earum-

445 1842 518 1874 dem
545 1842 777 1882 scientiarum,
803 1852 882 1885 quas
908 1842 988 1875 inibi
1015 1842 1183 1881 ediscunt,

443 1895 476 1926 in
491 1895 562 1927 aliis
573 1895 712 1938 publicis
726 1895 1001 1935 universitatibus,
1015 1895 1181 1929 laureandi

445 1948 631 1981 facultatem
658 1948 949 1992 auctoritatemque
975 1948 1182 1988 habentibus,

445 2001 476 2033 in
503 2001 620 2044 quibus
646 2001 768 2034 alumni
798 2001 1066 2046 convictoresque
1091 2012 1184 2045 prae-

444 2055 520 2088 dicti
539 2054 686 2088 nomine¹
705 2056 854 2089 scientias
872 2055 1058 2089 huiusmodi
1082 2056 1184 2100 perci-

444 2118 523 2151 pere
549 2112 697 2151 possunt,
720 2109 810 2142 nullo
831 2114 926 2152 pacto
952 2108 1108 2152 consequi
1134 2120 1184 2142 va-

444 2162 553 2195 leant:
579 2160 673 2194 nobis
704 2166 878 2205 propterea
911 2162 1101 2195 eorumden]
1127 2172 1184 2194 no-

444 2213 531 2246 mine
548 2214 763 2257 supplicatum
786 2219 842 2255 est,
860 2220 895 2246 ut
922 2214 1059 2247 alumnis
1079 2215 1184 2247 convi-

444 2266 664 2309 ctoribusque,
686 2272 748 2299 tam
775 2268 815 2300 de
841 2267 1003 2310 praesenti
1036 2278 1130 2310 quam
1152 2267 1183 2300 in

446 2320 590 2351 futurum
608 2319 641 2351 in
667 2320 783 2352 eodem
801 2321 941 2363 collegio
960 2320 1183 2359 existentibus,

447 2373 594 2405 eamdem
627 2372 829 2415 apostolicae
866 2373 1077 2416 benignitatis
1107 2383 1181 2415 gra-

444 2426 542 2467 tiam,
570 2436 665 2469 quam
702 2426 839 2458 alumnis
874 2426 1184 2470 convictoribusque

446 2478 584 2511 aliorum
609 2477 848 2521 pontificiorum
885 2479 1123 2521 collegiorum,
1149 2489 1185 2512 ac

446 2531 637 2575 praesertim
664 2531 761 2564 huius
787 2532 888 2565 almae
914 2531 1007 2564 Urbis
1037 2536 1183 2573 nostrae,

485 2648 494 2674 1
519 2645 629 2674 Videtur
643 2646 751 2682 legend.
766 2647 883 2676 minime
895 2655 943 2684 pro
959 2647 1078 2676 nomine
1087 2647 1184 2683 (n.·r.).

1225 411 1428 454 plenitudine
1454 411 1584 454 elargiri
1607 412 1828 454 dignaremur.

1269 464 1283 506 ξ
1308 463 1339 496 4.
1359 463 1423 496 Nos
1442 464 1548 507 igitur,
1566 466 1711 497 volentes
1730 465 1807 508 ipsis
1826 465 1962 498 alumnis
2004 477 2102 506 Benigno·
2117 485 2153 501 an.

1226 527 1283 548 seu
1308 516 1549 549 convictoribus
1575 517 1846 560 quibuscumque,
1865 524 1896 550 et
1913 506 2017 551 cti-‘¹¹¹¹1
2032 505 2132 528 ¹'⁰¹¹¹'s⁰¹'

1226 569 1321 601 iusvis
1348 568 1484 602 nationis
1502 575 1533 602 et
1552 570 1630 602 ritus
1651 570 1873 610 existentibus,
1892 582 1963 614 gra-

1227 621 1301 653 tiam
1329 622 1435 654 facere
1461 622 1661 665 specialem,
1688 633 1866 665 eorumque
1891 624 1960 656 sin-

1226 675 1353 717 gulares
1374 685 1529 717 personas
1551 686 1567 707 a
1592 676 1762 718 quibusvis
1783 686 1965 709 excommu-

1225 728 1418 767 nicationis,
1455 729 1683 771 suspensionis
1715 734 1747 761 et
1778 730 1963 770 interdicti,

1225 780 1361 824 aliisque
1387 781 1617 814 ecclesiasticis
1642 781 1825 821 sententiis,
1853 791 1966 815 censu-

1227 834 1269 865 ris
1295 839 1327 866 et
1351 834 1488 876 poenis,
1515 844 1530 866 a
1556 834 1626 867 iure
1653 835 1701 867 vel
1734 834 1772 866 ab
1805 834 1938 868 homine
1955 862 1963 876 ,

1226 886 1337 929 quavis
1356 887 1529 920 occasione
1550 888 1599 920 vel
1619 889 1715 920 causa
1743 887 1826 926 latis,
1851 887 1876 919 si
1895 887 1966 931 qui-

1225 938 1283 971 bus
1307 940 1559 982 quomodolibet
1590 940 1766 973 innodatae
1797 940 1964 980 existunt,

1225 992 1263 1024 ad
1290 991 1439 1024 etl'ectum
1465 992 1686 1035 praesentium
1708 993 1874 1025 dumtaxat
1893 1003 1967 1025 con-

1226 1045 1440 1087 sequendum,
1460 1045 1576 1077 harum
1602 1045 1686 1078 serie
1712 1046 1919 1078 absolventes
1936 1051 1968 1078 et

1225 1097 1388 1130 absolutas
1410 1098 1479 1130 fore
1508 1103 1693 1137 censentes,
1720 1098 1967 1141 supplicationi-

1225 1150 1284 1182 bus
1312 1160 1426 1183 eorum
1451 1149 1582 1182 nomine
1600 1150 1692 1183 nobis
1711 1160 1808 1192 super
1826 1151 1889 1183 hoc
1905 1151 1967 1183 bu-

1225 1203 1344 1236 militor
1369 1203 1530 1246 porrectis
1556 1203 1721 1242 inclinati,
1747 1203 1906 1236 moderno
1936 1209 1968 1236 et

1226 1269 1284 1301 pro
1312 1264 1459 1301 tempore
1485 1257 1697 1290 existentibus
1729 1257 1803 1290 dicti
1829 1258 1968 1290 semina-

1225 1312 1262 1343 rii
1296 1311 1496 1354 italo-graeci
1532 1311 1657 1344 Corsini
1695 1310 1900 1350 rectoribus,
1931 1316 1968 1344 ut

1226 1365 1285 1408 ipsi
1314 1366 1352 1398 de
1378 1370 1496 1407 cetero,
1523 1365 1562 1398 de
1587 1374 1747 1397 consensu
1774 1369 1805 1397 et
1828 1365 1968 1398 auctori-

1227 1423 1290 1450 tate
1316 1418 1452 1461 praelati
1484 1422 1515 1450 et
1539 1428 1600 1461 pro
1625 1422 1773 1460 tempore
1799 1417 1966 1460 existentis

1226 1470 1379 1503 antistitis
1405 1471 1590 1504 huiusmodi
1609 1476 1644 1503 ut
1660 1470 1882 1514 praemittitur
1898 1481 1968 1505 mo-

1227 1524 1388 1557 deratoris
1415 1529 1447 1557 et
1473 1524 1707 1567 praesidentis,
1734 1525 1883 1558 alumnos
1909 1535 1966 1558 seu

1227 1577 1440 1618 convictores,
1467 1577 1520 1620 qui
1546 1577 1776 1621 philosophiae
1802 1583 1834 1611 et
1858 1588 1968 1612 sacrae

1229 1631 1416 1673 theologiae
1438 1641 1565 1664 cursum
1590 1631 1622 1663 in
1649 1631 1765 1664 eodem
1791 1630 1967 1664 seminario

1229 1683 1390 1725 integrum
1409 1693 1466 1725 per
1483 1694 1536 1716 sex
1555 1684 1668 1716 saltem
1695 1694 1798 1716 annos
1824 1684 1967 1726 comple-

1227 1735 1350 1775 verint,
1384 1741 1480 1778 atque
1507 1735 1538 1767 in
1563 1735 1678 1769 ultimo
1710 1735 1844 1769 biennio
1869 1736 1966 1768 etiam

1228 1789 1359 1821 lectioni
1385 1788 1499 1822 Sacrae
1536 1788 1722 1831 Scripturae
1757 1799 1816 1832 per
1852 1789 1966 1822 horam

1228 1841 1374 1885 quotidie
1411 1842 1615 1883 vacaverint,
1649 1852 1779 1875 necnon
1817 1842 1968 1875 omnibus

1228 1894 1438 1938 qualitatibus
1474 1894 1512 1927 ad
1549 1895 1580 1927 id
1619 1895 1786 1938 requisitis
1826 1895 1966 1938 praediti

1229 1948 1358 1987 suerint,
1384 1947 1423 1980 ad
1449 1947 1650 1980 doctoralem
1676 1952 1739 1980 tam
1766 1947 1798 1979 in
1823 1947 1968 1990 philoso-

1228 2001 1325 2045 phiae
1359 2012 1454 2045 quam
1486 2011 1596 2034 sacrae
1632 2000 1817 2044 theologiae
1853 2001 1966 2034 studiis

1228 2056 1373 2088 lauream
1411 2055 1602 2088 auctoritate
1642 2057 1751 2088 nostra
1787 2055 1967 2098 apostolica

1226 2108 1454 2152 promovendi,
1480 2108 1611 2151 illisque
1636 2108 1731 2141 solita
1756 2109 1884 2142 laureae
1909 2108 1968 2141 hu-

1228 2162 1367 2195 iusmodi
1393 2161 1532 2205 insignia
1557 2162 1766 2202 conserendi;

1271 2216 1286 2258 g
1311 2215 1342 2248 5.
1370 2214 1472 2258 thue
1498 2215 1543 2248 sic
1567 2215 1711 2258 promoti
1742 2221 1774 2249 et
1798 2215 2156 2270 demarati»‚affssssgl'gss'fflcu‘gf

1228 2269 1379 2302 omnibus
1406 2273 1438 2301 et
1462 2268 1599 2310 singulis
1625 2269 1813 2311 privilegiis,
1839 2275 2041 2312 praem-codu-

1228 2321 1357 2363 gativis,
1377 2321 1654 2364 praeeminentiis‚
1672 2321 1785 2363 gratiis
1810 2326 1841 2354 et
1862 2321 1968 2356 indul-

1229 2374 1281 2414 tis,
1301 2374 1419 2417 quibus
1445 2374 1511 2414 alii,
1533 2374 1587 2417 qui
1614 2375 1752 2406 lauream
1780 2374 1968 2408 huiusmodi

1229 2427 1259 2459 in
1286 2437 1490 2470 quacumque
1523 2427 1655 2470 publica
1684 2427 1778 2459 studii
1805 2428 1967 2470 generalis

1229 2478 1439 2512 universitate
1476 2479 1700 2522 susceperint,
1727 2484 1788 2512 tam
1816 2480 1854 2512 de
1880 2479 1965 2519 iure,

1227 2542 1285 2565 usu
1305 2537 1337 2564 et
1361 2532 1607 2571 consuetudine,
1625 2542 1719 2576 quam
1738 2532 1815 2565 alias
1833 2543 1968 2576 quomo-

1228 2585 1354 2619 dolibet
1389 2590 1539 2627 utuntur,
1564 2586 1713 2618 fruuntur
1749 2590 1782 2619 et
1809 2586 1967 2629 gaudent,

1228 2649 1264 2672 ac
1289 2638 1359 2681 uti,
1387 2638 1449 2672 frui
1474 2642 1506 2671 et
1529 2639 1671 2682 gaudere
1696 2644 1832 2684 possunt
1856 2644 1886 2674 et
1908 2649 1966 2684 po·
