2232 3178
772 362 1249 458 INDEX

419 580 694 632 NOMINUM
743 583 809 632 ΕΤ
861 584 1064 634 RERUM
1114 585 1582 635 PRAECIPUARUM.

431 1005 560 1027 NUMERUS
578 1009 701 1030 PAGINAM
722 1010 839 1037 INDICAT,
861 1013 878 1032 α
899 1012 1009 1032 PRIMAM
1030 1012 1199 1039 (201,UMNAm;
1222 1007 1237 1033 b
1257 1013 1403 1035 SECUNDAM
1424 1014 1571 1036 DESIGNAT-

226 1476 368 1511 Abbatia.
396 1496 438 1503 ·—
462 1477 552 1512 Circa
578 1477 770 1511 vacationem
802 1477 1000 1510 abbatiarum
1032 1478 1278 1512 obtinendarum
1310 1479 1341 1512 in
1365 1479 1615 1524 Congregatione
1643 1483 1766 1525 regula-

315 1531 398 1564 rium
423 1531 452 1564 S.
477 1531 647 1564 Salvatoris
672 1531 798 1564 Ordinis
822 1532 853 1563 S.
882 1531 1048 1573 Augustini
1080 1533 1291 1576 praescriptio
1314 1533 1476 1567 Benedicti
1502 1534 1567 1567 XIII
1599 1535 1767 1568 confirma-

318 1589 385 1625 tur,
410 1584 452 1618 68
476 1595 496 1617 α
521 1589 551 1617 et
574 1595 638 1628 seq.

226 1637 360 1671 Abbatia
383 1638 669 1671 arcliimandritalis
692 1639 743 1672 SS.
770 1639 957 1680 Salvatoris,
982 1639 1053 1671 vide
1077 1639 1129 1672 SS.
1155 1639 1336 1672 Salvatoris.

227 1691 409 1735 Acquaviva
433 1691 498 1734 (de)
518 1691 686 1725 cardinalis
711 1693 865 1725 Troianus
890 1692 971 1725 tituli
997 1692 1029 1725 S.
1048 1692 1214 1732 Caeciliae,
1238 1693 1310 1725 vide
1333 1693 1497 1726 Troianus.

226 1743 450 1777 Albanensium
488 1744 785 1778 Italo-Graecorum
822 1745 1047 1786 seminarium,
1072 1755 1127 1778 seu
1163 1745 1349 1788 collegium,
1377 1745 1503 1779 Corsimss
1533 1752 1765 1790 nuncupatum,

315 1796 379 1830 186
404 1807 444 1837 (Γ,
470 1798 542 1830 vide
567 1797 715 1840 Collegia.

226 1849 364 1882 Albanus
388 1849 537 1890 Annibal,
562 1849 631 1883 vide
655 1849 790 1883 Annibal
817 1850 966 1884 Albanus.

226 1903 444 1937 Aldovrandus
469 1903 649 1947 Pompeius,
677 1914 761 1937 nunc
785 1904 814 1937 S.
842 1904 877 1936 R.
906 1904 940 1937 E.
968 1903 1151 1944 cardinalis,
1177 1908 1251 1937 tunc
1275 1903 1399 1937 auditor
1427 1904 1588 1949 antiquior
1613 1905 1642 1939 S.
1669 1906 1765 1939 Rotae

314 1962 345 1990 et
374 1957 632 2001 archiepiscopus
666 1957 955 1997 Neocaesariensis,
981 1957 1022 1990 12
1047 1968 1083 1997 (13
1116 1957 1160 1990 illi
1194 1963 1298 1991 tamen
1328 1957 1498 1992 decanatus
1527 1958 1674 1993 auditorii
1705 1960 1763 1993 sub

313 2010 483 2043 Benedicto
507 2010 704 2043 adiudicatus
728 2010 803 2051 suit,
827 2011 903 2043 ibid.

225 2063 428 2097 Alternativa.
451 2082 495 2087 ——
517 2064 624 2102 Quoad
649 2064 866 2097 alternativam
892 2064 923 2096 in
949 2063 1120 2106 provinciis
1137 2063 1288 2097 Ordinum
1310 2064 1516 2107 regularium,
1537 2066 1606 2098 vide
1627 2065 1762 2099 Ordines

314 2117 476 2159 requlccres
500 2117 555 2150 sub
575 2118 718 2161 propriis
742 2128 850 2150 eorum
876 2117 989 2150 titulis.

226 2169 335 2203 Altieri
361 2171 492 2203 loannes
516 2170 653 2213 Baptista
676 2170 803 2203 auditor
827 2170 963 2203 cubiculi
988 2170 1155 2204 Clementis
1181 2171 1238 2203 PP.
1263 2171 1334 2211 XII,
1360 2171 1402 2204 74
1425 2172 1453 2204 b.

225 2223 370 2256 America
394 2222 614 2255 Meridionalis.
640 2242 681 2248 —-
707 2223 816 2256 Plures
841 2224 872 2255 in
898 2223 1081 2256 vastissimis
1106 2222 1191 2256 illius
1216 2223 1390 2267 provinciis
1415 2224 1533 2257 fundati
1560 2225 1646 2268 parvi
1672 2235 1763 2267 regu<

315 2277 396 2309 lares
420 2281 593 2309 conventus
618 2275 743 2309 Ordinis
768 2275 1025 2309 Praedicatorum
1043 2282 1073 2310 et
1089 2277 1214 2310 Ordinis
1232 2278 1443 2311 Eremitarum
1462 2278 1491 2311 S.
1510 2278 1692 2320 Augustini,
1714 2279 1761 2310 vol

316 2329 347 2361 in
370 2328 447 2362 locis
471 2339 488 2361 a
512 2328 689 2361 civitatibus
719 2328 809 2361 valde
840 2329 985 2369 remotis,
1009 2330 1057 2362 vel
1083 2329 1114 2362 in
1138 2330 1264 2373 oppidis
1288 2331 1392 2374 parvis
1422 2336 1452 2363 et
1484 2330 1672 2364 miserrimis
1704 2341 1761 2373 pro

315 2383 447 2416 utilitate
471 2381 626 2422 fidelium,
652 2383 666 2415 1
696 2382 732 2422 b;
760 2383 836 2415 item
860 2382 912 2414 alii
936 2382 989 2426 qui
1014 2383 1162 2416 dicuntur
1184 2384 1349 2426 prioratus
1373 2393 1431 2426 pro
1456 2383 1604 2416 Indorum
1637 2383 1762 2415 christi-

315 2436 456 2469 fidelium
481 2435 674 2477 assistentia,
693 2435 712 2468 02
738 2446 772 2475 α;
800 2445 910 2468 eorum
936 2435 1119 2479 suppressio
1144 2446 1160 2468 a
1186 2436 1280 2469 Paulo
1306 2437 1328 2468 V
1354 2436 1505 2476 intimata,
1523 2435 1576 2468 scd
1601 2445 1761 2479 nunquam

316 2489 493 2523 executioni
517 2488 718 2530 demandata,
742 2488 762 2521 2
787 2499 806 2521 α
832 2493 862 2521 et
887 2489 921 2527 b;
946 2488 1023 2532 ipsis
1047 2488 1153 2532 parvis
1170 2488 1377 2522 conventibus
1401 2493 1431 2521 et
1455 2488 1646 2532 prioratibus
1670 2487 1762 2532 privi-

315 2541 397 2586 legia
416 2541 573 2575 maiorum
599 2546 811 2575 conventuum
836 2540 1044 2583 vlndicantur,
1068 2541 1088 2573 3
1112 2553 1142 2576 a.

436 2603 519 2632 Buca.
534 2603 619 2632 Rom.
635 2618 670 2625 -—
696 2603 754 2632 Vol.
770 2602 874 2634 XXIV.
1054 2602 1089 2631 85
