2232 3178
436 197 500 231 706

394 260 515 295 CXCIX.
540 258 743 292 Confirmatio
768 257 885 291 decreti
910 257 1132 300 Congregatio-

482 313 529 345 nis
546 312 671 345 Rituum
697 321 792 354 super
811 310 1039 354 approbatione
1063 320 1133 342 sen-

484 365 598 398 tentiae
623 363 763 408 episcopi
790 363 986 395 Pisaurensis
1005 362 1043 396 de
1059 373 1132 396 casu

481 423 609 461 excepto
635 427 651 448 a
676 416 811 449 decretis
836 416 955 449 Urbani
981 416 1044 449 VIII
1069 416 1134 448 sive

481 471 519 503 de
559 471 646 502 cultu
692 468 937 501 immemorabili
983 470 1133 513 praestito

484 524 514 556 B.
540 522 722 555 Michclinae
740 549 747 564 ,
771 521 883 554 viduae
897 548 904 562 ‚
928 521 1131 563 Pisaurensi,

481 576 576 608 Tertii
602 575 727 608 Ordinis
751 574 850 612 sancti
872 574 1041 616 Francisci,
1058 571 1132 608 2932

395 630 449 664 CC.
475 629 671 672 Indulgentia
695 627 836 672 plenaria
872 627 1019 660 omnibus
1043 627 1130 661 chri-

481 680 684 721 stifidelibus,
701 680 755 724 qui
772 679 906 713 orationi
923 679 1133 722 Quadraginta

483 734 640 766 Horarum
664 733 695 765 in
711 732 851 765 ecclesiis
869 736 994 776 patrum
1015 731 1133 776 Capuc-

482 788 627 820 cinorum
651 786 860 826 interfuerint,
885 785 959 818 2⁶25.

492 841 727 875 Confirmantur
752 838 991 882 capitulationes
1007 848 1023 870 a
1040 848 1133 881 paro-

484 894 551 927 chis
586 893 687 926 almae
712 892 804 925 Urbis
835 892 944 931 factae,
969 895 1000 924 et
1019 890 1134 923 decre-

483 952 548 979 tum
574 956 670 989 super
687 945 798 978 iisdem
816 955 832 976 a
850 943 1000 976 cardinali
1017 943 1133 976 vicario

484 999 600 1032 editum
616 1026 623 1039 ,
648 1009 706 1042 pro
735 999 819 1030 bona
843 997 1015 1029 directione
1041 997 1134 1030 colle-

368 1092 373 1096 *
484 1052 527 1095 gii
548 1052 702 1084 dictorum
721 1050 946 1094 parochorum,
971 1048 1045 1081 226.

397 1105 478 1140 CCII.
505 1105 708 1138 Confirmatio
725 1104 900 1136 litterarum
920 1102 1136 1146 procuratoris

484 1159 640 1201 generalis
679 1157 803 1191 Ordinis
840 1157 994 1189 Minorum
1038 1155 1135 1188 sancti

486 1212 644 1245 Francisci
663 1211 939 1250 Discalceatorum,
957 1210 1070 1252 quibus
1087 1209 1136 1241 de-

485 1266 583 1298 clarat
612 1275 726 1296 novuiu
765 1269 953 1295 conventum
981 1267 1010 1295 et
1041 1262 1138 1294 eccle-

484 1319 560 1350 siam
576 1319 620 1350 55.
635 1318 684 1350 XL
697 1317 866 1360 Martyrum
882 1316 919 1348 de
932 1316 1014 1348 Urbc
1029 1315 1067 1347 ad
1082 1315 1137 1346 fra-

485 1378 549 1404 tres
572 1371 778 1403 Discalceatos
803 1369 938 1401 nationis
971 1368 1137 1411 Hispaniae

486 1430 515 1456 et
536 1424 696 1456 Indiaruin
722 1429 842 1454 tantum
864 1422 1032 1464 pertinere,
1058 1419 1134 1453 229.

397 1478 495 1512 CCIII.
528 1477 727 1510 Canonizatio
763 1476 796 1508 B.
823 1474 976 1507 Vincentii
1001 1484 1017 1506 a
1042 1474 1137 1505 Paulo

486 1530 661 1562 fundatoris
697 1529 955 1572 presbyterorum
992 1526 1138 1559 saecula-

486 1584 567 1615 rium
588 1581 846 1624 Congregationis
863 1579 1018 1612 Missionis
1035 1585 1065 1612 et
1081 1579 1137 1612 So-

487 1636 607 1668 cietatis
631 1635 811 1668 Puellarum
845 1643 926 1676 quae
959 1633 1138 1667 Charitatis

485 1694 718 1731 nuncupantur,
742 1686 818 1719 2:32.

397 1742 495 1776 CCIV.
523 1742 635 1775 Beatus
659 1741 791 1773 Ioannes
815 1739 1001 1772 Franciscus
1026 1738 1138 1780 Regis,

487 1794 649 1828 Soc'ietatis
684 1794 752 1825 lesu
787 1792 971 1835 presbyter,
1008 1796 1135 1824 sancto-

487 1858 556 1880 rum
588 1847 804 1880 confessorum
839 1844 951 1877 canoni
980 1843 1134 1877 adscribi-

489 1906 548 1941 tur,
573 1899 649 1932 246.

400 1954 480 1988 CCV.
507 1954 600 1988 Beata
624 1952 790 1987 Catharina
807 1952 907 1985 Flisca
923 1951 1052 1985 Adurna
1071 1961 1140 1984 san-

489 2013 610 2040 ctarum
630 2006 793 2038 viduarum
815 2005 887 2038 albo
904 2005 1139 2046 adnumeratur,

488 2061 649 2103 designata
685 2059 723 2092 ad
760 2059 826 2092 eius
862 2058 1060 2091 festivitatem
1089 2067 1140 2090 an-

488 2124 582 2146 nuam
608 2112 820 2156 peragendam
854 2112 904 2145 die
936 2122 976 2145 xv
1010 2116 1141 2155 septem-

489 2166 564 2206 bris,
588 2165 662 2198 ⁶261.

401 2219 495 2253 CCVI.
510 2217 710 2253 Canonizatio
728 2217 761 2250 B.
781 2217 919 2250 Iulianae
939 2216 1141 2250 Falconeriae

491 2271 588 2304 Tertii
612 2270 737 2305 Ordinis
773 2270 943 2303 Servorum
968 2270 1001 2302 B.
1028 2269 1141 2303 Mariae

491 2323 629 2367 Virginis
652 2322 849 2363 fundatricis,
873 2322 946 2356 274.

403 2378 510 2413 CCVII.
547 2376 739 2410 Beatificatio
773 2375 854 2409 servi
889 2375 943 2408 Dei
977 2374 1101 2418 Iosephi
1125 2385 1143 2407 a

491 2429 639 2464 Leonissa
657 2428 829 2462 sacerdotis
845 2438 993 2473 expresse
1010 2427 1143 2472 professi

492 2483 617 2516 Ordinis
644 2482 776 2516 fratrum
801 2481 958 2515 Minoi-um
989 2481 1020 2515 S.
1051 2481 1144 2514 Fran-

492 2536 567 2569 cisci
594 2535 854 2580 Capuccinorum,
878 2534 953 2568 ⁶287.

404 2590 525 2625 CCVIII.
553 2589 758 2625 Confirmatio
795 2588 913 2624 decreti
938 2588 1066 2634 capituli
1092 2599 1145 2633 ge-

394 841 463 875 CCI.

981 204 1160 229 BL'LLARIUM
1184 205 1265 229 ROMA
1271 205 1336 229 NUM

1270 257 1387 290 neralis
1411 257 1536 291 Ordinis
1562 258 1801 293 carmelitarum
1819 260 1923 294 Excal-

1272 317 1435 345 ceatorum
1471 322 1565 356 super
1600 312 1752 346 divisione
1786 319 1816 346 et
1842 318 1923 350 nova

1272 364 1485 407 assignatione
1517 370 1748 407 conventuum,
1774 377 1845 399 cum
1869 367 1924 400 im·

1272 417 1437 461 positione
1461 418 1606 462 perpetui
1630 418 1756 460 silentii,
1781 417 1857 452 ⁶288.

1186 469 1282 503 CCIX.
1297 469 1466 513 Ampliatio
1482 470 1595 503 indulti
1609 470 1753 513 Gregorii
1767 471 1829 512 XV,
1843 481 1927 504 nem-

1272 533 1310 566 pe
1330 522 1415 566 quod
1441 522 1553 555 fratres
1577 522 1774 556 Carthusiani
1797 533 1860 556 non
1881 534 1927 556 so-

1274 575 1338 608 lum
1365 575 1488 618 erigere
1512 575 1636 608 valeant
1666 576 1806 609 oratoria
1829 580 1859 608 et
1881 576 1926 608 al-

1274 627 1353 660 taria
1371 628 1401 660 in
1425 638 1535 661 eorum
1562 628 1702 671 granciis
1726 633 1756 661 et
1779 627 1926 662 domibus

1265 680 1305 713 'in
1329 680 1443 724 quibus
1468 681 1651 714 residebunt
1674 680 1855 714 sacerdotes
1878 681 1925 714 di-

1273 733 1314 766 cti
1339 733 1474 774 Ordinis,
1499 733 1553 766 sed
1578 733 1670 766 etiam
1695 733 1780 777 quod
1803 734 1842 766 ad
1865 733 1926 767 hu-

1271 783 1407 819 iusmodi
1431 785 1576 820 effectum
1593 786 1726 820 sufficiat
1742 786 1827 831 quod
1844 786 1927 820 dicta

1273 839 1422 880 oratoria,
1448 844 1525 880 etc.‚
1550 840 1673 874 visitata
1697 845 1728 873 et
1751 840 1928 884 approbata

1274 892 1335 924 sint
1351 902 1369 924 a
1386 893 1527 936 patribus
1550 893 1765 927 visitatoribus
1786 893 1927 927 eiusdem

1275 944 1410 985 Ordinis,
1434 945 1508 978 290.

1187 998 1267 1031 CCX.
1293 998 1467 1031 Nonnullae
1503 998 1717 1031 ordinationes
1749 1009 1808 1042 pro
1831 999 1928 1032 admi-

1274 1050 1461 1084 nistratione
1492 1051 1704 1084 bibliothecae
1739 1057 1770 1085 et
1794 1051 1928 1085 archivii

1275 1109 1447 1136 conventus
1472 1104 1501 1138 S.
1528 1105 1642 1137 Mariae
1666 1105 1703 1137 de
1727 1104 1869 1139 Aracaeli
1888 1104 1928 1138 de

1276 1156 1360 1190 Urbe
1384 1156 1509 1190 Ordinis
1532 1157 1666 1190 fratrum
1684 1157 1841 1190 Minorum
1861 1167 1930 1191 san·

1270 1210 1317 1253 >cti
1342 1210 1500 1243 Francisci
1523 1210 1561 1243 de
1585 1210 1787 1244 Observantia
1811 1221 1929 1244 nuncu-

1276 1269 1434 1306 patorum,
1460 1262 1533 1296 293.

1189 1315 1283 1349 CCXI.
1310 1316 1509 1358 Indulgentia
1533 1317 1609 1350 alias
1634 1327 1783 1350 concessa
1807 1316 1930 1350 visitan-

1276 1369 1360 1401 tibus
1396 1369 1543 1402 ecclesias
1577 1369 1838 1412 Congregationis
1861 1370 1929 1403 Mis-

1277 1422 1373 1454 sionis
1404 1427 1434 1454 et
1469 1422 1648 1455 Puellarum
1686 1422 1854 1456 Charitatis
1878 1423 1929 1456 die

1277 1485 1361 1508 xxvn
1387 1475 1575 1517 septembris
1603 1476 1779 1518 applicatur
1802 1476 1853 1511 die
1878 1486 1928 1510 xlx

1278 1528 1344 1560 iulii
1356 1528 1389 1560 B.
1403 1528 1567 1562 Vincentio
1583 1539 1600 1561 a
1625 1529 1722 1562 Paulo
1736 1540 1838 1570 sacro,
1851 1529 1925 1563 295.

1189 1581 1298 1615 CCXII.
1337 1582 1540 1615 Confirmatio
1569 1582 1854 1626 chirographorum
1879 1593 1930 1615 su-

1278 1644 1334 1677 per
1374 1634 1595 1668 distributione
1631 1635 1704 1670 salis
1739 1646 1760 1667 a
1794 1635 1930 1668 cartelta

1277 1689 1459 1730 nuncupata
1500 1687 1530 1720 in
1570 1688 1694 1721 civitate
1733 1688 1929 1721 Anconitana

1278 1750 1314 1772 ac
1338 1740 1421 1773 illius
1456 1745 1538 1773 statu
1570 1746 1600 1773 et
1633 1740 1783 1774 comitatu
1814 1741 1929 1774 facien-

1279 1793 1337 1833 da,
1361 1792 1436 1826 ⁶296.

1190 1846 1314 1881 CCXIII.
1339 1845 1505 1879 Restitutio
1530 1857 1585 1880 seu
1617 1857 1698 1879 nova
1722 1846 1840 1880 erectio
1861 1857 1932 1890 pro-

1279 1899 1401 1932 vinciae
1425 1899 1515 1942 regni
1534 1898 1704 1933 Hiberniae
1727 1900 1860 1932 fratrum
1878 1899 1930 1933 Or-

1239 1956 1241 1958 ’
1279 1952 1361 1985 dinis
1393 1952 1424 1985 B.
1454 1952 1568 1985 Mariae
1597 1952 1635 1985 de
1652 1952 1755 1986 Monte
1785 1952 1930 1986 Carmelo

1280 2005 1454 2039 strictioris
1486 2005 1706 2039 observantiae
1735 2005 1853 2039 dudum
1879 2016 1931 2039 re-

1280 2057 1467 2099 viviscentis,
1492 2057 1541 2090 cui
1565 2056 1785 2090 adiudicantur
1823 2067 1933 2091 omnes

1280 2115 1452 2143 conventus
1476 2120 1561 2143 nunc
1586 2110 1753 2143 existentes
1778 2114 1808 2143 et
1831 2110 1863 2143 in
1879 2120 1932 2154 po-

1279 2168 1397 2196 sterum
1423 2163 1644 2207 recuperandi,
1669 2161 1745 2196 305.

1192 2215 1318 2250 CCXIV.
1346 2215 1493 2249 Extensio
1529 2220 1559 2248 et
1583 2215 1745 2259 ampliatio
1781 2215 1933 2249 constitu-

1281 2268 1385 2311 tionis,
1410 2278 1490 2312 quae
1515 2268 1625 2312 incipit
1648 2268 1691 2302 In
1714 2278 1861 2312 supremo
1885 2268 1934 2301 iu-

1280 2323 1391 2355 stitiae
1413 2321 1506 2362 sotio,
1534 2326 1645 2355 contra
1668 2320 1843 2354 homicidas
1872 2320 1935 2354 edi-

1283 2380 1332 2408 tae
1355 2385 1414 2419 pro
1445 2374 1532 2409 Statu
1557 2373 1800 2417 Ecclesiastico,
1825 2373 1864 2407 ad
1889 2383 1935 2407 re-

1282 2438 1344 2472 gna
1368 2428 1602 2472 Hispaniarum,
1627 2426 1701 2461 308.

1195 2482 1300 2516 CCXV.
1326 2481 1529 2515 Patriarchae
1545 2491 1605 2525 pro
1622 2485 1765 2524 tempore
1780 2478 1934 2513 ecclesiae

1285 2533 1536 2579 Ulyssiponensis
1555 2532 1758 2568 occidentalis
1778 2537 1933 2576 perpetuo

1286 2587 1480 2631 conceditur,
1497 2587 1591 2633 quod,
1609 2587 1642 2621 in
1667 2585 1856 2624 concistorio
1879 2585 1934 2624 im-
