2232 3178
55 229 104 254 An.
121 226 150 253 C.
174 224 243 252 ¹735

66 2362 197 2383 facultatem
213 2361 249 2381 dat

66 2394 138 2409 sacros
164 2395 192 2408 or·
205 2396 223 2408 m

66 2416 194 2441 nme-tuendi
216 2422 248 2436 νι-
260 2407 444 2449 volueritis,
469 2408 501 2442 in
525 2409 667 2442 nomana
703 2410 791 2444 curia
828 2412 875 2444 vel
912 2416 1000 2443 extra

67 2445 98 2462 tra
114 2444 207 2468 tempora
217 2458 222 2466 ,

228 2392 249 2408 il!

249 283 285 306 ex
311 272 375 306 illis
399 272 551 306 omnibus
578 282 648 305 cum
675 272 752 304 cura
778 275 831 303 aut
852 271 992 314 dignitas

250 325 345 359 etiam
364 325 467 358 maior
492 330 524 358 et
546 325 750 369 principalis,
768 330 800 358 et
824 325 993 357 eanonica-

250 384 299 411 tus
326 384 358 412 et.
387 379 575 422 praebenda
596 406 603 420 ,
641 384 834 422 personatus
852 405 859 418 ,
893 377 993 410 admi-

248 431 361 465 stratio
386 432 436 464 vel
461 432 601 464 officium
628 432 745 472 fuerit,
772 436 802 464 et
827 434 864 464 ad
892 430 993 473 digni-

250 490 367 525 tatem,
403 491 638 528 personatum,
675 484 991 518 administrationem

249 539 298 572 vel
324 539 464 572 officium
483 539 673 572 huiusmodi
695 537 903 572 consueverit
921 537 993 581 quis

249 603 311 636 per
336 593 530 626 electionem
557 593 694 631 assumi,
722 592 817 635 eique
843 602 921 624 cura
948 596 993 623 et-

250 645 313 678 iam
328 645 594 679 iurisdictionalis
613 645 779 678 immineat
798 644 992 683 animarum,

252 699 298 732 et¹
326 699 422 732 alicui
443 705 585 732 vestrum
604 699 683 732 alias
704 699 862 732 canonice
884 698 993 731 eonfe-

250 759 381 793 rantur,
410 758 463 786 aut
495 752 632 796 quisque
665 758 806 785 vestrum
840 751 991 794 eligatur,

250 811 503 849 praesentetur,
541 811 595 839 aut
631 806 709 839 alitis
742 811 925 839 assumatur
954 805 992 837 ad

250 859 321 900 illa,
347 865 378 892 et
402 859 588 892 instituatur
613 859 643 891 in
671 860 729 899 eis,
755 859 920 902 recipere,
946 863 993 897 et,

251 912 426 945 dummodo
442 912 496 946 illa
513 913 621 945 onmia
640 912 722 956 (uno
741 912 901 955 excepto)
921 921 994 954 per-

250 966 396 999 sonalem
423 966 632 999 residentiam
658 975 723 998 non
749 965 925 1008 requirant,
945 964 994 996 in-

251 1019 368 1059 simul,
397 1019 503 1062 quoad
530 1019 695 1058 viveritis,
722 1019 891 1056 retinere,
921 1027 995 1050 nec-

250 1083 316 1106 non
342 1072 457 1112 etiam,
485 1073 637 1116 quamdiu
666 1071 759 1105 nobis
784 1069 994 1104 inservieritis

251 1131 386 1166 tantum,
407 1125 438 1158 in
463 1125 631 1159 beneficiis
653 1125 879 1159 ecclesiasticis
899 1125 994 1157 etiam

251 1180 370 1212 curatis
396 1180 482 1222 (non
510 1185 614 1212 tamen
640 1179 898 1223 parochialibus,
923 1189 996 1211 nee-

252 1233 371 1265 euratis
397 1235 472 1266 eura
498 1232 679 1265 animarum
695 1232 994 1275 parochianorum),
1015 1264 1016 1268 ,

1015 1274 1125 1313 ‘modi
1153 1280 1304 1313 facultate
1341 1290 1394 1312 vos
1431 1279 1617 1322 promoveri
1655 1279 1780 1319 facere,

251 1297 310 1330 per
333 1296 388 1319 vos
414 1296 473 1329 pro
499 1291 644 1329 tempore
671 1284 852 1328 respective
879 1285 995 1317 obten-

253 1340 316 1379 tis,
346 1339 442 1372 etiam
469 1338 507 1372 de
535 1339 615 1378 iure,
642 1343 778 1378 statuto,
807 1337 995 1370 fundatione

251 1393 300 1426 vel
331 1393 520 1436 privilegio,
546 1392 750 1435 personalem
783 1381 1018 1423 residentiam*

252 1446 516 1489 requirentibus,
544 1446 669 1478 etiamsi
696 1445 867 1487 dignitates
893 1444 924 1477 in
946 1455 995 1477 ca-

253 1500 457 1533 thedralibus
494 1499 589 1533 etiam
628 1499 890 1542 metropolitanis
926 1503 998 1542 post

252 1553 472 1596 pontificalem
500 1552 644 1585 minores
669 1563 705 1585 ac
731 1552 915 1594 collegiatis
945 1563 997 1585 ec-

253 1606 361 1639 clesiis
399 1606 583 1639 huiusmodi
621 1606 820 1649 principales
854 1605 996 1648 suerint,

252 1660 469 1704 personaliter
493 1660 637 1693 residere
657 1671 719 1693 non
736 1659 918 1699 teneamini,
938 1670 998 1692 nec

254 1724 312 1757 per
337 1714 482 1746 locorum
507 1712 695 1745 Ordinarios
714 1718 768 1744 aut
786 1712 996 1745 ecclesiarum

254 1767 442 1800 earumdem
480 1766 623 1811 capitula
659 1777 713 1799 seu
749 1767 878 1809 quosvis
916 1767 997 1799 alios

254 1821 293 1853 ad
327 1820 536 1853 residendum
575 1820 704 1853 interim
743 1820 773 1852 iu
808 1819 871 1853 illis
905 1819 996 1852 inviti

254 1873 408 1916 compelli
434 1873 573 1917 possitis,
593 1884 771 1917 omnesque
798 1878 828 1906 et
850 1873 997 1915 singulos

254 1928 471 1961 nihilominus
491 1934 670 1960 vestrorum
692 1927 927 1960 beneficiorum
946 1927 998 1959 ob-

255 1985 421 2014 tentorum
450 1982 595 2021 fructus,
622 1981 769 2014 redditus
800 1986 830 2013 et
858 1991 998 2024 proven-

256 2039 318 2074 tus,
346 2034 482 2068 durante
509 2034 643 2067 servitio
667 2034 849 2077 praedicto,
876 2037 998 2067 cumea

256 2087 439 2130 integritate
466 2088 770 2131 (distributionibus
797 2088 997 2131 quotidianis

258 2141 422 2175 dumtaxat
448 2143 617 2185 exceptis),
643 2153 713 2175 cum
740 2153 803 2185 qua
828 2142 901 2175 illos
925 2153 999 2186 per-

259 2194 411 2238 ciperetis
447 2196 473 2228 si
512 2196 546 2228 in
583 2195 704 2228 eisdem
741 2196 890 2229 ecclesiis
932 2196 999 2228 sive

259 2248 337 2281 locis
361 2249 574 2292 personaliter
600 2250 801 2289 resideretis,
817 2250 999 2293 percipere,

261 2301 387 2343 exigere
413 2308 444 2334 et
468 2303 597 2343 levare;

303 2354 318 2397 ἓ
342 2353 372 2387 4.
399 2355 441 2388 Ac
465 2356 621 2397 interim,
650 2358 699 2391 vel
725 2357 946 2401 postmodum,
972 2357 998 2389 si

260 2473 330 2496 eam
355 2473 373 2496 a
396 2472 601 2506 quocumque
626 2474 722 2506 quem
747 2464 926 2497 malueritis
947 2475 1000 2497 ca-

260 2515 384 2549 tliolico
410 2515 554 2549 antistite
580 2516 716 2559 gratiam
742 2523 773 2550 et
797 2517 1002 2551 communio-

260 2580 332 2602 nem
357 2569 503 2602 eiusdem
527 2569 618 2602 Sedis
646 2569 803 2611 habente,
830 2581 925 2616 quein
946 2572 1001 2604 du-

298 2634 308 2659 1
333 2631 422 2659 Potius
442 2632 500 2669 lege
521 2633 547 2661 :si
567 2641 613 2668 pro
634 2636 660 2662 et
678 2634 716 2669 (n.
734 2635 783 2669 τ.).

869 220 1012 247 effluens
1039 220 1085 244 x11
1110 221 1160 244 1³1³.
1699 210 1739 242 77

1036 269 1147 302 xeritis
1187 269 1375 312 eligendum
1400 295 1407 309 ,
1449 269 1487 301 ad
1528 278 1642 301 omnes
1682 269 1777 300 etiam

1035 333 1145 356 sacros
1171 328 1201 356 et
1225 323 1470 367 presbyteratus
1503 321 1636 355 ordines
1666 321 1778 364 aliqui-

1036 376 1095 409 bus
1121 376 1224 409 tribus
1257 376 1428 409 dominicis
1465 376 1513 408 vel
1550 375 1620 408 aliis
1656 374 1777 407 festivis

1037 429 1152 463 diebus
1173 457 1180 470 ,
1219 430 1314 462 etiam
1352 436 1440 462 extra
1478 435 1625 473 tempora
1658 441 1674 461 a
1707 428 1776 461 iure

1037 487 1169 522 statuta,
1196 482 1321 525 proprii
1348 482 1510 515 Ordinarii
1548 488 1602 514 aut
1637 482 1777 515 cuiusvis

1037 536 1170 569 alterius
1198 536 1326 569 licentia
1355 536 1494 579 desuper
1519 536 1650 569 minime
1668 536 1778 579 requi-

1036 589 1114 628 sita,
1143 589 1167 621 si
1194 588 1272 622 alias
1299 590 1336 621 ad
1363 589 1393 621 id
1420 589 1529 622 idonei
1560 589 1681 632 reperti
1711 590 1778 622 fue-

1037 642 1105 675 ritis
1133 642 1250 685 (super
1276 653 1339 685 quo
1366 643 1520 675 antistitis
1547 642 1777 676 conscientiam

1037 696 1252 739 oneramus),
1277 696 1484 739 promoveri,
1509 702 1540 729 et
1565 695 1706 739 promoti
1745 695 1778 728 in

1036 749 1100 782 illis
1127 749 1224 781 etiam
1250 749 1282 781 in
1314 749 1424 781 altaris
1463 749 1646 782 ministerio
1684 749 1780 781 mini-

1036 807 1155 840 strare,
1183 812 1327 842 necnon,
1355 802 1480 835 etiamsi
1507 802 1686 846 presbyteri
1714 802 1779 835 fue-

1037 855 1106 888 ritis
1124 882 1131 896 ,
1168 865 1204 888 ae
1237 855 1411 898 dignitates
1445 861 1477 888 et
1502 855 1605 888 officia
1629 855 1780 888 obtinue-

1037 909 1123 948 ritis,
1150 910 1239 951 leges
1277 915 1310 941 et
1346 909 1414 941 iura
1448 909 1554 942 civilia
1592 908 1685 941 etiam
1723 919 1780 951 pu-

1038 959 1122 993 blice
1149 959 1181 992 in
1208 959 1331 992 scholis
1358 965 1390 992 et
1415 960 1680 992 universitatibus
1712 965 1780 991 stu-

1039 1013 1165 1046 diorum
1203 1012 1429 1056 generalium,
1456 1014 1493 1046 ad
1520 1013 1779 1056 quinquennium

1039 1067 1212 1108 dumtaxat,
1235 1067 1413 1100 dummodo
1440 1066 1639 1109 trigesimum
1667 1066 1781 1099 aetatis

1038 1130 1161 1153 annum
1189 1130 1252 1153 non
1278 1120 1499 1160 excesseritis,
1527 1120 1654 1158 audire,
1681 1125 1727 1158 et,
1754 1119 1780 1151 si

1040 1174 1167 1206 habiles
1194 1179 1225 1206 et
1250 1173 1450 1206 sufficientes
1483 1173 1603 1216 reperti
1638 1173 1781 1213 fueritis,

1040 1227 1136 1260 etiam
1161 1228 1199 1260 ad
1226 1227 1414 1259 doctoratus
1442 1227 1577 1269 gradum
1603 1227 1635 1258 in
1672 1226 1782 1259 huius-

1039 1335 1174 1378 ipsaque
1200 1334 1271 1367 iura
1296 1333 1391 1367 ctiam
1418 1333 1549 1376 publice
1576 1334 1712 1372 docere,
1737 1339 1783 1366 at-

1040 1399 1101 1431 que
1140 1388 1277 1426 iudicis,
1309 1387 1455 1420 advocati
1493 1391 1525 1420 et
1561 1387 1782 1430 procuratoris

1040 1441 1193 1481 officium,
1214 1441 1245 1473 in
1264 1440 1370 1473 causis
1395 1440 1623 1473 ecclesiasticis
1649 1445 1681 1472 et
1706 1439 1783 1472 eivi-

1040 1493 1125 1527 libus
1152 1498 1298 1533 tantum,
1325 1502 1477 1526 exercere
1511 1492 1613 1525 libere
1639 1498 1670 1525 et
1694 1492 1782 1525 licite

1041 1547 1171 1591 possitis
1197 1553 1227 1579 et
1243 1546 1389 1585 valeatis,
1408 1546 1600 1578 auctoritate
1620 1550 1651 1577 et
1669 1551 1782 1577 tenore

1041 1601 1217 1644 praedictis
1235 1600 1274 1633 de
1294 1599 1444 1643 specialis
1468 1600 1552 1632 dono
1578 1598 1700 1642 gratiae
1723 1598 1783 1631 dis-

1040 1664 1225 1698 pensamus.

1084 1709 1098 1752 §
1123 1708 1152 1741 5.
1178 1708 1287 1741 Liceat
1312 1718 1444 1751 quoque
1471 1706 1561 1740 vobis
1587 1711 1619 1739 et
1649 1706 1784 1739 cuilibet

1041 1768 1183 1795 vestrum
1209 1762 1352 1805 aliquem
1379 1761 1532 1794 idoneum
1557 1765 1589 1793 et
1625 1760 1784 1803 approba-

1018 1821 1107 1849 ‘tum
1144 1817 1183 1848 ab
1218 1814 1390 1848 Ordinario
1426 1814 1641 1858 presbyterun
1674 1824 1783 1846 saecu-

1041 1870 1157 1909 larem,
1184 1869 1231 1902 vel
1265 1868 1403 1901 cuiusvis
1428 1867 1556 1900 Ordinis
1582 1866 1782 1909 regularem,

1017 1916 1019 1922 ⁴
1042 1923 1073 1955 in
1090 1928 1231 1956 vestrum
1251 1922 1373 1964 eligere
1391 1921 1622 1959 confessorem,
1639 1920 1704 1963 qui,
1722 1920 1785 1951 vitai

1042 1977 1217 2010 cuiuslibet
1242 1981 1382 2008 vestrum
1410 1975 1607 2014 comite,vos
1627 1979 1658 2006 ot
1676 1983 1786 2016 quein-

1042 2031 1123 2063 libet
1140 2035 1281 2062 vestrum
1303 2040 1318 2061 a
1340 2027 1508 2072 quibusvis
1527 2026 1785 2060 excommunica-

1043 2084 1158 2125 tionis,
1185 2081 1411 2126 suspensionis
1437 2087 1468 2114 et
1492 2080 1677 2119 interdicti,
1702 2079 1785 2111 aliis-

1042 2149 1105 2181 quc
1131 2135 1363 2170 ecclesiasticis
1390 2134 1569 2173 sententiis,
1589 2133 1735 2166 censuris
1755 2137 1787 2164 et

1042 2192 1169 2235 poenis,
1200 2202 1217 2224 a
1251 2191 1320 2223 iure
1346 2190 1394 2222 vel
1421 2189 1459 2221 ab
1486 2188 1618 2221 bomine
1637 2214 1644 2227 ,
1673 2185 1784 2230 quavis

1044 2245 1216 2279 occasione
1244 2244 1293 2277 vel
1319 2244 1414 2276 causa
1447 2242 1536 2281 latis,
1570 2247 1601 2273 et
1636 2251 1695 2283 per
1731 2249 1786 2272 vos

1043 2299 1191 2338 incursis,
1218 2303 1248 2331 et
1275 2296 1392 2340 quibus
1419 2306 1472 2328 vos
1499 2294 1592 2328 etiam
1610 2293 1785 2337 apostoliea

1044 2353 1236 2386 auctoritate
1263 2349 1432 2393 illaqueari
1460 2347 1643 2389 contigerit,
1662 2345 1785 2378 etiamsi

1043 2406 1208 2440 absolutio
1235 2405 1329 2438 nobis
1355 2408 1386 2436 et
1410 2401 1651 2435 suecessoribus
1668 2399 1785 2432 nostris

1045 2460 1196 2494 Romanis
1221 2456 1430 2491 Pontificibus
1456 2466 1513 2498 pro
1541 2459 1684 2496 tempore
1720 2452 1786 2485 exi-

1044 2514 1202 2548 stentibus
1216 2511 1405 2556 specialiter
1416 2510 1463 2542 vel
1476 2507 1787 2551 generaliterreser-

1045 2574 1115 2602 vata
1133 2567 1255 2605 existat,
1278 2570 1309 2597 et
1330 2572 1612 2607 quorumcumque
1638 2565 1786 2592 votorum

1046 2627 1076 2655 et
1112 2619 1273 2655 Ecclesiae
1312 2621 1561 2661 praeceptorum
1601 2620 1784 2657 transgres-

1789 218 1837 244 An.
1854 218 1881 243 C.
1906 218 1972 247 ¹735

1821 1715 1978 1735 Confi-<sarium

1794 1742 1885 1766 eligendi
1933 1748 1980 1761 rum

1795 1769 1919 1793 Opportunis
1948 1770 1978 1788 ta·

1794 1794 1907 1815 canantius
1922 1811 1926 1818 ,
