2232 3178
302 257 354 284 An.
371 249 399 277 c.
420 250 490 277 1738
536 242 601 274 446

499 302 545 327 cto
573 297 691 326 sabbato
724 301 791 325 ante
824 296 1002 335 prandium,
1026 299 1090 334 post
1112 304 1175 324 eam
1208 295 1242 324 il-

500 345 556 375 lico
579 354 679 375 onmes
702 344 829 382 religiosi
855 344 932 372 illius
955 343 1057 372 domus
1080 347 1167 381 atque
1195 352 1242 372 vo-

499 394 576 423 cales
602 397 721 432 pergant
745 392 1000 431 processionaliter
1022 401 1086 421 cum
1104 392 1194 421 electo
1212 392 1239 421 in

499 443 653 472 ecclesiam
676 446 828 471 cantantes
852 441 990 480 hymnum
1017 442 1051 470 Te
1073 441 1161 470 Deum
1182 441 1241 470 qu-

502 492 597 519 damus
612 514 619 526 ,
645 494 729 529 prout
753 490 780 519 in
805 489 933 528 capitulo
957 489 1086 526 generali
1109 489 1227 519 Ordinis

497 537 526 568 Si
543 543 641 567 autem
657 538 855 567 definitor-inin
875 538 1011 575 generale
1028 538 1156 575 Ordinis,
1174 547 1239 576 pro-

498 591 562 625 pter
585 586 660 616 bella
693 591 742 617 aut
776 587 847 616 alias
880 587 1105 624 urgentissimas
1139 595 1241 616 causas

496 635 539 664 illi
563 644 577 664 a
601 638 661 664 toto
683 635 850 664 delinitorio
866 635 995 673 generali
1013 635 1140 664 familiae
1158 644 1243 673 prac-

498 684 604 723 positas
618 685 638 720 ¹,
655 684 771 713 nemine
788 683 983 722 discrepante,
1009 683 1176 713 huiusmodi
1194 693 1240 712 ca-

497 733 623 771 pitulum
647 733 852 762 intermedium
882 733 1078 762 differendum
1111 733 1239 769 iudicet,

497 786 566 811 tunc
588 782 670 811 iuxta
694 783 785 821 ipsius
808 781 971 811 dclinitoris
986 782 995 798 ‘²
1019 781 1165 819 generalis
1188 781 1241 811 Or-

496 830 571 859 dinis
595 830 748 860 arbitrium
771 830 968 860 celebrabitur
996 830 1042 859 die
1065 830 1241 868 assignanda

499 878 534 908 ab
557 879 675 916 eodem,
704 879 749 909 vel
778 888 836 908 non
865 878 1062 908 celebrabitur
1091 878 1240 914 absolute,

497 932 524 957 et
546 931 616 958 tune
638 938 723 958 casus
744 938 801 957 non
824 927 1051 965 celebrationis,
1075 927 1170 967 ipsum
1193 928 1242 957 de-

498 976 660 1006 smitorium
684 976 820 1014 generale
843 976 960 1007 Ordinis
984 985 1034 1015 per
1057 976 1171 1006 litteras
1194 986 1241 1015 pa-

499 1028 594 1054 tentes
610 1034 624 1054 a
643 1025 777 1054 ministro
795 1025 925 1063 generali
942 1024 1109 1054 efformatus
1125 1026 1242 1055 nomine

500 1074 546 1103 sui
569 1074 726 1103 definitorii
752 1083 908 1113 prorogare
925 1078 952 1103 et
970 1074 1145 1104 confirmare
1163 1079 1241 1113 pote-

498 1123 537 1152 rit
559 1123 698 1152 canonice
721 1123 750 1152 in
774 1124 905 1152 futurum
930 1123 1089 1152 triennium
1113 1127 1142 1152 et
1165 1133 1241 1152 com-

498 1171 665 1202 missarium
689 1176 716 1201 et
737 1171 908 1201 definitores
928 1172 1080 1209 generales
1102 1172 1240 1201 familiae.

538 1230 566 1249 x.
592 1220 656 1259 Ipso
679 1225 776 1250 autem
799 1221 845 1250 die
868 1220 1019 1250 electionis
1049 1220 1243 1250 commissarii

498 1268 528 1298 in
551 1269 677 1307 capitulo
700 1269 874 1298 intermedio
901 1273 1118 1307 congregentur
1150 1269 1242 1308 ipsius

499 1318 624 1354 vocales,
642 1322 670 1347 et
685 1327 736 1347 sex
758 1317 927 1347 definitores
949 1318 1101 1356 generales
1116 1318 1243 1348 familiae

499 1375 533 1395 ex
555 1366 655 1395 eadem
678 1366 802 1404 eligant3
827 1371 855 1396 et
878 1367 970 1396 altera
993 1367 1038 1396 die
1061 1376 1241 1405 congregen-

500 1419 547 1445 tur
569 1424 670 1444 omnes
693 1415 722 1444 in
745 1415 813 1445 aula
845 1416 1016 1455 capitulari,
1040 1420 1068 1445 et
1089 1416 1113 1445 si
1135 1416 1242 1445 familia

500 1463 590 1493 suerit
622 1464 843 1503 intra-Hispana
859 1488 866 1501 ‚
891 1465 1017 1503 primum
1041 1465 1129 1502 eligat
1160 1464 1244 1494 mini-

499 1516 593 1542 strum
626 1513 718 1542 nostri
746 1516 908 1542 conventus
937 1513 1050 1543 romani
1074 1513 1104 1542 S.
1129 1513 1241 1551 Caroli,

499 1564 528 1590 at
550 1561 620 1591 licet
647 1561 866 1601 intra-Hispana
899 1571 957 1591 non
991 1562 1044 1599 sit,
1069 1562 1157 1600 eligat
1190 1562 1244 1591 mi-

498 1609 625 1639 nistrum
658 1610 750 1640 nostri
783 1610 898 1649 collegii
928 1611 1042 1640 romani
1071 1611 1106 1640 de
1135 1610 1242 1650 Propa-

500 1658 596 1696 ganda
618 1659 698 1689 Fide.

540 1716 579 1738 xi.
604 1708 767 1747 Capitulum
790 1708 927 1746 generale
950 1708 1159 1738 intermedium
1179 1709 1244 1738 nul-

500 1755 542 1786 las
564 1756 636 1786 alias
658 1757 816 1787 electiones
840 1758 934 1787 facere
958 1758 1075 1797 poterit:
1100 1758 1175 1792 ideo,
1196 1758 1242 1787 his

501 1805 613 1843 finitis,
637 1815 724 1844 agere
754 1805 840 1836 debet
861 1807 895 1836 de
918 1806 1118 1845 redemptione
1141 1811 1168 1836 et
1194 1806 1243 1836 ob-

501 1855 666 1893 servantia,
690 1856 844 1895 facereque
867 1856 1066 1886 ordinationes
1089 1861 1115 1886 et
1137 1860 1243 1886 statuta

502 1913 553 1943 pro
577 1905 630 1933 sua.
651 1904 782 1941 familia,
806 1913 881 1943 quae
915 1905 1036 1934 minime
1059 1909 1244 1944 opponantur

502 1951 587 1982 sactis
610 1961 624 1981 a
648 1953 776 1991 capitulo
799 1953 929 1991 generali
953 1953 996 1982 vel
1015 1954 1181 1983 definitorio
1197 1963 1246 1991 ge-

502 1999 596 2028 nerali
618 1998 757 2034 Ordinis,
781 2004 867 2038 atque
896 1999 951 2029 sibi
984 2000 1092 2038 eligere
1125 2000 1244 2030 chroni-

503 2051 577 2076 stam
602 2057 653 2086 pro
677 2050 737 2077 tota
759 2050 813 2077 sua
834 2048 957 2077 familia.

542 2104 592 2125 xn.
617 2096 758 2126 Omnibus
781 2097 907 2135 peractis
924 2119 931 2133 ,
955 2097 1173 2126 commissarius
1196 2106 1245 2126 no-

503 2143 577 2173 viter
598 2144 710 2174 electus
731 2154 797 2174 cum
821 2149 879 2174 toto
907 2145 1033 2184 capitulo
1060 2145 1246 2184 repromittat

502 2191 722 2229 obedientiam,
746 2202 869 2232 eamque
903 2194 1052 2232 promittat
1088 2195 1243 2233 specialem

503 2245 631 2280 tempore
655 2242 700 2271 sui
724 2242 854 2272 muneris
876 2243 1021 2282 superiori
1044 2243 1173 2280 generali
1194 2243 1245 2273 Or-

504 2289 599 2328 dinis;
624 2294 652 2320 et
675 2294 773 2329 postea
797 2295 890 2320 totum
913 2291 1075 2330 capitulum
1092 2291 1246 2321 confirmet

503 2338 595 2378 patris
617 2339 811 2369 commissarii
833 2339 1027 2369 electionem:
1051 2341 1155 2370 deinde
1178 2350 1246 2371 con-

504 2387 600 2417 firmet
624 2388 711 2418 etiam
735 2388 867 2426 singulas
890 2389 1064 2427 electiones,
1090 2399 1162 2428 quas
1178 2390 1246 2420 fecit

502 2437 659 2475 canonice3
684 2442 712 2467 et
730 2437 801 2468 siant
826 2438 1018 2477 legunturque
1041 2448 1115 2478 quae
1138 2439 1246 2468 sacien-

502 2485 537 2515 da
561 2490 588 2515 et
609 2486 731 2524 legenda
747 2490 815 2516 sunt
832 2486 860 2516 in
878 2486 1005 2526 capitulo
1021 2487 1149 2525 generali
1166 2489 1245 2517 iuxta

503 2533 612 2564 ibidem
635 2535 724 2565 dicta.

540 2594 551 2619 1
575 2592 666 2619 Potius
686 2592 745 2627 tege
761 2594 927 2628 propositas
945 2595 987 2626 (n.
1005 2594 1054 2628 Τ.).

538 2637 555 2664 2
574 2637 686 2666 Videtur
705 2638 851 2674 legendum
870 2639 1031 2675 definitorii
1049 2641 1090 2675 (n.
1107 2639 1156 2676 L).

1089 246 1270 271 BULLARlUM
1293 246 1451 270 ROMANUM

1324 304 1385 324 xm.
1409 295 1554 324 Dissoluto
1571 294 1711 334 capitulo,
1727 294 1902 334 capitulares
1917 303 1947 324 se
1964 303 2027 324 mu-

1284 347 1331 373 tuo
1354 344 1486 373 fraterna
1507 344 1648 373 charitate
1678 343 1903 382 amplexentur,
1937 347 1965 373 et
1995 342 2025 373 in

1261 414 1263 416 r
1283 401 1351 421 suos
1374 396 1535 422 conventus
1558 392 1796 431 proficiscantur.

1326 449 1382 469 xiv.
1419 440 1499 469 lllico
1535 444 1562 469 et
1595 440 1813 479 quamprimum
1849 439 2025 469 secretarius

1285 489 1334 528 qni
1357 489 1444 518 suerit
1466 488 1624 518 definitorii
1647 489 1786 524 familiae,
1807 488 1961 518 certiorem
1984 489 2026 518 fa-

1285 538 1342 567 ciat
1365 538 1531 567 ministrum
1555 538 1721 575 generalem
1744 537 1861 567 Ordinis
1883 537 1917 567 de
1934 537 2026 567 omni-

1284 586 1337 615 bus
1360 585 1553 615 electionibus
1586 589 1614 615 et
1643 586 1677 615 de
1710 585 1937 625 repromissione
1959 585 2028 615 obe-

1285 635 1413 664 dientIae
1436 635 1567 664 moderni
1590 635 1784 664 commissarii
1802 635 1958 673 generalis,
1976 634 2026 674 qui

1284 683 1419 713 omnibus
1435 683 1549 713 noviter
1565 683 1664 713 electis
1684 684 1797 713 tradere
1814 683 1898 714 debet
1914 683 2026 714 litteras

1284 733 1468 762 authenticas
1490 742 1559 762 suae
1582 733 1744 762 electionis.

1325 791 1343 811 1.
1370 781 1400 810 ln
1424 790 1510 817 casu,
1535 791 1592 820 quo
1610 781 1762 820 eligendus
1781 781 1818 811 sit
1833 780 1958 811 vicarius
1978 789 2024 818 ge-

1285 829 1392 859 neralis
1422 829 1538 860 Ordinis
1571 835 1689 869 propter
1721 830 1863 870 desectum
1898 827 2026 858 ministri
2046 850 2058 870 g

1479 886 1510 910 ut
1532 881 1660 910 diximus
1680 902 1687 914 ‚
1713 879 1792 919 prior
1814 877 1950 908 definitor
1979 871 2176 915 ge-⁸⁰‘¹⁴'‘³¹¹¹'¹¹'·

1284 880 1429 918 generalis
1447 905 1454 918 ,

1286 929 1392 958 neralis
1414 929 1533 959 Ordinis
1551 953 1558 967 ,
1585 933 1653 959 tunc
1676 932 1823 967 superstes
1841 950 1848 964 ‚
1872 926 1918 956 cui
1951 934 2028 955 com-

1286 978 1358 1015 petit
1380 978 1408 1007 in
1432 987 1465 1007 eo
1488 987 1556 1007 casu
1578 977 1743 1016 gubernare
1765 979 1855 1005 totam
1885 973 2026 1004 familiam

1286 1031 1316 1055 ut
1333 1026 1468 1064 superior
1486 1026 1633 1064 generalis
1648 1025 1778 1060 Ordinis,
1799 1032 1891 1062 usque
1907 1021 1943 1052 ad
1959 1029 2029 1051 con-

1285 1074 1480 1104 firmationem
1504 1074 1570 1104 novi
1594 1073 1692 1103 vicarii
1715 1071 1871 1110 generalis,
1891 1078 1941 1109 per
1960 1077 2028 1098 suas

1286 1123 1398 1152 litteras
1421 1123 1584 1152 vocatorias
1607 1125 1765 1160 congreget
1788 1128 1888 1150 omnes
1913 1117 2027 1147 vocales

1285 1181 1354 1201 suae
1384 1172 1533 1209 familiae,
1561 1172 1611 1211 qui
1643 1178 1822 1201 concurrere
1856 1171 2029 1198 tenerentur

1285 1224 1313 1249 et
1343 1222 1484 1260 possent²
1507 1221 1531 1250 si
1558 1221 1588 1250 in
1617 1221 1652 1249 ea
1677 1219 1790 1249 familia
1817 1215 2028 1247 celebrandum

1285 1269 1516 1307 intermedium,
1555 1269 1747 1308 designetque
1780 1267 1898 1297 domum
1929 1269 2026 1304 aptam

1286 1318 1372 1346 etiam
1396 1323 1476 1348 extra
1503 1318 1669 1357 principum
1699 1316 1797 1346 curias
1821 1324 1872 1354 pro
1899 1313 2028 1344 celebra-

1287 1366 1363 1395 tione
1387 1367 1636 1405 congregationis,
1662 1370 1693 1396 ut
1716 1366 1745 1395 in
1759 1366 1794 1395 ea
1813 1366 2030 1402 congregentur

1286 1418 1416 1454 tempore
1439 1420 1527 1455 apto,
1559 1416 1593 1445 ad
1622 1416 1714 1455 ipsius
1746 1414 1918 1448 arbitrium,
1951 1407 2032 1443 itaut

1286 1465 1502 1503 quamprimum
1526 1465 1575 1494 siat
1598 1464 1698 1494 vicarii
1721 1463 1867 1502 generalis
1891 1461 2010 1492 electio.

1326 1522 1356 1542 n.
1374 1513 1402 1543 Si
1420 1513 1623 1543 definitoribus
1639 1512 1825 1551 generalibus
1836 1511 1964 1547 Ordinis,
1979 1509 2031 1539 illo

1289 1566 1317 1592 et
1339 1562 1396 1592 alio
1419 1562 1559 1601 exceptis,
1584 1562 1748 1592 constiterit
1771 1561 1848 1600 quod
1871 1569 1921 1600 per
1943 1559 2032 1589 omis-

1287 1612 1399 1641 sionem
1423 1617 1472 1641 aut
1494 1611 1669 1641 industriam
1693 1611 1833 1650 praedicti
1857 1608 1942 1649 primi
1961 1607 2032 1638 defi-

1288 1661 1391 1690 nitoris
1414 1660 1580 1690 retardatur
1602 1660 1789 1698 congregatio
1812 1662 1840 1689 et
1862 1657 1964 1688 vicarii
1985 1665 2032 1695 ge-

1287 1709 1394 1738 neralis
1417 1709 1541 1743 electio,
1566 1708 1692 1738 liberum
1721 1708 1759 1738 sit
1786 1708 1844 1737 illis
1872 1707 1907 1736 ad
1929 1706 2032 1737 Sedem

1291 1758 1488 1796 Apostolicam
1512 1758 1679 1787 authentice
1695 1765 1860 1794 accurrere,
1878 1760 1937 1786 uta
1954 1755 2030 1785 Pon-

1289 1807 1367 1836 tisice
1390 1806 1553 1836 destinetur
1582 1806 1707 1835 vicarius
1737 1805 1880 1844 generalis
1902 1803 2031 1835 Ordinis.

1332 1864 1372 1885 in.
1397 1855 1566 1884 praedictus
1588 1855 1724 1884 definitor
1747 1855 1858 1893 primus
1879 1853 1934 1883 erit
1950 1861 2033 1892 prae-

1289 1913 1334 1934 ses
1358 1903 1443 1932 huius
1472 1903 1729 1941 congregationis,
1756 1903 1784 1932 in
1818 1911 1874 1942 qua
1902 1901 2033 1940 imponat

1291 1957 1480 1992 pracceptum
1498 1952 1532 1981 ad
1552 1952 1758 1991 impedimenta
1775 1950 1945 1988 detegenda,
1961 1958 2032 1979 eun-

1291 2006 1395 2040 ctaque
1418 2001 1473 2030 alia
1497 2005 1688 2030 exerceantur
1704 2008 1777 2038 quae
1796 2007 1933 2029 exercere
1948 1997 2033 2028 dehet

1289 2059 1409 2089 praeses
1431 2049 1643 2087 cuiuscumque
1665 2048 1795 2087 capituli.

1329 2107 1370 2128 iv.
1394 2098 1425 2127 In
1450 2097 1601 2136 praedicta
1615 2096 1841 2135 congregatione
1863 2096 1934 2126 fiant
1952 2104 2033 2125 scru-

1290 2146 1361 2176 tinia
1385 2146 1575 2184 eligibilitatis
1598 2155 1691 2185 usque
1714 2145 1748 2175 ad
1771 2153 1925 2175 numerum
1948 2144 2033 2184 quin-

1289 2204 1346 2234 que
1368 2194 1567 2233 eligibilium,
1593 2199 1678 2233 prout
1700 2194 1730 2223 in
1753 2193 1889 2233 capitulis
1911 2201 2032 2231 genera-

1289 2244 1377 2274 libus.

1332 2302 1359 2322 v.
1383 2292 1452 2321 Post
1469 2291 1587 2321 missam
1603 2291 1762 2321 solemnem
1781 2291 1816 2321 de
1831 2290 1942 2330 Spiritu
1961 2291 2033 2321 San-

1290 2345 1353 2379 cto,
1385 2344 1412 2370 et
1439 2345 1536 2370 cetera
1566 2339 1752 2379 praeambula
1788 2349 1862 2379 quae
1899 2339 1974 2369 siunt
2001 2339 2032 2369 in

1290 2389 1443 2429 capitulis,
1467 2389 1517 2418 siat
1545 2388 1648 2418 electio
1670 2388 1772 2418 vicarii
1795 2388 1940 2426 generalis
1966 2391 2033 2418 ante

1291 2438 1463 2478 prandiumg
1488 2447 1543 2476 qua
1574 2437 1670 2475 sacta,
1695 2437 1861 2467 immediate
1889 2441 1954 2476 post
1975 2436 2034 2467 ele-

1290 2488 1416 2518 ctionem
1445 2490 1567 2525 pergant
1598 2486 1851 2525 processionaliter
1880 2486 1908 2516 in
1940 2486 2033 2516 eccle-

1290 2538 1356 2567 sia²
1385 2541 1536 2567 cantantes
1565 2536 1599 2566 Te
1627 2536 1734 2571 Deum,
1758 2536 1892 2576 quamvis
1919 2536 2034 2566 noviter

1328 2597 1338 2622 1
1361 2594 1432 2622 Edit.
1454 2594 1538 2622 Maio.
1559 2593 1631 2628 legit.
1650 2597 1740 2629 posset
1759 2597 1798 2627 (R.
1813 2594 1863 2629 T.)-

1325 2640 1341 2667 2
1360 2639 1457 2675 Aptius
1476 2639 1535 2674 lege
1555 2638 1703 2667 ecclesiam
1722 2638 1762 2675 (R.
1780 2638 1829 2674 L).

2063 817 2092 838 Do
2107 819 2153 840 alit·
2166 818 2212 842 eon-l

2060 845 2198 870 rogationibtu
2207 849 2213 861 *J

2029 244 2082 273 An.
2096 246 2126 274 G.
2146 247 2210 290 ¹⁷³8,

2105 791 2148 819 59.
