2232 3178
264 255 316 282 An.
337 253 366 281 c.
385 254 451 282 1738
498 245 561 279 408

292 486 320 506 ῘΙΘ
332 487 445 512 eleanan-v*

263 515 290 534 nh
307 520 422 533 inissanun

457 308 555 333 tantur
581 304 609 332 in
640 302 746 332 nostris
773 301 968 331 conventibus
1000 305 1027 330 ct
1051 299 1196 337 collegiis.

457 351 510 387 Qui
533 361 616 381 secus
639 351 752 388 feccrit,
770 350 803 379 ad
827 349 982 379 arbitrium
1005 348 1074 378 dicti
1099 347 1199 377 desini-

459 400 523 429 torii
549 399 697 438 puniatur.

497 458 514 478 1.
538 448 639 477 Nullus
661 447 815 485 religiosus
840 446 960 485 recipiet
983 445 1197 483 eleemosynam

459 496 624 530 missarum,
649 495 704 524 nisi
734 499 845 524 tantum
870 504 921 533 pro
944 504 996 523 suo
1029 496 1196 528 conventu3

458 545 533 583 quod
557 545 579 573 si
604 544 744 573 itinerans
768 552 820 582 pro
843 543 1003 572 mutatione
1021 545 1198 571 conventua-

457 593 547 622 litatis
570 592 698 631 aliquam
721 592 877 630 acceperit,
908 601 958 630 pro
989 591 1037 619 illo
1067 590 1104 619 sit
1131 599 1198 619 con-

459 645 544 671 ventu
568 641 597 670 in
621 650 706 680 quem
730 641 820 670 tendit
846 639 1047 670 conventualis
1070 639 1195 668 futurus.

457 689 629 728 Superiores
653 698 721 718 vero
745 689 833 718 etiam
858 688 1020 726 generales,
1039 691 1066 716 et
1083 686 1131 716 alii
1148 686 1196 725 qui

461 738 589 768 ministri
607 747 664 767 non
684 737 819 773 subsunt,
837 746 900 768 eam
924 746 1009 776 quam
1033 735 1199 774 acceperint

457 787 671 825 eleemosynam
694 787 728 816 ad
756 786 911 816 arbitrium
944 785 989 814 sui
1022 783 1196 821 immediati,

459 835 505 865 cui
528 835 607 864 illico
630 838 762 864 exactam
779 834 921 863 rationem
942 832 1064 862 reddere
1081 836 1199 861 tenean-

459 888 517 920 tur,
541 884 571 913 in
592 887 727 922 promptu
749 882 894 912 habeant:
921 881 992 911 nulli
1011 880 1089 910 enim
1107 879 1197 909 libera

458 932 639 970 eleemosyna
672 931 861 970 relinquitur,
894 939 947 959 nec
976 928 1100 959 intentio
1126 927 1196 964 ulla,

458 980 514 1009 nisi
548 988 614 1009 raro
647 987 682 1008 ex
715 979 902 1009 concessione
927 977 971 1008 sui
995 976 1115 1017 praelati
1148 985 1199 1015 pro

459 1029 517 1058 una
540 1028 633 1057 aliave
657 1027 834 1057 celebranda
856 1027 955 1056 missa.

497 1086 527 1106 11.
552 1077 606 1106 Pro
629 1077 689 1106 una
711 1076 812 1112 missa,
845 1075 899 1105 etsi
924 1074 1054 1110 cantata,
1078 1072 1199 1102 unicum

458 1125 611 1155 dumtaxat
634 1124 814 1164 stipendium
837 1123 1008 1162 accipiatur,
1030 1120 1083 1151 suh
1106 1122 1199 1160 poena

459 1174 662 1213 suspensionis
679 1173 713 1203 ab
733 1173 827 1203 officio
844 1181 895 1212 per
912 1176 969 1202 tres
987 1179 1100 1200 menses
1117 1179 1200 1209 prae-

459 1223 515 1252 lato
538 1221 781 1252 contravenienti.

499 1280 540 1301 111.
564 1271 595 1300 ln
619 1270 727 1300 nostris
743 1269 935 1299 conventibus
951 1273 979 1299 et
995 1268 1125 1306 collegiis
1141 1276 1198 1297 non

459 1320 641 1359 recipiantur
663 1319 863 1358 eleemosynae
896 1327 948 1357 pro
982 1317 1151 1356 capellaniis
1172 1320 1200 1345 et

460 1369 557 1399 missis
579 1368 738 1408 perpetuis,
772 1367 835 1397 sine
868 1366 1029 1405 superioris
1055 1364 1200 1403 generalis

460 1418 581 1448 licentia
602 1418 631 1447 in
650 1417 779 1456 scriptis,
803 1425 856 1445 nec
879 1425 932 1455 pro
955 1418 1111 1454 patronatu
1133 1423 1200 1443 con-

461 1471 563 1496 ventus
578 1489 585 1503 ,
610 1465 750 1495 ecclesiae
765 1488 772 1500 ,
797 1465 839 1494 vel
862 1464 991 1503 capellae
1015 1462 1132 1492 maioris
1154 1462 1198 1491 vel

460 1514 592 1549 minoris,
617 1514 661 1543 vel
685 1523 736 1553 pro
758 1513 900 1549 oratioue,
920 1511 1088 1551 disciplina,
1106 1510 1199 1540 aliove

459 1563 677 1593 communitatis
699 1562 855 1599 exercitio,
874 1561 984 1600 absque
1000 1560 1045 1590 sui
1068 1560 1200 1590 definito-

460 1612 495 1641 rii
518 1611 663 1649 generalis
685 1610 803 1640 licentia
828 1610 856 1639 in
880 1610 1008 1649 scriptis,
1027 1618 1112 1648 quaxn
1132 1618 1200 1638 con-

460 1660 542 1689 cedet
564 1659 696 1689 consulto
725 1658 896 1697 provinciali
927 1657 1091 1697 provinciae
1120 1657 1200 1687 illius

460 1709 543 1739 cuius
565 1711 608 1738 est
631 1712 793 1737 conventus
816 1707 860 1736 vel
883 1707 1039 1745 collegium
1062 1706 1108 1735 cui
1131 1716 1200 1736 con-

461 1757 585 1787 ceditur.

500 1814 538 1835 ιν.
563 1805 770 1844 Eleemosynae
792 1809 925 1843 receptae
944 1813 994 1844 pro
1017 1803 1114 1834 missis
1137 1813 1201 1843 per-

462 1855 568 1893 petuis,
594 1854 742 1883 memoriis
757 1876 764 1889 ,
788 1853 975 1893 capellaniis,
1000 1852 1200 1892 patronatibus

461 1903 557 1941 dictis,
573 1907 601 1933 et
624 1902 782 1942 sepulturis
801 1901 964 1941 perpetuis,
987 1901 1154 1931 nullatenus
1170 1901 1199 1930 in

462 1956 554 1982 totum
582 1951 627 1981 vel
660 1951 689 1981 in
724 1955 835 1989 partem
870 1950 972 1989 (etiam
1000 1949 1200 1980 consentiente

461 2001 619 2040 conventu)
638 2000 854 2039 expendantur,
879 1999 928 2029 sed
951 1999 985 2029 ad
1008 2008 1128 2028 censum
1151 2008 1201 2028 an-

461 2058 592 2089 nuosque
615 2048 745 2078 redditus
773 2048 972 2087 imponantur.
1007 2049 1050 2077 Ex
1082 2047 1200 2077 lieentia

462 2102 557 2128 tamen
591 2097 636 2127 sui
668 2096 827 2126 definitorii
860 2096 1006 2134 generalis
1039 2096 1200 2135 (omnibus

462 2145 712 2176 consentientibus
734 2145 902 2183 suffragiis)
926 2145 1018 2175 dictae
1041 2145 1200 2183 eleemosy-

463 2204 516 2225 nae
538 2195 594 2224 iam
618 2194 770 2224 investitae
793 2194 923 2223 converti
940 2198 1076 2232 poterunt
1091 2193 1121 2222 in
1137 2194 1201 2223 red-

462 2245 538 2274 ditus
573 2242 771 2273 indemniores
805 2246 833 2271 et
864 2242 996 2271 utiliores
1032 2242 1198 2279 conventui,

462 2301 610 2332 nunquam
643 2295 740 2320 tamen
778 2300 828 2329 pro
862 2291 903 2320 eis
937 2290 1089 2328 subrogari
1126 2290 1200 2320 bona

462 2341 533 2371 alias
565 2344 649 2370 antea
682 2339 859 2368 monasterio
893 2339 1043 2378 acquisita.
1075 2339 1118 2368 Ad
1148 2340 1201 2369 hoe

462 2394 560 2419 autem
594 2393 623 2418 ut
656 2388 756 2417 sedulo
783 2387 965 2417 custodiatur
997 2387 1118 2426 pecunia
1148 2388 1202 2417 im-

463 2438 567 2477 pertita
593 2446 642 2476 pro
665 2436 761 2465 missis
784 2440 812 2465 et
837 2436 959 2475 reliquis
981 2437 1011 2466 in
1027 2436 1080 2466 hac
1096 2437 1202 2466 consti-

464 2486 574 2516 tutione
607 2485 797 2523 enumeratis,
823 2484 1018 2524 praecipimus
1040 2485 1069 2514 in
1093 2485 1202 2514 virtute

464 2539 580 2564 sanctae
596 2533 791 2571 obedientiae,
808 2532 861 2562 sub
880 2537 1046 2572 praecepto,
1065 2532 1202 2563 omnibus

463 2581 621 2620 religiosis,
645 2586 702 2611 tam
725 2581 865 2620 praelatis
892 2590 978 2620 quam
1009 2581 1144 2618 subditis,
1175 2586 1202 2612 et

465 2630 584 2661 cuilibet
605 2632 634 2660 in
656 2630 838 2669 particulari,
862 2630 950 2670 quod,
968 2630 1037 2660 dum
1055 2630 1131 2661 dicta
1155 2640 1203 2670 pe·

1026 251 1209 277 BULLARIUM
1232 250 1390 275 ROMANUM

1242 298 1326 328 cunia
1350 307 1408 328 non
1427 298 1591 337 investitur,
1610 299 1684 329 nihil
1702 308 1736 329 ex
1753 300 1783 329 ea
1800 299 1976 338 expendant,

1241 347 1328 377 etiam
1352 348 1435 377 titulo
1457 347 1551 377 mutui
1574 347 1688 386 alioque
1711 356 1908 387 quocumque.
1926 348 1978 377 Su-

1243 396 1337 435 perior
1359 400 1455 426 autem
1479 396 1714 431 contraveniens,
1741 396 1871 434 privatus
1887 396 1923 425 sit
1938 396 1977 426 os-

1240 445 1305 474 ficio
1329 455 1399 481 suo,
1424 445 1556 484 aliusque
1591 454 1658 474 vero
1680 445 1860 484 quicumque
1891 445 1979 474 frater

1241 503 1309 523 voce
1332 498 1359 523 et
1379 493 1442 523 loco
1465 503 1515 532 per
1538 493 1708 523 triennium.

1280 551 1307 571 v.
1332 542 1476 571 Pecuniae
1505 546 1639 580 receptae
1662 551 1713 580 pro
1737 541 1911 580 supradictis
1934 550 1980 571 re-

1241 591 1304 628 bus,
1328 591 1396 620 dum
1419 600 1476 620 non
1499 590 1709 626 investiantur,
1741 600 1791 620 seu
1815 590 1843 619 in
1867 599 1979 620 annuos

1241 639 1370 669 redditus
1393 639 1595 674 conseruntur,
1613 638 1642 667 in
1667 638 1785 677 propria.
1807 647 1980 668 conserven-

1242 692 1287 717 tur
1310 687 1416 726 specie.
1435 687 1463 715 Si
1488 687 1702 715 incrementum
1726 686 1870 723 habuerit,
1894 685 1979 716 cedat

1241 736 1269 764 in
1294 736 1425 764 savorem
1445 734 1614 771 memoriae,
1634 734 1658 763 si
1676 744 1742 764 vero
1760 734 1978 764 decrementum

1242 784 1363 823 (absque
1381 784 1468 822 culpa
1491 788 1587 813 tamen
1605 787 1766 812 conventus
1781 782 1825 812 vel
1841 782 1977 821 collegii)

1241 832 1324 862 cedat
1343 836 1443 861 contra
1465 831 1648 861 memoriam.

1280 889 1318 909 vi.
1355 880 1390 910 Ut
1422 884 1535 909 constet
1567 879 1602 909 de
1635 879 1786 909 memoriis
1817 888 1850 908 ac
1883 877 1979 908 missis

1242 928 1399 967 perpetuis,
1424 936 1497 966 quae
1522 932 1589 957 sunt
1621 927 1650 956 in
1678 927 1807 967 quolibet
1835 930 1980 956 conventu

1241 981 1269 1006 et
1291 976 1425 1014 collegio,
1449 976 1581 1015 iusteque
1603 976 1828 1015 adimpleantur,
1852 980 1979 1015 praeter-

1242 1034 1327 1064 quam
1345 1018 1427 1063 'quod
1450 1024 1601 1054 adnotatae
1623 1028 1709 1054 erunt
1726 1024 1755 1053 in
1772 1023 1846 1053 libro
1863 1033 1978 1061 magno,

1241 1073 1287 1103 cui
1311 1073 1412 1103 titulus
1443 1073 1612 1112 protocollo,
1636 1072 1802 1102 scribantur
1823 1072 1853 1102 in
1882 1071 1981 1102 tabula.

1243 1122 1358 1161 publico
1381 1122 1408 1152 in
1434 1122 1509 1152 loco.

1282 1180 1300 1200 1.
1325 1170 1440 1200 Fratres
1468 1170 1559 1200 nostri
1587 1170 1679 1200 sacris
1708 1169 1843 1200 initiandi
1872 1169 1979 1200 exami-

1242 1222 1350 1248 nentur
1375 1220 1456 1258 prius
1478 1219 1513 1249 de
1535 1218 1711 1249 sufficientia
1733 1220 1787 1248 sua
1808 1227 1823 1247 a
1846 1217 1980 1248 ministro

1243 1273 1404 1298 conventus
1428 1272 1457 1297 et
1478 1268 1544 1297 aliis
1566 1267 1678 1297 duobus
1711 1267 1856 1305 religiosis
1878 1276 1892 1296 a
1915 1276 1980 1306 pro-

1243 1317 1360 1346 vinciali
1383 1317 1553 1355 designatis,
1577 1321 1605 1346 et
1628 1321 1726 1355 postea
1748 1317 1783 1346 de
1806 1317 1863 1346 vita
1878 1320 1906 1346 et
1921 1326 1980 1347 mo-

1242 1365 1322 1395 ribus
1346 1374 1395 1404 per
1418 1369 1529 1394 secreta
1552 1365 1690 1403 suffragia
1712 1365 1833 1403 capituli
1854 1374 1979 1395 conven-

1243 1414 1328 1444 tualis
1350 1414 1560 1454 approbentur.
1584 1414 1641 1444 Nec
1663 1413 1786 1453 praelati
1814 1413 1981 1453 superiores

1241 1472 1309 1493 suas
1332 1463 1444 1492 litteras
1467 1463 1638 1501 concedant,
1672 1463 1766 1492 donec
1787 1462 1846 1492 illis
1869 1466 1981 1492 constet

1242 1512 1278 1541 de
1311 1511 1508 1548 sufficientia,
1543 1511 1620 1549 vita,
1655 1510 1784 1540 moribus
1817 1515 1845 1541 et
1874 1514 1979 1541 aetate.

1241 1560 1345 1590 Nullus
1361 1560 1533 1589 diaconatus
1548 1564 1598 1589 aut
1613 1559 1841 1590 subdiaconatus
1859 1560 1980 1599 gradum

1243 1609 1375 1647 recipiat,
1400 1608 1468 1647 quin
1492 1608 1564 1637 duos
1592 1617 1683 1638 annos
1711 1608 1840 1646 integros
1873 1609 1982 1648 profes-

1242 1657 1332 1687 sionis
1354 1657 1468 1691 liabeat,
1495 1666 1548 1686 nec
1572 1656 1803 1695 presbyteratum
1831 1661 1897 1687 ante
1924 1657 1982 1687 ela-

1243 1715 1325 1745 psum
1350 1706 1494 1744 integrum
1518 1705 1678 1735 triennium
1701 1715 1716 1734 a
1739 1705 1931 1744 professione.

1281 1764 1310 1785 11.
1336 1755 1366 1784 In
1386 1755 1513 1785 dioecesi
1530 1755 1660 1794 propria,
1680 1754 1730 1784 ubi
1747 1759 1790 1784 est
1806 1758 1979 1793 conventus,

1243 1804 1388 1843 recipiant
1410 1804 1526 1834 ordines
1549 1804 1679 1842 religiosi
1701 1804 1808 1841 nostri,
1827 1804 1851 1834 si
1866 1804 1907 1834 ibi
1921 1814 1981 1835 non

1243 1854 1442 1889 conferantur,
1460 1857 1598 1892 poterunt
1614 1853 1699 1882 aliam
1716 1853 1795 1882 adire
1813 1852 1978 1891 dioecesim,

1243 1913 1302 1932 non
1325 1902 1481 1932 distantem
1498 1906 1594 1932 tamen
1618 1911 1632 1931 a
1655 1902 1833 1932 monasterio
1849 1902 1925 1932 ultra
1942 1902 1982 1932 vi-

1242 1952 1445 1991 gintiquatuor
1476 1951 1587 1981 leucas.
1611 1950 1665 1986 Qui
1698 1960 1782 1981 secus
1813 1951 1915 1981 fecerit
1937 1951 1981 1981 vel

1243 2001 1430 2040 permiserit,
1455 2001 1547 2039 poena
1577 1999 1657 2037 gravi
1684 2008 1734 2038 per
1766 2003 1825 2029 tres
1846 1999 1908 2029 dies
1930 2009 1982 2039 pu-

1242 2049 1350 2078 ulatur.

1282 2106 1323 2126 111.
1337 2096 1477 2126 Sacerdos
1492 2096 1614 2135 primam
1632 2095 1749 2126 missam
1766 2106 1824 2126 non
1841 2096 1979 2135 celebret,

1243 2145 1312 2185 quin
1336 2145 1418 2184 prius
1442 2144 1570 2183 praelato
1604 2148 1716 2174 constet
1739 2148 1799 2174 tum
1821 2145 1856 2174 de
1878 2146 1981 2176 ordine

1243 2198 1363 2232 recepto
1387 2202 1438 2232 per
1460 2193 1572 2222 litteras
1595 2193 1805 2223 testimoniales
1826 2194 1852 2224 ei
1874 2195 1983 2234 patefa-

1243 2247 1315 2279 ctas,
1333 2246 1392 2271 tum
1417 2242 1502 2271 etiam
1520 2241 1554 2271 de
1578 2241 1735 2271 sufficienti
1757 2242 1826 2272 novi
1848 2243 1982 2273 sacerdo-

1244 2291 1280 2320 tis
1303 2290 1451 2326 scientia,
1482 2299 1631 2320 sacrarum
1663 2291 1913 2321 caeremoniarum
1946 2292 1980 2322 ad

1243 2339 1384 2369 iudicium
1408 2339 1499 2378 ipsius
1516 2339 1639 2377 praelati
1661 2343 1689 2368 et
1708 2339 1831 2369 aliorum
1857 2339 1981 2370 duorum

1244 2388 1446 2426 religiosorum
1479 2387 1515 2416 ab
1548 2387 1649 2416 eodem
1682 2387 1925 2427 designatorum,
1953 2393 1981 2419 et

1245 2437 1315 2475 quin
1339 2436 1463 2466 ulterius
1485 2445 1537 2474 per
1566 2435 1666 2465 decem
1698 2436 1759 2465 dies
1780 2437 1810 2466 in
1832 2437 1981 2467 exercitiis

1244 2485 1448 2524 spiritualibus
1470 2494 1500 2515 se
1523 2494 1553 2514 se
1576 2485 1793 2523 praeparaverit
1815 2485 1909 2515 dictus
1931 2495 1982 2516 no-

1247 2544 1297 2564 vus
1319 2534 1455 2564 sacerdos
1471 2558 1478 2572 ,
1509 2534 1558 2573 qui
1587 2534 1758 2572 neutiquam
1781 2533 1908 2573 primum
1936 2544 1981 2566 sa-

1245 2591 1327 2612 crum
1351 2587 1433 2612 extra
1452 2582 1602 2622 proprium
1626 2582 1798 2613 coenobium
1819 2583 1907 2614 faciat
1927 2582 1980 2614 sub

1245 2632 1339 2671 poena
1361 2631 1458 2670 gravis
1480 2631 1583 2671 culpae
1605 2640 1656 2671 per
1678 2634 1738 2662 tres
1758 2631 1831 2662 dies.

2175 179 2179 193 t

1985 251 2038 278 An.
2058 250 2086 279 c.
2102 253 2179 283 ussi
2211 279 2214 284 ,
2230 290 2232 294 ι

2018 1218 2048 1248 De
2069 1208 2113 1244 hit..
2132 1220 2164 1246 qu!
2181 1228 2225 1245 Νη

1990 1246 2100 1266 ordinandi
2116 1248 2166 1266 mut.
2181 1250 2183 1267 t
2208 1251 2229 1274 »η

2179 1871 2180 1883 l

2178 1886 2180 1905 l

2181 1144 2183 1188 ὲ

2181 1192 2183 1213 i
2227 1222 2229 1236 Ι

2182 1278 2183 1290 i

2216 1409 2229 1678 l

2219 1295 2226 1337 ζ

2220 1378 2229 1403 t

2224 1342 2229 1372 l

2218 1791 2230 1879 1

2227 1880 2231 1913 l
