2232 3178
293 249 341 274 Αη.
363 249 391 274 C.
412 250 475 275 ¹733

303 2534 347 2556 Ouo
364 2536 425 2558 pacto
442 2536 461 2553 et

278 2565 289 2578 a
315 2560 391 2585 qtubus
420 2560 462 2580 sol·

278 2586 360 2606 ventlao
420 2590 461 2606 §int

277 2613 390 2637 pennones
426 2619 461 2633 su-

277 2645 314 2665 per
325 2639 459 2665 praebendas

523 240 586 272 3028

487 298 602 331 divinis
621 297 861 330 inservientium
879 298 1071 339 indigentias
1090 309 1126 330 ac
1144 308 1225 330 sum-

486 356 559 393 ptus
597 351 788 393 respective,
819 351 971 383 modoet
1007 352 1106 383 forma
1140 362 1225 393 prae-

485 404 568 443 fatis,
588 409 790 442 convertere,
814 404 1001 436 ltioecesani
1028 403 1088 436 loci
1111 405 1157 436 vel
1176 415 1225 436 cu-

486 456 580 488 iusvis
612 456 744 488 alu-rins
773 456 902 489 licentia
928 457 1066 499 desuper
1094 456 1246 504 minime¹

484 509 637 551 requisita
675 509 772 551 (cum
811 509 871 541 boc
905 515 1009 541 tamen
1050 510 1135 551 quod
1169 520 1246 542 sex*

484 562 658 603 dignitates
685 567 715 594 et
741 563 920 595 octodecim
947 563 1093 595 canonici
1120 563 1223 595 dictae

484 615 712 657 patriarchalis
757 615 916 648 eeclesiae
961 616 1246 659 Ulyssiponeusis⁴

483 667 702 707 occidentalis,
724 668 892 701 eveniente
916 669 1042 711 singula
1061 669 1224 702 ultimodi-

483 726 605 753 etarum
624 721 736 753 decem
757 721 947 762 dignitatum
967 722 1143 765 respective
1163 733 1222 765 pro

484 778 628 817 tempore
672 775 861 813 vacatione,
900 776 1036 817 singulis
1076 776 1222 818 singulas

485 827 703 859 ultimodictas
717 829 830 860 decem
846 829 1020 870 dignitates
1036 829 1219 861 huiusmodi

482 891 540 923 pro
581 886 728 923 tempore
766 883 945 924 respective
982 881 1219 921 obtinentibus,

481 935 530 966 vel
558 944 666 966 earum
686 934 864 976 respective
887 945 1019 967 mensae
1037 935 1220 976 capitulari,

481 991 610 1019 centum
636 986 845 1029 septuaginta
870 998 969 1019 unum
996 988 1129 1020 ducatos
1151 988 1219 1019 auri

481 1050 575 1082 pares
611 1044 643 1071 et
678 1039 773 1072 iulios
799 1045 924 1083 septem
951 1045 1101 1073 monetae
1128 1051 1221 1082 prae-

483 1092 563 1124 fatae
589 1102 658 1124 cum
685 1092 819 1125 dimidio
845 1093 978 1126 alterius
1004 1093 1072 1125 iulii
1095 1093 1220 1133 similis,

481 1156 639 1178 summam
662 1150 885 1178 trecentorum
903 1146 1042 1179 millium
1062 1146 1219 1188 regalium

482 1203 628 1231 monetae
654 1198 869 1240 Portugalliae
888 1199 1136 1238 constituentes,
1158 1199 1221 1231 sin-

481 1250 564 1293 gulis
589 1250 681 1283 annis
713 1253 901 1294 persolvere
928 1252 1071 1284 debeant
1107 1259 1138 1285 et
1174 1258 1219 1284 te—

481 1309 640 1343 neantar;
667 1304 820 1346 quodque
847 1305 955 1338 omnia
985 1311 1017 1338 et
1046 1316 1219 1348 quaecum-

480 1368 542 1401 que
568 1368 667 1390 onera
685 1385 692 1398 ‚
718 1358 936 1400 obligationes
954 1386 961 1399 ‚
988 1370 1151 1402 expensae
1189 1366 1220 1393 et

480 1411 683 1450 amissiones,
708 1422 788 1454 quae
815 1412 1026 1445 ultimodictis
1047 1413 1156 1446 decenn
1177 1414 1219 1446 di-

479 1463 654 1505 gnitatibus
696 1474 814 1507 easque
852 1470 884 1497 et
920 1476 1031 1498 earum
1072 1466 1217 1508 singulas

479 1526 564 1548 nunc
590 1517 770 1560 respective
796 1518 1020 1551 obtinentibus
1041 1520 1217 1562 respective

480 1570 683 1610 incumbunt,
708 1570 762 1603 illa
790 1571 943 1604 videlicet
965 1577 995 1604 et
1019 1572 1109 1611 illae,
1136 1584 1217 1616 quae

478 1624 662 1666 personalia
700 1629 730 1656 et
766 1627 983 1667 personales,
1009 1626 1048 1658 ab
1084 1627 1122 1659 iis
1162 1627 1216 1670 qui

478 1677 606 1709 easdem
646 1677 864 1710 ultimodictas
898 1679 1010 1711 decem
1045 1679 1217 1721 dignitates

479 1740 537 1772 pro
573 1734 718 1772 tempore
753 1730 972 1770 obtinebunt,
1000 1732 1060 1765 alia
1086 1743 1161 1766 vero
1187 1738 1218 1766 et.

478 1782 568 1822 aliae,
597 1793 678 1826 quae
705 1784 804 1816 realia
830 1790 860 1816 et
883 1785 987 1818 reales
1013 1796 1084 1818 esse
1104 1786 1216 1828 digno-

477 1841 620 1875 scuntur,
638 1836 677 1868 ab
696 1837 843 1869 eiusdem
869 1838 1097 1880 patriarchalis
1119 1840 1217 1872 eccle-

476 1889 542 1922 siae
561 1889 824 1932 Ulyssiponensis
843 1891 1056 1924 occidentalis
1074 1892 1216 1935 capitulo

476 1953 513 1974 ac
531 1942 742 1984 dignitatibus
765 1948 796 1976 et
817 1944 979 1977 canonicis
996 1945 1160 1988 praefatis,
1179 1956 1215 1978 ex

476 2006 573 2036 nunc,
592 1996 698 2038 quoad
722 1996 791 2028 illas
810 2007 846 2029 ex
865 1997 1018 2040 praetatis
1042 1998 1152 2032 decem
1174 1998 1217 2031 di-

476 2048 650 2090 gnitatibus
689 2048 902 2082 ultimodictis
940 2061 1021 2093 quae
1053 2051 1091 2083 ad
1126 2061 1216 2094 prae-

476 2112 550 2134 sens
589 2107 725 2141 vaeant,
753 2112 816 2145 quo
850 2114 924 2135 vero
959 2104 997 2136 ad
1036 2104 1105 2137 illas
1132 2115 1214 2147 quae

475 2155 608 2188 mininie
636 2161 748 2188 vacant
775 2156 812 2188 de
838 2158 1022 2199 praesenti,
1049 2168 1086 2190 ex
1114 2163 1212 2199 tunc,

475 2215 506 2241 et
531 2220 601 2241 cun!
628 2209 764 2252 primum
792 2210 863 2242 illas
897 2216 928 2243 et
952 2211 1081 2244 illarum
1107 2223 1215 2255 quam-

474 2262 552 2295 libet
577 2262 825 2305 quomodolibet
850 2268 884 2294 ut
900 2266 1083 2306 praefertur
1101 2276 1213 2298 vacare

474 2314 670 2356 contigerit,
698 2315 879 2357 respective
912 2322 1146 2359 supportentur
1183 2324 1214 2351 et

474 2367 661 2410 supportari
689 2367 848 2411 debeant)
875 2370 1054 2411 apostolica
1080 2371 1213 2403 auctori-

475 2427 538 2454 tate
564 2427 717 2467 motuque
732 2422 800 2464 pari
816 2423 911 2455 etiam
931 2424 1090 2466 perpetuo
1112 2425 1213 2468 appli-

473 2485 581 2507 camus
607 2480 637 2508 et
661 2476 918 2519 appropi-lamus.

517 2529 531 2572 ᾗ
557 2528 588 2561 5.
617 2529 738 2569 Porro,
766 2530 972 2563 attendentes
998 2531 1085 2574 quod
1113 2542 1212 2575 super

471 2583 703 2615 nonnullarum
725 2593 762 2616 ex
784 2583 1006 2626 dignitatibus,
1025 2590 1056 2618 et
1074 2587 1211 2619 nonnul-

471 2636 575 2669 lorum
601 2646 637 2668 ex
664 2637 911 2671 canonicatibus
945 2643 976 2671 et
1011 2638 1210 2682 praebendis

1062 251 1243 273 13trtLMttUM
1273 250 1426 273 nonAxtm

1269 351 1374 384 benda
1399 362 1455 384 seu
1481 351 1622 384 dimidiis
1650 353 1894 385 canonicatibus
1916 357 1946 385 et
1964 352 2006 385 di-

1269 404 1375 436 midiis
1401 404 1606 446 praebendis,
1628 404 1807 447 respective
1833 405 2003 445 fructibus,

1268 456 1448 488 redditibus
1467 462 1496 488 et
1516 458 1729 499 proventibus
1748 449 1911 500 praefatis,
1932 467 2005 500 qua·

1270 520 1337 541 rum
1375 515 1406 542 et
1442 521 1579 553 quorum
1608 511 1797 543 eorumdem
1824 511 2006 554 respective

1269 563 1440 602 fructuum,
1465 564 1649 596 reddituum
1676 570 1706 596 et
1727 570 1941 606 proventuum
1961 574 2005 596 re·

1268 617 1409 658 spc‹·tive
1447 615 1564 655 tertia,
1605 616 1757 656 dimidia,
1791 627 1826 648 ac
1864 622 1928 648 tres
1968 626 2004 648 ex

1268 674 1407 711 quatuor
1432 670 1610 712 respective
1636 675 1743 712 partes
1770 680 1828 712 per
1853 679 2006 712 praesen-

1269 727 1315 754 tes
1334 733 1351 754 a
1369 723 1473 761 nobis,
1493 728 1525 754 ut
1542 723 1734 765 praefertur,
1755 722 2004 755 dismembratae

1268 780 1299 806 et
1324 775 1503 818 applicatae
1530 775 1690 816 existunt,
1718 777 1898 808 nonnullae
1924 785 2004 818 pen-

1267 828 1372 860 siones
1400 839 1534 868 annuae,
1560 834 1591 861 et
1616 829 1725 861 forsan
1744 839 1853 861 earum
1875 829 2004 871 aliquae

1266 883 1433 925 perpetuo,
1452 883 1627 925 apostolica
1647 883 1836 915 auctoritate
1861 882 2005 924 praefata

1266 935 1463 967 reservatae¹
1491 935 1712 978 reperiuntur:
1739 946 1808 975 nos,
1834 940 1868 967 ut
1893 945 2004 967 earum

1267 988 1356 1020 oneri
1383 989 1598 1028 consulamus,
1625 998 1681 1030 per
1707 988 1835 1020 easdem
1856 997 2005 1030 praesen-

1267 1045 1313 1072 tes
1351 1041 1559 1073 decernimus·
1578 1046 1608 1072 et
1633 1041 1820 1079 statuimus,
1845 1040 1949 1083 quod.
1976 1039 2003 1072 si

1264 1091 1440 1135 pensiones
1468 1093 1651 1126 huiusmodi
1678 1093 1834 1136 perpetuo
1860 1102 2002 1126 reserva-

1266 1152 1313 1178 tae
1340 1146 1567 1189 reperiantur,
1594 1157 1705 1179 earum
1732 1148 1858 1189 integra
1883 1145 2002 1179 solutio

1265 1200 1476 1242 eiusdemque
1502 1200 1672 1232 solutionis
1698 1211 1779 1233 onus
1807 1200 1844 1232 ad
1867 1199 2002 1241 dignita-

1266 1258 1310 1285 tes
1337 1258 1368 1285 et
1393 1254 1602 1286 canonicatus
1628 1258 1660 1284 et
1684 1252 1886 1295 praebendas
1905 1279 1913 1293 ‚
1940 1263 2002 1286 nec

1264 1316 1329 1338 non
1344 1306 1551 1339 canonicatus
1566 1316 1637 1339 curn
1656 1306 1787 1338 dimidia
1803 1305 2002 1349 praebenda,

1264 1370 1318 1392 seu
1357 1360 1509 1392 dimidios
1546 1359 1755 1393 canonicatus
1787 1365 1819 1392 et
1851 1359 2001 1392 dimidias

1263 1413 1469 1455 praebendas
1496 1413 1704 1451 huiusmodi,
1731 1423 1831 1455 super
1863 1422 2002 1454 quorum

1264 1467 1432 1507 fructibus,
1458 1466 1639 1499 redditibus
1666 1471 1696 1499 et
1721 1466 1931 1509 proventibus
1956 1476 2002 1498 re-

1263 1526 1406 1553 servatae
1433 1520 1652 1563 reperiuntur‚
1675 1529 1734 1562 pro
1753 1525 1900 1562 tempore
1921 1519 2001 1552 obti-

1263 1579 1377 1606 nentes
1414 1573 1547 1606 omnino
1584 1578 1709 1615 spectet
1746 1578 1777 1605 et
1813 1573 1997 1615 pertineat;

1262 1627 1459 1669 pensionum
1485 1636 1572 1667 vero,
1599 1635 1677 1668 quae
1703 1625 1865 1658 dumtaxat
1889 1625 1928 1658 ad
1948 1625 1999 1658 ati-

1262 1679 1354 1712 cuius
1381 1679 1474 1712 vitam
1501 1685 1683 1712 reservatae
1709 1679 1927 1722 reperiuntur,
1953 1689 2000 1712 so-

1263 1733 1366 1772 lutio,
1394 1733 1488 1765 etiam
1526 1743 1561 1764 ex
1602 1732 1694 1764 tertia
1730 1742 1765 1764 ac
1797 1731 1931 1765 dimidia
1963 1742 2000 1765 ac

1263 1786 1363 1818 tribus
1388 1797 1422 1818 ex
1450 1791 1591 1828 quatuor
1617 1786 1788 1825 fructuum,
1814 1785 1999 1818 reddituum

1261 1844 1292 1872 et
1317 1845 1534 1882 proventuum
1561 1844 1594 1871 ut
1618 1838 1806 1881 praefertur
1823 1838 2000 1882 applicato-

1259 1903 1328 1925 rum
1366 1893 1608 1936 praedictorum
1643 1891 1821 1935 respective
1853 1892 1998 1935 partibus

1260 1947 1425 1989 praefatis,
1450 1951 1481 1979 et
1498 1956 1555 1989 pro
1574 1947 1641 1978 rata
1659 1946 1838 1988 respective
1856 1946 1998 1989 partium

1260 2000 1459 2039 huiusmodi,
1486 2000 1588 2032 donec
1614 1999 1786 2042 pensiones
1807 1999 1845 2032 ad
1863 1999 1998 2033 alicuius

1258 2054 1352 2086 vitam
1380 2059 1562 2086 reservatae
1589 2052 1775 2084 huiusmodi
1802 2052 1996 2093 duraverint,

1259 2107 1403 2139 facienda
1428 2107 1479 2139 sit.

1302 2161 1316 2203 g
1341 2160 1372 2193 6.
1400 2160 1442 2193 Ne
1469 2165 1584 2200 autem,
1612 2160 1653 2192 ob
1680 2159 1997 2193 dismembrationem
2031 2168 2202 2204 Dempdomg

1258 2218 1288 2245 et
1313 2213 1547 2256 separationem
1575 2224 1592 2245 a
1615 2213 1708 2246 nobis
1734 2223 1792 2256 per
1809 2219 1997 2256 praesentes
2009 2198 2200 2254 Eitigssamia‘iss'r'ss'

1257 2273 1290 2299 ιιι
1315 2268 1496 2310 praefertur
1522 2267 1617 2299 factas
1644 2266 1838 2306 huiusmodi,
1859 2267 1922 2300 ulla
1940 2267 1998 2300 du·
2009 2251 2199 2308 iflffiapii'r‘g‘v’iiiis,

1257 2321 1420 2353 bitationis
1445 2319 1566 2352 oriatur
1590 2319 1718 2353 occasio
1736 2330 1832 2363 super
1850 2320 1997 2363 expensis
2009 2333 2065 2378 ἓξὲξ
2077 2304 2180 2378 οῇἷὲἶξὶ
2196 2319 2198 2323 ’

1256 2374 1287 2406 in
1313 2374 1518 2417 expeditione
1543 2374 1722 2406 litterarum
1745 2373 1996 2416 apostolicarum
2009 2386 2108 2405 morum.

1256 2427 1294 2459 ab
1313 2427 1357 2459 eis
1376 2427 1430 2470 qui
1449 2437 1508 2470 pro
1526 2433 1670 2469 tempore
1688 2427 1727 2459 ad
1745 2426 1996 2469 patriarchalem

1256 2479 1535 2523 Ulyssiponensem
1570 2479 1801 2512 occidentalem
1827 2490 1864 2513 ac
1888 2480 1996 2516 archi-

1255 2533 1456 2576 episcopales
1470 2539 1501 2566 et
1517 2532 1715 2576 episcopales
1734 2533 1884 2566 eccelsias
1901 2544 1995 2577 prae-

1255 2586 1354 2620 dictas
1390 2597 1448 2630 pro
1475 2592 1618 2630 tempore
1644 2587 1856 2630 promovendi
1881 2593 1992 2630 erunt,

1292 2649 1303 2676 1
1328 2648 1394 2677 Male
1415 2649 1480 2677 edit.
1501 2649 1581 2677 Maia.
1603 2649 1668 2685 legit
1687 2653 1829 2679 reservata
1847 2650 1886 2686 (fl.
1902 2650 1950 2687 T.).

2013 251 2065 277 An.
2085 251 2112 279 C.
2130 255 2193 284 ¹738*

1269 308 1394 331 necnon
1414 299 1655 332 canonicatibus
1674 310 1744 332 cum
1765 300 1897 332 dimidia
1915 310 2050 343 prae-ine
2065 315 2143 335 taxatas
2157 317 2189 337 sm.

2017 340 2107 364 positae.
