2232 3178
28 200 77 227 An.
94 197 123 224 C.
143 195 208 223 ⁴738

212 242 337 273 ministri
360 242 515 281 generalis,
541 242 595 272 sub
624 243 715 282 poena
739 241 902 281 apostasiae
924 245 953 271 et
972 241 974 257 ¹

210 291 383 331 privationis
396 291 497 327 officii,
513 291 592 321 vocis
608 296 636 321 et
650 291 706 321 loci
723 291 750 320 in
766 295 949 330 perpetuum.

210 340 289 376 Quod
312 339 336 369 si
360 339 453 369 laicus
475 340 574 376 fuerit,
599 343 695 379 portet
717 339 847 368 habitum
877 339 950 368 susci

209 388 314 418 coloris
337 397 388 427 per
410 388 593 425 triennium3
618 389 764 427 praelatus
788 397 875 421 vero,
900 388 950 426 qui

209 438 272 467 sine
295 437 455 476 praedictis
477 437 631 476 requisitis
647 441 674 466 et
694 435 882 466 facultatibus
898 436 951 464 mi-

209 486 279 515 serit
300 485 427 525 aliquem
450 486 620 524 religiosum
643 490 725 515 extra
758 494 840 514 suam
869 485 951 514 sami-

208 535 288 572 liam,
312 535 443 573 privatus
465 535 502 564 sit
525 544 539 563 a
562 544 614 564 suo
631 534 737 570 officio,
761 538 789 563 et
811 533 951 562 inhabilis
971 550 973 575 ὲ

208 583 239 613 in
261 588 433 623 perpetuum
456 583 563 613 existat
595 583 629 613 ad
663 583 800 612 ulteriora
834 581 973 624 Ordinis}

208 632 314 662 officia.

247 689 307 710 vni.
332 681 418 710 Pater
441 681 577 711 minister
599 680 746 719 generalis
770 680 884 709 mittere
901 689 950 719 po-
971 703 973 712 ,

209 729 277 760 terit
301 729 464 769 quemlibet
487 730 678 768 religiosum,
702 729 789 759 etiam
817 729 950 759 definito-

207 789 267 810 rem
285 779 462 817 generalem,
477 788 661 818 quocumque
677 778 814 817 expedire
831 778 948 815 viderit,
971 793 973 816 ᾗ

208 828 428 858 commissarius
452 837 522 857 vero
546 828 691 865 generalis
711 828 787 857 intra
807 827 948 857 ambitum

208 877 336 908 familiae
359 886 450 913 suae;
475 876 663 916 provincialis
696 876 774 906 intra
807 876 949 906 ambitum

208 927 377 966 provinciae
399 935 488 963 suae3
507 925 636 955 ministri
655 935 723 955 vero
740 925 950 955 conventuales
971 937 973 948 ⁴

208 984 259 1015 per
281 975 407 1014 spatium
430 975 580 1004 leucarum
597 974 751 1004 duodecim
769 983 784 1003 a
806 974 867 1003 suis
883 983 950 1003 con-

207 1024 354 1060 ventibus,
379 1034 436 1053 non
459 1024 546 1053 ultra.

246 1083 288 1103 ix.
312 1073 512 1103 Provinciales
536 1077 633 1102 autem
656 1083 670 1102 a
687 1072 879 1102 conventibus
896 1071 949 1102 sub

206 1124 261 1152 sua
282 1122 486 1152 iurisdictione
506 1121 701 1151 existentibus
732 1126 871 1161 poterunt
893 1122 948 1151 sibi

206 1171 338 1201 subditos
360 1180 505 1200 amovere.
530 1171 663 1201 Ceterum
697 1171 730 1200 ad
762 1171 876 1209 negotia
900 1175 949 1200 aut

205 1218 271 1249 lites
294 1229 352 1249 non
375 1219 492 1249 mittant
514 1219 548 1248 ad
576 1220 672 1249 curias
696 1219 862 1258 principum
886 1219 948 1248 sine

205 1267 328 1298 consilio
351 1272 378 1298 et
401 1277 522 1298 assensu
542 1269 587 1298 sui
606 1268 766 1308 superioris
789 1268 946 1306 generalis.

204 1316 304 1356 Neque
340 1317 476 1347 similiter
508 1317 636 1347 ministri
668 1322 864 1347 conventuum
898 1322 948 1348 aut

205 1365 394 1404 collegiorum
418 1366 513 1396 adhuc
535 1367 724 1396 existentium
754 1367 831 1397 intra
856 1366 948 1396 ambi-

205 1418 266 1444 tum
289 1415 444 1445 duodecim
477 1416 628 1445 leucarum
658 1416 794 1454 ingredi,
819 1420 869 1446 aut
891 1416 946 1445 sibi

204 1463 335 1494 subditos
359 1465 475 1494 mittere
498 1468 635 1504 poterunt
658 1465 692 1494 ad
715 1465 883 1494 huiusmodi
899 1475 948 1494 cu-

204 1512 275 1551 rias,
292 1513 356 1542 sine
373 1513 524 1552 praedicta
546 1513 694 1544 facultate.
719 1513 748 1544 Si
768 1518 863 1543 autem
884 1514 946 1543 sine

204 1563 239 1591 ea
271 1562 377 1601 aliquis
408 1562 563 1601 religiosus
592 1563 706 1601 ingredi
730 1566 907 1602 praesumat,
931 1572 945 1591 a

204 1610 339 1640 ministro
362 1610 466 1640 domus
488 1611 678 1641 consistentis
699 1612 726 1639 in
747 1611 830 1641 curia
848 1611 946 1641 statim

204 1658 383 1696 recludatur,
401 1663 429 1688 et
445 1659 582 1698 superior
603 1660 760 1698 generalis,
785 1660 864 1689 iuxta
881 1669 947 1698 gra-

203 1709 322 1738 vitatem
339 1709 454 1748 culpae,
472 1718 538 1739 eum
562 1709 685 1748 puniat3
710 1710 831 1749 ipseque
848 1713 877 1739 et
899 1719 946 1739 su-

203 1758 313 1797 perior,
336 1758 386 1797 qui
414 1767 481 1788 eum
504 1758 595 1796 misit,
619 1768 743 1798 poenam
773 1758 945 1797 privationis

202 1806 366 1845 incurrant,
391 1811 423 1837 ut
445 1807 557 1837 dictum
582 1811 625 1837 est
643 1816 724 1837 num.
745 1815 783 1837 1v.

243 1866 270 1886 x.
294 1856 413 1887 Attento
435 1857 541 1897 spiritu
564 1857 744 1897 paupertatis
773 1860 800 1887 et
828 1857 944 1886 clausu-

202 1914 251 1936 rae
282 1905 434 1944 religionis
465 1910 604 1942 nostrae,
628 1906 785 1936 statuimus
818 1910 850 1936 ut
882 1906 944 1936 sine

202 1954 283 1992 gravi
306 1958 334 1985 et
356 1958 478 1993 urgente
508 1955 682 1985 necessitate
705 1964 763 1984 non
791 1954 875 1984 detur
898 1963 942 1984 re-

203 2002 314 2041 ligiosis
330 2004 452 2034 facultas
468 2004 639 2041 itinerandi,
656 2013 709 2034 nec
729 2003 859 2034 mutandi
875 2013 944 2033 con-

203 2052 444 2089 ventualitatem,
468 2062 563 2092 neque
585 2053 621 2083 ad
644 2053 697 2082 hoc
720 2057 751 2083 ut
774 2053 832 2082 sint
862 2056 943 2082 extra

203 2106 363 2132 conventus
375 2111 390 2131 a
404 2101 544 2132 Paschate
557 2111 649 2141 usque
658 2102 692 2131 ad
706 2102 810 2132 festum
821 2102 870 2132 SS.
881 2101 945 2131 Tri-

201 2150 301 2181 nitatis
323 2160 356 2180 eo
384 2160 460 2181 anno
494 2161 552 2190 quo
582 2150 749 2181 celebratur
782 2151 943 2190 capitulum

839 191 981 217 CLEMENS
1005 191 1052 215 xit
1075 192 1126 216 PP.

201 2199 336 2237 generale
360 2200 404 2230 vel
427 2209 496 2230 suae
519 2200 697 2239 provinciae,
722 2200 779 2230 nisi
807 2205 943 2230 occurrat

202 2248 350 2287 negotium
367 2249 493 2288 speciale
512 2248 630 2280 Ordinis
652 2249 728 2289 quod
751 2249 863 2279 differri
886 2259 942 2279 non

202 2296 304 2327 valeat.

241 2355 283 2375 ιι.
301 2346 343 2376 Ad
360 2347 483 2386 patriam
499 2356 583 2377 suam
601 2347 700 2377 nullus
716 2351 818 2387 pergat
834 2347 943 2386 absque

203 2395 393 2433 provincialis
417 2395 547 2431 licentia,
571 2405 625 2427 nec
647 2396 711 2426 sine
733 2396 811 2426 socio
833 2395 942 2435 absque

202 2445 364 2484 superioris
386 2446 534 2485 generalis
553 2446 754 2484 concessione,
778 2445 823 2475 vel
840 2445 895 2475 nisi
913 2446 942 2475 in

201 2493 306 2533 oppido
328 2494 378 2525 illo
401 2495 438 2525 sit
461 2495 634 2525 coenobium
658 2498 807 2525 nostrum:
833 2495 944 2534 praela-

201 2545 247 2572 tus
269 2547 376 2581 autem,
401 2543 451 2582 qui
473 2553 571 2574 secum
587 2544 595 2560 ¹
618 2552 793 2583 quemquam
817 2543 941 2583 miserit,

236 2597 248 2622 1
269 2595 371 2623 Forsan
391 2604 468 2624 secus
486 2598 526 2632 (n.
543 2598 592 2632 T.).

995 250 1106 280 poenae
1129 239 1331 279 suspensionis
1355 239 1390 269 ab
1415 239 1510 270 officio
1535 247 1584 278 per
1607 247 1736 268 mensem

996 298 1085 319 unum
1110 288 1270 319 subiaceat.

1035 347 1085 367 xri.
1121 337 1180 367 lter
1213 337 1388 367 facientibus
1421 337 1619 376 permittimus
1652 345 1736 366 usum

995 386 1157 424 caligarum
1180 386 1240 416 sive
1265 386 1408 416 tibialium
1432 396 1466 415 ex
1489 395 1557 424 sago
1579 385 1666 421 albo,
1692 385 1737 414 vel

994 435 1083 465 simili
1106 436 1240 471 materia,
1262 435 1371 474 absque
1394 435 1490 474 aliqua
1507 434 1685 470 curiositate,
1710 439 1737 463 et

994 484 1022 513 in
1058 485 1173 522 urgenti
1205 485 1379 514 necessitate
1403 494 1488 514 usum
1522 484 1668 523 pedalium
1701 492 1736 512 ex

994 533 1095 562 eadem
1121 533 1263 569 materia,
1287 538 1314 562 et
1337 533 1504 572 superiores
1522 533 1618 562 onmia
1638 531 1735 562 itineri

995 582 1161 611 necessaria
1185 583 1226 612 eis
1250 587 1408 621 praestent.
1441 582 1618 612 itinerantes
1639 585 1735 610 autem

995 634 1096 659 tenues
1118 635 1146 660 et
1169 630 1335 660 moderatos
1358 635 1490 670 sumptus
1513 631 1631 668 saciant,
1656 634 1684 660 et
1706 631 1735 660 in

994 679 1130 709 omnibus
1153 689 1183 709 se
1205 679 1285 718 ipsos
1315 680 1464 718 exemplar
1486 679 1628 709 virtutum
1653 688 1736 718 prae-

994 729 1092 759 beant.
1130 729 1210 765 Quod
1245 729 1267 758 si
1301 738 1437 759 excessus
1470 729 1685 766 commiserint,
1720 739 1734 758 a

995 778 1123 816 praelato
1159 778 1310 808 vicinioris
1347 782 1508 808 conventus
1544 778 1733 816 mulctentur,

971 848 973 855 i
993 827 1072 856 iuxta
1096 827 1270 864 gravitatem
1294 827 1409 866 culpae.

1033 885 1052 906 1.
1074 876 1213 914 Religiosi
1236 876 1327 905 nostri
1348 885 1399 915 per
1415 885 1497 906 areas
1513 886 1570 906 non
1589 876 1736 916 postulent

994 934 1047 954 nec
1071 929 1214 963 quaerant
1237 925 1447 963 eleemosynas,
1472 934 1525 954 nec
1543 934 1594 964 pro
1613 925 1670 954 illis
1687 934 1735 963 pe.-

994 974 1089 1003 tendis
1113 974 1187 1003 ultra
1211 973 1365 1003 duodecim
1390 974 1487 1003 leucas
1503 983 1517 1002 a
1541 973 1735 1003 conventibus

993 1032 1023 1051 se
1060 1022 1239 1060 extendant,
1263 1022 1372 1061 absque
1395 1023 1557 1061 superioris
1589 1022 1735 1061 generalis

993 1081 1043 1101 seu
1078 1072 1266 1111 provincialis
1303 1072 1434 1101 licentia.
1470 1072 1529 1101 Nec
1555 1072 1623 1101 item
1648 1072 1735 1101 frater

993 1121 1101 1159 aliquis
1114 1120 1269 1150 cuiuslibet
1283 1125 1442 1150 conventus
1456 1121 1500 1150 vel
1515 1120 1629 1158 collegii
1646 1129 1734 1159 quae-

992 1174 1037 1199 rat
1059 1170 1120 1199 sive
1143 1169 1269 1209 postulet
1293 1170 1505 1208 eleemosynam
1528 1169 1655 1208 aliquam
1672 1170 1735 1207 (cu-

993 1219 1166 1259 iuscumque
1194 1219 1316 1248 rationis
1350 1219 1419 1248 baec
1452 1219 1529 1257 sint)
1553 1218 1581 1247 in
1615 1218 1732 1257 oppido,

993 1267 1073 1304 villa,
1091 1277 1142 1297 seu
1167 1266 1313 1302 districtu,
1332 1267 1376 1296 vel
1401 1267 1527 1296 termino
1549 1266 1701 1304 designato
1718 1275 1732 1295 a

993 1316 1164 1355 provinciali
1189 1326 1241 1356 pro
1264 1316 1354 1345 altero
1377 1320 1521 1345 conventu
1538 1325 1588 1345 seu
1612 1315 1734 1353 collegio

992 1365 1079 1395 etiam
1104 1365 1179 1395 intra
1204 1365 1385 1404 praedictum
1420 1365 1546 1404 spatium
1581 1364 1733 1394 duodecim

992 1414 1154 1444 leucarum.
1179 1413 1260 1449 Quod
1284 1414 1307 1443 si
1325 1414 1516 1443 nihilominus
1534 1414 1572 1443 ita
1589 1422 1734 1452 quaerens

991 1464 1119 1504 aliquam
1143 1464 1287 1503 receperit
1303 1464 1527 1502 eleemosynam,
1546 1462 1734 1502 provincialis

991 1522 1053 1542 eam
1077 1513 1202 1542 conferri
1226 1513 1311 1542 saciat
1332 1512 1430 1542 domui
1453 1512 1507 1549 illi,
1532 1512 1561 1542 in
1585 1512 1668 1542 cuius
1691 1511 1735 1541 di-

990 1560 1095 1590 strictu
1118 1559 1249 1599 quaesita
1273 1559 1348 1594 suit;
1373 1564 1401 1589 et
1417 1563 1567 1598 praeterea
1587 1563 1644 1588 tam
1667 1557 1734 1588 sub-

990 1610 1095 1647 ditum,
1111 1618 1196 1648 quam
1214 1609 1408 1648 superiorem,
1421 1609 1449 1638 in
1468 1613 1526 1638 toto
1543 1608 1589 1637 vel
1606 1608 1634 1637 in
1653 1613 1733 1647 parte

990 1658 1243 1688 contravenientes
1266 1657 1412 1686 contentis
1441 1657 1470 1686 in
1501 1657 1558 1686 ista
1587 1658 1730 1686 constitu-

990 1707 1080 1744 tione,
1096 1706 1238 1735 arbitratu
1254 1714 1305 1736 suo
1322 1706 1443 1745 puniat¹
1460 1706 1541 1736 iuxta
1561 1705 1732 1745 qualitatem

990 1755 1093 1794 culpae
1116 1755 1264 1795 ipsorum,
1297 1755 1435 1785 limitatio
1470 1759 1566 1785 autem
1601 1755 1731 1794 praefata

989 1805 1141 1835 duodecim
1156 1805 1317 1843 leucarum,
1335 1814 1393 1834 non
1420 1805 1642 1844 comprehendit
1667 1814 1732 1844 pro-

988 1860 1138 1885 curatores
1152 1854 1378 1893 redemptionis;
1391 1854 1637 1894 exhortamurque
1650 1863 1733 1893 prae-

988 1903 1072 1939 latos,
1097 1907 1128 1934 ut
1151 1904 1185 1934 ad
1220 1904 1423 1943 postulandam
1456 1903 1584 1933 ostiatim
1607 1903 1733 1932 eleemo-

988 1962 1088 1993 synam
1112 1963 1170 1983 non
1184 1953 1256 1983 alios
1269 1953 1387 1983 mittant
1403 1962 1489 1993 quam
1507 1953 1612 1982 fratres
1628 1952 1730 1986 laicos.

988 2006 1016 2031 et
1040 2011 1156 2041 semper
1179 2011 1245 2031 cum
1267 2002 1365 2031 sociis.

1026 2061 1045 2081 11
1081 2052 1183 2081 Nullus
1207 2051 1362 2090 religiosus
1385 2052 1511 2091 postulet
1533 2055 1583 2081 aut
1605 2051 1727 2090 recipiat

987 2101 1202 2139 eleemosynam
1224 2100 1352 2140 aliquam
1377 2110 1428 2139 pro
1463 2100 1523 2130 suis
1546 2099 1729 2139 parentibus,

987 2150 1118 2189 cognatis
1141 2155 1190 2180 aut
1206 2150 1270 2180 aliis
1286 2151 1420 2190 personis
1437 2154 1517 2180 extra
1541 2149 1728 2188 religionem,

987 2199 1096 2239 absque
1135 2199 1296 2238 superioris
1332 2200 1477 2238 generalis
1509 2199 1649 2235 licentia,
1674 2198 1727 2228 sub

989 2249 1083 2287 poena
1104 2248 1279 2278 reclusionis
1302 2248 1385 2278 iuxta
1408 2248 1579 2286 gravitatem
1611 2247 1725 2287 culpae.

987 2296 1017 2327 Si
1040 2302 1138 2327 autem
1161 2297 1267 2336 aliquis
1291 2301 1427 2337 parentes
1450 2306 1592 2337 pauperes
1614 2301 1641 2326 et
1662 2305 1730 2334 ege-

986 2356 1039 2376 nos
1062 2347 1179 2382 habeat,
1205 2350 1321 2377 moneat
1346 2346 1566 2386 provinemlem,
1597 2346 1658 2385 qui,
1683 2355 1730 2375 co-

986 2397 1067 2434 gnita
1090 2397 1274 2435 necessitate,
1305 2397 1368 2426 sine
1402 2397 1567 2426 interventu
1592 2395 1662 2425 dicti
1686 2403 1731 2424 re-

986 2444 1094 2483 ligiosi,
1119 2454 1151 2475 ac
1175 2445 1365 2475 consideratis
1387 2443 1626 2479 circumstantiis,
1645 2451 1730 2482 opem

988 2494 1061 2524 serat
1096 2493 1175 2525 iuxta
1213 2494 1435 2534 possibilitatem
1469 2498 1498 2524 et
1529 2497 1729 2533 paupertatem

987 2541 1116 2573 Ordinis.

1025 2598 1033 2623 1
1059 2597 1158 2633 Nempe
1178 2598 1238 2631 ipse
1254 2597 1447 2632 provincialis
1467 2598 1507 2631 (u.
1525 2597 1574 2630 τ.).

1629 180 1694 214 405
1742 188 1794 215 An.
1812 188 1841 215 c.
1866 189 1932 218 1738

1773 908 1802 928 De
1817 882 1880 929 {idtio
1893 914 1931 934 po·

1746 936 1838 955 stutanlu
1875 937 1930 956 elee-

1746 968 1851 987 mosyuas.
