2232 3178
275 242 323 266 tin.
344 241 372 268 c.
399 241 463 268 1739
508 233 570 267 588

306 2272 383 2292 Rector-
400 2269 453 2289 iutra

271 2305 306 2319 sex
322 2302 403 2318 mensas
419 2296 453 2315 tle·

271 2327 307 2345 bet
329 2325 405 2343 (lurore

281 2351 444 2376 adimpleturum

272 2377 391 2398 luuusniodi
418 2376 454 2396 (1¹3-

272 2407 384 2425 t'l'rlurnni.

467 290 653 330 Scripturae,
684 291 950 322 controversiarum
984 296 1012 322 et
1044 291 1205 331 theologiae

468 340 585 369 moralis
620 340 758 379 peculiari
795 350 895 370 eorum
918 340 1054 371 instituto
1076 350 1209 372 accomo-

467 390 559 419 datas.
593 391 652 425 Qua
686 392 721 420 de
752 399 782 420 re
805 391 861 421 duo
884 391 912 420 in
936 391 1058 429 collegio
1080 391 1207 421 babean-

468 443 514 468 tur
547 439 699 476 magistri,
738 439 787 478 qui
821 440 999 478 quotidianis
1032 440 1207 470 lectionibus

467 490 494 515 et
513 487 650 524 congruis
673 487 919 526 disputationibus
952 489 1099 519 scholares
1127 498 1208 519 exer-

467 540 561 573 ceant,
585 539 671 574 atque
695 545 744 566 eos
767 537 801 566 ad
825 537 974 567 missionis
996 538 1124 568 osticium
1147 538 1209 568 ido-

466 593 536 613 neos
560 584 692 622 reddant,
716 590 744 615 et
767 586 838 615 ordo
861 586 1019 617 lectionum
1043 587 1208 626 repartien-

466 632 568 662 darum
592 633 783 673 imposterum
806 634 1005 665 observandus
1028 635 1207 675 praescriba-

467 685 524 711 tur.

722 738 754 756 De
769 738 943 758 convictoribus

506 778 595 809 Nemo
619 779 660 810 uti
683 780 832 811 convictor
863 781 1034 821 recipiatur,
1058 783 1115 813 nisi
1148 783 1208 814 via-

469 826 556 856 ticum
592 828 620 858 in
653 828 789 859 manibus
813 830 903 870 patris
930 831 1052 862 rectoris
1075 841 1128 871 pro
1150 832 1208 862 dis-

466 884 549 905 cessu
572 876 714 916 deponat,
741 881 769 907 et
800 878 958 918 anticipate
981 879 1120 910 alimenta
1143 890 1208 920 per-

466 924 569 961 solvat,
587 929 615 955 et
637 925 733 955 omnia
757 935 831 965 quae
853 927 888 957 de
906 927 1092 958 alumnorum
1116 929 1205 964 victu,

467 973 571 1003 vestitu
595 977 622 1003 et
644 973 802 1013 disciplina
823 976 934 1006 sancita
959 980 1046 1014 sunt,
1070 977 1209 1008 indiscri-

467 1021 620 1061 minatim,
659 1027 774 1062 praeter
806 1024 1005 1056 iuramentum
1042 1026 1206 1065 missionis,

465 1070 621 1101 observare
645 1072 807 1111 promittat.

654 1132 687 1150 Do
702 1133 765 1151 statu
779 1133 902 1156 temporali
916 1134 1018 1157 conecti.

504 1169 705 1200 Exhibeantur
738 1171 768 1200 in
801 1181 900 1202 mense
932 1174 1029 1203 martii
1051 1173 1208 1205 cuiuslibet

465 1218 533 1247 anni
557 1223 694 1257 computa
717 1220 951 1252 eminentissimo
969 1223 1140 1261 protectori,
1158 1223 1207 1262 qui

465 1276 530 1296 cum
554 1268 858 1300 animadversionibus
877 1270 922 1300 sui
940 1271 1158 1302 ratiocinatoris
1174 1282 1206 1302 ea

465 1317 643 1346 transmittat
674 1317 709 1347 ad
743 1319 936 1349 secretarium
959 1329 1058 1350 sacrae
1082 1320 1207 1359 Congre-

464 1365 590 1402 gationis
613 1365 648 1396 de
671 1366 863 1405 Propagandti
886 1368 977 1406 Fide,
1002 1369 1037 1399 ad
1071 1369 1205 1400 effectum

464 1414 650 1444 examinandi
673 1419 781 1446 statum
805 1417 1027 1447 oeconomicum
1059 1418 1089 1448 in
1117 1419 1206 1459 parti-

464 1463 556 1493 culari
579 1465 804 1503 congregatione
826 1466 1032 1497 constituenda
1063 1477 1100 1497 ex
1134 1469 1206 1498 emi-

464 1511 646 1542 nentissimis
675 1517 703 1543 et
725 1514 983 1545 reverendissimis
1005 1515 1206 1547 cardinalibus

464 1562 609 1599 prreFecto
621 1565 649 1591 et
667 1562 881 1600 protectoribus
896 1573 1055 1602 regnorum
1071 1565 1204 1604 Angliae,

464 1608 576 1639 Scotiae
599 1613 627 1639 et
650 1610 807 1641 Hiberniae
831 1622 897 1642 cum
916 1613 1075 1643 secretario
1092 1615 1206 1654 praedi-

465 1662 527 1688 ctae
549 1659 797 1698 Congregationis.

505 1707 637 1747 Insuper,
658 1709 692 1738 ad
715 1709 850 1740 evitanda
873 1710 978 1741 damna
1002 1712 1117 1752 collegii
1140 1714 1206 1744 red-

465 1756 573 1786 ditibus
608 1766 661 1796 per
693 1758 946 1790 administratores
969 1761 1114 1800 stipendio
1137 1771 1205 1792 con-

465 1805 567 1835 ductos
590 1815 677 1843 grave
699 1807 787 1836 nimis
810 1807 908 1845 illata,
932 1809 1130 1839 necessarium
1153 1810 1205 1840 du-

467 1853 560 1883 ximus
583 1854 809 1893 praescribendo
825 1860 982 1887 annectere
1001 1858 1129 1896 modum,
1148 1868 1204 1898 quo

465 1903 502 1933 sit
524 1903 715 1942 imposterum
739 1906 925 1936 oeconomica
949 1906 1165 1938 administratio
1189 1918 1203 1938 a

465 1952 622 1990 praedictis
645 1953 818 1983 officialibus
841 1955 1013 1985 exercenda.

504 2001 697 2040 Ientaculum,
721 2003 797 2042 quod
817 2013 868 2043 per
884 2003 1008 2034 abusum
1024 2006 1204 2045 suppeditari

465 2055 656 2080 consueverat
679 2052 794 2081 famulis
817 2053 1119 2084 eminentissimorum
1143 2065 1206 2085 car—

465 2099 607 2129 dinalium
630 2110 730 2130 sacrae
752 2101 992 2140 Congregationis
1010 2103 1205 2134 immunitatis

465 2148 499 2176 ad
522 2148 626 2178 festum
649 2150 678 2179 S.
702 2149 829 2180 Thomae
851 2151 1068 2182 Cantuariensis
1101 2162 1205 2183 conve-

465 2197 620 2231 nientium,
646 2198 765 2228 omnino
788 2199 918 2230 tollatur.

504 2246 643 2284 Tandem,
661 2256 726 2277 cum
744 2257 845 2286 parum
870 2248 1003 2287 proficiat
1025 2259 1113 2279 novas
1136 2258 1203 2279 con-

464 2294 532 2325 dere
555 2295 652 2333 leges,
677 2296 733 2326 nisi
756 2297 785 2326 in
809 2298 923 2335 praxim
954 2298 1094 2337 disposita
1120 2299 1205 2328 redu-

465 2347 579 2381 cantur,
603 2348 631 2374 et
653 2345 683 2374 in
700 2346 871 2375 memoriam
888 2355 974 2385 saepe
991 2347 1107 2386 saepius
1123 2356 1206 2377 revo-

465 2398 579 2423 centur:
605 2398 756 2433 propterea
781 2395 855 2434 patri
879 2396 986 2425 rectori
1010 2395 1203 2434 iniungimus,

466 2446 515 2479 ut,
549 2442 623 2472 insra
657 2452 705 2472 sex
738 2452 874 2481 menses,
909 2444 944 2474 de
978 2444 1205 2483 adimplemento

465 2490 494 2519 in
512 2490 564 2519 linc
586 2491 746 2530 apostolica
769 2492 933 2522 visitatione
956 2493 1205 2532 praescriptorum

466 2538 730 2569 eminentissimum
740 2540 920 2570 cardinalem
935 2545 1127 2580 protectorem
1144 2551 1206 2572 cer-

468 2586 568 2616 tiorem
600 2589 718 2628 reddat,
742 2594 828 2629 atque
851 2589 897 2619 bis
920 2589 949 2619 in
972 2599 1049 2620 anno
1071 2600 1137 2620 curn
1160 2590 1205 2620 in-

466 2640 597 2668 terventu
621 2639 751 2670 omnium
767 2639 969 2670 ministrorum
986 2643 1013 2670 et
1031 2639 1204 2671 officialium

1047 240 1235 268 BULLARIUM
1260 242 1423 269 ROMANUM

1990 248 2039 274 An.
2061 249 2090 276 C.
2115 249 2180 279 ¹739

1250 291 1365 323 decreta
1389 296 1417 323 et
1439 293 1649 324 instructiones
1672 301 1724 334 per
1747 303 1799 325 nos
1821 294 1907 326 modo
1931 300 1988 327 sta·
2216 286 2217 290 Ἰ

1251 345 1329 372 tutas
1352 343 1471 373 mandet
1494 347 1625 383 tempore
1647 344 1763 384 prandii
1785 344 1907 383 legendo
1924 355 1988 386 pro-

1251 391 1387 429 mulgari.

1290 440 1324 469 Et
1346 440 1396 477 ita,
1420 441 1511 477 salvo,
1536 445 1591 471 etc.

1290 488 1393 519 Datum
1411 498 1438 518 x1
1455 489 1523 519 maii
1541 498 1717 520 mccxxxvr⁴
1734 490 1766 521 T.
1781 490 1816 521 Α.
1831 491 1989 522 cardinalis

1250 545 1287 566 nr,
1316 537 1369 567 Vm
1398 537 1531 568 visitator
1559 539 1752 577 apostolicus,
1776 539 1807 569 D.
1832 540 1989 570 cardinalis

1250 585 1362 615 anna
1393 585 1526 616 visitator
1557 587 1751 626 apostolicus,
1775 587 1930 618 rfflmpmvs
1952 597 1989 618 nr:

1250 634 1409 673 Mos-neus,
1427 635 1601 665 secretarius
1616 635 1855 674 Congregationis
1870 637 1905 667 de
1920 637 1991 668 Pro·
2230 646 2232 686 Ξ

1250 684 1381 723 paganda
1403 683 1493 722 Fide,
1517 693 1532 714 a
1554 685 1687 715 secretis.
2222 690 2232 728 ji

1289 732 1333 762 Ex
1345 732 1495 763 audientia
1507 733 1685 764 sanctissimi
1697 734 1742 764 die
1755 743 1802 764 ΧΠ
1814 734 1989 774 septembris
2230 736 2232 740 “

1249 789 1437 812 Moccxxxix:
1462 782 1670 813 Sanctissimus
1701 783 1870 823 supradicta
1892 784 1989 815 omnia
2224 809 2226 819 ,

1250 829 1432 869 approbavit,
1451 835 1479 861 et
1502 831 1613 862 litteras
1630 832 1863 862 confirmatorias
1885 833 1914 862 in
1933 833 1991 863 for·
2224 830 2232 867 l]

1252 880 1299 908 ma
1320 879 1421 909 Brevis
1443 880 1576 920 expediri
1599 881 1758 912 mandavit.
1781 880 1937 912 Pntmrrus
1953 890 1990 912 DE
2224 883 2232 892 ⁴⁴

1250 927 1411 958 Moxrissus.

1295 984 1309 1027 ἓ
1334 985 1366 1018 [ι.
1394 985 1600 1019 praeinserta
1631 992 1737 1020 autem
1764 988 1894 1021 decreta
1918 998 1989 1021 cum
2036 1010 2114 1031 mem
2133 1015 2183 1031 con·
2222 957 2229 1017 i

1252 1037 1395 1080 prolicua
1412 1048 1447 1071 ac
1465 1039 1617 1071 salutaria
1635 1038 1906 1082 probavissemus,
1924 1037 2182 1084 quos¹¹‘¹¹²³,²¹'⁰'¹¹¹s⁸¹·
2223 1038 2230 1067 ¹>

1252 1089 1377 1123 firmius
1395 1091 1572 1124 subsistant
1597 1097 1628 1124 et
1648 1096 1820 1125 serventur
1838 1093 1991 1134 exactius,
2228 1093 2229 1102 ¹

1251 1144 1443 1177 auctoritate
1487 1143 1663 1187 apostolica
1683 1171 1690 1184 ,
1737 1149 1848 1178 tenore
1890 1156 1987 1189 prae--

1251 1197 1401 1237 sentium,
1438 1197 1659 1240 approbamus
1684 1202 1715 1230 et
1740 1198 1986 1239 confirmamus,
2230 1214 2232 1229 ι

1251 1250 1447 1293 apostolicae
1465 1249 1624 1283 firmitatis
1644 1251 1744 1284 robur
1766 1251 1884 1284 iisdem
1909 1251 1990 1285 adii-

1251 1304 1370 1342 cimus,
1396 1315 1431 1337 ae
1462 1314 1574 1337 omnes
1605 1309 1635 1337 et
1667 1305 1812 1348 singulos
1846 1304 1925 1338 iuris
1959 1311 1991 1338 et

1252 1357 1326 1390 sacti
1344 1357 1498 1397 desectus,
1515 1357 1541 1390 si
1560 1357 1614 1400 qui
1632 1358 1771 1401 desuper
1790 1357 1990 1401 quomodoli-

1250 1410 1305 1443 bet
1318 1410 1564 1450 intervenerint,
1580 1421 1727 1443 sanamus
1743 1416 1774 1444 et
1787 1412 1987 1454 supplemus.

1294 1463 1308 1506 ἓ
1334 1464 1364 1496 5.
1388 1464 1617 1504 neem-nentes,
1644 1464 1758 1497 eadem
1783 1465 1925 1506 decreta,
1952 1474 1988 1497 ac
2029 1486 2182 1512 &mandatum

1250 1522 1439 1560 praesentes
1465 1517 1590 1550 litteras
1615 1517 1734 1558 firmas,
1754 1518 1874 1551 validas
1893 1523 1925 1551 et
1945 1513 2171 1551 es-⁰b¹⁴¹¹¹²⁸¹³²¹¹¹²·

1250 1570 1365 1603 ficaces
1391 1570 1529 1603 existere
1555 1576 1586 1603 et
1610 1570 1687 1610 sore,
1714 1581 1855 1615 suosque
1880 1571 1990 1615 plena-

1249 1623 1314 1656 rios
1340 1629 1371 1656 et
1397 1623 1540 1665 integros
1567 1623 1699 1656 eil'ectus
1724 1624 1831 1657 sortiri
1857 1629 1888 1657 et
1908 1624 1990 1657 obti-

1249 1688 1348 1717 nere,
1375 1687 1410 1708 ac
1442 1676 1526 1716 illis,
1553 1677 1591 1709 ad
1617 1688 1697 1719 quos
1723 1682 1848 1720 spectat
1872 1683 1904 1710 et
1928 1688 1988 1720 pro

1249 1736 1392 1773 tempore
1412 1730 1580 1772 spectabit,
1600 1729 1788 1772 plenissime
1806 1730 1987 1774 suil'ragari·,

1248 1783 1357 1826 sicque
1396 1782 1426 1814 in
1464 1781 1647 1824 praemissis
1684 1793 1742 1825 per
1766 1793 1989 1827 quoscumque

1248 1836 1372 1868 iudices
1397 1835 1578 1868 ordinarios
1615 1841 1645 1868 et
1678 1835 1865 1878 delegatos,
1891 1836 1988 1869 etiam

1248 1899 1420 1922 causarum
1456 1888 1568 1931 palatii
1604 1889 1774 1931 apostolici
1800 1889 1989 1931 auditores,

1248 1941 1382 1975 iudicari
1409 1946 1440 1974 et
1465 1940 1591 1974 definiri
1618 1942 1759 1983 debere,
1795 1953 1830 1976 ac
1865 1943 1989 1977 irritum

1249 2000 1280 2028 et
1315 1995 1410 2028 inane
1444 1994 1603 2038 quidquid
1642 2005 1734 2029 secus
1766 2006 1864 2040 super
1896 1996 1947 2029 his
1973 2007 1991 2029 a

1249 2058 1434 2091 quoquam,
1462 2047 1574 2090 quavis
1609 2049 1823 2089 auctoritate,
1850 2049 1991 2083 scienter

1248 2102 1296 2134 vel
1324 2101 1526 2143 ignoranter,
1554 2101 1729 2143 contigerit
1754 2103 1917 2135 attentari.

1293 2155 1307 2197 g
1339 2154 1370 2187 6.
1405 2154 1474 2187 Non
1512 2154 1717 2188 obstantibus
1752 2155 1991 2190 constitutioni-

1248 2207 1307 2240 bus
1333 2212 1366 2239 et
1390 2207 1650 2240 ordinationibus
1681 2208 1884 2251 apostolicis,
1910 2215 1990 2243 cete-

1249 2261 1360 2304 risque
1386 2261 1557 2294 contrariis
1583 2262 1854 2306 quibuscumque.

1293 2313 1405 2346 Datum
1432 2314 1564 2354 Romae,
1584 2315 1669 2357 apud
1687 2315 1717 2348 S.
1741 2314 1871 2348 Mariam
1892 2315 1990 2350 Maio-

1251 2378 1333 2406 rem,
1354 2367 1415 2400 sub
1430 2368 1551 2401 annulo
1568 2368 1751 2409 piscatoris,
1770 2367 1820 2402 die
1837 2379 1991 2403 xxv111se-

1249 2420 1406 2462 ptembris
1424 2429 1616 2462 iinccxxxm
1643 2419 1850 2464 pontificatus
1885 2421 1988 2454 nostri

1250 2483 1335 2507 anno
1354 2483 1383 2506 x.

1285 2534 1343 2562 Dat.
1360 2534 1402 2562 die
1418 2534 1452 2562 28
1467 2535 1632 2571 septembris
1655 2536 1733 2569 1739,
1753 2536 1848 2572 pontif.
1871 2543 1942 2563 anno
1962 2543 1989 2563 x.

2025 2175 2132 2197 Contraria
2142 2173 2180 2196 tol-

2000 2203 2052 2224 lens.
