2232 3178
39 258 90 285 An.
107 255 134 283 C.
158 254 224 282 1737

230 303 366 345 sumum,
391 303 564 345 caliginem
592 308 622 337 et
648 304 769 346 ignem,
795 303 924 345 fulgura
941 306 971 335 et

232 356 380 396 tonitrua,
401 356 539 389 sonitum
555 357 788 399 etclangorem
809 356 970 394 tubarum,

230 409 365 453 gloriam
391 409 531 449 Domini,
558 410 620 442 hoc
645 417 692 442 est
716 408 877 451 magnalia
903 419 972 450 gra-

230 463 292 495 tiae
317 472 394 494 suae
417 467 448 495 et
473 462 624 505 prodigia
648 462 843 499 sanctitatis,
869 461 970 493 admi-

229 515 355 549 ratione
380 515 473 548 simul
500 521 531 548 et
557 521 680 548 terrore
699 516 870 558 perculsus
897 525 970 557 pro-

228 568 352 611 spiciat.
373 568 487 601 Procul
510 567 585 600 hinc
603 568 708 601 omnis
728 568 794 600 fera
815 567 919 600 bestia
938 572 970 599 et

229 622 346 655 animal
373 621 588 659 immundum,
614 632 654 653 ne
681 620 743 654 loci
763 620 969 654 sanctitatem

229 675 386 718 sanguine
427 675 535 708 foedet
569 675 618 707 vel
647 674 835 717 impuritate
862 676 970 707 conta-

228 729 339 761 minet.
365 729 456 761 Foris
483 738 590 766 canes,
618 733 649 760 et
674 727 830 768 venetici,
857 732 888 759 et
914 727 971 759 im-

227 781 349 825 pudici,
376 786 408 814 et
434 781 629 821 homicidae,
655 787 687 813 et
712 780 808 813 idolis
833 780 969 813 servien-

229 841 288 875 tes,
312 841 344 868 et
368 835 475 869 omnis
501 835 555 878 qui
581 839 665 867 amat
691 839 723 867 et
748 834 824 867 facit
841 834 969 866 menda-

227 889 324 921 cium.
364 888 528 921 Accedant
564 894 694 928 autem,
728 887 780 931 qui
819 887 968 920 vitalibus

227 942 320 986 aquis
346 941 378 974 in
403 952 495 975 sacro
523 942 610 974 sonte
637 942 752 981 renati,
773 941 821 974 vel
841 940 968 984 purgati

228 1001 432 1028 sacramento
466 995 716 1038 poenitentiae,
751 993 858 1027 amicti
894 999 968 1026 sunt

227 1049 319 1083 stolis
356 1048 525 1088 candidis;
553 1049 731 1088 accedant,
758 1049 813 1081 sed
852 1048 968 1081 solutis

227 1108 324 1136 antea
349 1102 579 1136 calceamentis
606 1113 641 1135 ex
661 1105 748 1135 corio
768 1107 966 1134 mortuorum

228 1156 425 1194 animalium,
452 1166 570 1198 nempe
598 1154 736 1188 mortuis
756 1154 876 1188 relictis
896 1165 969 1198 ope-

227 1209 336 1248 ribus,
363 1209 438 1251 qnia
463 1213 549 1240 terra
574 1214 683 1240 sancta
709 1213 769 1241 est.
798 1208 894 1240 Arcta
920 1212 969 1239 cst

226 1262 297 1303 via,
323 1261 445 1294 arduus
471 1266 570 1304 atque
596 1267 753 1304 angustus
780 1266 826 1294 est
854 1261 967 1299 limes,

227 1321 258 1348 et
282 1325 378 1348 nemo
406 1319 490 1346 tutus
520 1324 580 1357 per
613 1324 684 1347 eum
718 1313 902 1356 ingreditur
939 1319 968 1346 et

227 1369 266 1402 ad
290 1369 418 1402 culmen
444 1378 579 1401 securus
605 1368 772 1411 pertingit,
796 1367 854 1400 nisi
878 1367 969 1400 vesti-

227 1422 288 1465 giis
315 1421 445 1454 insistat
465 1421 582 1454 Christi
606 1421 728 1454 domini
749 1421 919 1454 clamantis
939 1427 970 1454 ct

228 1475 382 1510 dicentis:
408 1475 445 1508 Si
469 1474 543 1518 quis
569 1474 639 1507 vult
665 1475 773 1507 venire
798 1479 868 1517 pasc
899 1484 965 1514 me,

229 1529 322 1562 tollat
340 1539 467 1562 crucem.
491 1539 585 1560 suam
611 1528 768 1571 quotidie.
797 1528 970 1561 Ambulan-

227 1583 303 1616 dum
329 1587 376 1615 est
402 1581 499 1624 igitur
526 1581 669 1624 vestigiis
697 1581 840 1624 131aribus,
866 1587 897 1614 et
921 1592 970 1614 ae-

228 1636 316 1668 mula
341 1634 544 1677 ingressione
569 1634 759 1674 nitendum,
796 1635 871 1678 quia
904 1645 968 1668 non

227 1694 276 1722 est
301 1688 404 1721 maior
430 1687 563 1721 domino
589 1698 647 1720 suo
674 1698 795 1728 servus,
817 1699 876 1721 nec
894 1688 971 1721 libe-

228 1747 332 1776 ratore
358 1742 536 1783 liberatus,
564 1747 596 1774 et
632 1742 684 1784 qui
723 1742 872 1785 cupimus
898 1753 968 1775 esse

227 1795 410 1835 christiani,
429 1795 594 1835 debemus,
616 1795 703 1839 quod
725 1795 873 1828 Christus
892 1796 970 1829 dixit

228 1856 260 1884 et
277 1850 363 1890 fecit,
386 1849 516 1890 imitari,
543 1855 578 1882 ut
595 1850 792 1893 respondeat
814 1850 852 1883 ad
873 1850 968 1884 sidem

227 1903 369 1937 nominis
396 1903 531 1936 sectatio
559 1903 714 1936 veritatis.

34 1964 216 2015 eti2i12⁰⁹⁸ffi²ssij
270 1957 285 2000 ἓ
309 1956 339 1989 ’1.
369 1957 491 1999 Aspera
518 1961 548 1989 et
574 1956 734 1990 laboriosa
766 1956 825 1989 hac
851 1957 898 1990 via
924 1957 969 1989 in-

34 2008 87 2038 hauc
102 2019 156 2038 νῡιπι
175 2019 214 2039 snr-
227 2009 324 2043 cessit
359 2009 450 2042 sortis
483 2009 538 2042 Dei
575 2010 665 2042 miles
703 2010 837 2043 loannes
870 2009 969 2043 Fran-

33 2046 329 2097 i'ri⁸iii==iff'is.2⁸··⁵z¹is⁵ciscus
355 2063 472 2106 Regis,
509 2063 562 2106 qui
597 2064 758 2096 accinctus
786 2063 904 2097 robore
937 2069 969 2096 et

34 2096 136 2123 'attiguum
165 2104 232 2122 eva·.
322 2116 328 2121 .
352 2117 357 2122 ,
747 2116 752 2121 .
858 2116 864 2122 .
944 2117 950 2123 ,

33 2125 67 2144 ιιι.
225 2128 256 2149 1n
282 2123 396 2160 spiritu
422 2116 613 2156 ambulans,
640 2117 771 2149 calcatis
798 2117 968 2150 desideriis

224 2170 331 2204 carnis
370 2175 401 2203 et
433 2170 639 2213 passionibus
677 2170 772 2203 huius
811 2172 967 2215 temporis

0 2233 3 2292 Ι
225 2224 355 2257 sortiter
389 2223 556 2263 toleratiS,
590 2233 647 2266 per
679 2223 906 2257 tribulationes
932 2235 968 2257 ac

225 2277 460 2316 contumelias,
486 2286 545 2319 per
570 2276 697 2309 labores
725 2282 754 2309 et
780 2277 965 2319 angustias,

224 2330 257 2363 in
283 2329 512 2369 orationibus,
543 2329 574 2362 in
606 2329 758 2370 ieiuniis,
787 2331 818 2362 in
844 2330 965 2373 vigiliis

225 2384 265 2417 ad
298 2383 417 2416 montis
450 2383 550 2416 evasit
583 2383 770 2426 fastigium,
805 2384 966 2427 aspiciens

226 2437 257 2469 in
292 2442 458 2469 auctorem
495 2435 569 2468 fidei
607 2441 638 2468 et
670 2442 966 2470 consummatorem

224 2490 342 2530 Iesum,
361 2488 424 2533 qui,
450 2489 624 2533 proposito
643 2490 702 2522 sibi
722 2491 852 2533 gaudio,
873 2491 966 2524 susti-

224 2543 294 2576 nuit
314 2553 453 2584 crueem‚
472 2543 663 2577 confusione
682 2548 881 2588 contempta.
901 2545 964 2580 Nos

224 2602 330 2630 autem
357 2595 490 2640 quibus¹
512 2598 654 2639 superna
674 2597 863 2640 dignatione
882 2609 965 2632 com-

262 2660 271 2686 1
294 2657 366 2687 Edit.
388 2657 471 2685 Maia.
493 2657 557 2692 legit
577 2659 627 2693 qui
648 2667 694 2694 pro
715 2659 819 2695 quibus
839 2662 874 2695 (a.
889 2661 936 2696 T.).

854 253 997 278 CLEMENS
1024 253 1070 278 ΧΠ
1096 254 1144 277 Pr.

1658 243 1722 275 »247
1770 253 1817 277 An.
1836 252 1861 277 c,
1888 253 1952 278 1737

1015 301 1146 335 missum
1165 307 1213 335 est
1239 302 1352 335 tidem'
1376 302 1431 335 Dei
1458 301 1588 344 plebem
1614 301 1645 333 in
1672 300 1755 333 viam

1014 355 1127 388 salutis
1165 354 1308 398 dirigere
1326 382 1334 395 ,
1360 356 1491 388 beatum
1516 353 1572 387 Dei
1598 364 1725 387 servum
1748 381 1754 393 ,

1015 407 1069 450 qui
1097 407 1134 439 ad
1161 408 1267 440 locum
1294 407 1474 440 latitudinis
1494 418 1555 451 per
1575 406 1704 440 labores
1726 412 1757 439 et

1015 460 1182 502 augustias
1223 460 1393 500 transivit,
1421 460 1476 504 qui
1513 461 1551 493 ad
1584 460 1755 493 caelestem

1014 514 1152 556 patriam
1179 524 1237 557 per
1263 514 1359 547 huius
1385 514 1532 547 mortalis
1554 514 1636 546 vitae
1656 513 1755 546 tribu-

1014 566 1155 599 lationes
1183 573 1216 599 et
1241 577 1412 600 aerumnas
1438 567 1601 610 pervenit,
1629 567 1660 599 in
1685 577 1757 599 san-

1014 625 1140 652 ctorum
1166 631 1336 653 munerum
1362 620 1554 654 solemniter
1590 631 1627 653 ex
1655 620 1754 653 veteri

1014 683 1103 706 more
1142 678 1174 706 et
1211 673 1361 707 instituto
1395 674 1559 707 Romanae
1592 673 1756 707 Ecclesiae

1015 727 1175 760 hodierna
1195 727 1246 760 die
1265 727 1509 771 adscripsimus,
1531 732 1578 767 ut,
1598 728 1666 761 eius
1686 737 1758 769 pro-

1013 780 1128 823 positis
1157 780 1330 813 virtutibus
1356 786 1387 813 et
1411 781 1495 824 apud
1521 781 1621 814 Deum
1650 780 1757 814 suffra-

1013 834 1164 876 gantibus
1183 833 1322 877 preces&
1341 845 1400 878 per
1417 835 1531 868 merita
1549 835 1644 868 unius
1659 835 1757 868 divini
1922 861 1929 875 ,

1013 887 1202 920 mediatoris
1226 887 1296 920 Iesu
1323 887 1440 920 Christi
1459 894 1569 921 nostra
1587 888 1758 922 adiuvetur

1013 939 1193 980 infirmitas,
1220 940 1381 973 excitetur
1406 951 1494 983 spes,
1522 941 1696 975 roboretur
1722 941 1757 974 fi-

1013 993 1088 1033 des,
1115 993 1312 1026 accendatur
1344 994 1496 1026 charitas.
1532 994 1643 1037 Itaque
1669 994 1754 1027 beati

1013 1046 1069 1079 Dei
1094 1046 1199 1087 servi,
1227 1047 1280 1089 qui
1307 1046 1339 1079 in
1365 1047 1462 1079 caelis
1488 1047 1549 1080 iarn
1576 1058 1593 1080 a
1618 1048 1683 1081 Deo
1708 1058 1758 1081 co-

1013 1106 1144 1132 ronatus
1171 1105 1228 1139 est,
1254 1099 1456 1143 triumphum
1482 1100 1514 1133 in
1541 1101 1635 1134 terris
1662 1101 1758 1145 spiri-

1014 1153 1092 1186 tuali
1117 1153 1237 1187 laetitia
1264 1154 1445 1186 exultantes
1471 1153 1503 1187 in
1522 1154 1657 1188 Domino
1676 1155 1757 1187 cele-

1013 1208 1170 1247 bremus;
1198 1207 1256 1240 sed
1294 1207 1338 1240 ita
1375 1207 1580 1240 celebremus
1617 1213 1653 1239 ut
1685 1208 1757 1241 eius

1013 1260 1163 1300 labores,
1191 1259 1285 1293 tidem
1303 1287 1310 1300 ,
1338 1260 1551 1300 charitatem,
1578 1266 1755 1305 sancteque

1013 1324 1063 1346 res
1088 1318 1195 1356 gestas
1222 1313 1417 1346 intueamur.
1446 1312 1658 1347 Celebremus
1680 1324 1758 1356 ergo

1015 1367 1227 1410 triumphum,
1253 1367 1423 1400 laudemus
1449 1367 1638 1408 victoriam,
1663 1373 1697 1401 ut
1723 1368 1758 1402 il·
1783 1399 1787 1402 .

1013 1421 1074 1455 lius
1100 1431 1245 1454 amemus
1272 1421 1416 1461 virtutes,
1443 1427 1477 1454 ut
1497 1421 1696 1455 laboriosam
1716 1423 1758 1455 vi-

1014 1479 1078 1509 tam
1104 1480 1314 1518 sanctamque
1341 1475 1642 1516 conversationem,
1662 1487 1758 1520 quam

1013 1528 1154 1561 breviter
1186 1528 1316 1572 populis
1349 1539 1408 1572 pro
1444 1534 1558 1562 nostro
1584 1529 1758 1572 pastoralis

1013 1581 1240 1615 sollicitudinis
1259 1582 1364 1615 officio
1384 1583 1626 1623 annunciamus,
1645 1583 1758 1616 sedulo

1013 1635 1198 1675 imitemur,
1238 1640 1269 1668 et
1304 1635 1388 1668 illius
1423 1636 1573 1679 exemplo
1599 1635 1759 1679 dirigatur

1013 1688 1062 1721 via
1079 1694 1189 1722 nostra
1210 1688 1243 1721 in
1261 1695 1439 1732 conspectu
1457 1689 1597 1722 Domini.
1617 1690 1760 1732 Angusta

1014 1747 1082 1782 est,
1110 1741 1242 1785 spinosa
1267 1747 1334 1781 est,
1362 1742 1441 1775 dura
1466 1747 1531 1782 est,
1558 1742 1615 1776 sed
1642 1743 1760 1776 talibus

1014 1800 1144 1839 tamque
1171 1795 1282 1828 multis
1310 1796 1556 1829 transeuntibus
1578 1796 1661 1830 lenis
1679 1796 1761 1829 sacta

1014 1853 1074 1882 est.
1102 1848 1242 1881 Transiit
1265 1848 1357 1892 prior
1374 1849 1442 1892 ipse
1465 1849 1630 1889 Dominus,
1656 1855 1759 1882 trans-

1013 1902 1121 1935 ierunt
1159 1901 1299 1945 apostoli
1333 1902 1509 1946 intrepidi,
1536 1907 1646 1946 postea
1679 1912 1761 1937 mar-

1015 1959 1110 1998 tyres,
1137 1954 1241 1998 pueri,
1267 1955 1428 1996 mulieres,
1456 1957 1604 1999 puellae,
1633 1955 1761 1988 transiit

1013 2008 1187 2042 novissime
1221 2009 1255 2041 B.
1283 2009 1419 2042 Ioannes
1446 2009 1653 2043 Franciscus:
1689 2009 1757 2042 eius

1014 2072 1092 2104 ergo
1126 2073 1190 2096 non
1228 2062 1397 2096 timeamus
1434 2064 1632 2097 laboriosam
1657 2063 1756 2097 vitam

1013 2115 1128 2160 sequi,
1155 2116 1178 2149 si
1214 2117 1283 2150 eius
1318 2117 1501 2160 praemium
1535 2118 1704 2161 cupimus,
1731 2116 1757 2150 si

1013 2170 1131 2210 locum,
1157 2170 1181 2203 si
1207 2170 1344 2214 patriam
1371 2171 1608 2204 desideramus.

1058 2224 1072 2267 ἕ
1099 2224 1130 2257 ⁶2.
1159 2224 1296 2258 Ioannes
1313 2225 1503 2258 Franciscus
1529 2225 1636 2268 Regis,
1653 2224 1755 2269 pueri·
1768 2229 1870 2280 mliii?
1895 2230 1950 2276 21:¹¹3

1012 2276 1052 2310 tia
1080 2277 1166 2311 inter
1191 2289 1269 2311 suos
1295 2278 1377 2311 mira
1409 2278 1596 2312 innocentia
1623 2272 1951 2329 3⁸³⁰&’2⁴i{⁰iss¹2¹f÷i‚.-1{'.'¹¹⁴

1009 2330 1180 2374 positaque
1207 2333 1306 2374 opera
1331 2331 1514 2365 ediscendis
1549 2331 1661 2374 primis
1693 2331 1756 2364 lin-

1009 2394 1092 2426 guae
1129 2384 1249 2418 latinae
1287 2385 1481 2418 rudimentis
1520 2384 1552 2417 in
1593 2384 1752 2427 oppidulo

1009 2437 1131 2471 Galliae
1157 2437 1404 2478 Narbonensis,
1430 2437 1479 2470 cui
1516 2447 1637 2471 nomen
1669 2436 1753 2471 Fons

1008 2491 1201 2535 Coopertus‚
1223 2492 1277 2525 ubi
1299 2491 1405 2536 pridie
1423 2491 1577 2525 kalendas
1597 2490 1750 2525 februarii

1045 2574 1055 2598 1
1074 2572 1187 2599 Videtur
1202 2571 1348 2607 legendum
1363 2571 1453 2606 fidam
1469 2575 1515 2598 aut
1535 2571 1624 2606 potius
1638 2571 1753 2606 fidelem

1008 2625 1056 2652 pro
1076 2618 1162 2651 fidem
1185 2618 1220 2648 (a.
1236 2618 1284 2647 72).

1042 2660 1058 2687 ‘2
1079 2661 1189 2688 Videtur
1209 2659 1353 2696 legendum
1370 2660 1506 2696 precibus
1526 2665 1563 2695 (n.
1584 2660 1632 2695 T.).
