2232 3178
525 226 589 260 502

489 285 634 317 canonici
672 285 774 317 dictae
811 285 1037 327 patriarchalis
1073 284 1227 318 ecclesiae

488 338 746 381 Ulyssiponcnsis
771 338 982 370 occidentalis
1006 339 1136 378 fructus,
1157 338 1228 370 red-

488 391 570 423 ditus
589 397 620 423 et
638 396 824 433 proventus,
841 396 902 422 tam
922 402 938 423 a
959 391 1061 430 nobis,
1079 397 1112 422 ut
1138 401 1226 433 prae-

489 444 599 484 fertur,
627 454 720 486 quam
746 455 762 476 a
788 445 929 486 praefato
950 444 1112 477 Clemente
1138 454 1227 487 prae-

488 497 661 529 decessore
687 507 746 539 per
766 497 852 530 illius
872 497 1082 540 primodictas
1102 496 1223 530 litteras

486 555 520 581 ut
544 550 728 592 praefertur
759 550 935 593 respective
968 550 1223 589 dismembratos,

486 607 653 645 separatos
679 608 710 635 et
735 603 909 642 seiunctos,
929 613 964 635 ac
988 602 1169 645 applicatos
1195 607 1225 634 et

486 656 714 698 appropriatos
749 654 1030 698 p1=aetatos,*loco
1071 656 1220 698 depositi,

486 708 589 741 donec
615 713 648 740 et
668 718 834 750 quousque
860 719 940 741 nova
972 709 1093 741 servitii
1115 708 1146 740 in
1173 711 1223 741 ea-

486 751 557 793 dem
584 760 790 803 patriarchali
817 761 955 794 ecclesia
976 761 1221 804 Ulyssiponensi

485 813 677 846 occidentali
704 823 721 846 a
746 813 840 845 dictis
866 813 1076 856 dignitatibus
1110 819 1142 846 et
1170 824 1222 846 ca-

486 866 610 899 nonicis
637 876 672 898 ac
697 865 897 899 beneficiatis
915 866 1060 899 eiusdem
1090 867 1222 910 patriar-

484 919 585 951 chalis
599 919 754 951 eeclesiae
769 919 1028 962 Ulyssiponensis
1044 920 1222 953 occidenta-

484 972 522 1004 lis
548 982 565 1004 a
590 971 683 1004 dictis
701 972 913 1014 dignitatibus
939 978 970 1005 et
990 973 1156 1006 canonicis
1186 984 1222 1006 ac

484 1025 686 1058 beneficiatis
708 1024 852 1058 eiusdem
870 1026 1099 1068 patriarchalis
1122 1028 1222 1060 eccle-

483 1078 548 1111 siae
563 1078 823 1122 Ulyssiponensis
837 1079 1045 1112 occidentalis
1062 1086 1222 1122 praestan

484 1131 514 1164 di
530 1132 642 1171 forma,
658 1142 729 1164 cum
743 1132 936 1174 opportunis
951 1132 1220 1173 ordinationibus,

484 1196 500 1217 a
517 1185 612 1218 nobis
629 1190 682 1217 aut
700 1184 852 1217 Romanis
871 1185 1079 1218 Pontificibus
1097 1196 1223 1219 succes-

483 1239 613 1272 soribus
640 1238 760 1271 nostris
784 1238 1075 1281 praescriberetur,
1102 1239 1221 1282 illaque

483 1292 610 1324 debitae
647 1292 854 1333 exequutioni
891 1292 1155 1332 demandaretur,
1191 1298 1223 1325 et

483 1344 668 1377 huiusmodi
706 1344 847 1387 depositi
885 1344 1102 1378 distribuendi
1139 1346 1221 1379 ratio

482 1397 615 1430 insimul
642 1401 845 1437 statueretur,
864 1397 1008 1440 integros
1025 1403 1056 1430 et
1074 1398 1222 1439 intactos,

483 1450 629 1483 deductis
655 1450 820 1483 dumtaxat
845 1450 1035 1483 necessariis
1061 1452 1221 1494 expensis,

483 1512 650 1536 asservare
663 1502 831 1543 deberent,
844 1507 876 1535 et
889 1503 1049 1536 asservari
1064 1504 1220 1547 facerent)

481 1555 665 1598 percipere,
691 1554 821 1597 exigere
842 1560 874 1587 et
898 1556 1015 1595 levare,
1033 1561 1063 1588 et
1087 1557 1126 1589 ad
1152 1556 1223 1590 etse-

482 1614 567 1642 ctum
587 1608 809 1652 perceptionis
829 1609 1015 1642 huiusmodi
1032 1610 1222 1653 plenissime

482 1662 723 1706 assequendum
749 1662 900 1695 omnibus
919 1668 949 1695 et
966 1663 1101 1705 singulis
1126 1665 1223 1707 privi-

481 1716 585 1758 legiis,
613 1716 757 1756 indultis,
784 1716 1007 1758 facultatibus,
1033 1717 1217 1751 immunita-

481 1769 576 1808 tibus,
589 1768 859 1811 exemptionibus,
872 1768 1011 1812 aliisque
1030 1770 1142 1812 gratiis
1159 1777 1220 1804 tam

481 1823 513 1855 in
539 1821 741 1864 primodictis
768 1822 915 1855 eiusdem
933 1822 1107 1856 Clementis
1133 1834 1223 1866 prae—

480 1875 671 1915 decessoris,
689 1886 783 1918 quam
810 1875 840 1907 in
863 1876 1079 1920 infrascriptis
1105 1878 1222 1910 nostris

481 1929 624 1972 desuper
652 1928 810 1961 consectis
836 1929 952 1961 litteris
977 1930 1223 1972 quomodolibet

480 1982 660 2025 respective
685 1981 846 2014 concessis
872 1987 903 2014 et
929 1982 1118 2025 impartitis,
1150 1993 1223 2026 per-

480 2034 556 2067 inde
574 2044 610 2067 ac
634 2033 658 2066 si
685 2033 818 2066 insimul
844 2044 909 2067 non
926 2040 1031 2067 autem
1048 2036 1223 2078 separatim

481 2098 638 2121 concessa
674 2093 705 2120 et
742 2088 907 2130 impartita
945 2088 1093 2129 fuissent,
1120 2099 1222 2132 eaque

483 2147 545 2174 tam
582 2141 614 2173 in
651 2141 852 2183 primodictis
887 2141 1024 2184 praefati
1050 2142 1222 2176 Clementis

481 2193 757 2236 praedecessoris,
775 2203 870 2236 quam
896 2194 927 2226 in
953 2194 1075 2227 eisdem
1102 2195 1222 2228 nostris

482 2246 624 2289 desuper
645 2246 801 2279 consectis
827 2246 1010 2290 respective
1035 2247 1152 2280 litteris
1179 2253 1222 2280 to-

483 2299 591 2332 taliter
627 2298 748 2331 inserta
783 2309 819 2331 ac
854 2299 1041 2343 specialiter
1067 2311 1222 2343 expressa

482 2352 626 2394 fuissent,
652 2363 755 2395 aeque
781 2363 816 2385 ac
840 2352 1062 2395 parisormiter
1085 2353 1141 2394 uti,
1161 2354 1220 2386 frui

482 2410 514 2437 et
537 2405 681 2448 gaudere
700 2405 803 2439 libere
819 2411 851 2439 et
869 2406 954 2438 licite
972 2412 1107 2449 possent
1124 2412 1156 2440 et
1173 2418 1222 2440 va-

481 2458 598 2499 lerent,
615 2458 794 2501 apostolica
812 2459 1015 2500 auctoritate,
1031 2464 1120 2492 motu
1139 2461 1219 2503 pari,

481 2511 740 2544 concesserimus
773 2516 804 2544 et
836 2512 1092 2553 indulserimus,
1126 2519 1222 2556 prout

482 2563 513 2596 in
549 2564 694 2605 nostris,
733 2565 793 2597 sub
820 2565 929 2598 datum
953 2565 1103 2598 videlicet
1134 2567 1219 2609 apud

480 2617 510 2650 S.
538 2617 666 2651 Mariam
690 2618 858 2660 Maiorem,
885 2629 969 2653 anno
990 2618 1220 2653 incarnationis

297 237 343 262 Λη.
365 236 393 262 C.
413 235 479 263 1738

1069 236 1255 260 BULLARIUM
1279 236 1439 260 ROMANUM

1733 271 1741 277 Δ
2018 238 2064 263 tn.
2082 239 2109 264 c.
2132 240 2194 269 1738
2213 251 2214 255 =

1272 285 1451 318 dominicae
1476 295 1678 325 Moccxxxvn,
1699 297 1729 320 v1
1754 287 1823 320 idus
1841 285 2005 325 februarii,

1271 338 1476 381 pontificatus
1510 340 1608 371 nostri
1642 350 1726 373 anno
1758 351 1833 378 vni,
1865 341 2007 384 desuper

1271 391 1429 433 expeditis
1448 392 1565 424 litteris
1583 393 1712 435 plenius
1733 394 1919 426 continetur
1933 393 1960 425 ¹:

1313 445 1327 486 ἓ
1352 444 1383 476 5.
1412 444 1473 477 Nos
1503 445 1630 488 itaque,
1669 447 1750 489 qui,
1780 452 1815 479 ut
1845 446 2007 479 bonorum
2019 439 2214 512 mprrffiffisgg}

1268 498 1409 529 omnium
1436 499 1583 540 largitori
1610 499 1728 532 debitis
1753 500 1955 543 temporibus
1977 506 2214 559 eiiii-‘iiuiin‘ssssssffl'l

1267 550 1355 583 horis
1380 551 1412 583 in
1437 551 1575 593 singulis
1600 553 1790 595 praesertim
1809 553 2062 596 patriarcha-stac·
2077 565 2214 595 praestandi,

1267 603 1350 635 libus
1378 604 1522 636 ecclesiis
1547 615 1564 636 a
1589 605 1713 637 cunctis
1731 605 2005 646 christifidelibus,
2018 592 2079 645 iix‘i
2097 589 2214 642 pffssibisseer'ill

1266 666 1301 687 ac
1326 655 1490 698 signanter
1508 657 1692 690 earumdem
1711 658 1922 691 ecclesiarum
1940 669 2008 691 ser·
2018 643 2195 690 l'sssstl‘ffliss‘ffft‘?
2214 658 2215 661 ’

1266 709 1342 740 vitio
1380 709 1573 752 adscriptis,
1606 711 1802 751 solemnes²‚
1836 712 1922 744 iuxta
1958 695 2136 751 ca-iiiiissittiiam
2150 698 2215 744 0⁸1ss

1266 761 1405 794 tholicae
1431 762 1594 795 Ecclesiae
1619 773 1742 796 morem
1761 791 1768 803 ‚
1793 764 1904 797 laudes
1933 748 2182 807 por-⁰⁰¹¹⁵¹¹¹⁰‘⁶‘“³'⁵'
2214 754 2215 760 ἵ

1266 815 1432 846 solvantur
1452 842 1459 855 ‚
1497 815 1589 848 enixe
1630 817 1891 859 concupiscimus
1917 843 1925 858 ,
1967 827 2007 850 ne

1266 868 1386 901 diutius
1411 868 1539 901 illarum
1564 870 1792 903 celebrationis
1825 880 1939 903 norma
1973 875 2008 902 ut

1265 921 1449 964 praefertur
1467 923 1719 964 praescribenda
1736 922 1914 964 differatur,
1933 923 2008 966 ipsi-

1266 985 1329 1017 que
1355 975 1502 1008 moderni
1528 980 1559 1008 et
1585 987 1643 1019 pro
1664 981 1811 1019 tempore
1831 977 2007 1010 existentes

1266 1027 1437 1069 dignitates
1464 1039 1500 1061 ac
1526 1030 1704 1071 capitulum
1737 1035 1767 1062 et
1800 1030 1948 1063 canonici
1975 1035 2007 1063 et

1265 1080 1448 1114 beneficiati
1476 1081 1619 1114 eiusdem
1644 1082 1873 1125 patriarchalis
1905 1084 2006 1116 eccle-

1265 1133 1331 1167 siae
1357 1133 1622 1177 Ulyssiponensis
1649 1135 1862 1168 occidentalis
1893 1136 2004 1179 gratiis

1265 1192 1295 1219 et
1311 1186 1549 1229 largitionibus,
1567 1193 1628 1220 tam
1648 1198 1664 1220 a
1677 1189 1823 1231 praefato
1839 1188 2006 1222 Clemente

1265 1239 1519 1281 praedecessore
1545 1249 1604 1282 per
1629 1251 1701 1273 suas
1720 1268 1728 1281 ‚
1756 1252 1850 1284 quam
1872 1252 1890 1274 a
1910 1242 2005 1274 nobis

1266 1302 1324 1334 per
1348 1292 1508 1335 praefatas
1534 1299 1660 1325 nostras
1685 1294 1808 1326 litteras
1833 1294 1895 1326 sibi
1929 1304 2005 1327 con-

1265 1345 1371 1385 cessis,
1391 1345 1520 1378 tandem
1542 1345 1690 1378 fruantur
1710 1351 1742 1379 et
1760 1347 1932 1389 gaudeant,
1951 1352 2008 1390 op'-

1265 1403 1404 1440 portune
1429 1398 1600 1441 providere
1624 1400 1780 1440 volentes,
1799 1410 1834 1432 ac
1848 1400 2008 1433 secundo-

1266 1451 1358 1484 dictis
1384 1451 1519 1494 praefati
1544 1451 1719 1484 Clementis
1745 1452 2005 1495 praedecessoris

1265 1513 1361 1547 super
1385 1503 1566 1536 divinorum
1593 1504 1798 1547 officiorum,
1835 1505 2006 1539 missarum

1265 1556 1457 1590 solemnium
1485 1561 1516 1589 et
1546 1556 1772 1599 privatarum,
1808 1558 2007 1602 aliarumque

1267 1610 1467 1642 functionum
1485 1609 1517 1641 in
1536 1609 1619 1642 dicta
1637 1610 1847 1653 patriarchali
1868 1611 2007 1644 ecclesia

1266 1662 1509 1706 Ulyssiponensi
1530 1662 1725 1695 occidentali
1745 1664 1794 1696 vel
1821 1668 1909 1696 extra
1935 1674 2006 1697 earn

1266 1727 1325 1759 pro
1346 1721 1490 1759 tempore
1508 1716 1773 1750 celebrandorum
1792 1722 1824 1750 et
1840 1716 2007 1750 celebran-

1266 1770 1381 1803 darum
1405 1769 1507 1801 forma
1532 1768 1626 1801 editis
1652 1769 1768 1802 litteris
1795 1770 2004 1813 derogantes,

1266 1834 1303 1856 ac
1323 1822 1546 1856 kalendarium
1571 1823 1602 1854 in
1628 1822 1692 1855 illis
1718 1822 1875 1856 insertum
1894 1824 2008 1856 annul-

1266 1877 1395 1915 lantes,
1422 1875 1652 1918 pracsatasque
1685 1874 1831 1916 litteras,
1869 1875 2006 1918 perinde

1266 1939 1301 1961 ac
1325 1929 1351 1961 si
1376 1938 1440 1961 non
1466 1933 1689 1967 emanassent,
1727 1938 1816 1961 suum
1853 1927 2006 1961 effectum

1265 1981 1396 2014 minime
1421 1980 1527 2013 sortiri
1553 1981 1691 2021 debere,
1719 1991 1754 2013 ac
1775 1980 1949 2024 capitulum
1975 1985 2006 2014 et

1265 2034 1439 2067 canonicos
1464 2044 1500 2066 ac
1529 2033 1737 2067 beneficiatos
1765 2035 1929 2077 praefatos
1959 2034 2006 2067 di-

1266 2091 1335 2120 ctae
1355 2085 1578 2129 patriarchalis
1600 2087 1757 2119 ecclesiae
1775 2086 2006 2130 Ulyssiponen-

1266 2139 1308 2172 sis
1322 2139 1535 2172 occidentalis
1551 2139 1590 2171 ad
1607 2139 1735 2171 illarum
1745 2139 2005 2173 observationem

1265 2192 1396 2225 minime
1421 2192 1524 2224 teneri
1544 2218 1552 2231 ,
1577 2202 1636 2225 nec
1656 2193 1819 2235 obligatos
1845 2192 1981 2226 existere
1996 2220 2003 2232 ‚

1265 2245 1466 2278 declarantes
1491 2250 1523 2278 et
1544 2245 1770 2286 decernentes,
1788 2250 1876 2278 motu
1896 2245 2003 2286 simili,

1264 2310 1331 2332 non
1356 2299 1394 2331 ad
1413 2298 1547 2331 alicuius
1565 2299 1660 2331 nobis
1680 2309 1780 2342 super
1795 2299 1858 2332 ltoc
1876 2299 2004 2332 oblatae

1264 2353 1429 2396 petitionis
1454 2352 1649 2392 instantiam,
1668 2352 1723 2385 sed
1742 2362 1777 2385 ex
1796 2354 1882 2386 certa
1900 2353 2004 2386 scien-

1265 2407 1307 2439 tia
1333 2408 1487 2449 meralque
1521 2406 1756 2439 deliberatione
1792 2406 1930 2446 nostris,
1967 2417 2003 2439 ac

1265 2460 1303 2493 de
1321 2459 1519 2503 apostolicae
1538 2460 1702 2503 potestatis
1720 2460 1932 2503 plenitudine,
1951 2470 2003 2493 ve-

1300 2541 1310 2567 1
1334 2540 1422 2571 Quam
1444 2539 1503 2567 vide
1523 2548 1606 2575 supra
1631 2548 1693 2575 pag.
1715 2539 1765 2567 317
1786 2540 1801 2566 b
1821 2543 1848 2567 et
1866 2548 1936 2575 seq.;
1956 2543 2003 2567 aut.

1263 2583 1315 2619 leg.
1336 2584 1390 2611 dat.
1414 2591 1476 2610 ann.
1500 2584 1579 2618 1758,
1601 2587 1648 2610 aut
1667 2584 1764 2619 pontif.
1785 2592 1848 2611 ann.
1871 2585 1936 2619 7(tt.
1953 2584 2001 2619 r).

1297 2628 1313 2655 ἓ
1334 2628 1403 2657 Edit,
1425 2628 1508 2656 Main.
1530 2629 1595 2664 tegit
1615 2629 1740 2658 solemne
1754 2629 1794 2664 (a.
1811 2629 1861 2664 τ,),
