2232 3178
60 167 108 193 An.
128 163 157 191 C.
175 163 241 191 ¹740

871 163 1011 190 eminans
1036 163 1082 188 xu
1106 163 1156 189 rr.
1677 152 1737 187 641

293 222 342 243 x11.
377 212 505 253 Septimo
538 212 584 243 die
618 216 772 253 postquam
807 212 997 252 congregatio

254 261 406 291 terminata
430 264 485 299 est,
503 261 570 292 dato
588 261 671 300 signo
694 270 709 290 a
725 261 854 300 generali
878 260 995 299 abbate,

252 309 400 348 aperiatur
429 313 529 349 porta,
555 310 594 340 ita
622 314 654 340 nt
683 310 769 340 etiam
801 320 857 340 non
881 309 996 339 vocales

253 357 353 387 adesse
390 357 501 397 possint
538 362 567 388 et
602 358 714 388 audire.
744 358 816 387 Tum
853 366 868 386 a
901 356 995 387 scriba

252 406 469 443 congregationi
498 406 627 443 legatur:
653 406 683 436 1ο
706 406 816 436 Tabula
850 414 994 435 novorum

252 453 422 483 officialium
454 462 468 483 a
504 455 566 483 tota
598 454 823 492 congregatione
860 454 921 483 sive
959 453 994 482 ab

252 501 357 532 abbate
387 502 517 540 generali
551 507 579 532 et
610 502 783 541 hegumenis
816 502 993 540 electorum,

252 560 366 580 necnon
389 552 599 581 monachorum
631 552 666 582 ad
698 551 872 581 monasteria
888 574 895 588 ,
920 560 995 590 quae

251 599 328 629 idem
350 598 440 629 abbas
463 600 608 638 generalis
638 600 851 639 designaverit,
877 599 995 629 initten-

251 647 376 685 doru1n;
400 647 432 677 2⁰
454 647 682 678 Constitutiones
697 672 704 686 ‚
729 648 753 678 si
782 657 856 687 quae
885 647 995 677 suerint

250 705 265 725 a
281 696 507 734 congregatione
523 696 670 733 sancitae3
694 696 726 726 30
745 695 920 726 Recitantur
943 705 995 725 no-

251 744 329 774 mina
352 744 562 775 monachorum
585 744 715 774 omnium
738 744 774 774 ab
798 744 899 774 ultima
927 753 994 774 con—

250 792 421 831 gregatione
445 792 660 831 defunctorum,
685 796 715 822 ut
737 801 789 832 pro
806 792 842 822 iis
859 792 993 822 omnibus

251 851 307 871 una
330 841 418 871 missa
449 841 589 871 solemnis
618 841 797 879 celebretur3
826 842 859 871 40
882 843 994 872 Recen—

250 894 371 920 seantur
393 890 481 920 etiam
505 890 623 920 nomina
652 890 847 929 insigniorum
877 890 994 921 benefa-

249 941 374 975 ctorum,
398 938 544 978 simulque
561 948 662 969 omnes
686 942 870 977 moneantur,
889 943 920 969 ut
941 949 992 978 pro

250 987 285 1016 iis
314 987 479 1017 sacerdotes
507 987 624 1027 quidem
657 996 744 1017 unam
774 987 892 1017 missam
919 988 994 1018 cele-

250 1035 353 1074 brent,
376 1036 443 1066 laici
467 1045 533 1066 vero
555 1036 653 1066 dicant
675 1036 887 1075 quinquaginta
911 1037 992 1066 Pater

249 1088 359 1119 noster,
383 1085 440 1115 Ave
471 1084 572 1115 Maria.
604 1084 700 1114 Abbas
728 1086 873 1123 generalis
905 1085 993 1115 saciat

249 1133 465 1163 absolutionem
494 1134 680 1172 generalem,
704 1138 732 1164 et
762 1135 804 1164 sic
833 1144 992 1173 congrega-

250 1182 357 1212 tionem
379 1182 516 1213 dimittat.

288 1239 350 1261 xm.
374 1231 496 1261 Dimissa
519 1232 746 1270 congregatione
768 1232 910 1270 generali,
931 1233 991 1262 una

249 1288 316 1309 cum
349 1279 521 1318 hegumenis
552 1279 639 1310 saciat
661 1281 918 1319 congregationem
941 1281 991 1311 he-

248 1337 452 1367 gumenorum‚
476 1334 504 1359 et
526 1330 621 1369 primo
643 1330 760 1369 quidem
779 1330 924 1369 eligantur
942 1330 991 1360 ab·

248 1377 329 1407 bates
352 1377 568 1417 provinciarum
593 1381 620 1408 et
643 1378 907 1415 monasteriorum,
932 1378 989 1408 sin-

248 1425 383 1465 gulisque
405 1429 538 1466 patentes
568 1426 682 1456 litterae
714 1427 866 1458 tradantur
895 1432 926 1458 ut
955 1428 989 1458 ad

249 1474 342 1504 officia
361 1483 412 1504 sua
429 1474 542 1504 adeant.

288 1532 343 1553 xrv.
366 1523 469 1553 Forma
492 1524 656 1554 litterarum
679 1526 911 1563 congregationis
929 1535 989 1556 mo-

250 1572 421 1609 nachorum,
445 1581 511 1602 cum
534 1573 655 1602 mittunt
678 1573 712 1602 ad
735 1574 988 1612 congregationem

249 1622 309 1651 una
333 1629 398 1651 cum
420 1620 524 1651 abbate
546 1622 715 1651 monasterii
745 1631 796 1652 seu
820 1623 988 1661 provinciae

250 1669 362 1699 socium
384 1668 419 1699 ab
437 1669 509 1708 ipsis
531 1669 666 1699 electum:
689 1669 918 1700 Reverendissimi
937 1681 989 1710 pa-

249 1722 314 1756 tres,
339 1721 432 1748 notam
456 1719 576 1757 facimus
598 1718 669 1748 vohis
690 1720 922 1757 congregationem
941 1730 987 1749 no-

249 1771 334 1796 stram
357 1767 475 1797 habitam
501 1768 532 1796 in
560 1768 723 1797 monasterio
743 1767 795 1802 N.,
822 1777 913 1798 mense
936 1767 987 1805 N.,

249 1825 321 1844 (antio
339 1814 385 1852 N.‚
401 1817 539 1844 communi
555 1815 669 1845 consilio
684 1815 794 1854 elegisse
809 1817 988 1846 reverendum

247 1867 354 1902 patrem
385 1863 434 1901 N.,
459 1861 510 1902 ut,
528 1866 637 1893 nomine
658 1865 740 1894 lotias
762 1866 922 1895 monasterii
945 1865 987 1895 vel

246 1913 418 1952 provinciae,
437 1916 492 1943 unci
507 1923 570 1942 cum
597 1918 686 1943 nostro
708 1914 801 1943 abbate
824 1915 858 1943 ad
879 1924 987 1953 congre-

247 1962 385 2001 gationem
397 1961 552 2000 generalem
567 1962 685 1991 accedat.
705 1960 837 1998 Quocirca
853 1963 987 1992 tradimus

249 2011 274 2040 ei
287 2014 446 2050 potestatem
468 2011 565 2049 agendi
579 2020 631 2050 pro
647 2010 722 2040 nobis
738 2013 766 2040 in
781 2013 987 2050 congregatione

247 2058 371 2098 generali
392 2060 484 2088 omnia
505 2063 529 2088 et
551 2058 672 2097 singula,
696 2070 763 2098 quae
785 2062 876 2098 facere
896 2070 988 2099 possc-

250 2118 319 2143 mus,
343 2109 367 2137 si
385 2113 543 2147 praesentes
565 2118 693 2143 essemuS,
713 2114 803 2138 ratum
823 2114 987 2149 gratamque

251 2157 372 2186 habituri
397 2157 530 2196 quidquid
551 2157 579 2186 in
601 2158 696 2187 eadem
717 2159 922 2196 congregatione
943 2160 987 2197 fa-

249 2210 322 2236 ctum
344 2207 439 2244 suerit.
463 2205 563 2235 Datum
596 2207 625 2235 in
653 2208 815 2236 monasterio
844 2207 890 2240 N„
916 2217 987 2236 anno

250 2255 299 2292 N„
317 2264 407 2284 mense
429 2254 476 2289 N„
494 2255 537 2283 die
559 2254 594 2284 N.
621 2272 654 2276 —
677 2254 810 2292 Sigillum
832 2256 850 2291 †
874 2264 988 2285 monas-

250 2303 328 2333 terii.
355 2319 393 2324 —
416 2303 449 2332 Et
471 2302 656 2333 subscribent
680 2312 782 2332 omnes
804 2302 884 2333 iuxta
910 2304 988 2334 ordi-

250 2360 317 2382 nem
339 2360 436 2381 suum.

290 2409 336 2430 xv.
360 2400 463 2430 Forma
487 2399 651 2429 litterarum
685 2399 798 2429 abbatis
821 2400 987 2440 provinciae

251 2449 293 2479 vel
329 2447 523 2486 monasterii,
548 2457 613 2477 cum
647 2448 735 2478 mittit
768 2448 910 2479 vicarium
942 2449 987 2480 vel

251 2501 469 2538 procuratorem
487 2496 522 2526 ad
538 2496 793 2535 congregationem
808 2497 986 2535 generalem:

251 2546 482 2577 Reverendissimi
497 2548 604 2583 patres,
622 2550 714 2575 notam
736 2547 809 2583 facio
833 2546 916 2585 vohis,
934 2557 984 2583 mc,

320 2603 401 2632 Ball.
422 2603 505 2633 Rom.
529 2618 562 2625 -
586 2603 646 2632 Vol.
667 2602 770 2633 XXIV.
931 2604 961 2632 81

1039 213 1069 241 ob
1091 222 1202 242 causam
1223 211 1259 243 N.
1277 212 1447 252 impeditura,
1464 212 1576 251 elegisse
1599 212 1777 241 reverendam

1036 265 1145 300 patrem
1166 261 1213 299 N.,
1233 265 1261 290 nt
1279 265 1417 300 tamquam
1433 271 1507 290 meus
1525 261 1645 291 vicarius
1668 263 1693 289 et
1712 270 1778 300 pro-

1038 314 1149 339 curator
1171 311 1205 339 ad
1226 311 1460 348 congregationem
1480 309 1637 348 generalem
1655 310 1775 338 accedat:

1038 359 1117 396 eique
1138 358 1261 396 sigillum
1278 362 1302 387 et
1317 359 1436 387 rationes
1451 359 1537 397 officii
1552 359 1606 386 mei
1621 358 1775 391 tradidisse,

1038 415 1141 435 necnon
1168 406 1327 445 facultatem
1360 407 1389 436 in
1421 407 1628 444 congregatione
1654 405 1779 444 generali

1038 455 1127 482 omnia
1151 458 1176 482 et
1197 454 1307 492 singula
1322 455 1430 492 agendi,
1448 464 1516 493 qaae
1538 464 1583 491 ego
1605 456 1696 492 facere
1715 463 1778 492 pos-

1036 511 1109 538 sem,
1142 503 1167 530 si·
1195 512 1328 541 praesens
1360 512 1462 539 essem;
1494 507 1586 531 ratam
1616 507 1778 541 gratumque

1038 550 1182 579 habiturus
1218 551 1351 589 quidquid
1384 552 1412 581 in
1445 552 1538 581 aridem
1572 552 1778 589 congregatione

1037 600 1143 636 factam
1164 600 1263 637 faerit.
1287 599 1389 629 Datum
1411 601 1439 629 in
1457 601 1620 629 monasterio
1641 599 1685 634 N„
1706 609 1777 628 anno

1037 647 1084 682 N„
1109 657 1199 676 mense
1221 647 1269 685 N.,
1293 649 1337 678 die
1359 648 1394 679 N.
1420 666 1453 669 —
1479 649 1614 686 Sigillum
1637 650 1654 685 †
1676 647 1776 678 officii.

1035 713 1074 718 —
1095 695 1130 725 N.
1154 696 1233 725 abbas
1252 697 1413 735 Jnoainciae
1436 697 1478 726 rel
1501 698 1661 727 monasterii
1683 697 1718 727 N.

1075 752 1095 773 1.
1119 743 1194 774 Ante
1211 744 1384 774 electionem
1400 745 1535 783 legantur
1551 745 1777 775 constitutiones

1035 792 1069 822 de
1091 793 1243 832 requisitis
1266 793 1478 833 eligendorum,
1502 794 1596 834 deque
1619 803 1719 824 eorum
1736 794 1777 824 of-

1036 841 1113 872 ficio.

1074 900 1104 921 11.
1129 890 1218 921 Nemo
1251 895 1346 931 potest
1379 891 1410 921 in
1442 891 1576 922 abbatem
1609 891 1776 930 generalem

1034 943 1083 969 aut
1105 939 1303 978 hegumenum
1326 939 1411 978 eligi,
1436 939 1492 969 nisi
1515 939 1704 979 compleverit
1726 949 1777 969 an-

1034 996 1105 1017 num
1125 987 1228 1017 aetatis
1245 988 1442 1026 trigesimum,
1460 991 1488 1017 et
1504 997 1613 1017 annum
1628 987 1658 1017 in
1675 991 1776 1018 nostro

1034 1036 1142 1066 Ordine
1175 1040 1309 1066 octavum
1342 1037 1461 1076 quidem
1495 1036 1584 1066 abbas
1611 1037 1773 1074 generatis,

1034 1089 1148 1115 sextum
1172 1094 1239 1115 vero
1262 1086 1455 1124 hegumenus.

1073 1142 1111 1163 111.
1134 1133 1243 1163 Electio
1265 1133 1346 1164 nullo
1363 1134 1446 1164 modo
1463 1134 1512 1163 fiat
1530 1143 1580 1173 per
1595 1133 1773 1172 absentium,

1033 1182 1082 1211 sed
1106 1181 1307 1221 praesentium
1329 1182 1481 1212 dumtaxat
1502 1181 1636 1220 suffragia
1652 1206 1659 1220 ‚
1683 1192 1776 1222 eaque

1033 1234 1147 1260 secreta
1169 1230 1246 1268 sint,
1271 1239 1329 1261 non
1352 1230 1509 1270 publicatis
1532 1230 1703 1269 eligentium
1727 1240 1776 1261 no—

1033 1278 1176 1309 minibus.

1072 1336 1110 1357 iv.
1134 1327 1166 1357 In
1189 1327 1252 1358 loco
1275 1337 1327 1367 pro
1349 1327 1491 1358 electione
1520 1327 1673 1367 deputato,
1697 1327 1777 1358 aedi-

1032 1379 1100 1406 tuus
1122 1385 1203 1406 aram
1225 1376 1394 1415 maximam,
1412 1376 1462 1406 ubi
1480 1376 1648 1406 venerabile
1664 1376 1776 1407 Eucha-

1032 1425 1132 1455 ristiae
1164 1430 1378 1455 sacramentum
1412 1426 1442 1455 in
1477 1425 1588 1455 ciborio
1624 1425 1773 1455 conditum

1033 1473 1185 1514 prostabit,
1210 1475 1391 1513 solemniori,
1416 1484 1502 1514 quam
1522 1473 1551 1503 in
1568 1473 1661 1513 primo
1678 1474 1774 1504 triduo

1032 1523 1287 1561 congregationis,
1312 1523 1370 1553 ritu
1404 1523 1539 1553 instruat.
1563 1523 1656 1562 Super
1688 1523 1773 1553 altari

1031 1575 1098 1601 ante
1120 1571 1263 1601 ciborium
1283 1571 1338 1601 alta
1356 1580 1429 1601 crux
1446 1571 1616 1608 collocetur,
1634 1580 1687 1600 sex
1704 1571 1772 1601 hinc

1032 1619 1099 1650 inde
1121 1620 1251 1650 accensis
1274 1620 1414 1650 candelis.
1440 1620 1462 1649 Λ
1485 1620 1595 1650 dextris
1622 1620 1719 1650 crucis
1742 1629 1772 1650 e-

1032 1668 1232 1705 vangeliorum
1255 1668 1344 1698 codex
1367 1668 1495 1707 pretioso
1518 1669 1580 1698 velo
1603 1673 1770 1707 coopertus,

1031 1725 1045 1746 a
1069 1716 1197 1746 sinistris
1220 1725 1287 1746 vero
1309 1717 1404 1755 imago
1427 1716 1489 1746 sive
1512 1717 1654 1756 reliquiae
1676 1718 1771 1747 sancti

1031 1765 1121 1804 patris
1143 1765 1237 1795 nostri
1259 1765 1392 1804 Antonii,
1412 1770 1440 1796 et
1463 1766 1553 1795 codex
1570 1766 1688 1804 regulae
1704 1775 1770 1796 cuin

1030 1813 1301 1844 constitutionibus.
1326 1814 1403 1844 lnsra
1433 1815 1523 1845 altare
1545 1815 1580 1844 ad
1603 1815 1678 1844 latus
1700 1815 1772 1845 dex-

1032 1866 1125 1892 terum
1149 1866 1273 1902 ponatur
1295 1872 1406 1901 mensa,
1431 1863 1508 1893 iuxta
1529 1872 1616 1903 quam
1632 1863 1772 1894 assidebit

1030 1911 1124 1941 scriba
1157 1920 1208 1941 seu
1237 1912 1431 1949 secretarius,
1455 1912 1523 1952 qui,
1547 1911 1613 1942 data
1635 1913 1771 1942 servandi

1030 1960 1136 1990 secreti
1152 1960 1220 1998 fide,
1237 1960 1316 1990 solus
1338 1970 1374 1991 ex
1396 1960 1528 2000 patribus
1548 1970 1605 1991 non
1623 1961 1771 1991 vocalibus

1030 2009 1059 2039 in
1076 2009 1334 2048 congregationem
1357 2009 1566 2040 introducetur.
1583 2009 1675 2050 Super
1692 2019 1771 2040 men-

1029 2067 1090 2088 sam
1114 2067 1163 2088 vas
1186 2067 1238 2088 seu
1260 2058 1358 2088 arcula
1383 2058 1553 2097 collocetur,
1574 2058 1603 2088 in
1626 2067 1712 2098 quam
1735 2058 1770 2087 ab

1029 2107 1204 2137 electoribus
1226 2107 1383 2138 schedulae
1405 2107 1581 2138 emittendae
1604 2111 1700 2137 erunt.
1724 2107 1771 2138 Sic

1029 2160 1126 2186 autem
1159 2156 1337 2194 fabricetur,
1360 2160 1391 2186 ut
1423 2156 1565 2186 demissae
1588 2165 1603 2186 e
1625 2156 1770 2195 superiori

1029 2205 1140 2235 orificio
1177 2205 1334 2234 schedulae
1370 2204 1458 2234 dilabi
1494 2209 1543 2234 aut
1576 2204 1690 2234 extrahi
1722 2213 1770 2233 ne-

1029 2257 1146 2292 queant,
1165 2253 1268 2291 donec,
1287 2253 1435 2283 functione
1458 2254 1586 2292 peracta,
1604 2252 1732 2290 legitime
1754 2261 1769 2281 a

1030 2303 1231 2341 cognitoribus
1243 2303 1450 2340 suffragiorum
1467 2306 1623 2331 reseretur.
1638 2301 1768 2331 Alterum

1030 2355 1180 2390 praeterea
1205 2360 1254 2380 vas
1276 2351 1353 2380 intra
1377 2350 1521 2379 cancellos
1555 2349 1654 2379 altaris
1688 2358 1770 2388 prae-

1031 2404 1148 2439 paretur
1171 2400 1247 2438 aqua
1270 2399 1439 2438 oppletum,
1462 2397 1491 2427 in
1515 2397 1591 2437 quod
1614 2397 1769 2427 schedulae

1031 2448 1196 2488 praedictae
1218 2447 1315 2477 statim
1339 2446 1541 2486 proiiciantur.

1072 2507 1096 2527 v.
1120 2496 1266 2526 Habeatur
1288 2504 1384 2525 sermo
1407 2494 1609 2534 paraeneticus
1642 2494 1678 2524 ad
1711 2494 1768 2524 cle-

1030 2550 1125 2578 ctorcs
1148 2555 1199 2585 per
1222 2544 1398 2576 semihoram
1431 2543 1465 2576 de
1487 2543 1621 2583 eligendo
1643 2543 1769 2583 digniori

1787 163 1836 190 An,
1858 162 1885 189 G.
1904 163 1972 190 ¹740

1834 754 1884 775 Car.
1901 755 1924 775 ll.

1814 781 1844 801 De
1865 782 1970 802 electione

1787 807 1873 827 abbatis
1882 814 1970 832 genom-

1787 834 1813 854 lis
1828 836 1848 853 el
1870 834 1970 860 hegume—

1786 866 1870 881 norum.
