2232 3178
279 245 463 273 An.c.1738
509 237 572 271 486

469 295 599 328 nomine
625 294 812 338 provinciae
839 299 870 327 et
903 294 1091 327 missionum
1128 306 1201 328 cum

468 348 568 389 regiis
594 347 749 380 ministris
776 348 958 389 praedictas
984 348 1203 392 eleemosynas

468 400 649 438 sollicitet,
691 399 795 442 sitque
834 400 947 432 iisdem
988 401 1132 442 cognitus
1173 407 1204 433 et

469 458 597 493 gratus,
624 452 809 493 praedictae
835 453 1064 495 eleemosynae
1090 453 1121 485 in
1139 458 1203 486 toto

467 504 514 536 vel
541 503 573 535 in
599 506 714 545 magna
741 509 831 546 parte
869 504 1036 537 deficiant:
1063 516 1204 548 quapro-

467 563 538 598 pter
563 556 632 598 ipse
658 557 846 589 Franciscus
871 568 943 589 cum
970 568 1028 590 suo
1055 557 1202 591 definito-

467 609 527 646 rio‚
542 608 743 651 prospiciens
761 609 847 642 bono
863 610 1021 642 dictarum
1040 621 1202 643 sacrarum

467 661 664 699 missionum,
680 666 713 691 ut
738 671 776 693 ne
807 662 940 694 eaedem
972 663 1201 696 detrimentum

467 713 639 755 patiantur,
661 714 834 755 plurimum
853 714 1068 755 desiderabat,
1089 721 1124 748 ut
1141 716 1200 749 sibi

466 766 646 798 facultatem
672 766 859 799 instituendi
886 767 917 799 in
943 768 1108 810 praedicto
1142 779 1201 812 op-

465 817 541 860 pido
566 817 681 851 Matriti
708 819 846 863 aliquem
873 830 910 852 ex
942 820 1008 852 suis
1041 821 1201 863 religiosis

465 870 496 902 in
521 876 784 914 procuratorem,
802 873 873 915 qui,
894 873 1051 906 continuo
1078 874 1201 906 ibidem

464 923 633 964 assistens,
658 925 837 967 praedictas
863 927 1088 969 eleemosynas
1114 926 1201 960 solli-

464 976 571 1015 citare,
591 983 623 1010 et
645 978 785 1011 savorem
812 979 1001 1012 eorumdem
1028 990 1142 1022 regum
1168 980 1200 1012 in

463 1030 712 1063 necessitatibus
738 1036 769 1064 et
793 1032 1092 1074 persecutionibus,
1119 1044 1200 1076 quae

463 1081 652 1125 frequenter
676 1084 708 1116 a¹
735 1084 882 1117 barbaris
907 1085 1064 1118 Africanis
1089 1092 1201 1120 contra

462 1135 534 1168 illas
559 1136 745 1176 excitantur,
769 1137 947 1180 implorare
969 1140 1083 1179 valeat,
1104 1150 1140 1172 ac
1158 1140 1200 1172 in-

462 1198 560 1231 super
583 1189 764 1222 collocandi
798 1190 916 1223 dictum
952 1198 1199 1234 procuratorem

461 1250 532 1273 cum
559 1242 645 1274 socio
671 1242 717 1274 illi
744 1243 1003 1285 designandum²
1027 1245 1088 1287 (ob
1122 1245 1201 1278 defi-

462 1293 611 1327 cientiam
638 1301 815 1328 conventus
848 1297 1035 1339 provinciae
1072 1298 1201 1341 praedi-

462 1352 531 1380 ctae
557 1347 589 1380 in
614 1348 800 1391 supradicto
825 1350 968 1393 oppido)
995 1350 1027 1382 in
1052 1361 1200 1394 quocum-

462 1409 524 1443 que
550 1409 586 1432 ex
613 1400 714 1433 tribus
750 1402 965 1435 conventibus
1003 1403 1199 1437 diversarum

461 1452 701 1496 provinciarum
726 1453 855 1487 Ordinis
881 1455 1028 1489 eiusdem
1054 1456 1085 1490 S.
1106 1456 1200 1490 Fran-

461 1505 537 1539 cisci
563 1506 594 1538 in
620 1506 741 1550 oppido
767 1507 955 1542 huiusmodi
975 1510 1198 1550 existentibus,

462 1568 558 1602 quem
583 1559 653 1602 ipse
686 1559 876 1594 Franciscus
912 1561 1104 1596 iudicaverit
1140 1574 1200 1606 op-

460 1612 686 1655 portuniorem
712 1614 751 1646 ad
776 1614 973 1657 praedictam
1003 1616 1199 1659 procuratio·

461 1674 546 1705 nem,
561 1666 738 1699 accedente
757 1671 864 1700 tamen
882 1678 1045 1701 consensu
1065 1669 1202 1702 dilecto-

461 1727 532 1750 rum
557 1717 697 1751 [iliorum
720 1720 897 1763 superioris
916 1721 1003 1755 illius
1023 1727 1201 1756 conventus

460 1781 517 1803 seu
530 1771 626 1804 etiam
641 1771 781 1804 ministri
795 1774 957 1815 generalis
973 1785 1031 1817 pro
1053 1779 1200 1818 tempore

462 1823 689 1865 existentium,
727 1826 937 1859 concederet:
965 1827 1127 1860 emanavit
1162 1828 1201 1860 ad

461 1876 734 1919 supplicationem
770 1878 925 1921 praedicti
963 1879 1125 1912 Francisci
1161 1880 1201 1912 ab

463 1928 575 1962 eadem
611 1929 869 1973 Congregatione
902 1932 1113 1965 cardinalium
1148 1933 1200 1966 de-

463 1987 589 2014 cretum
614 1982 736 2015 tenoris
761 1983 816 2026 qui
841 1984 1002 2028 sequitur,
1028 1985 1199 2019 videlicet:

340 2081 452 2111 neci-quun
502 2068 648 2099 Decretum
682 2080 777 2100 sacrae
810 2071 1032 2111 congregationis
1062 2073 1201 2112 generalis

279 2107 496 2159 fffflfflssfflfflde
516 2117 699 2158 propagamini
722 2119 789 2149 Fide
819 2121 947 2150 habitae³
976 2122 1020 2151 dte
1042 2129 1069 2150 tv
1091 2123 1201 2160 augusti

463 2174 661 2198 mcccxxxvm.
678 2186 717 2191 —
739 2168 841 2199 Relato
864 2178 916 2209 per
937 2170 1129 2200 reverendum
1155 2180 1204 2210 pa-

464 2220 538 2245 trem
571 2215 722 2246 dominum
744 2217 912 2257 Philippum
935 2218 971 2248 de
999 2218 1144 2249 Montibus
1160 2228 1204 2248 se-

466 2264 624 2294 cretarium
660 2265 859 2305 suprascripto
881 2266 979 2296 libello
1010 2267 1150 2306 supplici,
1174 2272 1203 2298 et

464 2312 564 2343 audito
586 2317 667 2352 patre
690 2313 824 2344 ministro
848 2315 976 2352 generali
999 2315 1115 2346 Ordinis
1138 2325 1204 2346 san-

463 2361 502 2390 cti
524 2360 684 2398 Francisci,
699 2371 781 2392 sacra
797 2362 985 2402 Congregatio
1002 2365 1123 2394 oratoris
1139 2374 1203 2404 pre-

464 2409 547 2439 cibus
580 2409 706 2448 benigne
738 2411 841 2441 annuit
872 2411 951 2441 iuxta
985 2413 1089 2452 petita,
1123 2414 1204 2443 salva.

465 2461 560 2488 tamen
583 2467 699 2498 semper
722 2460 918 2498 procuratoris
944 2465 1030 2500 prout
1059 2462 1088 2491 in
1112 2463 1203 2502 preci-

499 2534 510 2560 1
533 2533 685 2570 Praeposit.
707 2543 725 2561 a
745 2542 794 2562 nos
814 2535 941 2563 addimus
961 2536 999 2571 (n.
1016 2537 1067 2572 Τ.).

497 2578 515 2605 2
533 2579 629 2606 Potius
648 2579 708 2615 lege
728 2580 903 2615 designando
923 2583 961 2615 (n.
977 2582 1027 2616 T.).

498 2622 514 2650 3
533 2623 607 2651 Edit.
629 2623 708 2652 Μαίη.
730 2624 796 2660 legit
814 2625 913 2654 habita
934 2627 972 2662 (R.
992 2626 1043 2661 12).

1047 248 1227 272 BULLARIUM
1251 247 1405 272 ROMANUM

2196 0 2232 118 ll

1990 250 2040 278 An.
2057 250 2086 279 C.
2109 252 2175 282 ¹738
2201 251 2202 255 ’

1246 295 1299 325 bus
1314 295 1521 334 constituendi,
1543 296 1663 335 eiusque
1679 298 1748 327 socii
1772 307 1822 337 pro
1839 302 1982 337 tempore,
2198 302 2202 311 ·

1247 344 1416 373 omnimoda
1448 344 1483 373 ab
1515 345 1615 374 eadem
1638 347 1722 375 sacra
1753 346 1985 384 Congregatione

1246 392 1448 431 dependentia.
1466 392 1566 422 Datum
1585 393 1701 427 Romae,
1717 403 1751 423 ex
1768 394 1888 428 aedibus
1903 404 1986 434 prae-

1247 440 1320 469 fatae
1353 450 1453 470 sacrae
1486 441 1738 480 Congregationis,
1768 442 1814 473 die
1846 448 1874 474 et
1907 453 1983 474 anno

1248 488 1355 526 quibus
1378 498 1477 528 supra.
1500 506 1539 511 —
1560 489 1719 520 Cardinalis
1739 491 1849 529 Peras,
1874 492 1986 531 praese-

1246 541 1321 566 etus.
1341 555 1373 559 —
1392 538 1547 568 Pmmrrrs
1570 547 1606 568 m:
1628 539 1777 570 Moxrmt's
1800 540 1984 570 secretarius.

1247 584 1315 614 Loco
1336 587 1354 623 †
1376 586 1472 624 sigilli.

2041 679 2176 704 confirmatur
2201 695 2203 705 ⁴

1291 665 1305 707 ἓ
1330 665 1361 698 ft.
1389 666 1466 699 Cum
1492 672 1609 707 autem,
1635 668 1716 700 sicut
1740 678 1797 711 pro
1822 674 1914 712 parte
1936 669 2129 728 ᾱί-ἍΩΙΜΜΠΕ

1246 718 1287 750 cti
1313 718 1474 752 Francisci
1501 720 1595 753 nobis
1627 720 1765 753 subinde
1803 721 1984 764 expositum

1247 770 1320 810 luit,
1347 770 1416 813 ipsc
1443 772 1610 805 decretum
1637 773 1832 813 huiusmodi,
1850 783 1913 816 quo
1934 773 1983 806 fir-

1247 823 1328 855 mius
1353 823 1514 864 subsistat,
1541 825 1740 868 apostolicae
1765 825 1986 860 confirmatio-

1246 876 1293 909 nis
1312 883 1439 910 nostrae
1465 878 1647 921 patrocinio
1666 878 1858 911 communiri
1882 879 1986 923 pluri-

1246 926 1349 959 mum¹
1368 927 1547 960 desideret:
1568 939 1635 970 nOS,
1656 929 1760 972 ipsum
1780 929 1983 962 Franciscum

1245 979 1440 1022 specialibus
1466 980 1630 1014 favoribus
1652 987 1683 1014 et
1700 982 1812 1024 gratiis
1827 982 1986 1026 prosequi

1244 1033 1404 1072 volentes,
1425 1038 1456 1065 et
1481 1043 1498 1065 a
1530 1034 1699 1076 quibusvis
1725 1035 1987 1068 excommunica·
2202 1046 2203 1075 ς

1246 1084 1342 1117 tionis
1358 1090 1389 1117 et
1407 1085 1583 1125 interdicti,
1604 1087 1742 1130 aliisque
1758 1087 1985 1120 ecclesiasticis
2202 1083 2203 1095 ¹

1244 1137 1426 1178 sententiis,
1442 1139 1589 1171 censuris
1612 1145 1645 1172 et
1669 1140 1794 1182 poenis,
1812 1150 1830 1172 a
1846 1140 1916 1172 iure
1935 1140 1986 1173 vel

1244 1189 1283 1221 ab
1309 1189 1452 1228 homine,
1479 1191 1592 1233 quavis
1619 1192 1791 1224 occasione
1815 1193 1865 1225 vel
1890 1194 1987 1225 causa

1244 1242 1335 1283 latis,
1357 1243 1383 1275 si
1409 1243 1526 1286 quibus
1549 1244 1797 1286 quomodolibet
1815 1245 1986 1277 innodatus

1244 1294 1376 1335 existit,
1403 1296 1441 1328 ad
1469 1296 1618 1329 ell'ectum
1643 1297 1866 1340 praesentium
1899 1297 1986 1330 dum-

1246 1353 1330 1380 taxat
1355 1349 1641 1391 consequendum,
1670 1350 1782 1382 harum
1815 1350 1900 1383 serie
1931 1350 1988 1383 ab·

1243 1401 1408 1434 solventes
1431 1407 1461 1434 et
1487 1402 1668 1435 absolutum
1702 1403 1770 1436 sore
1795 1408 1984 1444 censentes,

1243 1454 1536 1496 supplicationibus
1550 1455 1619 1488 eius
1637 1455 1769 1498 nomine
1780 1455 1873 1489 nobis
1890 1466 1988 1500 super

1245 1506 1307 1539 hoc
1337 1507 1502 1541 humiliter
1527 1509 1686 1551 porrectis
1722 1509 1895 1551 inclinati,
1933 1510 1988 1543 de-

1244 1565 1368 1592 cretum
1393 1561 1655 1604 praeinsertum,
1683 1563 1873 1596 auctoritate
1910 1573 1988 1606 apo-

1244 1612 1367 1653 stolica,
1387 1619 1499 1647 tenore
1517 1615 1749 1657 praesentium,
1768 1616 1986 1659 approbamus

1245 1670 1274 1698 et
1300 1665 1536 1707 confirmamus,
1561 1667 1676 1710 illique
1695 1668 1894 1702 inviolabilis
1911 1679 1987 1712 apo-

1245 1717 1381 1751 stolicae
1399 1717 1557 1753 firmitatis
1576 1720 1677 1753 robur
1691 1721 1880 1762 adiicimus;
1899 1723 1985 1755 salva

1246 1775 1354 1804 tamen
1380 1781 1509 1815 semper
1533 1772 1566 1804 in
1587 1773 1774 1816 praemissis
1792 1774 1984 1808 auctoritate

1245 1830 1442 1857 memoratae
1467 1824 1738 1868 Congregationis
1758 1826 1981 1860 cardinalium.

1289 1877 1303 1920 ἓ
1327 1876 1359 1909 4.
1387 1877 1618 1917 Decernentes‚
1643 1879 1772 1912 easdem
1799 1886 1986 1922 praesentes
2023 1890 2103 1917 sicque
2123 1895 2176 1911 usn-

1245 1929 1370 1962 litteras
1396 1940 1528 1974 semper
1553 1930 1681 1972 sirmas,
1706 1932 1827 1966 validas
1857 1938 1888 1966 et
1920 1916 2175 1971 effi-35;,31⁰55225¹⁰¹²

1245 1993 1338 2016 caces
1372 1983 1511 2017 existere
1537 1989 1569 2017 et
1597 1984 1665 2017 sore
1683 2011 1690 2025 ‚
1718 1995 1859 2028 suosque
1878 1986 1988 2029 plena-

1245 2035 1309 2069 rios
1331 2041 1363 2069 et
1387 2037 1530 2079 integros
1555 2037 1686 2071 ell'cctus
1711 2038 1822 2072 sortiri
1849 2044 1879 2073 et
1904 2039 1987 2073 obti-

1245 2099 1343 2130 nere,
1370 2099 1406 2122 ac
1430 2089 1494 2123 illis
1511 2116 1518 2130 ‚
1545 2090 1584 2123 ad
1615 2101 1696 2134 quos
1723 2097 1848 2135 spectat
1872 2097 1903 2124 et
1928 2102 1987 2135 pro

1247 2147 1395 2185 tempore
1430 2142 1703 2187 quandocumque
1739 2144 1920 2187 spectabit,
1954 2144 1987 2177 in

1247 2196 1398 2229 omnibus
1425 2201 1455 2229 et
1483 2206 1542 2239 per
1566 2197 1674 2230 omnia
1698 2197 1886 2240 plenissime
1922 2197 1988 2230 suf-

1246 2249 1384 2292 fragari,
1411 2249 1523 2292 sicque
1551 2249 1584 2282 in
1615 2250 1802 2293 praemissis
1820 2261 1879 2294 per
1895 2261 1987 2294 quos-

1246 2312 1385 2345 cumque
1410 2302 1534 2335 iudices
1560 2303 1742 2336 ordinarios
1756 2309 1789 2336 et
1808 2305 1986 2347 delegatos,

1247 2356 1344 2388 etiam
1373 2366 1541 2389 causarum
1567 2356 1677 2400 palatii
1703 2358 1873 2400 apostolici
1899 2357 1988 2390 audi-

1248 2413 1353 2448 tores,
1386 2408 1524 2441 iudicari
1553 2414 1585 2442 et
1617 2408 1745 2442 definiri
1780 2410 1921 2450 debere,
1952 2419 1988 2442 ac

1246 2461 1374 2494 irritum
1401 2467 1432 2494 et
1457 2462 1552 2495 inane
1585 2462 1610 2494 si
1642 2473 1735 2495 secus
1773 2473 1869 2506 super
1893 2463 1944 2496 his
1969 2473 1987 2496 a

1247 2524 1427 2558 quoquam,
1453 2515 1564 2557 quavis
1600 2515 1813 2556 auctoritate,
1846 2516 1987 2549 scienter

1246 2567 1296 2599 vel
1323 2567 1533 2609 ignoranter,
1558 2567 1732 2610 contigerit
1755 2569 1918 2602 attentari.

1279 2628 1292 2654 1
1315 2627 1386 2656 Edit.
1407 2628 1493 2657 Main.
1514 2627 1582 2664 tegit
1597 2629 1735 2664 plurium
1752 2630 1793 2665 (R.
1809 2630 1862 2666 τ,).
