2232 3178
37 245 85 274 An.
105 244 134 272 C.
151 242 217 270 1737

225 295 256 323 et
274 289 370 322 vitam
397 288 497 332 ipsam
523 298 583 332 pro
608 289 674 322 Deo
700 289 898 332 profundere
917 300 966 323 ar-

224 341 409 375 dentissime
436 341 596 385 cupiebat,
621 346 656 374 ut
681 342 708 375 ei
736 352 801 375 non
826 342 963 376 defuisse

224 395 422 428 credendum
448 394 489 427 sit
514 405 669 428 coronam
695 395 852 439 martyrii,
873 396 964 430 cuius

223 448 347 481 animus
373 448 517 491 patiendi
542 459 606 481 non
633 449 746 482 defuit.
764 448 843 482 Nam
867 461 961 494 prae-

224 507 274 534 ter
297 506 386 533 certa
404 501 505 534 famae
525 507 555 534 et
572 502 685 544 capitis
702 501 860 545 pericula,
881 513 963 546 quae

222 565 281 598 pro
317 554 373 587 Dei
414 565 524 588 amore
565 555 706 588 libenter
742 561 838 598 atque
879 558 963 590 ultro

221 607 351 647 subivit,
378 617 444 640 non
470 609 571 642 semel
597 609 707 642 dicere
733 609 861 642 auditus
888 615 960 642 est:

223 660 310 701 Quid
333 661 419 693 mihi
442 661 598 705 optalim,
621 672 722 706 quam
745 673 806 705 pro
832 663 961 697 Christo

219 713 330 746 mori?
347 713 384 746 Et
405 714 442 746 ad
462 715 681 748 Canadensem
708 715 908 755 missionem,
926 721 961 748 ut

218 772 357 800 mortem
384 778 444 812 pro
469 767 587 801 Christi
612 768 744 801 nomine
771 774 958 813 oppeteret,

218 819 381 863 proficisci
407 820 533 860 voluit;
567 821 621 854 sed
649 821 806 856 altissimo
832 822 960 856 divinae

217 873 442 917 providentiae
464 873 601 907 consilio
627 874 655 907 ei
682 885 872 908 concessum
895 886 958 909 non

218 932 278 967 est,
300 932 334 959 ut
359 938 437 961 suae
463 927 569 970 gentis
595 928 726 961 utilitati
752 929 900 962 serviret.

62 989 172 1010 Mtsstonos
187 989 206 1010 in
262 981 277 1024 ἓ
301 979 355 1014 98.
375 980 499 1025 Quippe
517 982 648 1015 ultimos
671 982 786 1016 decem
804 983 886 1017 vitae
905 995 960 1017 an-

28 1017 102 1064 3¹32«
118 1017 277 1068 “21³0'c'31'3nos
313 1034 344 1067 in
382 1035 481 1068 sacris
517 1036 712 1078 peragendis
750 1037 959 1071 missionibus

27 1070 127 1092 ''mm‘'
218 1088 400 1131 impendit,
429 1099 563 1132 quorum
591 1100 643 1123 sex
670 1090 814 1133 primos,
841 1092 958 1134 partim

217 1141 249 1174 in
276 1141 422 1175 inferiori
452 1142 636 1182 Occitaniti‚
662 1143 779 1186 partim
806 1145 838 1177 in
870 1145 961 1178 Viva-

216 1193 325 1234 riensi,
340 1194 573 1238 Valentinaque
593 1195 745 1237 dioecesi,
766 1198 958 1232 novissimos

216 1252 322 1280 autem
348 1252 487 1290 quatuor
508 1248 538 1280 iu
564 1248 764 1282 restituenda
794 1250 959 1284 stabilien-

217 1299 320 1343 daque
347 1301 432 1344 apud
466 1301 628 1335 Velaunos
662 1302 902 1337 Vivariensibus
927 1304 959 1337 fi-

215 1353 346 1387 nitimos
364 1354 483 1397 pietate
505 1355 687 1390 collocavit.
705 1355 808 1389 Anicii
835 1362 954 1397 autem,

215 1407 303 1451 quod
322 1407 508 1451 provinciae
523 1414 617 1452 eaput
633 1414 690 1449 est,
706 1410 862 1443 aestivum
881 1415 959 1443 tem-

214 1469 275 1503 pus
303 1461 514 1501 traducebat,
542 1462 659 1506 hyeme
684 1474 758 1497 vero
785 1464 900 1507 agebat
924 1464 955 1497 in

215 1513 451 1558 circumpositis
478 1515 550 1549 urbi
576 1516 665 1557 locis,
685 1528 768 1558 cum,
788 1517 908 1561 frigore
927 1523 958 1551 et

214 1567 340 1601 nivibus
365 1568 405 1601 ab
438 1579 589 1612 agrorum
614 1571 739 1603 cultura
764 1571 872 1604 coloni
898 1571 958 1604 im·

213 1620 338 1664 pediti,
363 1621 396 1655 in
430 1623 496 1655 suis
532 1623 670 1666 tuguriis
707 1628 739 1657 et
775 1625 956 1668 mapalibus

213 1674 367 1707 otiantur.

25 1731 201 1785 phnnapgoffiiq
252 1727 346 1770 5⁶29.
382 1728 493 1761 Modus
518 1734 624 1762 autem
660 1740 696 1763 ac
729 1729 811 1764 ratio
845 1730 953 1772 vitae,

23 1786 139 1834 3:⁰53&
162 1787 309 1824 ets—quam
330 1781 390 1814 sibi
406 1781 445 1814 ab
463 1782 555 1815 initio
570 1783 780 1817 constitutam
799 1784 837 1817 ad
857 1784 953 1818 finem

212 1843 317 1877 usque
342 1834 373 1867 in
398 1835 608 1869 missionibus
635 1843 823 1871 constanter
848 1848 956 1871 serva·

211 1887 267 1927 vit,
293 1887 477 1921 huiusmodi
504 1894 584 1922 erat.
619 1890 721 1923 IIoras
748 1891 881 1924 nonnisi
907 1891 955 1924 bi-

212 1950 279 1981 nas,
299 1942 349 1975 vel
367 1941 405 1974 ad
425 1952 587 1975 summum
611 1948 717 1976 ternas
746 1954 860 1978 somno
882 1955 954 1978 con-

211 1994 341 2035 cedens,
368 1994 525 2038 reliquam
561 1996 664 2030 noctis
694 2002 819 2040 partem
852 1999 955 2031 medi-

212 2048 320 2087 tando,
346 2048 522 2091 precando,
541 2049 780 2094 concionesque
806 2052 953 2094 parando

211 2100 435 2145 impendebat.
464 2101 523 2135 Ubi
552 2103 591 2136 ad
617 2103 816 2137 destinatum
844 2106 951 2138 locum

211 2160 430 2197 pervenerat,
457 2155 559 2189 imbre
597 2156 672 2189 licet
705 2158 873 2198 madidus,
900 2164 954 2191 aut

211 2208 285 2241 nive
310 2209 472 2252 perfusus,
499 2209 622 2242 itineris
640 2210 830 2244 lassitudine
856 2217 887 2244 et
910 2213 951 2244 la-

210 2260 290 2294 bore
310 2261 488 2302 confectus,
506 2262 605 2295 divini
624 2263 732 2296 auxilii
753 2265 952 2307 exposcendi

211 2316 317 2355 causa,
336 2317 425 2348 recta
443 2326 476 2349 se
495 2316 535 2349 ad
553 2317 722 2350 ecclesiam
748 2318 948 2359 conferebat,

211 2377 306 2411 quam
332 2367 357 2401 si
383 2369 524 2402 clausam
550 2369 740 2413 reperisset,
775 2381 851 2413 prae
883 2371 953 2405 fori-

209 2419 270 2454 bus
297 2421 328 2454 in
355 2432 461 2464 geuua
482 2423 683 2465 provolutus,
701 2425 750 2457 vel
769 2423 857 2456 humi
876 2434 952 2466 pro-

210 2478 338 2514 stratus,
359 2474 458 2508 Deum
484 2476 571 2508 tanta
588 2475 721 2518 spiritus
740 2477 951 2510 contentione

211 2527 336 2567 orabat,
362 2532 398 2560 ut
422 2537 482 2560 nec
508 2528 535 2560 vi
557 2528 698 2571 frigoris,
725 2539 785 2562 nec
810 2530 950 2563 ubertim

856 241 997 266 CLEMENS
1021 242 1065 266 ΧΠ
1089 242 1137 266 PP.

1650 233 1714 267 ⁶253
1761 243 1809 270 An.
1831 244 1860 271 e.
1880 244 1946 272 5737

1009 301 1135 323 summo
1154 301 1248 324 mane
1267 291 1435 324 ecclesiam
1459 290 1638 334 ingressus,
1659 293 1753 324 obvia

1010 343 1225 387 familiarique
1252 344 1399 378 oratione
1425 344 1557 388 aliquod
1585 344 1750 378 doctrinae

1007 397 1207 430 christianae
1243 403 1339 441 caput
1375 398 1582 442 explicabat;
1618 409 1751 442 operam

1008 449 1126 482 deinde
1145 450 1240 483 dabat
1258 456 1389 494 peecata
1408 451 1657 491 confitentibus;
1675 462 1748 484 mox

1008 503 1136 536 dicebat
1162 503 1200 536 ad
1227 505 1396 547 populum,
1422 504 1600 547 apostolico
1625 506 1694 538 zelo
1720 510 1751 538 et

1007 556 1104 589 animi
1132 557 1341 590 contentione
1379 558 1454 591 vitia
1489 558 1667 601 exagitans,
1690 558 1751 591 im-

1006 611 1196 653 pellensque
1222 611 1260 643 ad
1287 611 1462 645 virtutem:
1499 622 1562 656 quo
1594 618 1747 656 peracto,

1005 663 1139 696 sedebat
1180 674 1289 697 rursus
1326 664 1358 696 in
1395 675 1488 698 sacro
1526 666 1748 709 poenitentiae

1007 717 1171 757 tribunali,
1189 718 1311 761 quoad,
1337 718 1446 751 oblato
1465 718 1594 752 divinae
1620 719 1748 753 hostiae

1006 769 1177 810 sacrificio,
1197 771 1390 804 matutinum
1410 777 1536 815 tempus
1563 772 1743 805 clauderet.

1005 823 1270 857 Pomeridianum
1289 824 1530 858 transmittebat
1556 825 1746 858 erudiendis

1005 877 1131 920 pueris,
1171 877 1341 910 visitandis
1380 878 1502 921 aegris,
1543 879 1746 922 pauperibus

1005 930 1225 970 sublevandis,
1256 930 1408 964 sedandis
1432 931 1554 971 litibus,
1582 936 1613 964 et
1650 931 1747 964 dissi-

1005 983 1157 1016 dentibus
1191 983 1223 1016 in
1255 988 1401 1017 mutuam
1427 984 1562 1027 gratiam
1588 984 1747 1017 reducen-

1005 1036 1065 1070 dis.
1093 1036 1158 1070 Sub
1183 1047 1351 1080 vesperam
1386 1037 1502 1070 iterum
1528 1037 1747 1070 concionaba-

1005 1095 1074 1130 tur,
1111 1090 1304 1123 confitentes
1340 1090 1479 1123 subinde
1515 1089 1670 1123 audiebat
1705 1090 1746 1123 ad

1004 1144 1137 1176 multam
1164 1148 1312 1183 noctem,
1340 1143 1421 1176 adeo
1447 1148 1482 1175 ut
1507 1154 1604 1187 saepe
1639 1143 1746 1177 adhuc

1004 1197 1147 1230 ieiunum
1174 1207 1191 1229 a
1222 1207 1313 1230 sacro
1347 1196 1500 1230 tribunali
1538 1196 1670 1239 parochi
1696 1197 1745 1230 vel

1002 1251 1115 1294 populi
1142 1250 1202 1293 ipsi
1228 1250 1325 1283 veluti
1352 1260 1411 1293 per
1435 1250 1496 1282 vim
1522 1251 1714 1283 avellerent.

1046 1305 1061 1348 ξ
1084 1304 1138 1338 30.
1166 1303 1277 1337 Sermo
1303 1310 1335 1337 et
1359 1304 1559 1346 praedicatio
1586 1304 1654 1337 eius
1681 1311 1941 1359 nonetSermq,e{11«.

1002 1358 1034 1390 in
1060 1357 1330 1400 persuasibilibus
1368 1357 1528 1389 humanae
1563 1357 1786 1400 sapientiaeinv
1805 1344 1941 1396 pssffe'n'is'niffi

1002 1409 1119 1449 verbis,
1138 1409 1194 1443 sed
1220 1409 1253 1442 in
1275 1408 1462 1442 ostensione
1482 1409 1617 1453 spiritus
1636 1414 1667 1442 et
1683 1395 1843 1442 vir-iiiiii}us
1860 1395 1880 1414 ⁹²
1901 1399 1940 1414 ’Ψ

1004 1463 1090 1496 tutis.
1111 1462 1188 1496 Nam
1210 1463 1345 1506 simplex
1368 1463 1513 1506 quidem,
1531 1464 1697 1506 incompta
1714 1467 1746 1496 et

1001 1517 1171 1560 popularis
1190 1516 1305 1556 oratio,
1323 1517 1379 1549 sed
1398 1516 1505 1549 verbis
1525 1517 1628 1549 inerat
1647 1527 1744 1560 quae-

1001 1570 1072 1602 dam
1092 1570 1219 1602 occulta
1245 1569 1291 1602 vis
1318 1575 1349 1602 et
1374 1569 1522 1602 caelestis
1548 1569 1669 1612 gratiae
1687 1569 1746 1601 vir-

1002 1628 1062 1663 tus,
1090 1632 1171 1665 quae
1197 1622 1394 1655 audientium
1420 1622 1518 1655 corda
1542 1622 1743 1665 penetrabat,

1001 1681 1033 1708 et
1054 1685 1165 1708 eorum
1187 1680 1312 1708 mentes
1338 1679 1435 1718 atque
1460 1674 1586 1707 animos
1612 1675 1678 1708 sive
1704 1675 1744 1708 ad

1002 1729 1189 1772 fugiendum
1207 1729 1328 1768 vitium,
1344 1728 1410 1761 sive
1428 1729 1466 1761 ad
1486 1729 1743 1772 amplectendam

999 1782 1151 1815 virtutem
1188 1782 1282 1815 facile
1319 1781 1521 1825 impellebat.
1559 1782 1745 1814 Accedebat

1000 1835 1084 1869 actio
1111 1836 1180 1878 ipsa
1205 1835 1380 1868 vehemens
1407 1840 1438 1868 et
1462 1836 1532 1868 zelo
1553 1834 1609 1868 Dei
1635 1835 1745 1868 incen-

999 1900 1051 1929 sa,
1074 1899 1198 1932 voxque
1225 1888 1304 1921 mire
1330 1888 1368 1921 ad
1394 1888 1589 1921 movendum
1615 1888 1741 1928 efficax,

999 1942 1123 1976 ardoris
1149 1952 1267 1985 nempe
1293 1947 1324 1974 et
1349 1941 1511 1975 suavitatis
1542 1942 1661 1985 plena,
1685 1947 1740 1981 et,

999 1996 1084 2038 quod
1110 1996 1207 2038 longe
1233 1994 1335 2028 maius
1362 2000 1429 2035 est,
1463 2000 1616 2028 constans
1642 1998 1741 2037 atque

998 2048 1089 2082 firma
1125 2049 1208 2092 apud
1245 2059 1357 2082 omnes
1394 2048 1507 2091 opinio
1540 2058 1647 2089 verae,
1675 2058 1741 2081 non

997 2103 1207 2135 adumbratae
1239 2101 1380 2142 virtutis,
1408 2101 1457 2134 cui
1494 2101 1742 2145 respondebant

998 2155 1128 2188 habitus
1153 2155 1218 2188 oris
1244 2154 1283 2187 ad
1303 2154 1494 2187 modestiam
1520 2159 1552 2187 et
1576 2153 1742 2187 humilita⁴

998 2215 1061 2242 tem
1090 2208 1295 2252 compositus,
1320 2213 1431 2241 sancta
1463 2207 1531 2240 sine
1562 2207 1634 2241 fuco
1664 2208 1741 2240 sim-

997 2262 1126 2307 plicitas
1164 2261 1400 2305 poenitentiam
1441 2261 1668 2304 praeseferens
1709 2266 1741 2294 et

997 2320 1244 2359 paupertatem,
1272 2314 1381 2347 omnia
1407 2314 1540 2346 demum
1566 2314 1739 2346 caelestem

997 2369 1169 2412 quamdam
1201 2367 1362 2411 spirantia
1395 2365 1622 2406 sanctitatem,
1657 2376 1739 2409 quae

996 2428 1130 2466 aspectu
1158 2423 1231 2466 ipso
1264 2421 1511 2455 commovebant
1541 2420 1676 2461 animos,
1708 2425 1739 2454 et

995 2476 1034 2509 ad
1060 2476 1115 2509 Dei
1141 2486 1284 2509 amorem
1308 2475 1492 2518 rapiebant.

1040 2529 1054 2572 ᾗ
1079 2529 1133 2563 31.
1163 2530 1244 2562 Ilinc
1264 2529 1468 2562 incredibilis
1487 2529 1583 2562 fiebat
1608 2529 1646 2561 ad
1666 2540 1738 2562 eum

1795 2533 1932 2556 tuci-editum

1749 2561 1774 2581 ad
1786 2568 1833 2581 euni
1844 2563 1933 2582 audmn·

211 2579 409 2624 quandoque
446 2580 639 2614 cadentibus
675 2581 803 2615 nivibus
841 2593 858 2615 a
888 2582 951 2626 piis
995 2583 1262 2622 auscultandum,
1301 2581 1368 2614 sive
1406 2591 1442 2614 ex
1481 2591 1585 2625 aequo
1618 2582 1684 2615 sive
1721 2588 1934 2616 e⁴t¹¹¹¹¹0¹¹=⁰¹⁹ss³·

1749 2620 1804 2634 ttssrts
1827 2615 1933 2637 huminum

0 2614 2 2656 Ι
212 2643 283 2667 cum
299 2633 365 2668 Deo
384 2633 554 2678 colloquiis
573 2640 770 2670 avocaretur.
792 2635 948 2670 Postridie
994 2635 1165 2679 superiore
1193 2636 1263 2669 loco
1289 2634 1328 2668 de
1359 2634 1457 2668 rebus
1492 2634 1607 2668 divinis
1638 2635 1871 2670 disse-cvnvurffl·
