2232 3178
19 224 64 250 Αιι.
85 220 112 247 C.
130 218 196 246 ¹739

206 265 382 306 observari,
415 275 452 299 ac
479 265 524 298 eis
551 265 730 308 respective
755 264 948 308 plenissime

206 318 392 362 suffragari,
418 318 531 362 sieque
556 323 588 351 et
608 328 675 351 non
693 318 789 351 aliter
807 317 839 350 in
856 327 948 360 prae-

205 371 319 410 missis,
338 381 398 414 per
423 381 644 414 quoscumque
670 370 793 403 iudices
817 370 948 402 ordina-

205 424 269 457 rios
293 430 324 457 et
341 424 518 466 delegatos,
538 423 633 456 etiam
652 433 819 456 causarum
836 422 946 465 palatii

204 477 377 520 apostolici
399 476 575 516 auditores,
600 475 737 509 iudicari
764 481 795 508 et
820 474 946 507 definiri

204 530 346 570 debere,
383 540 419 562 ao
451 530 577 562 irritum
605 534 635 561 et
660 529 757 561 inane
789 528 816 560 si
852 538 946 560 secus

204 593 302 626 super
331 583 382 615 his
407 593 424 615 a
449 593 612 625 quoquam
629 609 636 623 ‚
670 581 782 624 quavis
808 579 946 612 auetori-

204 642 283 677 tate,
310 637 452 669 scienter
470 636 519 668 vel
546 635 747 678 ignoranter,
774 632 946 676 contigerit

201 689 367 723 attentari.

246 744 263 785 ς
289 742 321 776 5.
347 741 418 776 Non
434 740 638 775 obstantibus
656 739 944 774 constitutionibus

202 802 233 829 et
250 794 513 829 ordinationibus
537 793 735 837 apostolicis,
754 803 789 826 ac
806 791 943 836 praefati

200 848 344 889 Ordinis,
362 848 458 881 etiam
482 847 675 886 iuramento,
694 845 943 879 confirmatione

200 901 396 945 apostolica,
422 902 472 934 vel
494 900 606 944 quavis
627 899 779 932 firmitate
805 899 867 932 alia
891 910 943 932 ro-

201 954 332 995 boratis,
359 954 487 987 statutis
504 958 536 987 et
553 952 858 993 consuetudinibus,
877 952 943 996 pri-

201 1007 327 1050 vilegiis
354 1016 505 1050 quoque,
522 1005 658 1039 indultis
679 1011 711 1038 et
728 1005 845 1038 litteris
862 1015 943 1048 apo-

200 1060 348 1100 stolicis,
378 1060 411 1092 in
446 1059 647 1093 contrarium
687 1058 941 1102 praemissorum

199 1114 448 1157 quomodolibet
482 1113 658 1153 concessis,
690 1111 890 1145 confirmatis
912 1116 943 1143 et

198 1168 372 1209 innovatis;
400 1167 517 1211 quibus
548 1166 698 1200 omnibus
726 1170 758 1198 ot
784 1165 941 1208 singulis,

200 1222 328 1255 illorum
349 1227 480 1254 tenores
505 1219 732 1264 praesentibus
758 1228 816 1262 pro
843 1219 940 1261 plene

199 1281 231 1309 et
256 1274 453 1308 sufficienter
477 1272 638 1317 expressis
658 1283 695 1306 ac
716 1272 755 1305 de
781 1271 883 1305 verbo
901 1270 938 1304 ad

199 1329 336 1362 verbum
360 1327 488 1362 insertis
514 1326 687 1366 hahentes,
713 1325 777 1359 illis
802 1323 881 1358 alias
906 1324 938 1358 in

198 1393 255 1415 suo
273 1382 393 1415 robore
414 1380 647 1424 permansuris,
677 1379 715 1412 ad
748 1378 938 1422 praemisso-

197 1445 269 1468 rum
294 1434 455 1474 effectum,
482 1434 541 1466 hae
566 1433 633 1466 vice
655 1433 840 1471 dumtaxat,
866 1442 939 1475 spc-

197 1488 325 1521 cialiter
342 1493 375 1523 et
399 1498 552 1530 expresse
572 1487 784 1528 de1·oganius;
805 1486 939 1518 ceteris-

197 1552 260 1584 que
279 1541 451 1575 contrariis
475 1540 747 1583 quibuscumque.

241 1595 256 1638 g
288 1595 319 1627 6.
354 1595 506 1627 Volumus
541 1598 649 1626 autem
682 1597 717 1624 ut
752 1591 937 1624 earumdem

197 1648 418 1691 praesentium
441 1648 622 1680 litterarum
640 1645 862 1689 transumptis,
879 1655 935 1677 seu

196 1701 376 1744 exemplis,
407 1701 504 1733 etiam
532 1699 721 1743 impressis,
753 1709 849 1730 manu
880 1698 937 1730 ali-

194 1754 283 1787 euius
298 1753 414 1787 notarii
429 1752 550 1797 publici
569 1751 771 1794 subscriptis,
786 1756 817 1783 et
829 1751 937 1793 sigillo

194 1818 356 1851 personae
381 1807 413 1840 in
439 1805 660 1840 ecclesiastica
681 1805 838 1848 dignitate
863 1815 937 1836 con-

194 1861 326 1894 stitutae
356 1860 511 1902 munitis,
543 1860 659 1893 eadem
690 1868 826 1902 prorsus
856 1856 936 1890 fides

194 1915 228 1948 in
263 1914 382 1948 iudicio
416 1920 447 1947 et
478 1919 569 1947 extra
601 1912 820 1951 adhibeatur,
852 1922 935 1954 quae

193 1968 420 2011 praesentibus
438 1967 518 2010 ipsis
535 1966 763 2007 adhiberetur,
780 1965 806 1998 si
827 1965 935 1998 forent

194 2021 360 2055 exhibitae
380 2021 429 2054 vel
449 2026 614 2054 ostensae.

236 2076 351 2109 Datum
376 2075 507 2114 Romae,
525 2074 612 2118 apud
638 2074 669 2108 S.
690 2074 819 2107 Mariam
841 2072 934 2106 Maio-

195 2139 275 2169 rem,
292 2128 350 2161 sub
368 2129 491 2161 annulo
510 2127 690 2166 Piscatoris,
706 2127 758 2160 die
773 2137 803 2160 iv
822 2126 934 2170 aprilis

192 2191 387 2220 iinccxxxix,
406 2180 614 2224 pontificatus
632 2180 732 2213 nostri
752 2190 837 2212 anno
855 2190 897 2213 ix.

229 2243 287 2270 Dat.
308 2243 352 2269 die
371 2243 388 2269 4
407 2242 604 2277 aprilisl739,
626 2242 722 2276 pontif.
743 2249 813 2268 anno
833 2248 869 2268 tx.

480 2296 516 2328 D.
544 2296 632 2329 card.
661 2296 842 2329 Psssrunus.

61 754 190 774 otis-«anuum

15 781 128 807 derogatio.

46 1597 186 1623 'transumptis

12 1623 68 1644 fidem
82 1624 151 1645 addit.

501 2420 622 2454 CCLIV.

0 2507 1 2527 l
195 2491 406 2534 Confirmatio
460 2496 488 2525 et
538 2492 705 2524 innovatio
749 2490 935 2524 litterarum

0 2528 1 2588 i
238 2546 341 2579 Pauli
370 2546 404 2586 V,
426 2545 552 2579 Urbani
569 2545 661 2585 VIII,
681 2555 717 2577 ac
733 2544 830 2577 eliam
850 2545 882 2578 S.
899 2545 931 2579 S.

0 2591 1 2620 ³
238 2604 349 2633 contra
370 2603 572 2632 transemnes
597 2598 634 2631 de
660 2597 782 2631 Ordine
809 2597 845 2631 B.
865 2598 934 2631 Μα-

268 2662 349 2690 Butt.
369 2662 453 2690 Itom.
476 2677 510 2682 —
537 2661 593 2688 Vol.
614 2660 717 2690 XXIV.
877 2660 911 2688 69

826 214 967 240 CLEMENS
992 214 1038 239 ΧΗ
1062 213 1112 240 ΡΡ.

1637 201 1701 236 545
1749 212 1796 238 Au.
1819 211 1846 239 C.
1867 212 1933 239 ¹739

1038 264 1107 296 riae
1124 261 1162 295 cle
1179 262 1287 295 Monte
1305 260 1451 295 Carmelo
1471 260 1738 303 Conyreqatiom‘s

1037 314 1222 360 Hispaniae
1254 314 1297 347 ad
1321 314 1427 347 alium
1454 314 1623 348 Ordinem.

1209 403 1344 430 Clemens
1366 403 1445 436 Papa
1461 403 1524 435 ΧΠ,

1133 448 1168 475 ad
1188 448 1325 475 futuram
1344 448 1393 475 rei
1408 449 1595 475 memoriam.

1036 530 1050 572 ἓ
1076 529 1107 561 l.
1131 529 1257 561 Dudum
1278 529 1380 562 felicis
1398 528 1638 561 recordationis
1661 528 1737 560 Pau-
1763 537 1840 556 rann<
1858 537 1873 555 v
1891 538 1931 556 sm.

1749 564 1815 582 illitu<
1845 564 1931 583 tudun<

992 582 1040 614 lus
1059 581 1080 612 V
1102 581 1337 623 praedecessor
1356 586 1479 620 noster,
1502 591 1563 623 per
1581 581 1735 624 quasdam
1748 590 1930 625 twa-nimum...

991 643 1076 673 suas,
1103 643 1242 675 quarum
1275 633 1404 665 initium
1430 633 1524 666 Decet
1549 634 1736 666 Romanum
1747 617 1783 663 Istis
1797 617 1930 663 iisiffuiim'*

990 686 1190 728 Pontificem,
1217 691 1289 727 etc„
1318 687 1350 718 in
1377 686 1471 720 simili
1499 687 1600 720 forma
1626 686 1735 719 Brevis

991 740 1042 773 die
1068 750 1102 773 111
1136 739 1251 783 aprilis
1284 749 1369 773 nncx
1405 740 1572 783 expeditas
1597 740 1733 780 litteras,

991 803 1055 826 non
1081 793 1186 826 solum
1212 792 1321 825 onmia
1346 797 1377 825 et
1401 792 1528 835 singula
1555 792 1733 832 facultates,

990 845 1109 888 gratias
1144 851 1177 879 et
1210 845 1383 888 privilegia
1416 845 1568 878 fratribus
1603 845 1732 878 Ordinis

989 899 1024 931 Β.
1051 898 1168 931 Mariae
1194 899 1234 931 de
1259 898 1364 931 Monte
1383 897 1531 931 Carmelo
1556 898 1734 931 Discaloea-

991 951 1028 984 tis
1045 951 1242 994 nuncupatis
1261 951 1533 993 Congregationis
1556 951 1731 994 Hispaniae

988 1015 1006 1037 a
1020 1004 1174 1037 Romanis
1193 1004 1403 1037 Pontificibus
1421 1004 1732 1046 praedecessoribus

988 1058 1054 1090 suis
1080 1068 1184 1101 usque
1210 1063 1287 1090 tuno
1312 1057 1486 1090 concessa¹
1512 1057 1729 1096 confirmavit,

988 1121 1099 1143 verum
1118 1111 1226 1149 etiam,
1240 1116 1276 1143 ut
1298 1110 1423 1143 eisdem
1446 1110 1598 1144 fratribus
1614 1110 1731 1143 Discat-

987 1163 1084 1195 ceatis
1109 1163 1215 1196 omnis
1242 1174 1258 1195 a
1284 1162 1333 1194 sui
1361 1162 1498 1194 instituti
1525 1163 1729 1206 praescripto

986 1215 1175 1248 discedendi
1203 1220 1233 1247 et
1257 1215 1395 1257 vagandi
1425 1214 1474 1247 via
1500 1215 1730 1257 praecludere-

987 1273 1058 1308 tur,
1083 1268 1194 1301 statuit
1220 1273 1252 1300 et
1280 1267 1466 1308 ordinavit,
1492 1278 1527 1299 ac
1553 1268 1584 1299 in
1611 1267 1729 1300 virtute

984 1326 1112 1354 sanotae
1137 1321 1345 1354 obedientiae
1371 1319 1516 1353 districte
1541 1321 1726 1364 praecepit,

983 1380 1016 1407 ut
1042 1375 1152 1407 nullus
1187 1384 1223 1407 ex
1259 1373 1337 1417 ipsis
1372 1373 1411 1406 de
1445 1375 1509 1406 unzi
1535 1373 1566 1405 in
1592 1374 1727 1407 alteram

983 1426 1278 1470 Congregationem
1298 1426 1486 1460 huiusmodi
1505 1426 1655 1468 transire,
1679 1437 1728 1460 re-

983 1480 1047 1523 cipi
1066 1479 1237 1513 etadmitti
1263 1480 1397 1521 valeret,
1417 1484 1448 1512 et
1465 1479 1489 1512 si
1508 1489 1602 1512 secus
1622 1480 1728 1513 scien—

984 1537 1032 1565 ter
1047 1534 1096 1566 vel
1114 1533 1307 1575 ignoranter
1319 1531 1389 1565 fieri
1403 1531 1608 1574 contigisset,
1626 1537 1726 1566 trans-

982 1585 1067 1626 itus,
1101 1585 1245 1628 receptio
1280 1595 1316 1618 ao
1349 1585 1502 1618 admissio
1536 1585 1725 1619 huiusmodi

982 1639 1104 1672 nullius
1124 1637 1253 1672 roboris
1271 1638 1319 1671 vel
1339 1638 1495 1671 momenti
1521 1645 1721 1679 censeretur,

982 1702 1109 1725 necnon
1135 1691 1206 1734 ipse
1231 1691 1278 1723 sic
1304 1691 1464 1724 transiens
1490 1702 1545 1724 seu
1573 1698 1724 1735 receptus

981 1746 1021 1778 ad
1046 1745 1213 1788 propriam
1246 1744 1539 1787 Congregationem
1565 1745 1724 1779 restitue—

981 1802 1069 1830 retur
1088 1808 1094 1830 :
1114 1808 1151 1830 ac
1175 1798 1324 1841 insuper,
1343 1803 1379 1830 ut
1396 1799 1505 1830 nullus
1531 1799 1723 1831 eorumdem

981 1851 1113 1883 fratrum
1148 1850 1447 1890 Discalceatorum,
1475 1856 1549 1894 post
1573 1852 1721 1884 emissam

979 1904 1018 1937 ab
1036 1914 1075 1937 eo
1101 1904 1134 1937 in
1151 1904 1318 1947 praedicto
1336 1903 1456 1937 Ordine
1483 1905 1722 1948 professionem

978 1958 1163 2001 regularem
1176 1967 1235 2000 per
1251 1967 1305 1990 eos
1321 1957 1423 1990 emitti
1439 1962 1639 1999 consuetam,
1654 1958 1723 1991 abs-

979 2021 1041 2054 que
1059 2010 1193 2055 speciali
1214 2021 1273 2054 pro
1300 2015 1446 2054 tempore
1472 2010 1640 2045 existentis
1660 2011 1723 2045 Ro-

978 2064 1063 2098 mani
1100 2064 1265 2098 Pontificis
1289 2065 1443 2107 licentia,
1470 2065 1509 2098 dc
1543 2066 1720 2108 praedictis

977 2118 1093 2152 litteris
1119 2129 1296 2162 earumque
1323 2118 1395 2151 data
1420 2129 1619 2162 expressam,
1637 2120 1721 2153 indi-

977 2172 1122 2213 viduam,
1149 2183 1185 2205 ac
1210 2172 1251 2205 de
1276 2171 1375 2205 verbo
1400 2172 1440 2205 ad
1464 2174 1598 2206 verbum
1624 2183 1719 2206 nien-

978 2225 1099 2259 tionem
1127 2225 1283 2265 faciente,
1310 2236 1346 2258 ac
1372 2236 1408 2258 ex
1436 2225 1580 2268 legitima
1606 2232 1638 2259 et
1667 2237 1720 2258 ur-

978 2279 1066 2321 genti
1093 2281 1189 2312 causa
1213 2279 1303 2322 prius
1322 2290 1339 2311 a
1356 2279 1618 2322 Congregatione
1643 2285 1719 2313 tunc

978 2333 1185 2366 existentium
1199 2332 1231 2365 S.
1246 2333 1280 2365 R.
1296 2333 1330 2366 E.
1351 2333 1563 2366 cardinalium
1578 2333 1718 2375 negotiis

978 2390 1009 2418 et
1033 2385 1329 2419 consultationibus
1359 2385 1588 2428 episcoporum
1613 2391 1643 2418 et
1670 2396 1719 2418 re-

978 2439 1137 2482 gularium
1163 2438 1427 2482 praepositorum
1453 2439 1631 2481 diligenter
1649 2449 1719 2472 exa-

976 2492 1095 2525 minata
1120 2496 1152 2525 et
1176 2490 1366 2535 approbata,
1393 2491 1456 2523 ad’
1479 2492 1576 2524 alium
1603 2503 1717 2535 quem-

1014 2565 1024 2590 l
1044 2563 1110 2590 Male
1127 2563 1192 2590 edit.
1211 2562 1290 2589 Main.
1307 2562 1372 2596 legit
1387 2563 1524 2590 concessis
1539 2564 1576 2597 (n.
1592 2565 1638 2597 τ.).

1013 2608 1028 2634 ⁰2
1049 2607 1167 2635 Pessime
1188 2607 1254 2634 edit.
1271 2606 1350 2635 Main.
1367 2606 1432 2642 legit
1452 2609 1478 2636 et
1497 2615 1546 2643 pro
1562 2607 1600 2635 ad
1613 2609 1655 2643 (n.
1668 2609 1716 2643 τ.).
