2232 3178
30 207 76 235 An.
95 203 125 231 C.
143 200 209 231 17³8

829 196 971 220 CLEMENS

213 249 232 287 †
253 247 312 286 Ego
334 246 457 276 Ioannes
483 245 561 276 tituli
588 245 618 275 S.
642 244 840 275 Pudentianae
863 246 957 276 cardi-

292 295 367 326 nalis
389 295 522 335 Spinula.

214 347 234 624 -i-i--i--i-—i-i-

255 586 314 625 Ego
335 586 511 616 Laurentius
532 585 561 616 S.
579 585 684 615 Mariae
704 585 734 614 iu
751 584 862 615 vialata
881 585 961 624 prior

297 635 439 665 diaconus
462 635 619 665 cardinalis
641 635 676 664 de
698 634 828 664 Alteriis.

218 687 236 721 †
258 685 317 723 Ego
339 684 458 715 Carolus
481 685 512 713 S.
535 684 665 722 Agathae
689 683 718 713 in
745 682 878 714 suburra
899 683 961 713 dia-

298 742 390 763 conus
412 732 571 763 cardinalis
594 732 745 762 Columna.

217 785 236 823 ἦ·
258 782 318 821 Ego
340 781 459 812 Carolus
486 781 515 812 S.
540 781 647 811 Mariae
674 781 703 811 in
731 781 842 820 Aquiro
866 781 962 811 diaco·

296 840 352 861 nus
374 830 534 861 cardinalis
557 830 591 860 de
614 830 744 860 Morinis.

218 883 236 919 †
258 880 317 920 Ego
349 880 515 910 Alexander
547 879 575 910 S.
607 879 713 909 Mariae
744 879 773 908 in
808 879 960 910 cosmedin

298 930 438 960 diaconus
460 928 620 959 cardinalis
642 928 785 958 Albanus.

260 1029 321 1068 Ego
343 1029 449 1059 Nerius
470 1029 498 1059 S.
521 1029 672 1059 Eustachii
695 1029 836 1058 diaconus
868 1028 963 1058 cardi-

301 1078 377 1108 nalis
399 1078 549 1109 Corsinus.

260 1127 319 1166 Ego
341 1127 373 1157 B.
397 1127 441 1158 Ss.
465 1127 585 1158 Cosmae
607 1132 635 1157 et
658 1127 790 1157 Damiani
823 1127 963 1156 diaconus

301 1176 460 1206 cardinalis
479 1176 640 1216 Ruspulus.

220 1228 241 1460 -1-4-1-4-1-
220 1129 239 1166 -i-
219 982 239 1067 -i-i-

263 1421 322 1460 Ego
344 1420 462 1451 Carolus
484 1420 512 1450 S.
537 1420 647 1450 Nicolai
670 1421 698 1450 in
722 1420 844 1450 Carcere
868 1420 966 1450 diaco-

303 1480 357 1500 nus
381 1469 540 1500 cardinalis
562 1469 754 1499 Rezzonicus.

221 1521 241 1704 -i--i-i-i-

306 1717 373 1745 Loco
394 1717 412 1753 †
432 1715 551 1755 plumbi.

475 1775 512 1807 A.
540 1774 629 1806 card.
657 1773 875 1817 prodatarius.

299 1837 365 1866 Visa
385 1837 418 1864 de
439 1837 525 1866 Curia
538 1847 546 1865 .-

623 1877 658 1910 N.
685 1879 908 1911 ANTONELLus.

626 1930 649 1963 l.
678 1931 712 1963 B.
740 1931 914 1964 Eucssuius.

510 2087 691 2121 ccxxxiv.

231 2167 270 2200 Ue
288 2171 430 2211 quatuor
447 2167 620 2200 dumtaxat
637 2167 840 2211 antiquiores
857 2167 974 2202 doctri-

272 2220 365 2253 narii
388 2231 443 2253 seu
467 2221 602 2264 parochi
625 2222 813 2265 provinciae
837 2221 892 2256 SS.
910 2221 974 2255 No-

274 2275 375 2308 minis
392 2275 466 2308 Iesu
483 2275 519 2307 in
534 2284 632 2317 reyno
649 2275 817 2308 Meaeicano
840 2275 974 2309 Ordinis

274 2330 417 2372 fratrum
428 2328 649 2362 Ermum-um
662 2329 768 2361 sancti
779 2329 974 2372 Auqusffim',

275 2381 424 2415 omnibus
441 2381 625 2426 privileyiis
643 2386 670 2414 et
687 2382 839 2422 indultis,
856 2383 975 2426 quibus

276 2435 341 2475 illi,
366 2435 425 2479 qui
447 2435 574 2478 priores
596 2435 814 2478 provinciales
838 2437 972 2479 proriu-

276 2488 345 2521 ciae
370 2492 398 2521 el
416 2487 551 2521 Ordinis
565 2487 810 2531 praedictorum
834 2489 976 2531 suerunt,

276 2542 438 2584 fruuntur
463 2545 491 2573 et
515 2540 668 2584 eandem,
687 2542 757 2583 frui
781 2546 810 2575 et
835 2542 978 2585 (madere

277 2594 422 2628 valeant,

1002 194 1048 219 xn
1073 195 1123 219 ιη».
1644 181 1709 216 387
1755 190 1805 217 An.
1827 189 1856 217 c,
1872 189 1942 218 1738

1212 243 1349 270 Clemens
1371 243 1451 276 Papa
1469 241 1533 274 ΧΠ,

1144 289 1180 315 ad
1202 289 1338 315 futuram
1361 289 1406 315 rei
1429 286 1616 314 memoriam.

1800 358 1881 378 Causae
1906 363 1941 378 no-

1047 351 1120 393 gi.
1148 351 1271 395 Exponi
1298 351 1394 384 nobis
1421 361 1525 394 nuper
1563 349 1637 382 fecit
1670 349 1748 381 dile·
1819 386 1823 404 1
1875 392 1879 394 ῃ
1924 385 1930 404 ¹

1003 411 1070 437 ctus
1097 404 1180 438 [ilius
1212 405 1350 438 Didacus
1376 404 1502 438 Salinas
1537 409 1568 436 et
1592 391 1943 441 Catii-em,11¹23¹2m¹flsst¹s¹¹52¹01

1759 441 1778 457 iti
1790 438 1896 459 t'iatrilius,
1907 443 1942 463 qui

1004 458 1154 491 assistens
1177 459 1339 501 generalis
1357 459 1584 502 Hispaniarum
1611 466 1647 489 ac
1671 466 1841 500 pro—uvxnso
1881 470 1893 489 v
1897 471 1944 484 ἀἀἀἀἀ

1759 492 1818 511 this<
1853 491 1943 512 adtinui-

1004 511 1124 544 vineiae
1150 512 1204 544 SS.
1232 512 1375 544 Nominis
1400 512 1469 545 Iesu
1496 512 1528 543 iu
1555 521 1658 553 regno
1684 509 1833 542 Me-›uann

981 574 983 585 ’
1005 565 1117 598 xieano
1134 564 1264 598 Ordinis
1283 566 1416 598 fratrum
1441 565 1654 598 Eremitarum
1681 573 1749 596 san-

1004 619 1045 651 cti
1065 619 1234 661 Augustini
1260 624 1460 662 procurator,
1480 619 1512 650 in
1538 619 1631 651 sacra
1656 617 1747 650 theo-

1004 672 1091 715 logia
1115 673 1282 715 magister,
1307 673 1415 715 quod,
1441 683 1513 705 cum
1551 682 1588 704 ex
1619 676 1748 714 septua-

1005 726 1094 768 ginta
1120 737 1173 758 sex
1201 726 1414 759 conventibus
1439 726 1471 758 in
1498 725 1581 758 dicta
1611 724 1744 768 provin-

1005 780 1053 812 cia
1079 779 1291 812 existentibus
1312 779 1476 822 sexaginta
1496 790 1549 812 sex
1570 778 1748 818 doctrinae,

1006 844 1061 866 seu
1083 833 1270 876 parochiae7
1289 844 1447 866 annexam
1466 832 1624 865 habentes
1650 842 1749 864 sacra-

1006 892 1188 919 mentorum
1225 886 1542 919 administrationem
1577 891 1609 918 et
1639 895 1749 918 curam

1007 940 1201 980 animarum,
1222 940 1255 972 in
1281 939 1416 973 totidem
1442 940 1541 972 ferme
1568 938 1750 971 numerosis

1009 994 1137 1037 populis
1170 993 1348 1027 christiano
1394 993 1604 1037 antiquorum
1646 991 1751 1024 dictae

1008 1047 1197 1091 provinciae
1224 1047 1357 1080 fratrum
1376 1047 1445 1079 zelo
1464 1047 1502 1080 ad
1521 1047 1619 1079 sidem
1645 1044 1753 1078 catho-

1008 1102 1103 1135 licam
1123 1099 1289 1133 conversis
1306 1100 1526 1143 reperiantur,
1542 1099 1660 1143 quibus
1676 1108 1752 1131 sane

1009 1153 1165 1187 doctrinis
1203 1164 1258 1186 seu
1294 1153 1458 1196 parochiis
1499 1153 1532 1185 in
1573 1151 1753 1185 ministerio

1008 1206 1213 1252 parochiali,
1238 1206 1372 1250 praevia
1407 1205 1564 1239 canonica
1589 1204 1753 1237 Ordinarii

1008 1260 1195 1301 collatione⁷
1211 1259 1317 1292 dictae
1343 1259 1531 1302 provinciae
1558 1258 1673 1290 fratres
1699 1256 1754 1290 mi-

1008 1313 1145 1347 nisterio
1171 1312 1358 1346 huiusmodi
1384 1312 1605 1356 parochorum
1629 1321 1751 1355 perpe-

1011 1373 1064 1401 tuo
1089 1366 1221 1407 addicti,
1250 1372 1280 1400 et
1305 1377 1372 1400 non
1397 1366 1468 1399 sine
1494 1365 1683 1408 ingentibus
1709 1366 1755 1398 la-

1009 1421 1145 1454 boribus
1171 1425 1203 1454 et
1227 1421 1317 1464 gravi
1343 1420 1551 1453 incommodo
1576 1419 1755 1452 inservien-

1011 1480 1069 1513 tes,
1089 1474 1175 1507 intra
1192 1473 1346 1507 Ordinem
1371 1479 1403 1507 et
1428 1473 1625 1517 provinciam
1646 1473 1755 1505 liuius-

1011 1528 1098 1560 modi
1125 1527 1338 1570 dignitatibus
1363 1532 1395 1560 et
1412 1527 1526 1560 officiis
1546 1526 1756 1570 principalio-

1012 1581 1110 1621 ribus,
1136 1591 1254 1624 nempe
1279 1581 1518 1624 magistrorum,
1535 1580 1755 1620 definitorum,

1011 1635 1212 1668 visitatorum
1256 1640 1286 1668 et
1338 1634 1485 1678 priorum
1539 1639 1758 1668 conventuum

1011 1689 1279 1732 praecipuorum,
1306 1688 1409 1721 orbati
1435 1699 1538 1732 usque
1565 1688 1662 1721 modo
1689 1688 1757 1720 sue-

1012 1747 1090 1775 runt
1123 1747 1155 1775 et
1179 1748 1273 1783 sunt;
1304 1752 1339 1774 ac
1371 1741 1509 1785 proinde
1535 1741 1640 1774 dictus
1665 1741 1759 1774 Dida-

1013 1806 1069 1828 cus
1093 1795 1246 1829 assistens
1265 1800 1296 1828 et
1314 1800 1516 1839 procurator,
1535 1806 1575 1828 ne
1603 1794 1757 1838 deinceps

1013 1850 1128 1883 fratres
1167 1849 1352 1882 huiusmodi
1401 1849 1564 1891 condigna
1607 1848 1757 1882 mercede

1013 1902 1128 1946 privati
1165 1908 1336 1943 maneant,
1365 1908 1396 1935 et
1420 1903 1513 1935 simul
1549 1902 1620 1935 aliis
1646 1902 1760 1935 incita-

1013 1961 1123 1989 mento
1149 1956 1214 1989 sint
1237 1961 1274 1988 ut:
1299 1956 1513 1999 apostolicum
1538 1966 1619 1989 onus
1642 1955 1760 1988 substi-

1014 2010 1120 2043 neudo
1152 2009 1289 2053 parochi
1320 2009 1536 2042 ministerium
1564 2009 1653 2042 obire
1678 2014 1761 2041 sata-

1015 2068 1099 2105 gant,
1126 2068 1157 2096 et
1183 2063 1299 2096 intuitu
1324 2062 1459 2106 praemii
1482 2062 1521 2095 ad
1539 2062 1620 2096 illud
1638 2063 1761 2106 amplc-

1016 2116 1171 2149 ctendum
1195 2116 1312 2149 fratres
1339 2116 1453 2148 fortius
1486 2115 1691 2158 alacriusque
1717 2115 1761 2147 al-

1016 2169 1180 2208 liciantur,
1207 2174 1347 2212 quatuor
1365 2169 1521 2201 dictarum
1541 2168 1760 2201 doctrinarum

1016 2233 1072 2255 seu
1091 2221 1347 2266 parochialium¹
1367 2221 1607 2265 antiquioribus
1629 2221 1762 2254 rectori-

1017 2276 1076 2309 bus
1103 2276 1211 2309 omnia
1247 2276 1338 2315 iura,
1369 2275 1559 2318 privilegia,
1587 2274 1706 2317 gratias
1732 2279 1763 2306 et

1019 2329 1243 2372 exemptiones
1277 2329 1383 2361 dictae
1409 2328 1593 2371 provinciae
1627 2337 1758 2370 cx-pro—

1017 2382 1212 2423 vincialium⁷
1231 2392 1349 2425 nempe
1368 2381 1612 2424 provincialium
1631 2380 1759 2412 absolu-

1020 2442 1138 2475 torum,
1159 2441 1194 2467 ut
1220 2435 1335 2467 iidem‘2
1357 2433 1577 2477 parisormitcr
1595 2432 1760 2475 potiantur

1020 2493 1052 2521 et
1088 2487 1250 2531 gaudeant
1283 2498 1319 2520 ac
1351 2486 1378 2518 si
1404 2485 1676 2528 ex-prorincialcs
1705 2495 1760 2528 po-

1058 2561 1067 2586 1
1091 2559 1192 2585 Forsan
1210 2558 1422 2593 parochiarum
1443 2559 1480 2589 (u.
1495 2557 1545 2587 τ.).

1055 2605 1071 2630 ⁹2
1092 2603 1192 2630 Forsan
1208 2603 1309 2630 iisdem
1326 2622 1332 2628 .
1347 2622 1353 2628 .
1368 2622 1374 2628 .
1391 2601 1496 2636 quibus
1511 2601 1578 2636 atti,
1593 2603 1645 2629 etc.
1663 2602 1697 2636 (a.
1712 2600 1762 2636 T.).
