2232 3178
246 241 294 266 An.
314 240 344 266 c.
363 239 430 267 1735
476 230 517 264 70

747 287 872 322 CLXIV.

440 367 556 400 Omnes
580 368 745 410 reyulares
769 367 868 399 eliam
901 365 1037 399 Ordinis
1064 365 1178 399 Cister-

482 421 597 453 ciensis
621 421 656 452 in
681 429 779 462 reyno
804 419 998 450 Lusitaniae
1032 422 1179 450 tenentur

481 475 647 506 ohservare
670 473 913 505 constitutiones
948 472 1099 514 Greyorii
1118 471 1182 504 XV

481 531 509 558 el
543 526 715 559 Clemenlis
744 526 774 558 X
813 526 900 558 circa
935 524 1178 567 parochialium

481 588 574 610 usum
599 582 627 610 et
651 581 929 610 sacramentorum
959 576 1175 609 administra--

483 634 611 663 taonem.

643 701 781 728 Clemens
802 701 882 734 Papa
902 701 966 731 x11.

577 746 613 772 ad
634 745 769 772 futuram
788 746 834 772 rei
854 745 1036 772 memoriam.

481 816 642 850 Admonet
673 826 731 849 nos
768 817 937 859 apostolici
962 816 1106 849 muneris
1131 826 1179 848 ra-

438 871 482 903 tio
519 870 557 902 ad
596 880 632 902 ea
668 870 753 902 serio
790 869 972 909 intendere,
999 880 1057 912 per
1095 879 1178 912 quae

439 923 572 966 provide
598 927 714 956 statuta
738 934 756 955 a
780 923 1089 966 praedecessoribus
1116 933 1175 955 no—

437 976 523 1017 stris,
549 977 744 1020 praesertim
776 977 815 1009 ad
851 976 1107 1009 ecclesiasticam
1134 976 1180 1008 di-

437 1029 608 1072 sciplinam
641 1030 791 1062 tuendam
817 1041 852 1062 ac
876 1040 991 1073 pacem
1028 1034 1060 1062 et
1093 1034 1179 1061 tran-

437 1083 632 1126 quillitatem
670 1083 753 1115 inter
787 1083 912 1116 villicos
947 1089 978 1115 et
1010 1082 1178 1125 operarios

437 1136 505 1178 agri
547 1136 700 1169 dominici
742 1136 932 1168 firmandam
973 1136 1175 1178 spectantia,

438 1189 668 1222 inviolabiliter
693 1188 917 1222 custodiantur
946 1193 1042 1231 atque
1068 1188 1180 1221 ohser-

437 1248 566 1275 ventur.

482 1295 554 1338 gl.
586 1295 710 1338 Exponi
749 1295 909 1338 siquidem
945 1295 1039 1328 nobis
1076 1304 1180 1338 nuper

439 1349 514 1382 fecit
538 1349 733 1383 venerabilis
758 1350 856 1382 frater
880 1349 1062 1392 patriarcha
1090 1348 1180 1392 Ulys-

438 1402 631 1445 siponensiS,
673 1402 760 1445 quod
801 1403 966 1444 regulares
1003 1411 1177 1444 regnorum

439 1455 656 1498 portugalliae
672 1455 942 1497 etAlgarbiorum
957 1454 1090 1487 diversis
1107 1460 1182 1487 tem-

439 1509 573 1551 poribus
598 1508 706 1541 adnixi
740 1508 860 1541 suerint
896 1518 966 1540 sese
1004 1507 1044 1541 ab
1070 1507 1181 1540 obser-

439 1562 566 1594 vatione
591 1561 833 1594 constitutionis
854 1560 957 1593 felicis
983 1560 1182 1594 recordatio-

439 1615 488 1647 nis
521 1614 668 1657 Gregorii
694 1614 799 1657 Papae
830 1614 880 1646 XV
918 1613 1182 1656 praedecessoris

439 1668 563 1708 nostri,
601 1677 683 1710 quae
721 1666 836 1710 incipit
870 1666 1087 1700 Inscratabilz'
1121 1666 1183 1699 Dei

437 1719 652 1763 providentia,
678 1719 860 1752 subducere
879 1730 914 1752 ac
940 1719 1090 1761 eximere,
1111 1719 1182 1753 freti

440 1774 634 1817 quibusdam
651 1774 684 1806 in
702 1774 800 1807 simili
819 1774 921 1807 forma
938 1774 1045 1806 Brevis
1063 1774 1181 1807 litteris

440 1827 634 1860 recolendae
670 1827 847 1860 memoriae
885 1826 1002 1859 Urbani
1032 1825 1090 1859 ΡΡ.
1117 1826 1181 1859 vul

440 1880 705 1923 praedecessoris
731 1880 828 1913 etiam
847 1881 960 1921 nostri,
979 1880 1030 1913 die
1048 1890 1083 1914 ni
1101 1891 1183 1913 mar-

442 1933 474 1966 tii
500 1943 625 1967 uncxxv
651 1933 819 1976 expeditis,
844 1933 966 1967 tenoris
992 1934 1046 1977 qui
1072 1934 1182 1977 sequi-

443 1993 502 2027 tur,
530 1986 703 2020 videlicet:

484 2040 609 2073 Dilecto
632 2040 702 2083 filio
727 2040 885 2084 magistro
922 2039 1041 2074 Ioanni
1065 2041 1182 2084 Bapti-

441 2098 508 2127 slae
531 2093 695 2127 Pallotcae
714 2094 748 2126 in
765 2095 904 2137 utruque
924 2094 1100 2137 siqnatura
1125 2104 1182 2127 no-

441 2147 509 2180 stra
533 2146 766 2189 referendario,
794 2147 920 2180 iuriam
945 2152 975 2181 et
999 2147 1179 2191 spoliorum

443 2201 597 2234 Gamerae
620 2204 749 2233 nostrae
773 2200 966 2243 apostolicae
1001 2201 1037 2233 in
1061 2201 1183 2235 Portu-

441 2253 564 2296 9alliae
581 2257 610 2286 et
623 2253 857 2296 Alqarbiorum
874 2254 983 2296 reqnis
1000 2254 1183 2287 debitorum

442 2305 604 2339 collectori
626 2306 786 2348 yencrali,
816 2306 966 2338 Urbanus
990 2306 1062 2339 ΡΡ.
1086 2307 1179 2340 VIII.

441 2359 563 2392 Dilecte
586 2358 649 2400 fili,
676 2358 812 2391 salutem
847 2363 876 2391 et
901 2358 1112 2401 apostolicam
1138 2360 1184 2392 be-

442 2411 668 2445 nediccionem.
689 2412 776 2445 Alias
793 2423 811 2445 a
829 2412 932 2445 felicis
948 2412 1183 2446 recordationis

443 2464 600 2507 Gregorio
625 2465 684 2498 ΡΡ.
710 2465 760 2498 XV
786 2465 1042 2508 praedecessore
1070 2471 1182 2498 nostro

445 2523 636 2550 emanarunt
659 2518 785 2551 litterae
805 2518 925 2551 tenoris
942 2518 1181 2561 subsequentis,

446 2571 619 2604 videlicet:

491 2625 665 2669 Greyorius
690 2625 855 2669 episcopus
886 2635 994 2659 servus
1019 2634 1184 2659 servorum

272 826 412 847 Prooemium.

263 1300 344 1320 Causae
361 1299 426 1320 seren·

245 1326 296 1356 :lau⁴
327 1330 427 1346 constitu·

246 1355 316 1374 tionis.

270 2630 381 2656 &regorius
397 2629 432 2653 XV

1020 237 1208 262 BULLARIUM
1232 237 1392 263 ROMANUM

1970 236 2019 262 An.
2036 236 2065 262 C.
2087 235 2154 263 ¹735

1219 287 1288 328 Dei,
1313 286 1356 319 ad
1376 291 1568 331 perpetuam
1592 288 1641 320 rei
1669 287 1872 320 memoriam.
1908 284 2106 318 III-observanda
2141 303 2154 318 a

1221 340 1384 373 scrutabili
1403 340 1458 373 Dei
1476 340 1677 383 providentia
1693 339 1883 373 universalis
1902 338 1959 371 Ec·
1969 324 2154 380 ξῗῖἑῗῖῗῗῖῗξξίἓζ

1221 394 1338 426 clesiae
1364 393 1512 436 regimini
1532 393 1653 426 meritis
1677 393 1752 426 licet
1777 392 1958 436 imparibus
1971 382 2157 450 {iizgeasffiiiiffiss

1939 444 1945 450 η
1986 436 2009 449 CC
2020 443 2023 448 ·
2067 436 2069 441 ’
2147 439 2156 444 -

1222 446 1453 489 praesidentes,
1480 446 1649 489 pastoralis
1681 451 1811 479 nostrae
1840 444 2062 478 solliei-mnnium
2098 461 2156 485 ⁰¹9⁰.-

1224 499 1343 532 tudinis
1360 504 1466 542 partes
1491 509 1559 531 esse
1586 498 1805 541 dignoscimus
1833 498 1863 530 in
1890 507 1960 530 eam
1971 481 2154 529 ‘i'flheutssi'9⁰¹¹¹¹

1222 563 1331 584 curam
1350 552 1526 595 praecipue
1551 551 1738 584 incumbere
1763 556 1798 583 ut
1817 561 1834 583 a
1855 550 1961 593 dignis

1222 610 1253 637 et
1277 605 1423 648 probatis
1448 609 1571 636 tantum
1601 603 1825 636 sacerdotibus
1851 607 1960 636 sancte

1224 657 1493 690 administrentur
1511 657 1733 690 ecelesiastica
1749 661 1959 695 sacramenta,

1223 716 1317 753 atque
1353 715 1388 743 ut
1423 710 1584 753 virginum
1616 710 1681 743 Deo
1707 720 1871 743 sacrarum
1896 719 1964 741 mo-

1223 764 1364 797 nasteria
1390 763 1639 807 diligentissime
1665 764 1905 803 custodiantur,
1931 767 1964 795 et

1223 817 1279 849 viri
1298 822 1503 850 assumantur
1520 817 1630 850 idonei
1653 817 1692 851 ad
1709 815 1962 861 praedicationis

1224 870 1364 903 officium
1402 870 1574 903 salubriter
1610 870 1852 914 exequendum.
1882 868 1963 902 Sane

1223 923 1431 956 Tridentinae
1445 923 1564 966 Synodi
1583 923 1721 956 decretis
1741 922 1876 966 provide
1894 931 1964 955 cau-

1225 982 1291 1008 tum
1323 982 1390 1016 est,
1427 977 1552 1009 nullum
1585 975 1832 1019 presbyterum,
1866 974 1962 1007 etiam

1224 1030 1424 1072 regularem,
1464 1039 1558 1072 posse
1592 1028 1815 1062 consessiones
1855 1037 1964 1060 saecu-

1223 1082 1338 1115 larium
1375 1083 1472 1116 etiam
1508 1082 1711 1115 sacerdotum
1748 1081 1870 1120 audire,
1902 1090 1965 1113 nec

1224 1136 1263 1168 ad
1296 1136 1328 1168 id
1363 1135 1516 1169 idonenm
1551 1134 1708 1178 reputari,
1735 1134 1796 1173 nisi
1831 1138 1885 1166 aut
1909 1144 1965 1176 pa-

1224 1189 1371 1222 rochiale
1399 1187 1593 1221 beneficium
1623 1187 1754 1227 habeat,
1782 1192 1837 1220 aut
1861 1187 1900 1219 ab
1926 1197 1962 1219 e-

1224 1242 1369 1285 piscopis
1394 1252 1452 1285 per
1477 1251 1622 1281 examen,
1650 1241 1675 1273 si
1709 1240 1772 1273 illis
1804 1239 1966 1273 videbitur

1224 1306 1294 1328 esse
1319 1294 1553 1335 necessarium,
1573 1299 1626 1326 aut
1650 1292 1729 1326 alias
1755 1292 1891 1326 idoneus
1915 1292 1964 1324 iu-

1225 1348 1359 1390 dicetur,
1386 1353 1417 1381 et
1441 1347 1722 1391 approbationem,
1756 1356 1838 1389 quae
1864 1345 1963 1388 gratis

1225 1401 1328 1442 detur,
1355 1401 1523 1441 obtineat·,
1549 1411 1677 1434 necnon
1703 1399 1786 1432 utin
1804 1403 1966 1432 monaste-

1225 1452 1280 1486 riis
1318 1464 1376 1486 scu
1413 1453 1562 1486 domibus
1598 1453 1741 1486 virorum
1772 1451 1966 1491 seumulie-

1226 1507 1428 1550 rum‚quibus
1446 1506 1593 1539 imminet
1609 1506 1789 1539 animarum
1805 1516 1880 1538 cura
1893 1515 1966 1549 per-

1224 1570 1378 1594 sonarum
1404 1559 1616 1593 saecularium
1649 1564 1780 1602 praeter
1805 1569 1857 1592 eas
1882 1568 1964 1602 quae

1225 1618 1300 1645 sunt
1323 1613 1363 1646 de
1389 1612 1518 1645 illorum
1538 1612 1808 1645 monasteriorum
1835 1621 1893 1644 seu
1917 1612 1966 1644 lo-

1225 1665 1356 1699 corum¹
1384 1665 1513 1706 familia,
1532 1675 1693 1709 personae
1715 1670 1776 1698 tam
1798 1665 1965 1707 regulares

1225 1730 1321 1764 quam
1347 1719 1531 1752 saeculares
1557 1718 1717 1752 eiusmodi
1739 1729 1850 1751 curam
1877 1728 1965 1751 exer-

1225 1779 1336 1806 centes
1372 1772 1498 1805 subsint
1533 1772 1730 1814 immediate,
1757 1772 1789 1804 in
1815 1772 1854 1805 iis
1883 1781 1966 1815 quac

1225 1827 1262 1860 ad
1289 1826 1407 1859 dictam
1431 1835 1541 1858 euram
1560 1831 1591 1858 et
1609 1830 1889 1858 sacramentorum
1910 1825 1966 1858 ad-

1224 1879 1499 1912 ministrationem
1526 1878 1707 1921 pertinent,
1733 1877 1964 1918 iurisdictioni,

1223 1932 1396 1966 visitationi
1434 1936 1466 1964 et
1501 1930 1696 1964 correctioni
1735 1930 1892 1974 episcopi,
1931 1930 1965 1962 in

1224 1985 1313 2019 cuius
1338 1984 1479 2019 dioecesi
1498 1989 1573 2017 sunt
1589 1984 1669 2025 si1a;
1687 1984 1828 2028 itemque
1846 1987 1883 2016 ut
1899 1984 1966 2026 epi-

1225 2038 1315 2082 scopi
1341 2037 1493 2078 universi,
1521 2038 1581 2070 sub
1615 2037 1834 2070 obtestatione
1866 2035 1965 2069 divini

1224 2091 1336 2126 iudicii
1375 2097 1407 2125 et
1437 2090 1702 2124 interminatione
1727 2089 1965 2124 maledictionis

1225 2150 1385 2185 aeternae,
1411 2145 1444 2177 in
1476 2143 1626 2177 omnibus
1660 2143 1869 2177 monasteriis
1902 2141 1965 2175 sibi

1225 2198 1381 2232 subiectis
1417 2197 1594 2238 ordinaria,
1619 2197 1652 2230 in
1677 2197 1747 2230 aliis
1771 2206 1847 2229 vero
1872 2195 1964 2229 Sedis

1225 2251 1429 2295 Apostolicae
1454 2250 1658 2290 auctoritate,
1685 2249 1869 2282 clausuram
1894 2258 1966 2281 san-

1226 2304 1474 2344 ctimonialium,
1503 2303 1558 2336 ubi
1595 2303 1713 2336 violata
1750 2302 1859 2342 suerit,
1893 2302 1966 2335 dili-

1226 2363 1342 2401 genter
1377 2356 1525 2397 restitui,
1559 2361 1592 2389 et
1625 2356 1681 2388 ubi
1716 2356 1872 2389 inviolata
1908 2359 1965 2395 est,

1227 2409 1412 2444 conservari
1449 2409 1587 2443 maxime
1612 2413 1815 2452 procurent;
1853 2407 1966 2441 inobe-

1227 2464 1354 2497 dientes
1391 2468 1490 2505 atque
1522 2461 1776 2496 contradictores
1808 2471 1867 2504 per
1891 2469 1966 2494 cen-

1227 2527 1317 2549 suras
1332 2515 1569 2549 ecclesiasticas
1583 2515 1726 2559 aliasque
1743 2523 1873 2558 poenaS,
1888 2523 1966 2556 qua-

1228 2580 1366 2613 cumque
1392 2569 1614 2613 appellatione
1639 2568 1814 2612 posposita,
1840 2576 1966 2611 compe-

1264 2635 1274 2660 1
1300 2633 1399 2662 Forsan
1419 2633 1570 2662 domorum
1589 2633 1629 2667 (u.
1651 2632 1699 2667 r.).
