2232 3178
923 182 1018 207 nvmzx
1043 181 1147 206 aarum
1694 168 1757 202 683

351 238 591 282 Algarbiorum‚
615 237 679 271 317
705 237 721 269 b
746 241 775 269 et
797 246 870 280 seq.;
895 235 1093 279 patriarchae
1119 234 1197 266 facta
1222 237 1362 277 potestas
1388 242 1486 265 novos
1511 231 1654 274 erigendi
1681 231 1806 264 canoni-

355 297 453 333 catus,
470 291 535 324 330
555 291 584 332 b3
603 300 697 334 super
714 288 896 323 huiusmodi
914 288 1148 321 canonicatibus
1166 291 1320 319 assertum
1344 285 1411 328 regi
1433 286 1677 329 iuspatronatus,
1694 283 1753 316 331
1776 284 1805 321 b;

350 345 444 377 huius
467 343 619 377 eeclesiae
644 342 803 377 canonicis
827 347 857 374 et
881 340 1087 383 dignitatibus
1112 340 1182 373 data
1207 341 1338 373 facultas
1364 339 1544 373 celebrandi
1573 350 1628 371 seu
1653 337 1806 371 celebrari

354 397 487 430 faciendi
509 396 659 440 quotidie,
678 396 770 429 etiam
794 405 851 438 per
876 394 986 426 horam
1012 399 1082 426 ante
1107 405 1255 428 auroram
1277 399 1306 427 ct
1331 398 1401 437 post
1423 392 1599 434 meridiem,
1616 402 1710 424 unam
1738 391 1809 423 mis-

353 461 419 484 sam
436 450 467 482 in
484 450 614 493 privatis
639 449 808 482 domorum
833 457 962 480 suarum
988 447 1136 480 oratoriis
1156 448 1186 479 in
1203 448 1249 480 sui
1270 457 1305 479 ac
1321 446 1457 479 familiae
1483 446 1670 489 praesentia,
1692 444 1757 490 3553
1774 444 1806 478 lt:

352 503 551 547 patriarchae
568 511 716 535 concessa
741 505 879 544 potestas
897 500 1091 533 reformandi
1109 500 1341 542 lmlendarium,
1360 505 1389 532 et
1411 498 1649 543 praescribendi
1676 498 1807 531 formam

352 555 471 590 servitii
495 554 676 599 praestandi
701 554 774 586 hnic
799 552 967 594 ecclcsiae,
992 553 1057 586 499
1082 554 1098 585 b
1124 560 1155 586 et
1180 565 1242 597 seq.

266 610 393 655 Equites
416 609 449 643 S.
471 608 595 642 Ioannis
619 606 905 651 Hierosolymitani.
929 625 973 630 —-
996 606 1064 645 Quo
1084 611 1176 650 paeto
1199 606 1379 650 peragenda
1411 606 1450 638 sit
1478 605 1619 640 smutitio
1649 614 1809 638 commen-

354 663 466 696 darum
492 662 523 695 in
547 662 608 695 hoe
636 660 775 705 equestri
799 659 910 693 ordine
941 660 1049 692 statuit
1080 670 1213 702 magnus
1244 660 1395 701 magister
1428 659 1631 703 Raymundus
1660 658 1808 702 Despuig‚

355 715 420 749 213
440 716 471 756 b;
490 715 521 748 id
538 714 706 749 confirmat
725 714 882 754 Pontifex,
900 712 964 746 215
981 724 999 746 ct
1017 718 1047 746 et
1064 713 1095 753 b;
1113 713 1204 746 datae
1220 712 1329 745 Ordini
1345 712 1419 745 huic
1435 712 1521 755 leges
1540 722 1598 755 pro
1615 711 1810 744 restituenda

354 768 581 804 consuetudine
607 767 748 800 armandi
773 777 867 799 naves
893 771 1002 799 contra
1026 766 1160 810 piratas,
1185 765 1248 799 389
1274 767 1290 798 l)
1315 772 1346 799 et
1369 776 1445 809 sem,
1472 766 1664 799 Graecorum
1691 776 1811 798 merces

356 822 481 866 quando
513 821 598 855 licite
630 820 847 865 praedandae,
878 819 943 854 390
970 830 1009 861 α;
1041 820 1200 864 quomodo
1233 819 1435 853 iudicandum
1460 830 1498 852 an
1523 819 1684 862 praedatio
1717 819 1811 851 suerit

356 875 511 918 legitima,
541 884 658 916 necne,
687 873 747 906 391
777 885 814 914 a3
842 884 954 906 causae
978 883 1041 906 non
1072 874 1257 907 excedentes
1283 873 1420 917 pretium
1446 876 1620 906 tercentum
1646 878 1809 905 scutorum

357 929 453 962 iudici
478 929 510 961 in
534 928 635 962 insula
660 927 813 960 Melitensi
837 926 1062 967 remittendae,
1088 926 1147 959 391
1178 927 1204 959 b.

266 982 395 1027 Equites
419 982 447 1015 S.
473 981 587 1014 Mariae
611 980 650 1014 de
674 981 821 1014 Montesa.
846 999 890 1003 -—
909 981 992 1013 Haec
1022 980 1133 1012 militia
1157 980 1286 1023 regibus
1311 979 1474 1013 catholicis
1507 979 1538 1011 in
1569 977 1812 1011 administratio—

356 1046 428 1069 nem
454 1040 485 1068 et
509 1034 654 1077 regimen
678 1034 765 1073 data,
791 1033 854 1068 557
881 1045 901 1067 α
926 1037 955 1066 et
979 1033 1008 1073 b;
1036 1033 1200 1077 Philippus
1225 1033 1247 1066 V
1273 1043 1341 1066 eam
1367 1032 1498 1066 consilio
1523 1032 1676 1066 Ordinum
1703 1031 1810 1072 univit,

357 1089 453 1128 ibid.;
480 1088 542 1121 hoc
566 1087 648 1120 idem
674 1087 893 1128 confirmatur,
919 1085 982 1119 558
1008 1086 1033 1119 Ι).

269 1142 427 1175 Eremitae
456 1141 485 1175 S.
513 1140 696 1184 Augustini,
717 1142 788 1174 vide
812 1139 1043 1183 Augustiniani.

269 1195 458 1229 Eustachius
483 1195 582 1228 Mauri
607 1195 815 1228 ratiocinator
837 1194 987 1228 Gamerae
1011 1193 1229 1236 Apostolicae,
1254 1193 1295 1226 47
1322 1204 1352 1226 α.

269 1249 407 1293 Expositi
432 1249 564 1282 infantes
588 1247 728 1292 quotidie
752 1246 1002 1280 numerosissimi
1027 1257 1064 1279 ex
1089 1246 1261 1290 provinciis
1285 1246 1390 1279 Status
1414 1245 1623 1278 Ecclesiastiei
1649 1250 1712 1278 tam
1731 1245 1813 1277 intra

358 1313 451 1347 quarn
476 1307 563 1335 extra
587 1302 764 1336 districtum
787 1302 889 1334 almae
913 1300 1006 1334 Urbis
1030 1300 1069 1333 ad
1093 1300 1337 1344 archiliospitale
1362 1299 1391 1332 S.
1410 1299 1546 1343 Spiritus
1571 1299 1609 1332 de
1634 1299 1717 1332 Urbe
1738 1298 1814 1331 affe-

357 1362 481 1399 runtur,
506 1355 570 1389 316
594 1355 628 1395 b;
654 1355 693 1388 ab
718 1356 905 1399 unaquaque
929 1353 1093 1398 provincia
1121 1353 1321 1387 statuendum
1346 1364 1414 1387 esse
1438 1354 1545 1387 locum
1571 1358 1601 1386 et
1626 1352 1753 1386 modum
1782 1358 1815 1385 ut

358 1409 380 1443 ii
405 1408 578 1453 respective
602 1409 737 1450 alantur,
762 1407 825 1442 317
851 1419 882 1442 α.

1032 1515 1055 1549 F

272 1622 431 1656 Fabritius
464 1622 495 1655 S.
522 1622 559 1655 R.
584 1622 618 1655 E.
644 1620 815 1655 cardinalis
852 1622 1015 1656 Paulutius
1048 1622 1218 1666 episcopus
1251 1621 1436 1655 Albanensis
1472 1620 1612 1654 officium
1644 1620 1812 1654 vicariatus

361 1676 456 1710 Urbis
481 1675 520 1708 ab
545 1676 729 1709 Innocentio
755 1676 820 1709 XIII
846 1675 996 1718 obtinuit,
1021 1676 1062 1709 97
1087 1687 1107 1709 a
1133 1681 1164 1709 et
1188 1677 1222 1717 b3
1250 1681 1344 1719 atque
1370 1676 1486 1709 iterum
1511 1685 1528 1707 a
1552 1674 1720 1707 Benedicto
1746 1674 1812 1707 XIII

361 1739 433 1763 cum
457 1728 677 1763 iurisdictione
702 1728 894 1763 cumulativa
919 1740 991 1763 cum
1015 1729 1085 1762 aliis
1111 1729 1268 1763 iudicibus
1295 1729 1465 1762 ordinariis
1491 1728 1601 1768 Urbis,
1628 1727 1692 1761 '100
1716 1739 1745 1760 ιι.

272 1782 426 1816 Familiae
450 1783 519 1816 Iesu
544 1783 659 1817 Christi
684 1783 855 1826 collegium
880 1783 1085 1816 alumnorum
1109 1782 1291 1816 Sinensium
1317 1788 1348 1816 et
1372 1782 1539 1822 Indorum,
1564 1782 1636 1815 vide
1667 1781 1813 1823 Collegia.

272 1835 489 1869 Ferdinandus
514 1836 610 1869 Maria
634 1836 672 1870 de
697 1835 814 1870 Ruheis
843 1836 967 1870 Ioannis
997 1836 1125 1869 Antonii
1150 1836 1318 1870 cardinalis
1343 1836 1507 1879 Guadagni
1532 1835 1640 1868 vicarii
1666 1834 1696 1867 in
1725 1834 1816 1878 spiri-

361 1890 498 1923 tualibus
524 1890 682 1933 generalis
706 1890 873 1924 Clementis
891 1890 948 1924 PP.
969 1890 1023 1923 XII
1048 1890 1282 1933 locumtenens,
1298 1889 1342 1923 94
1357 1890 1390 1930 b3
1416 1889 1586 1933 deputatur
1607 1889 1646 1922 ad
1667 1887 1816 1922 visitanda

361 1943 532 1976 tribunalia
557 1943 666 1985 Urbis,
690 1944 769 1977 ibid.

274 1996 361 2029 Fidei
386 1996 444 2040 (S.)
470 1996 728 2041 archiepiscopus
753 1997 783 2030 in
809 2007 909 2040 regno
934 1996 1139 2039 Granatensi,
1164 1996 1235 2030 vide
1259 1996 1290 2029 S.
1317 1995 1404 2029 Fidei
1430 1994 1699 2038 archiepiscopus.

273 2049 555 2084 Francs-Massons
585 2061 640 2084 seu
672 2051 780 2084 Liberi
803 2051 984 2092 Mur—acore,
1019 2049 1082 2083 366
1107 2060 1127 2083 α
1138 2061 1146 2092 3
1184 2049 1327 2094 ipsorum
1362 2048 1496 2083 societas
1533 2053 1563 2081 et
1599 2046 1817 2081 conventicula

363 2102 625 2145 condemnantur,
651 2104 726 2137 ibid.

275 2156 401 2191 Fratres
424 2156 456 2189 B.
482 2157 598 2190 Mariae
622 2157 660 2190 de
685 2158 828 2191 Mercede
853 2156 1084 2202 redemptionis
1109 2157 1326 2201 captivorum⁷
1351 2156 1424 2190 vide
1456 2154 1690 2199 Redemptionis
1716 2153 1819 2197 Capti-

364 2220 476 2243 vorum
502 2210 614 2244 sratres
639 2210 670 2244 B.
695 2211 733 2244 M.
759 2211 797 2244 de
821 2211 974 2244 Mercede.

275 2263 400 2297 Fratres
425 2263 582 2297 Ercmitne
606 2264 635 2297 S.
661 2265 846 2307 Augustini,
871 2266 943 2298 ride
967 2265 1197 2308 Augustiniani.

275 2316 401 2350 Fratres
425 2317 562 2350 Minores
587 2317 615 2351 S.
642 2317 811 2358 Francisci‚
836 2318 906 2352 vide
931 2318 1075 2352 Minores.

275 2368 402 2402 Fratres
427 2370 679 2411 praedicatores,
703 2372 774 2405 ride
798 2371 1045 2405 praedicatores.

276 2422 400 2456 Fratres
424 2423 453 2456 S.
479 2424 601 2457 Ioannis
626 2424 680 2457 Dei
706 2425 966 2468 Cougregationis
991 2425 1179 2468 Ilispaniae,
1203 2426 1274 2458 vide
1300 2424 1420 2457 Ioannis
1442 2424 1498 2467 (S.)
1521 2423 1574 2455 Dei
1597 2422 1815 2465 Congregatio.

276 2475 402 2509 Fratres
422 2476 475 2510 SS.
495 2477 655 2510 Trinitatis
672 2478 901 2523 redemptionis
921 2479 1139 2522 captivorum,
1160 2479 1231 2512 victe
1254 2478 1456 2522 Redeptionis
1483 2476 1684 2520 Captivorum
1706 2476 1818 2509 fratres

366 2529 417 2562 SS.
441 2529 612 2563 Trinitatis.

277 2580 405 2620 Fratres
428 2583 518 2619 Servi
541 2583 575 2619 B.
592 2585 631 2620 M.
652 2585 706 2628 V.‚
729 2586 799 2622 vide
823 2586 973 2622 Sei-vitae.
