2232 3178
34 234 83 262 An.
100 229 129 259 G.
144 228 212 258 ¹738

854 229 996 253 CLEMENS
1021 228 1065 254 XII
1089 229 1137 254 PP.

220 284 334 307 menses
356 276 451 306 facere
473 275 600 315 poterit,
624 280 652 306 et
674 280 743 307 tunc
766 276 963 308 celebrabitur

221 330 350 365 tempore
372 329 400 355 et
423 324 470 354 die
493 324 642 363 designato
666 325 701 355 ab
724 326 787 365 ipso
810 326 962 365 superiore
983 340 985 346 ¹

219 373 371 413 generali,
395 382 511 412 semper
541 377 621 403 extra
651 373 748 403 curias
771 374 936 413 principum
953 399 960 413 ,

219 423 248 453 in
272 422 357 452 domo
381 421 415 451 ad
434 421 591 451 arbitrium
616 422 755 461 praedicti
779 423 938 462 superioris
953 446 960 460 ,

220 470 350 501 consulto
364 474 461 500 tamen
480 470 646 500 definitorio
670 471 855 510 provinciali,
876 471 962 501 desti-

220 519 325 550 nanda.

259 576 289 597 n.
312 566 343 597 ln
367 575 553 606 quocumque
573 567 700 606 capitulo
717 567 890 607 provinciali
913 577 962 597 cu-

219 616 392 655 iuscumque
425 616 552 645 familiae
590 625 708 655 praeses
741 617 795 646 erit
827 617 962 656 superior

219 666 364 705 generalis
386 665 521 703 Ordinis,
545 665 568 695 si
600 665 726 695 adsuerit
758 666 833 695 intra
858 666 961 702 illam;

220 715 244 745 si
268 723 335 744 vero
357 718 440 744 extra
462 714 542 743 illam
575 714 682 751 suerit,
707 723 825 753 praeses
854 715 909 745 erit
932 715 960 744 in

221 763 312 792 altera
334 762 461 792 familiae
483 762 619 801 superior
642 763 788 800 generalis
811 763 901 793 illius.
927 764 962 793 At
984 773 985 779 ¹

219 812 244 841 si
268 811 401 851 superior
433 810 580 849 generalis
612 810 729 841 Ordinis
762 812 849 842 suerit
880 812 985 843 extra³

220 860 370 900 propriam
393 859 545 895 familiam,
569 868 690 898 praeses
712 860 768 890 erit
791 861 850 898 ille,
876 870 961 900 quem
984 859 986 872 ³

221 917 273 948 pro
289 912 419 947 tempore
434 916 502 936 suae
519 906 668 937 absentiae
685 907 807 946 elegerit
830 909 858 938 in
881 918 964 948 prae·
984 912 986 949 ξ
1009 910 1100 948 cialis,
1115 920 1216 940 omnes
1232 911 1401 940 definitores
1415 912 1593 950 provinciae,
1605 912 1661 941 duo
1678 912 1748 942 socii

220 957 313 987 sidem
336 956 425 986 totius
447 955 585 985 familiae.
614 956 642 985 Si
666 961 785 994 autem,
811 956 846 986 ob
870 957 963 987 iustas
985 951 986 956 ¹

221 1014 346 1043 causas,
370 1005 414 1034 vel
437 1004 503 1043 quia
526 1004 584 1033 duo
613 1004 739 1044 capitula
764 1005 864 1034 eodem
888 1015 963 1035 anno

222 1058 400 1084 concurrant
423 1053 452 1083 in
476 1053 636 1092 provinciis
665 1053 750 1092 longe
772 1054 849 1084 inter
871 1063 901 1084 se
924 1055 964 1084 di-

221 1102 379 1141 stantibus,
397 1102 531 1141 superior
554 1103 700 1140 generalis
722 1103 779 1132 nisi
802 1112 906 1141 magno
925 1103 965 1133 la·
985 1108 986 1112 ’

221 1152 292 1182 bore
314 1151 348 1181 ad
371 1151 489 1191 aliquod
523 1151 685 1190 capitulum
718 1161 893 1182 concurrere
916 1161 966 1182 ne-

222 1204 320 1241 queat,
338 1204 407 1230 tunc
424 1204 451 1229 et
466 1209 500 1229 eo
516 1209 584 1229 casu
598 1199 703 1238 poterit
716 1200 869 1237 designare
886 1209 965 1239 prae-

221 1249 313 1279 sidem
337 1258 387 1288 pro
410 1248 537 1288 capitulo
560 1247 752 1287 provinciali,
776 1248 859 1278 cuius
883 1258 966 1287 prae-

222 1298 376 1328 sidentiam
400 1307 452 1337 pro
488 1306 518 1327 se
554 1305 611 1326 non
648 1297 795 1335 selegerit.
832 1297 965 1327 Ceterum

222 1356 339 1386 semper
363 1346 510 1376 tenebitur
533 1345 641 1384 eligere
664 1346 826 1385 praesidem
846 1355 879 1375 ex
900 1355 965 1385 pro-

223 1397 333 1435 vincia,
357 1398 434 1427 intra
460 1405 546 1436 quam
571 1396 769 1426 celebrabitur
792 1397 966 1436 capitulum,

223 1451 252 1477 et
273 1447 341 1485 nisi,
359 1447 486 1476 instante
509 1445 673 1476 definitorio
696 1446 880 1484 provinciali,
899 1455 967 1475 con-

223 1495 411 1526 currentibus
424 1495 560 1525 omnibus
572 1495 719 1533 suffragiis
732 1499 847 1534 praeter
863 1504 965 1531 unum,

224 1555 281 1576 non
315 1545 421 1585 poterit
458 1544 612 1582 designare
647 1545 809 1583 praes'dem
840 1554 877 1574 ex
910 1544 967 1574 alia

224 1595 356 1626 eiusdem
380 1594 506 1624 familiae
530 1594 682 1634 provincia
704 1599 898 1633 assumptum.

264 1653 305 1674 ln.
324 1644 366 1674 Ad
382 1643 543 1683 capitulum
561 1643 741 1682 provinciale
754 1643 888 1682 superior
905 1652 969 1682 pro-

225 1693 360 1724 vincialis
376 1702 427 1732 per
443 1702 510 1723 suas
526 1693 639 1722 litteras
661 1696 800 1722 convocet
814 1692 968 1730 gremiales

225 1742 309 1773 iuxta
343 1741 566 1772 instructionem
603 1741 764 1780 superioris
799 1741 966 1779 generalis,

226 1791 277 1831 qui
295 1799 347 1830 per
369 1800 421 1820 sex
445 1799 560 1820 menses
583 1794 650 1820 ante
673 1790 832 1829 capitulum
857 1789 966 1819 tenebi-

227 1843 274 1870 tur
289 1839 332 1869 illi
355 1843 452 1869 notam
476 1839 572 1869 facere
595 1839 826 1877 designationem
850 1839 967 1875 domus,

228 1888 426 1928 temporisque
448 1891 477 1918 et
499 1888 569 1925 diei,
586 1891 617 1918 ut
632 1897 663 1917 ea
681 1887 777 1917 omnia
800 1887 968 1924 denunciet,

227 1937 257 1968 in
281 1937 387 1967 litteris
420 1937 632 1967 convocatoriis
664 1942 691 1967 et
725 1936 903 1974 vocatoriis,
928 1936 970 1965 eis

228 1986 278 2026 qui
302 1994 478 2016 concurrere
511 1984 618 2015 debent
647 1990 674 2015 et
707 1989 840 2025 possunt.
866 1985 903 2015 lle
925 1984 991 2014 his¹

229 2040 326 2065 autem
346 2035 561 2065 convocatoriis
583 2034 659 2064 idem
683 2035 864 2072 intelligatur
893 2034 969 2073 quod

229 2084 338 2114 dictum
355 2087 399 2113 est
415 2083 491 2113 circa
509 2083 669 2122 capitulum
687 2083 824 2121 generale
840 2083 968 2120 Ordinis,

230 2136 261 2162 ut
282 2141 382 2162 earum
416 2132 442 2162 vi
476 2132 631 2170 gremiales
660 2136 833 2171 reputentur
863 2132 968 2162 vocati.

229 2181 266 2211 At
290 2190 357 2210 vero
380 2181 414 2210 de
443 2181 501 2210 illis
533 2181 666 2220 superior
699 2181 887 2220 provincialis
909 2190 971 2211 cer-

231 2230 332 2261 tiorem
364 2230 450 2260 saciat
484 2231 648 2269 praesidem
681 2231 802 2269 capituli
831 2230 909 2261 illico
938 2240 970 2260 ac

231 2279 259 2309 in
283 2279 402 2309 domum
425 2279 615 2318 capitularem
638 2280 756 2310 accedat
781 2289 908 2319 praeses.

271 2337 309 2358 ιν.
334 2328 364 2358 ln
383 2328 510 2367 capitulo
533 2328 705 2368 provinciali
729 2329 902 2367 suffragium
922 2329 972 2359 ha-

233 2377 297 2407 beat
322 2382 385 2416 post
408 2377 570 2416 praesidem
594 2378 729 2416 superior
762 2378 948 2416 provincialis
963 2403 970 2417 ‚

233 2426 292 2456 duo
308 2426 478 2456 definitores
500 2427 652 2464 generales
668 2427 797 2456 actuales
812 2427 892 2456 illius
909 2437 973 2467 pro-

234 2475 357 2513 vinciae,
381 2475 550 2505 definitores
573 2475 785 2515 provinciales,
810 2476 865 2506 duo
888 2477 973 2507 mini-

233 2524 286 2554 stri
311 2524 405 2562 socii,
437 2524 604 2563 redemptor
636 2525 816 2564 captivorum
846 2530 875 2556 et
909 2535 973 2565 pro-

235 2577 352 2603 curator
374 2573 562 2612 provinciae:
587 2577 732 2609 ceterum,
760 2574 784 2604 si
814 2574 843 2604 in
874 2574 973 2614 aliqua

234 2621 386 2664 provincia,
407 2622 496 2652 suerit
518 2622 624 2661 aliquis
647 2626 820 2662 procurator
843 2623 971 2662 plurium

1007 278 1225 318 provinciarum
1255 279 1284 310 in
1317 279 1441 310 alicuius
1475 280 1617 320 principis
1639 280 1744 318 curia,

1006 327 1053 357 hic
1070 328 1241 367 suffragium
1261 329 1368 359 habere
1391 329 1475 359 debet
1490 330 1519 359 in
1535 330 1661 369 capitulo
1677 339 1746 360 suae

1007 377 1185 415 provinciae,
1203 377 1275 407 etin
1300 388 1332 408 eo
1349 388 1429 417 casu,
1448 378 1514 408 licet
1536 379 1573 409 sit
1592 379 1665 408 alius
1682 389 1748 418 par-

1007 426 1141 455 ticularis
1176 432 1348 465 procurator
1383 427 1572 466 provinciae,
1598 428 1643 458 bic
1674 428 1747 458 illud

1006 484 1064 504 non
1088 474 1202 505 habeat.
1228 476 1335 505 Deinde
1358 476 1527 514 suffragium
1552 476 1658 506 habere
1681 486 1745 516 pos-

1007 527 1086 561 sunt,
1105 525 1173 563 quin
1191 529 1331 563 cogantur
1350 525 1450 554 adesse
1473 525 1612 564 capitulo,
1630 525 1679 564 qui
1696 526 1748 555 ali-

1008 572 1124 611 quando
1147 573 1255 602 suerint
1287 574 1454 613 superiores
1477 574 1628 612 generales
1651 583 1689 603 ex
1712 575 1748 604 ea

1008 620 1159 659 provincia
1182 622 1335 660 assumpti,
1360 621 1404 650 vel
1428 622 1476 660 qui
1500 622 1609 651 suerint
1631 622 1748 661 provin-

1008 668 1096 697 ciales
1113 668 1203 698 illius.
1221 669 1282 698 Erit
1302 673 1396 698 tamen
1422 670 1474 698 bcc
1497 669 1653 699 discrimen
1671 670 1748 700 inter

1009 716 1144 754 vocales,
1169 717 1244 755 qnod
1269 717 1337 755 (nisi
1361 717 1471 746 detenti
1497 717 1604 747 suerint
1626 718 1748 747 infirmi-

1008 768 1065 794 tate
1085 764 1129 793 vel
1146 764 1308 794 inevitabili
1330 765 1550 804 impedimento)
1573 775 1748 796 concurrere

1008 813 1126 851 debent,
1147 813 1200 843 sub
1223 816 1317 853 poena
1340 814 1512 854 privationis
1535 815 1613 844 vocis
1636 816 1748 845 activae

1008 867 1035 891 et
1059 862 1190 900 passivae
1213 862 1242 891 in
1260 867 1444 902 perpetuum,
1474 863 1608 902 superior
1631 864 1750 902 provin-

1009 959 1107 997 primi,
1131 959 1300 998 redemptor
1322 960 1503 999 captivorum
1522 965 1549 990 et
1566 965 1746 1000 procurator.

1008 1007 1101 1037 Ceteri
1115 1011 1210 1037 autem
1229 1008 1319 1038 libere
1335 1013 1456 1047 possunt
1470 1009 1570 1038 adesse
1587 1009 1631 1039 vel
1649 1009 1750 1040 abesse

1008 1065 1060 1085 suo
1083 1057 1211 1095 capitulo
1234 1057 1417 1096 provinciali.
1442 1057 1482 1086 Ac
1506 1057 1622 1087 demum
1645 1058 1679 1087 ad
1703 1067 1749 1087 ca-

1009 1104 1133 1143 pitulum
1166 1109 1194 1135 et
1226 1109 1307 1134 extra
1333 1105 1450 1135 domum
1483 1105 1673 1144 capitularem
1696 1105 1750 1135 sub

1010 1153 1159 1192 praedicta
1177 1155 1269 1192 poena
1293 1153 1466 1193 privationis
1489 1155 1627 1184 accedere
1651 1159 1751 1184 tenen-

1010 1205 1057 1230 tur
1079 1201 1135 1230 duo
1158 1202 1226 1231 socii
1250 1202 1278 1231 in
1302 1202 1458 1232 defectum.

1051 1258 1076 1279 v.
1102 1249 1132 1279 ln
1156 1251 1223 1279 aula
1246 1251 1401 1290 capitulari
1424 1256 1452 1280 et
1474 1255 1553 1280 extra
1578 1251 1656 1281 illam
1681 1255 1752 1281 tem-

1011 1307 1079 1338 pore
1101 1299 1222 1338 capituli
1245 1299 1377 1338 sedeant,
1395 1300 1571 1339 praecedant
1593 1305 1620 1330 et
1644 1301 1754 1340 praesi-

1009 1348 1096 1378 deant
1119 1348 1296 1387 capitulares
1315 1349 1416 1378 ordine
1439 1359 1496 1388 quo
1512 1349 1655 1379 nominati
1672 1354 1750 1388 sunt,

1011 1402 1041 1426 ut
1063 1397 1173 1426 dictum
1190 1402 1232 1427 est
1251 1397 1287 1427 de
1309 1397 1437 1437 capitulo
1461 1398 1590 1436 generali
1614 1398 1754 1428 interme-

1009 1447 1068 1484 dio,
1085 1447 1124 1476 ita
1149 1451 1257 1485 tamen,
1275 1452 1317 1485 ut,
1336 1447 1385 1486 qui
1402 1447 1510 1477 suerint
1530 1447 1687 1478 voluntarii
1704 1457 1752 1478 vo-

1010 1497 1098 1534 cales,
1123 1500 1150 1526 et
1173 1496 1329 1535 aliquando
1352 1496 1461 1526 fuerint
1483 1496 1651 1536 superiores
1667 1506 1753 1535 gene-

1012 1545 1087 1574 rales
1102 1568 1109 1582 ,
1141 1550 1254 1575 ceteros
1278 1545 1457 1575 voluntarios
1481 1545 1677 1584 praecedant,
1701 1556 1752 1576 ex-

1011 1593 1103 1633 ceptis
1126 1594 1331 1624 definitoribus
1359 1594 1545 1632 generalibus
1567 1594 1751 1633 actualibus,

1012 1643 1061 1682 qui
1078 1652 1194 1682 semper
1210 1647 1297 1673 erunt
1317 1643 1482 1673 immediate
1500 1647 1563 1682 post
1577 1644 1751 1682 praesidem,

1011 1691 1115 1721 deinde
1152 1692 1201 1731 qui
1238 1692 1347 1721 suerint
1389 1692 1547 1731 aliquando
1583 1693 1753 1723 definitores

1012 1741 1164 1779 generales
1188 1751 1239 1781 pro
1262 1742 1313 1771 ill-<t
1336 1742 1504 1781 provincia,
1529 1742 1583 1772 etsi
1606 1747 1673 1772 actu
1696 1752 1754 1773 non

1012 1790 1091 1827 sint,
1116 1789 1289 1829 praecedant
1311 1799 1359 1820 eos
1388 1791 1437 1830 qui
1461 1791 1569 1820 suerint
1592 1791 1755 1830 provincia-

1013 1839 1053 1868 les
1076 1839 1167 1868 illins.

1052 1897 1091 1917 vi.
1125 1888 1305 1927 Capitulares
1342 1888 1436 1918 solum
1471 1888 1584 1926 ingredi
1617 1893 1755 1928 poterunt

1013 1937 1130 1966 domum
1154 1937 1343 1975 capitularem
1368 1937 1438 1966 seria
1462 1945 1477 1965 v
1496 1937 1667 1967 immediata
1689 1942 1755 1967 ante

1013 1985 1239 2015 celebrationem
1264 1985 1395 2025 capituli.
1420 1986 1510 2015 Antea
1528 1995 1595 2015 vero
1615 1995 1666 2024 per
1681 1986 1754 2016 duos

1015 2043 1129 2064 menses
1152 2034 1361 2064 antecedentes
1384 2034 1500 2072 ingredi
1524 2043 1582 2063 non
1606 2039 1754 2074 poterunt,

1014 2083 1069 2113 nisi
1087 2093 1215 2122 praeses,
1233 2087 1262 2113 ct
1277 2083 1476 2113 dessnitorium
1494 2083 1673 2121 provinciale
1690 2093 1755 2114 cum

1015 2132 1198 2171 provinciali,
1213 2133 1354 2171 exceptis¹
1368 2132 1457 2170 socio,
1472 2133 1495 2161 si
1510 2132 1645 2162 minister
1656 2132 1754 2171 suerit,

1015 2181 1122 2211 vocalis
1146 2181 1193 2211 ille
1217 2181 1267 2220 qui
1291 2186 1357 2211 ante
1387 2190 1496 2210 annum
1530 2181 1633 2210 babeat
1656 2181 1686 2211 in
1709 2183 1755 2211 ea-

1014 2231 1079 2260 dem
1103 2231 1189 2260 (lomo
1206 2239 1286 2259 suam
1304 2230 1345 2259 illi
1363 2230 1543 2268 designatam
1568 2230 1755 2260 residentiam

1015 2280 1195 2310 continuam.
1221 2280 1376 2309 Hortamur
1410 2283 1506 2309 tamen
1537 2284 1633 2319 patres
1655 2280 1757 2309 defini-

1016 2333 1093 2359 tores
1115 2329 1265 2367 generales
1299 2328 1426 2358 actuales
1444 2352 1451 2366 ,
1475 2328 1523 2368 qui
1559 2338 1614 2358 non
1647 2329 1757 2359 suerint

1016 2378 1068 2408 filii
1093 2378 1273 2417 provinciae,
1291 2383 1321 2407 ut
1345 2382 1474 2416 tempore
1499 2378 1616 2416 capituli
1642 2379 1756 2417 provin-

1016 2427 1097 2458 cialis
1114 2432 1193 2457 extra
1217 2428 1334 2457 domum
1354 2427 1544 2466 capitularem
1562 2428 1590 2457 in
1607 2427 1663 2456 alio
1680 2437 1757 2457 com-

1017 2481 1168 2506 morentur
1191 2480 1336 2506 convcntu
1355 2498 1362 2512 ,
1387 2476 1442 2505 nisi
1466 2475 1571 2505 actuali
1595 2475 1758 2515 impedian-

1018 2531 1064 2556 tur
1086 2525 1268 2555 infirmitate.

1057 2582 1105 2604 vn.
1129 2573 1204 2603 Socii
1227 2583 1295 2602 vero
1318 2572 1449 2609 secundi,
1473 2572 1495 2602 si
1519 2572 1612 2602 vocati
1636 2573 1755 2612 suerint,

1054 2630 1063 2655 t
1087 2627 1218 2654 Emendet
1240 2626 1279 2654 vel
1299 2626 1432 2661 intelligat
1451 2626 1496 2662 qui
1517 2628 1605 2662 potest
1626 2628 1664 2662 (n.
1682 2628 1730 2662 Τ.).

1637 221 1701 256 455
1747 230 1800 259 An.
1823 229 1851 258 c.
1870 229 1937 257 1738
