2232 3178
297 179 346 205 Λη.
365 178 393 205 c.
417 179 484 206 1740
529 171 593 204 600

337 502 476 523 otniautihus

293 529 389 554 dvi-ngat.

486 230 604 262 cultate
629 235 659 262 et
680 230 883 270 anctoritate,
903 229 1037 261 iudicari
1052 234 1083 261 et
1097 228 1224 262 definiri

487 282 631 322 debere,
658 292 693 315 ac
729 282 853 314 irritum
880 287 911 314 et
936 282 1032 314 inane
1072 282 1098 313 si
1134 291 1225 314 secus

487 345 586 378 super
623 335 672 367 his
698 346 714 366 a
741 345 914 377 quoquam,
942 335 1052 378 quavis
1088 334 1225 367 auctori-

488 393 550 420 tate
567 416 574 428 ,
602 389 745 420 scienter
769 387 817 420 vel
836 387 1036 430 ignoranter,
1054 386 1225 430 contigerit

488 441 647 473 attentari.

531 494 544 537 ξ
571 493 622 526 15.
651 493 718 526 Non
744 493 946 526 obstantibus
972 493 1167 536 praemissis,
1197 504 1225 525 a-

488 547 606 589 liisque
632 546 837 589 apostolicis,
861 558 898 579 ae
924 546 957 578 in
983 546 1224 579 universalibus

488 599 808 642 provincialibusque
835 604 866 632 et
891 598 1099 642 synodalibus
1122 598 1225 631 conei-

488 653 538 685 liis
564 652 676 692 editis,
700 653 908 694 generalibus
935 653 983 685 vel
1009 651 1222 694 specialibus,

487 705 774 738 constitutionibus
801 711 832 738 et
857 705 1130 745 ordinationibus,
1156 714 1223 736 nec·

487 769 572 798 non,
607 758 702 791 etiam
740 758 938 798 iuramento,
977 757 1223 791 confirmatione

487 811 665 854 apostolica
692 812 739 844 vel
766 812 874 854 quavis
901 810 1053 844 firmitate
1087 810 1147 843 alia
1177 821 1224 842 ro·

486 864 628 905 boratis,
654 864 798 905 statutis,
825 864 932 908 stylis,
959 864 1071 896 usibus
1097 868 1129 896 et
1154 874 1223 896 con

487 917 731 959 suetudinibus,
768 918 863 951 etiam
900 917 1225 955 immemorabilibus,

486 983 522 1005 ac
547 982 826 1015 quorumcumque
852 971 1139 1015 praedecessorum
1172 980 1224 1002 no·

486 1031 624 1058 strorum
650 1025 766 1058 litteris
782 1052 790 1067 ,
817 1024 1017 1068 pr1vilegiis‚
1043 1023 1176 1057 indultis
1195 1029 1226 1055 et

488 1078 701 1118 facultatibus,
729 1077 896 1121 quibusvis
922 1069 1018 1110 etiam
1044 1076 1137 1109 dietis
1163 1086 1227 1108 car—

487 1131 649 1164 dinalibus
686 1141 861 1173 eorumque
893 1129 1224 1172 Congregationibus,

487 1184 546 1216 sub
571 1184 829 1227 quibuscumque
855 1183 1026 1217 verborum
1059 1181 1225 1215 tenoribus

488 1243 520 1271 et
546 1237 675 1277 formis,
701 1248 738 1270 ac
762 1247 832 1270 cum
858 1236 1025 1281 quibusvis
1050 1235 1145 1269 etiam
1178 1235 1227 1267 dc·

488 1291 726 1334 rogatoriarum
751 1290 966 1334 derogatoriis
984 1317 991 1330 ‚
1017 1289 1154 1332 aliisque
1186 1289 1228 1321 es-

487 1344 716 1385 sieacioribus,
755 1342 985 1377 efficacissimis
1021 1347 1052 1375 et
1083 1341 1227 1374 insolitis

489 1398 700 1438 clausulis,ac
717 1397 918 1430 irritantibus
939 1401 970 1429 et
987 1395 1057 1429 aliis
1076 1395 1226 1435 decretis,

490 1452 586 1485 etiam
618 1456 727 1491 motu,
752 1450 887 1484 scientia
911 1455 943 1483 et
966 1449 1135 1493 potestatis
1163 1450 1228 1492 ple-

490 1505 636 1538 nitudine
677 1504 852 1543 similibus,
890 1503 987 1536 etiam
1019 1501 1227 1536 consistoria-

490 1559 575 1598 liter,
597 1559 647 1591 vel
673 1557 750 1591 alias
775 1557 1023 1600 quomodolibet
1048 1556 1080 1589 in
1105 1561 1227 1589 eontra-

489 1612 570 1644 rium
584 1610 834 1655 praemissorum
848 1610 1019 1649 concessis,
1032 1608 1226 1642 confirmatis

490 1670 521 1698 et
535 1664 710 1704 innovatis,
730 1664 848 1707 quibus
867 1663 1019 1696 omnibus
1038 1668 1069 1695 et
1082 1662 1226 1705 singulis,

490 1717 615 1751 etiarnsi
641 1727 700 1760 pro
725 1717 858 1750 illorum
883 1716 1055 1749 sufficienti
1092 1716 1227 1758 deroga-

491 1771 576 1804 tione
602 1770 641 1803 de
666 1769 729 1803 illis
755 1780 932 1813 eorumque
959 1769 1033 1802 totis
1061 1769 1227 1802 tenoribus

489 1824 650 1868 specialis,
677 1823 847 1867 spec-ilica,
873 1833 1024 1866 expressa
1052 1827 1084 1855 et
1115 1821 1228 1855 indivi-

490 1879 560 1918 dua,
586 1888 621 1910 ac
640 1878 678 1911 de
700 1878 798 1910 verbo
823 1877 861 1909 ad
877 1877 1021 1917 verbum,
1038 1886 1103 1910 non
1121 1882 1226 1909 autem

490 1942 549 1975 per
574 1932 734 1964 clausulas
760 1931 928 1973 generales
946 1930 1033 1963 idem
1052 1930 1228 1973 importan-

492 1991 559 2025 tes,
586 1984 707 2018 mentio
733 1994 790 2018 seu
815 1984 945 2027 quaevis
976 1982 1039 2016 alia
1063 1983 1228 2026 expressio

490 2039 640 2072 habenda
665 2042 719 2070 aut
742 2038 849 2081 aliqua
867 2037 929 2070 alia
950 2035 1109 2079 exquisita
1126 2036 1229 2069 forma

491 2093 530 2125 ad
555 2092 617 2125 hoc
641 2092 797 2124 servanda
828 2091 931 2132 soret,
961 2094 1089 2124 tenores
1121 2089 1229 2122 huius-

491 2145 595 2184 modi,
616 2155 652 2177 ac
673 2144 699 2177 si
721 2144 759 2177 de
787 2144 885 2177 verbo
911 2144 950 2176 ad
976 2143 1124 2183 verbum,
1145 2142 1228 2176 nihil

492 2198 623 2241 penitus
644 2198 764 2231 omisso
785 2202 817 2230 et
838 2197 942 2230 forma
965 2197 998 2230 in
1023 2196 1088 2229 illis
1113 2195 1228 2229 tradita

492 2251 677 2292 observata,
700 2251 959 2294 exprimerentur
987 2255 1019 2282 et
1049 2249 1229 2282 insereren-

493 2311 553 2347 tur,
585 2304 811 2348 praesentibus
845 2314 904 2347 pro
940 2305 1036 2347 plene
1073 2308 1105 2337 et
1140 2302 1227 2335 suffi-

492 2359 617 2391 cienter
645 2357 803 2401 expressis
835 2362 866 2390 et
895 2356 1023 2390 insertis
1051 2356 1226 2396 habentes,

492 2411 555 2444 illis
577 2411 656 2444 alias
677 2411 708 2443 in
729 2421 788 2444 suo
803 2411 921 2444 robore
939 2410 1168 2454 permansuris
1188 2410 1228 2443 ad

491 2465 746 2509 praemissorum
776 2463 922 2497 effectum
937 2492 944 2503 ,
968 2464 1029 2497 hac
1050 2463 1117 2497 vice
1143 2465 1228 2497 dum·

493 2523 585 2559 taxat,
601 2517 788 2561 specialiter
805 2522 836 2550 et
847 2527 1000 2560 expresse
1015 2517 1227 2560 derogamus3

492 2571 675 2615 ceterisque
696 2570 863 2604 contrariis
885 2570 1153 2615 quibuscumque.

1069 181 1248 206 BULLARIUM
1273 181 1426 206 ROMANUM

2216 131 2232 143 i,

2214 145 2232 162 l:

2011 183 2061 210 An.
2079 183 2107 212 c.
2131 186 2196 215 1740
2213 163 2232 222 ³¹]

1312 229 1326 272 Ξ
1351 229 1404 261 16.
1425 229 1578 262 Volumus
1599 235 1715 270 autem,
1736 235 1779 271 ut,
1794 231 1892 275 lapsis
1908 231 2006 274 vigin-
2080 245 2195 275 mmmm„
2218 258 2232 270 η.

1269 281 1292 313 ti
1318 282 1461 325 quinque
1487 282 1602 315 diebus
1628 288 1799 327 postquam
1818 272 2124 327 praesentesffifiississ
2149 276 2197 322 coifi
2218 281 2232 314 ἶ,

2017 326 2132 345 stitutionis
2162 327 2196 349 ob.
2217 320 2219 354 l

1268 334 1397 367 litterae
1411 345 1470 378 per
1483 334 1661 367 dominium
1691 340 1723 368 et
1754 336 1894 369 ditiones
1922 346 2144 379 prae-servantiam
2168 353 2219 375 in-=

1270 387 1348 419 satas
1368 398 1428 430 per
1451 387 1639 420 Ordinarios
1659 388 1806 420 locorum
1824 376 2142 431 publicatae¹¹⁰⁰⁸¹¹⁶³¹¹¹'
2219 389 2220 423 i

1270 440 1401 479 suerint,
1427 450 1538 473 omnes
1563 445 1596 472 et
1620 440 1764 483 singulos
1803 441 1835 473 in
1867 441 2008 474 dominio
2219 458 2220 492 ᾗ

1269 498 1299 524 et
1324 492 1503 525 ditionibus
1529 493 1705 536 praedictis
1721 493 1904 526 'existentes
1937 503 2009 537 per·
2219 496 2221 548 l

1269 545 1345 578 inde
1363 551 1500 586 aretem,
1520 556 1555 578 ac
1573 547 1597 578 si
1620 547 1796 590 unicuique
1812 557 1922 580 eorum
1937 557 2007 590 per-
2220 552 2221 579 i

1269 599 1425 632 sonaliter
1461 609 1496 631 ac
1520 600 1711 632 nominatim
1738 599 1900 633 intimatae
1933 600 2010 633 suis-
2220 590 2221 594 Ἰ

1268 658 1357 692 sent;
1384 656 1482 694 utque
1508 652 1650 694 ipsarum
1678 653 1899 695 praesentium
1924 653 2009 686 litte-

1268 715 1375 737 rarum
1402 705 1621 748 transumptis,
1642 715 1697 738 seu
1714 706 1884 748 exemptis,
1912 705 2008 738 etiarn

1268 757 1435 800 impressis
1448 785 1455 798 ‚
1475 768 1570 790 manu
1589 758 1725 791 alicuius
1744 758 1863 791 notarii
1885 758 2007 801 publici

1269 810 1469 853 subscriptis,
1488 815 1519 843 et
1539 811 1644 852 sigillo
1670 821 1832 854 personae
1851 810 1882 843 in
1902 812 2005 844 eccle·
2222 815 2224 828 ¹

1267 863 1400 896 siastica
1433 863 1588 906 dignitate
1621 864 1816 897 constitutae
1854 864 2005 903 munitis,

1267 916 1380 949 eadem
1407 926 1540 958 prorsus
1567 916 1644 949 fides
1661 918 1694 949 in
1720 916 1841 949 iudicio
1867 921 1900 949 et
1918 921 2008 950 extra

1268 969 1347 1002 illud
1365 969 1484 1012 ubique
1503 969 1708 1009 adhiheatur,
1724 980 1807 1012 quae
1820 970 1900 1012 ipsis
1915 979 2009 1012 prae—

1269 1023 1416 1055 sentibus
1432 1023 1646 1056 adhiberetur
1663 1023 1687 1055 si
1713 1022 1820 1055 forent
1844 1022 2008 1056 exhibitae

1269 1077 1318 1108 vel
1345 1081 1511 1108 ostensae.
2226 1093 2227 1135 i

1314 1129 1427 1161 Datum
1453 1128 1591 1168 Romae,
1617 1129 1702 1172 apud
1733 1128 1764 1161 S.
1793 1128 1924 1162 Mariam
1948 1128 2010 1161 Ma-
2225 1139 2227 1175 ἦ

1270 1181 1398 1221 iorem,
1426 1182 1485 1214 suh
1511 1182 1630 1214 annulo
1656 1181 1826 1215 piscatoris
1844 1208 1852 1222 ‚
1880 1181 1931 1214 die
1955 1192 2009 1215 xiv

1270 1233 1408 1267 ianuarii
1434 1243 1578 1273 nocem,
1604 1234 1814 1278 pontificatus
1840 1234 1941 1268 nostri
1958 1245 2010 1267 an·
2228 1276 2229 1311 1

1271 1300 1312 1322 no
1338 1300 1368 1322 x.

2056 665 2198 695 ‘transumptis
2217 668 2232 715 p

2019 692 2081 713 sidem
2095 693 2161 715 addit.
2222 718 2224 752 J

1305 1350 1364 1378 Dat.
1385 1350 1428 1378 die
1450 1350 1481 1377 tt
1501 1349 1617 1376 ianuarii
1639 1349 1723 1384 1740,
1745 1349 1843 1385 pontis.
1865 1357 1937 1377 anno
1957 1358 1983 1377 x.

1562 1496 1714 1530 CCLXXI.

1270 1584 1351 1627 Reqz'
1370 1583 1647 1616 christianissimo
1671 1583 1804 1627 eiusque
1823 1584 2011 1617 successori-

1314 1637 1369 1670 bus
1393 1636 1580 1669 conceditur
1611 1635 1780 1669 indultum
1815 1636 2012 1669 nominandi

1314 1691 1357 1723 acl
1388 1690 1540 1732 beneficia
1567 1690 1603 1722 in
1634 1689 1815 1722 ditionibus
1838 1689 2012 1722 Lotharin-

1313 1744 1388 1787 yiae
1417 1747 1446 1776 et
1473 1742 1568 1776 Bari.

1483 1824 1618 1851 Clemens
1638 1823 1719 1857 Papa
1737 1823 1801 1856 ΧΠ,

1272 1877 1427 1906 carissimo
1450 1876 1482 1904 in
1508 1876 1627 1905 christo
1651 1876 1713 1904 filio
1733 1879 1837 1904 nostro
1862 1876 2011 1904 Ludovieo

1305 1923 1485 1950 Francorum
1503 1921 1566 1955 regi
1586 1921 1859 1952 ohsistianissimo‚
1880 1922 2011 1949 salutem

1305 1967 1504 2001 apostolicam
1522 1966 1772 1994 benedictionem.

1315 2038 1330 2081 ἓ
1354 2038 1385 2071 l.
1413 2037 1499 2070 Alias
1524 2036 1656 2080 quidem
1682 2036 1785 2070 felicis
1810 2036 2199 2092 FssCOPdflssO·,ffiussssssgcffl

1271 2092 1321 2125 nis
1357 2091 1541 2124 Alexander
1572 2091 1657 2133 Papa
1693 2090 1742 2122 vll
1778 2089 2190 2140 praedecessoronominationom

2035 2122 2125 2142 ancessit
2133 2122 2158 2143 ad
2166 2127 2198 2143 θο-

1272 2149 1392 2185 noster,
1415 2145 1456 2177 ob
1482 2143 1597 2177 eximia
1622 2145 1727 2176 clarae
1745 2144 1922 2177 memoriae
1944 2144 2199 2197 Lu-ffigffafflfgffioerg

1272 2198 1387 2238 dovici,
1412 2199 1488 2231 dum
1512 2197 1599 2237 vixit,
1612 2197 1809 2230 Francorum
1826 2198 1913 2241 regis
1927 2198 2065 2251 Chri·{gm
2087 2202 2198 2224 virdunen·

1272 2250 1473 2291 stianissimi,
1501 2251 1550 2283 avi
1576 2250 1754 2284 maiestatis
1779 2255 1863 2291 tuae,
1884 2251 1917 2284 in
1941 2261 2011 2285 rem
2067 2243 2073 2250 ⁰

1271 2304 1465 2338 catholicam
1490 2303 1623 2345 merita,
1651 2303 1757 2337 eidem
1782 2304 1945 2338 Ludovieo
1962 2314 2012 2338 re-

1272 2359 1319 2402 gi,
1346 2358 1454 2401 quoad
1479 2357 1625 2397 vixisset,
1651 2357 1701 2390 ius
1735 2357 1797 2400 ipsi
1830 2357 2011 2391 Alexandro

1272 2411 1517 2456 praedecessori
1544 2416 1576 2444 et
1599 2421 1659 2454 pro
1693 2416 1837 2455 tempore
1872 2410 2012 2445 existen-

1273 2465 1360 2499 tibus
1385 2465 1540 2498 Romanis
1561 2464 1771 2499 Pontificibus
1795 2464 1861 2498 suis
1885 2475 2011 2498 succes-

1272 2518 1400 2552 soribus
1436 2517 1628 2551 nominandi
1664 2527 1823 2561 personas
1857 2517 2011 2561 probatas

1272 2572 1349 2606 boni
1385 2570 1527 2606 nominis
1566 2575 1598 2606 et
1633 2571 1814 2606 secundum
1846 2580 2011 2606 sacrorum
