2232 3178
41 211 89 241 An.
110 208 140 237 G.
157 206 223 235 1738

70 1366 99 1387 Do
114 1352 216 1391 gris-itate

41 1394 143 1418 culparum
152 1393 172 1420 et
182 1395 216 1410 ea-

40 1425 82 1441 mm
96 1423 177 1445 poenis.

846 203 989 229 CLEMENS
1014 203 1060 227 XII
1083 203 1134 227 PP.

228 254 325 293 flagris
341 254 462 284 caedant
479 253 645 292 religIOsos,
664 253 875 292 imponantque
893 262 970 282 mor-

231 303 401 333 tificationes
418 303 580 332 ordinarias
603 306 631 332 et
653 302 902 332 extraordinarias
919 310 970 340 per

227 352 413 382 refectorium
437 352 466 380 in
484 351 602 390 publica
631 353 732 381 mensa
761 350 922 386 faciendas,
939 350 968 379 in

227 409 349 439 quarum
367 400 506 429 exercitio
524 400 579 438 ipsi
600 399 763 429 voluntarie
783 398 967 437 praecedant,

228 451 259 476 ut
276 455 376 476 eorum
393 447 514 484 vestigia
531 446 638 475 subditi
655 446 779 475 libenter
795 449 968 483 sequantur.

267 504 309 525 111.
334 495 492 524 Hortamur
514 495 678 532 religiosos,
707 493 814 534 quibus
838 494 866 522 in
891 493 970 531 capi-

227 544 288 574 tulo
312 544 390 573 nulla
414 544 469 573 suit
491 544 637 583 adscripta
660 543 767 582 culpa,
792 543 868 582 quod
902 542 970 581 ipsi-

227 597 287 622 met
309 601 338 621 se
361 596 499 621 accusent
523 601 573 631 pro
596 591 771 621 humilitatis
794 591 944 620 exercitio.

266 650 304 671 1v.
328 641 558 671 Animadversus
585 651 678 681 aequo
708 641 805 670 animo
833 641 917 677 serat,
942 644 970 669 et

226 689 379 719 humiliter
401 690 610 729 poeniteutiam
640 689 766 728 accipiat
795 689 904 728 absque
927 698 970 717 sa-

227 738 402 775 tisfactione,
429 739 485 768 nisi
508 738 543 768 de
566 739 664 778 aliquo
688 738 775 768 suerit
797 747 812 767 a
836 737 969 776 praeside

225 787 444 825 interrogatus,
468 792 496 817 et
523 791 592 816 tunc
618 786 763 816 submisse
786 791 814 816 et
844 786 971 816 breviter

226 835 397 865 satisfaciat.
423 836 466 865 Sit
489 839 584 865 tamen
607 835 716 865 iustitia
753 839 780 865 et
811 835 917 864 lenitas
940 835 969 864 in

226 884 403 923 corrigente,
427 888 455 914 et
477 885 506 914 in
525 889 657 914 correcto
679 884 848 914 submissio.

267 942 294 963 v.
318 933 348 963 Si
371 933 437 972 quis
470 933 500 962 in
533 933 660 972 capitulo
690 942 758 963 suas
787 933 830 962 vel
860 932 970 962 alienas

226 982 340 1022 culpas,
365 982 474 1021 absque
498 982 620 1012 licentia
642 991 783 1012 excusare
814 986 842 1011 et
871 981 971 1011 desen-

226 1031 296 1061 dere
314 1032 451 1067 voluerit,
468 1031 565 1060 statim
588 1040 689 1061 severe
707 1031 846 1070 puniatur
867 1030 902 1060 ad
925 1040 971 1060 ar-

226 1079 349 1110 bitrium
373 1080 516 1119 praesidis
549 1081 683 1118 capituli,
707 1080 782 1117 nisi,
814 1080 971 1119 prudentia

226 1129 373 1167 dictante,
410 1129 515 1159 melius
553 1129 685 1159 videatur
722 1129 904 1168 punitionem
940 1129 969 1158 in

226 1178 408 1208 commodius
440 1182 570 1217 tempore
603 1178 731 1207 differre.
756 1178 904 1217 Nemoque
936 1178 970 1207 de

227 1227 323 1266 culpis
345 1228 558 1257 animadversis
580 1232 790 1267 conqueratur,
805 1227 859 1257 sub
876 1229 971 1267 poenit

226 1276 330 1306 ieiunii
352 1277 382 1306 in
405 1286 478 1315 pane
501 1281 529 1306 et
551 1278 627 1316 aqua
650 1281 775 1307 tantum.

266 1335 286 1356 1.
308 1325 370 1356 Non
393 1325 486 1355 solum
509 1325 695 1363 generalibus
714 1325 825 1364 gratiae
848 1325 898 1355 Dei
921 1335 970 1355 au-

227 1375 317 1412 xiliis,
351 1384 453 1404 verum
481 1378 509 1404 et
536 1374 713 1413 specialibus
746 1375 876 1413 religiosi
910 1385 969 1405 mu-

226 1424 368 1461 niuntur,
382 1428 509 1453 attamen
529 1423 595 1453 talis
611 1427 655 1453 est
672 1424 798 1453 humana
816 1424 967 1462 fragilitas,

226 1477 258 1504 ut
279 1473 383 1503 timere
406 1473 517 1512 possint
539 1472 638 1511 lapsus
661 1472 748 1502 etiam
771 1482 886 1511 graves,
904 1483 969 1503 cum

226 1523 256 1553 in
290 1522 388 1560 caelo,
423 1521 557 1561 paradiso
591 1525 619 1551 et
652 1521 776 1559 collegio
809 1522 969 1560 apostolico

224 1571 361 1602 nonnulli
384 1571 555 1600 defecerint.
588 1570 683 1605 Quare
705 1571 866 1610 prudenter
887 1581 970 1610 prae-

226 1620 360 1650 videntes
382 1620 570 1658 designamus
593 1619 672 1649 omni
694 1620 794 1658 generi
815 1620 967 1660 culparum

228 1669 347 1709 (nempe
380 1668 467 1707 laevi,
502 1669 625 1705 mediae,
660 1669 754 1707 gravi,
786 1670 913 1707 graviori
942 1674 970 1700 et

226 1717 433 1757 gravissimae)
457 1722 612 1756 sequentes
635 1727 754 1757 poenas.

266 1776 295 1798 11.
318 1767 412 1806 Culpa
434 1767 507 1797 levis
530 1771 574 1796 est
596 1772 744 1797 errantem
768 1767 798 1797 in
821 1768 922 1807 choro,
939 1769 968 1799 in

227 1816 398 1847 recitatione
435 1816 478 1846 vel
514 1820 601 1846 cantu
638 1825 695 1846 non
729 1817 827 1847 statim
862 1822 969 1848 terram

227 1865 384 1902 osculari;
417 1868 534 1904 praesto
567 1865 636 1895 item
669 1875 728 1895 non
760 1875 824 1896 esse
856 1866 970 1897 actibus

227 1914 457 1951 communitatis;
483 1914 660 1944 manducare
683 1918 712 1944 et
735 1914 835 1945 bibere
858 1915 970 1955 absque

226 1963 359 2001 licentia,
383 1967 411 1992 et
433 1963 478 1992 his
500 1963 617 1993 similia.
647 1963 702 1993 Pro
725 1964 820 2003 culpis
842 1963 906 1994 istis
928 1964 970 1994 in-

227 2011 345 2050 fligatur
359 2021 449 2050 poena
465 2012 599 2042 nonnihil
614 2012 769 2049 recitandi,
784 2013 827 2042 vel
844 2013 969 2042 faciendi

226 2060 258 2090 in
280 2060 434 2090 refectorio
456 2060 584 2100 aliquam
612 2061 868 2092 mortificationem
893 2062 971 2092 ordi-

227 2109 353 2139 nariam.

267 2167 308 2188 111.
332 2158 420 2198 Culpa
445 2159 538 2189 media
566 2163 610 2189 est
638 2159 736 2190 minus
765 2160 905 2190 decenter
928 2159 971 2190 di-

227 2206 303 2237 vinis
340 2208 443 2237 officiis
476 2208 619 2238 interesse
636 2232 643 2245 ‚
681 2209 817 2247 frangere
853 2209 970 2249 aliquod

227 2255 386 2295 capitulum
420 2257 639 2295 praeceptivum
671 2257 807 2295 regulae,
832 2257 866 2287 de
890 2267 970 2287 more

227 2303 336 2334 habere
352 2304 546 2343 negligenter,
563 2309 590 2334 et
605 2305 685 2335 tarde
701 2305 845 2336 iuteresse
857 2305 971 2336 actibus

228 2356 257 2382 et
285 2353 487 2383 functionibus
516 2354 750 2392 communitatis,
775 2355 970 2393 negligentem

229 2411 345 2442 quoque
366 2412 429 2433 esse
453 2403 482 2433 in
505 2403 691 2442 adimplendo
719 2404 813 2434 officio
836 2404 871 2434 de
894 2414 971 2434 com—

228 2452 309 2481 muni
333 2451 443 2490 tabula,
464 2452 509 2482 vel
531 2453 561 2482 in
585 2453 765 2492 exequendis
787 2453 971 2492 simplicibus

228 2500 373 2530 mandatis
402 2501 600 2540 superiorum,
624 2501 800 2531 contendere
832 2501 971 2533 immode-

228 2553 290 2580 rate
312 2559 378 2580 cum
401 2550 620 2589 saecularibus,
646 2550 743 2589 vagari
771 2560 822 2591 per
844 2560 970 2581 conven-

230 2602 312 2638 tum,
336 2608 383 2630 res
416 2599 450 2631 ad
485 2600 638 2631 ecclesiam
661 2600 841 2640 pertinentes
868 2600 973 2632 irrive-

1013 256 1111 281 renter
1144 255 1281 289 tractare,
1314 251 1404 281 libros
1437 256 1465 282 et
1498 252 1552 282 alia
1588 251 1755 281 huiusmodi

1013 301 1178 330 communia
1210 300 1392 338 negligenter
1425 309 1541 330 curare.
1576 300 1627 330 llis
1661 300 1755 339 culpis

1013 349 1136 379 arbitrio
1159 349 1320 388 superioris
1343 359 1452 389 poenae
1475 349 1733 389 correspondeant.

1056 407 1094 427 lv,
1115 397 1203 437 Culpa
1226 398 1323 436 gravis
1340 403 1382 427 est
1397 399 1581 427 committere
1597 398 1757 437 quodcum-

1014 456 1071 485 que
1094 451 1244 485 peccatum
1268 447 1390 476 mortale
1413 447 1523 486 absque
1547 447 1696 476 scandalo.
1726 446 1755 475 Si

1013 495 1102 524 alicui
1125 504 1160 524 ex
1182 495 1245 524 istis
1268 505 1325 524 non
1343 495 1430 525 suerit
1449 496 1477 525 in
1495 495 1756 525 constitutionibus

1013 543 1125 572 nostris
1148 543 1306 582 peculiaris
1330 553 1420 582 poena
1444 544 1605 582 designata,
1623 543 1758 573 minister

1014 592 1074 630 (cui
1097 593 1236 631 competit
1258 601 1375 630 gravem
1399 593 1514 632 culpam
1543 593 1685 631 iudicare)
1709 592 1758 622 de—

1013 641 1195 680 linquentem
1229 642 1335 680 poterit
1359 642 1387 670 in
1411 652 1557 671 carcerem
1591 642 1755 679 coniicere,

1014 690 1058 719 vel
1082 690 1168 719 aliam
1192 699 1314 729 poenam
1345 691 1380 720 ad
1404 690 1559 720 arbitrium
1593 690 1755 730 imponere,

1014 738 1134 768 attentis
1158 738 1348 777 qualitatibus
1371 739 1486 778 culpae.

1054 797 1081 816 v.
1106 786 1200 816 Etiam
1234 787 1387 816 reducitur
1419 788 1453 816 ad
1488 787 1603 826 culpam
1637 796 1756 825 gravem

1015 835 1115 865 ludere
1139 834 1249 873 absque
1272 835 1410 865 scandalo
1426 835 1515 865 cartis
1532 835 1628 874 pictis,
1649 835 1757 864 taxillis

1014 888 1042 913 et
1064 883 1221 920 similibus,
1245 893 1361 913 sumere
1377 883 1486 923 absque
1502 884 1623 913 licentia
1643 884 1757 922 aliquas

1015 942 1060 962 res
1083 942 1252 962 communes
1285 932 1320 962 ab
1353 932 1501 970 officinis,
1526 932 1570 962 vcl
1605 942 1653 962 eas
1686 941 1757 971 quas

1015 981 1118 1010 fratres
1141 980 1249 1010 habent
1272 980 1306 1009 ad
1330 990 1427 1018 usum,
1452 980 1549 1010 dicere
1565 985 1613 1010 aut
1629 980 1757 1010 scribere

1014 1029 1099 1059 alteri
1132 1029 1248 1068 aliquod
1278 1029 1468 1068 opprobrium
1501 1034 1550 1059 aut
1579 1030 1758 1059 malitiosum

1014 1078 1135 1108 verbum
1150 1102 1157 1116 ,
1181 1078 1268 1107 verba
1291 1088 1407 1117 quoque
1437 1078 1588 1108 inhonesta
1615 1079 1755 1117 proferre,

1014 1132 1063 1157 aut
1096 1137 1161 1157 cum
1194 1127 1368 1156 mulieribus
1402 1127 1573 1157 immodeste
1597 1132 1624 1157 et
1647 1128 1756 1157 invere-

1015 1176 1109 1206 cunde
1133 1176 1271 1215 colloqui.
1307 1176 1361 1205 Pro
1396 1176 1440 1205 his
1473 1181 1500 1206 et
1529 1176 1675 1206 similibus
1699 1177 1758 1215 ple.-

1014 1230 1129 1255 ctantur
1152 1225 1193 1254 rei
1217 1224 1339 1262 flagellis
1362 1224 1392 1254 in
1422 1225 1571 1263 capitulo,
1596 1230 1624 1255 et
1648 1225 1758 1255 ieiunio

1014 1274 1043 1303 in
1075 1283 1149 1312 pane
1171 1277 1198 1303 et
1221 1274 1298 1312 aqua
1332 1277 1442 1302 lantum
1458 1296 1465 1310 ‚
1490 1274 1534 1303 vel
1569 1274 1759 1303 recludantur

1013 1323 1044 1352 in
1068 1323 1150 1352 cellis
1173 1331 1223 1362 per
1245 1322 1356 1361 aliquot
1378 1322 1450 1358 dies,
1471 1326 1535 1362 post
1558 1331 1690 1362 asperam
1713 1331 1759 1352 re-

1014 1371 1249 1411 prelieusionem.

1053 1430 1091 1450 vr.
1115 1420 1204 1459 Culpa
1237 1421 1354 1458 gravior
1385 1425 1427 1451 est
1460 1421 1641 1452 committere
1668 1421 1760 1461 quod-

1013 1480 1140 1510 cumque
1173 1475 1323 1509 peccatum
1357 1470 1479 1500 mortale
1511 1481 1578 1501 cum
1607 1471 1757 1509 scandalo,

1013 1520 1058 1550 vel
1092 1519 1297 1559 quodcumque
1331 1524 1481 1558 peccatum
1514 1521 1756 1559 incontinentiae,

1013 1568 1225 1605 contumaciae,
1263 1568 1478 1598 inobedientiae
1514 1569 1557 1599 vel
1596 1570 1759 1608 apostasiae

1013 1617 1098 1647 etiam
1122 1617 1185 1647 sine
1207 1617 1355 1647 scandalo.
1380 1617 1435 1647 Pro
1458 1617 1502 1647 his
1521 1618 1614 1657 culpis
1637 1622 1664 1648 et
1687 1619 1761 1647 una.—

1013 1676 1129 1706 quaque
1152 1666 1269 1696 illarum
1293 1675 1360 1696 reus
1383 1666 1616 1696 incarcerabitur
1634 1677 1685 1706 per
1701 1671 1759 1696 tres

1014 1725 1140 1754 menses,
1160 1720 1188 1745 et
1211 1715 1374 1755 privabitur
1405 1725 1473 1745 voce
1496 1719 1524 1745 et
1547 1716 1610 1746 loco
1634 1725 1687 1755 per
1709 1725 1760 1746 an-

1014 1774 1095 1801 num,
1113 1764 1157 1794 vel
1174 1765 1203 1794 in
1221 1764 1348 1804 capitulo
1373 1764 1568 1802 flagellabitur
1586 1774 1600 1794 a
1625 1765 1758 1804 praeside

1013 1818 1042 1844 et
1064 1823 1079 1844 a
1102 1815 1161 1844 tota
1183 1814 1405 1852 communitate,
1439 1818 1466 1844 et
1499 1814 1589 1844 semel
1618 1814 1760 1844 ieiunabit

1014 1863 1043 1893 in
1068 1872 1142 1902 pane
1165 1866 1194 1892 et
1216 1864 1292 1902 aqua
1315 1867 1439 1898 tantum,
1463 1872 1495 1893 ac
1517 1863 1547 1892 in
1571 1863 1645 1892 cella
1666 1863 1760 1893 reclu-

1013 1912 1101 1942 detur
1134 1921 1185 1952 pro
1223 1916 1353 1951 tempore
1389 1912 1490 1952 culpae
1527 1912 1757 1952 proportionato.

1013 1961 1073 1997 Qua
1098 1962 1281 2001 poenitentia
1303 1961 1426 1992 durante
1459 1962 1557 1992 nullus
1585 1971 1653 1992 reus
1675 1971 1759 1992 exer-

1014 2015 1077 2041 ceat
1099 2011 1240 2040 officium.
1265 2010 1346 2046 Quod
1369 2011 1393 2040 si
1416 2011 1552 2041 sacerdos
1572 2011 1671 2048 suerit,
1689 2011 1759 2041 mis-

1013 2069 1074 2090 sam
1109 2069 1167 2089 non
1202 2059 1356 2097 celebret;
1390 2060 1414 2089 si
1446 2060 1538 2090 frater
1569 2060 1603 2089 arl
1636 2060 1758 2090 chorum

1014 2110 1181 2149 deputatus,
1207 2109 1312 2148 poterit
1327 2109 1457 2139 circulus
1473 2119 1597 2139 coronae
1620 2119 1672 2149 pro
1689 2114 1760 2140 tem-

1015 2168 1084 2198 pore
1107 2158 1234 2188 carceris
1257 2157 1283 2188 ei
1305 2158 1389 2193 radi3
1413 2158 1437 2188 si
1462 2168 1529 2188 vero
1551 2158 1655 2195 laicus,
1675 2158 1759 2188 indui

1015 2207 1122 2246 poterit
1144 2206 1322 2236 vestimento
1342 2206 1415 2236 susci
1439 2206 1555 2236 coloris.
1573 2206 1648 2242 Quas
1673 2211 1701 2236 et
1722 2206 1760 2235 si-

1014 2257 1098 2286 miles
1121 2265 1228 2296 poenas
1261 2255 1399 2285 adhibere
1431 2256 1539 2286 valebit
1572 2255 1759 2295 provincialis

1014 2315 1067 2345 pro
1089 2305 1233 2335 arbitratu
1251 2313 1315 2341 suo,
1334 2314 1450 2344 semper
1473 2308 1569 2334 tamen
1594 2304 1758 2344 proportio-

1015 2358 1098 2385 natas
1121 2364 1186 2384 cum
1210 2353 1402 2394 qualitatibus
1425 2353 1538 2393 culpae.

1055 2413 1103 2434 vn.
1129 2403 1221 2443 Culpa
1244 2402 1415 2442 gravissima
1439 2407 1482 2432 est
1504 2402 1687 2432 committere
1710 2402 1758 2432 den

1015 2453 1141 2492 lictum,
1166 2452 1213 2483 cui
1247 2453 1276 2482 in
1310 2452 1375 2482 iure
1400 2460 1489 2491 poena
1514 2451 1615 2481 mortis
1639 2451 1682 2480 vel
1708 2450 1758 2481 tri-

1015 2502 1141 2532 remium
1170 2501 1281 2531 inssicta
1314 2504 1377 2537 est,
1413 2510 1439 2529 v.
1463 2509 1490 2538 g.
1516 2509 1622 2540 ponere
1645 2500 1758 2530 libellos

1015 2551 1227 2585 insamatorios,
1252 2550 1361 2587 fingere
1384 2553 1412 2579 et
1437 2548 1600 2579 adulterare
1631 2548 1759 2579 subscri-

1015 2601 1130 2640 ptiones
1152 2600 1196 2631 vel
1220 2599 1315 2637 sigilla
1347 2598 1548 2638 superiorum,
1581 2602 1696 2638 patrare
1720 2599 1759 2629 sa-

1767 201 1818 228 An.
1839 201 1868 229 C.
1886 202 1953 231 1738
