2232 3178
50 207 97 234 An.
115 203 145 230 G.
165 202 232 230 1738

112 265 222 289 Dei-rigatio

50 297 202 316 contrariorum.

85 2544 161 2568 Cannae
177 2551 224 2568 con·

52 2571 136 2595 cedendi
160 2574 225 2601 privi-

52 2596 105 2624 tegit.

41 2686 43 2711 1

41 2719 43 2755 1

276 251 290 294 5
318 249 368 284 10.
395 250 465 284 Non
491 252 607 284 ostanti
634 252 663 284 la
683 252 793 294 regola
819 252 903 284 della
920 262 971 284 no-

233 309 298 337 stra
321 303 520 337 Cancelleria
551 305 596 338 De
626 306 699 338 iure
730 306 877 348 quaesito
909 316 973 337 non

235 356 386 397 tollendo,
414 368 430 390 e
457 358 542 400 quali
570 359 594 390 si
621 359 712 391 siano
739 359 818 391 altre
841 359 974 391 costitu-

233 409 316 442 zioni
343 410 381 442 ed
408 410 608 443 ordinazioni
635 411 836 454 apostoliche
864 417 973 444 nostre

233 473 249 495 e
274 462 325 496 de'
346 463 448 496 nostri
474 464 712 507 predecessori,
738 464 823 506 Ieggi
850 464 932 496 cirili
957 475 972 497 e

232 516 423 557 canoniche,
441 518 558 550 concili
575 518 721 560 generali
741 529 757 550 e
770 518 971 560 provinciali,

233 569 398 602 esenzioni
437 570 476 603 ed
514 571 631 603 indulti
664 571 834 604 conceduti
860 581 876 603 e
902 581 973 603 con-

231 622 353 656 fermati
376 623 414 656 da
432 624 484 657 noi
506 635 522 657 e
540 625 577 657 da
610 630 723 668 questa
756 625 853 658 Santa
877 624 970 661 Sede.

231 676 334 709 anche
359 686 416 719 per
440 677 490 710 via
515 677 546 710 di
573 684 735 710 contratto
772 679 810 710 ed
837 688 853 710 a
880 678 971 710 titolo

231 735 414 763 veramente
430 740 608 771 oneroso‚e
623 741 682 764 con
698 731 837 764 clausole
852 736 972 774 quanto

231 782 257 815 si
281 782 389 825 voglia
414 783 546 816 insolite
585 784 625 816 ed
663 783 817 817 effrenate
835 811 843 824 ,
869 784 971 816 anche

232 836 435 879 derogatorie
459 837 543 870 delle
579 837 802 880 derogatorie,
839 838 968 877 statuti,

231 889 372 930 risorme,
397 890 459 932 usi,
485 891 559 931 stili,
584 891 808 924 consuetudini
836 891 873 924 ed
896 891 969 933 ogni

231 943 311 976 altra
349 954 423 976 cosa
461 944 521 976 che
547 944 667 977 facesse
704 955 722 976 o
747 950 879 987 potesse
907 945 971 976 sare

230 995 264 1028 in
288 996 467 1037 contrario,
488 998 548 1030 alle
574 997 659 1040 quali
687 1002 768 1029 tutte
794 1008 810 1030 e
836 997 970 1040 singolo,

232 1050 398 1083 aventione
425 1050 445 1082 il
471 1056 582 1083 tenore
609 1050 661 1093 qui
688 1061 747 1094 per
772 1061 921 1093 espresso
955 1061 971 1083 c

232 1103 263 1136 di
288 1104 401 1146 parola
426 1103 457 1136 in
475 1105 586 1147 parola
604 1104 733 1143 inserto,
754 1116 769 1136 e
788 1104 971 1147 supplendo

231 1155 286 1189 noi
311 1157 392 1189 colla
417 1157 571 1200 pienezza
592 1157 676 1190 della
694 1163 801 1190 nostra
818 1168 972 1200 suprema

232 1210 411 1253 apostolica
435 1213 564 1254 potesta
589 1222 605 1243 a
631 1212 817 1254 qualunque
843 1211 924 1244 vizio
957 1222 973 1243 e

233 1263 344 1297 diseno
380 1270 594 1308 quantunque
631 1264 822 1297 sostanziale
860 1275 875 1297 e
912 1264 973 1297 sor-

231 1317 314 1350 male
338 1318 398 1351 che
425 1318 511 1351 nelle
537 1329 611 1351 cose
638 1328 804 1361 premcsse
841 1323 971 1361 potesse

233 1370 460 1411 intervenire,
488 1382 546 1414 per
583 1377 697 1414 questa
731 1372 817 1404 volta
853 1373 920 1404 sola
956 1382 971 1404 e

233 1433 293 1467 per
317 1423 456 1458 t'ett'etto
483 1424 635 1458 suddetto
656 1424 865 1468 pienamente
882 1425 974 1458 dero-

232 1477 375 1519 ghiamo.

275 1530 355 1564 Dato
394 1531 445 1564 dal
482 1536 591 1564 nostro
626 1532 757 1574 palazzo
795 1531 972 1575 apostolico

232 1583 395 1622 Quirinale
420 1589 536 1627 questo
563 1584 593 1616 di
619 1584 660 1618 15
685 1596 793 1618 marzo
819 1584 917 1619 1738.

267 1644 325 1673 nat.
343 1645 386 1673 die
405 1646 436 1673 15
452 1645 541 1672 martii
561 1646 637 1679 1738,
655 1646 758 1681 pontif.
776 1654 849 1673 anno
865 1653 920 1673 vm.

604 1699 752 1734 CLEMENS
777 1700 836 1733 PP.
865 1699 928 1733 XII.

526 1852 681 1887 CCXXIII.

232 1919 460 1964 Diqnitatibus
485 1925 514 1954 et
539 1921 706 1954 canonicis
730 1931 819 1954 mane
854 1926 882 1954 et
912 1931 972 1964 pro

277 1977 416 2017 tempore
435 1974 648 2007 existentibus
670 1974 910 2017 patriarchalis
926 1985 972 2006 ee-

276 2027 392 2060 clesiae
427 2027 690 2071 Ulyssiponensis
724 2027 908 2060 conceditur
933 2028 972 2059 ti-

276 2081 382 2113 centia
395 2080 579 2113 celebrandi
593 2091 648 2113 seu
662 2080 817 2113 celebrari
829 2080 973 2123 fizciemli

277 2134 422 2178 quotidie
447 2136 544 2167 etiam
569 2145 628 2178 per
652 2135 766 2167 horam
791 2140 865 2168 (mle
882 2146 973 2168 auro-

277 2197 349 2220 ram
374 2192 403 2221 ct
424 2199 484 2231 per
510 2188 625 2221 horam
646 2193 718 2231 post
743 2188 915 2221 meridiem
940 2200 973 2222 u-

276 2251 353 2273 nam
387 2242 523 2274 missam
560 2242 594 2274 in
627 2243 769 2285 privatis
801 2242 971 2275 (tomorum

277 2303 411 2327 suarum
436 2294 648 2327 existentibus
672 2296 825 2329 oratoriis
860 2296 896 2328 in
921 2297 974 2328 sni

277 2357 314 2380 ac
336 2348 489 2389 familiae
513 2348 712 2392 praesentiri.

440 2429 579 2457 Clemens
600 2430 682 2464 Papa
703 2430 768 2463 XII,

351 2474 388 2501 ad
407 2477 583 2508 perpetuam
605 2475 651 2502 rei
669 2475 850 2502 memorIam.

856 203 997 228 CLEMENS
1024 203 1070 226 XII
1094 204 1145 228 PP.

1022 252 1200 284 triarchalis
1220 253 1374 286 ecclesiae
1396 253 1658 297 Ulyssiponensis
1675 254 1758 286 occi-

1019 305 1156 337 dentalis
1182 306 1344 345 ordinem,
1365 308 1414 340 cui
1441 318 1505 339 non
1531 308 1634 339 solum
1655 307 1757 339 felicis

1019 359 1255 392 recordationis
1281 360 1430 393 Clemens
1455 361 1537 404 Papa
1562 360 1599 393 XI
1627 360 1758 403 praede-

1018 419 1250 446 cessornostcr
1267 419 1310 446 tot
1330 414 1755 452 ecclesiastieaornamenta,

1018 465 1186 507 privilegia
1224 472 1255 498 et
1291 468 1553 509 praerogativas,
1585 467 1623 499 ad
1658 467 1758 499 instar

1017 519 1251 551 nonnullorum
1290 520 1384 552 etiam
1419 521 1553 552 aliarum
1588 520 1757 552 cathedra-

1017 571 1094 603 lium
1120 572 1327 604 ecclesiarum
1355 573 1570 605 saecularium
1590 573 1757 605 canonico-

1017 635 1088 656 rum
1127 630 1159 657 et
1193 625 1344 657 abbatum
1377 625 1488 658 mitrae
1516 637 1607 659 usum
1636 627 1758 658 liaben—

1018 677 1106 717 tium,
1128 678 1304 720 apostolica
1324 679 1512 711 auctoritate
1533 682 1590 711 sua
1609 679 1755 718 contulit,

1016 741 1127 763 verum
1154 731 1250 764 etiam
1273 732 1460 765 carissimus
1482 733 1512 764 in
1523 733 1651 765 Christo
1671 732 1757 764 fitius

1016 789 1128 816 noster
1152 784 1289 816 Ioannes
1328 785 1543 827 Portugalliae
1581 792 1613 818 et
1649 786 1758 828 Aigai·-

1016 837 1142 869 biorum
1170 848 1225 870 rex
1252 838 1387 871 illustris
1413 840 1583 882 praeclara
1616 841 1759 872 saecula-

1017 890 1059 922 ris
1082 890 1355 923 honorificentiae
1376 891 1504 931 deeora,
1523 892 1618 932 bona,
1638 897 1669 925 et
1685 903 1758 925 con-

1016 948 1168 984 gruentes
1194 944 1353 984 redditus,
1381 945 1498 987 quibus
1523 956 1591 977 eam
1621 945 1758 986 dignita-

1018 1001 1079 1028 tem
1107 1007 1178 1029 curn
1205 997 1315 1030 debito
1342 998 1438 1031 etiam
1460 1005 1647 1041 magnatum
1667 998 1757 1041 regni

1017 1048 1144 1082 honore
1181 1050 1388 1083 coniunctam
1415 1052 1632 1090 sustinerent,
1654 1052 1756 1093 regali

1016 1102 1210 1135 liberalitate
1236 1104 1401 1143 attribuit,
1419 1115 1492 1145 nos⁷
1519 1105 1579 1137 etsi
1607 1115 1672 1137 non
1698 1105 1757 1137 ob-

1016 1156 1119 1188 scuris
1159 1157 1346 1199 pontificiae
1387 1158 1625 1191 beneficentiae
1666 1168 1760 1200 argu-

1017 1209 1146 1249 mentis,
1163 1211 1202 1243 ad
1222 1210 1324 1251 ipsius
1343 1211 1471 1244 Ioannis
1492 1212 1576 1253 regis
1596 1212 1758 1254 supplica-

1018 1264 1147 1303 tionem,
1166 1264 1326 1306 adaugere
1352 1275 1418 1297 non
1446 1264 1622 1303 omisimus,
1651 1270 1758 1297 tamen

1017 1327 1097 1349 novo
1124 1317 1218 1349 etiam
1245 1322 1412 1360 paternae,
1441 1329 1504 1361 qua
1531 1318 1705 1360 dignitates
1728 1323 1760 1350 et

1016 1371 1192 1403 canonicos
1215 1370 1403 1404 huiusmodi
1424 1371 1681 1415 complectimur,
1704 1372 1759 1404 be-

1016 1422 1182 1465 nignitatis
1209 1423 1396 1456 testimonio
1424 1425 1562 1457 ornandi
1596 1425 1760 1457 cumulan-

1017 1476 1115 1519 dique
1142 1482 1366 1520 ,opportunam
1400 1478 1606 1511 occasionem
1632 1483 1760 1521 praete-

1017 1531 1081 1562 rire
1107 1541 1172 1563 non
1199 1530 1352 1574 patimur.

1060 1583 1074 1626 ἓ
1099 1583 1130 1616 2.
1158 1583 1267 1626 Itaque
1295 1589 1357 1616 tam
1384 1584 1543 1626 dignitati,
1571 1595 1665 1628 quam
1691 1585 1758 1627 spi-

1017 1636 1125 1669 rituali
1152 1637 1370 1669 consolationi
1397 1639 1590 1671 eorumdem
1618 1638 1759 1680 dignita-

1017 1696 1080 1723 tum
1107 1695 1138 1724 et
1163 1691 1406 1732 canonicorum,
1426 1697 1581 1735 quantum
1609 1703 1680 1725 cum
1699 1692 1758 1725 Do-

1016 1744 1103 1778 mino
1121 1756 1306 1788 possumus,
1326 1745 1466 1788 benigne
1484 1747 1669 1784 consulere,
1688 1757 1760 1778 eos-

1016 1808 1079 1841 que
1118 1803 1149 1831 et
1182 1798 1262 1830 alios
1300 1809 1360 1841 pro
1398 1805 1543 1843 tempore
1581 1799 1759 1832 existentes

1015 1852 1231 1895 amplioribus
1256 1851 1419 1885 favoribus
1455 1858 1486 1885 et
1511 1852 1623 1895 gratiis
1648 1863 1759 1896 prose-

1015 1905 1068 1948 qui
1110 1906 1283 1946 volentes,
1320 1905 1535 1948 ipsorumque
1576 1905 1758 1948 singulares

1015 1969 1170 2001 personas
1192 1969 1208 1990 a
1226 1958 1390 2001 quibusvis
1404 1958 1760 1998 excommunicationis,

1015 2012 1237 2055 suspensionis
1257 2017 1288 2045 et
1307 2012 1481 2051 interdicti,
1501 2012 1637 2056 aliisque
1658 2013 1761 2045 eccle-

1015 2066 1152 2099 siasticis
1187 2066 1375 2105 sententiis,
1409 2067 1553 2099 censuris
1579 2071 1611 2099 et
1632 2067 1758 2110 poenis,

1015 2131 1032 2153 a
1049 2120 1119 2152 iure
1136 2121 1186 2152 vel
1208 2120 1248 2152 ab
1275 2119 1418 2158 homine,
1446 2119 1556 2162 (plavis
1587 2121 1758 2153 occasione

1014 2174 1063 2206 vel
1082 2174 1179 2206 causti
1205 2173 1288 2213 latis,
1314 2173 1339 2205 si
1367 2173 1487 2216 quibus
1513 2173 1760 2216 quomodolibet

1016 2227 1188 2260 innodatae
1214 2226 1363 2267 existunt,
1389 2226 1427 2258 ad
1444 2225 1589 2259 effectum
1607 2237 1760 2269 praesen-

1017 2280 1095 2312 tium
1108 2280 1273 2313 dumtaxat
1290 2280 1568 2323 consequendum,
1583 2281 1696 2312 barum
1715 2290 1760 2312 se·

1017 2333 1063 2366 rie
1085 2333 1290 2366 absolventes
1311 2338 1342 2365 et
1358 2333 1524 2365 absolutas
1544 2333 1611 2365 sore
1629 2343 1760 2365 censen-

1019 2393 1064 2419 tcs
1081 2413 1088 2427 ,
1114 2386 1282 2419 modernis
1308 2391 1340 2419 et
1365 2396 1423 2429 pro
1451 2391 1595 2428 tempore
1621 2386 1760 2418 existen-

1018 2440 1103 2472 tibus
1129 2439 1342 2482 dignitatibus
1368 2444 1399 2471 ct
1426 2438 1591 2472 canonicis
1618 2438 1759 2481 patriar-

1019 2493 1121 2526 chalis
1136 2493 1289 2526 ecclesia(¹
1304 2491 1563 2535 Ulyssiponensis
1579 2491 1761 2524 occidenta-

278 2543 292 2586 ἓ
318 2542 348 2576 1.
376 2543 538 2586 Insignem
556 2545 751 2578 dilectorum
771 2545 910 2579 {iliorum
929 2556 976 2579 ca·
1019 2546 1057 2578 lis
1082 2546 1280 2589 praedictae,
1306 2550 1341 2576 ut
1368 2544 1399 2576 in
1430 2544 1560 2587 privatis
1587 2545 1758 2577 domorum

235 2596 346 2640 pituli,
371 2597 565 2640 dignitatum
598 2603 629 2631 et
665 2599 898 2632 canonicorum
924 2610 977 2644 pa·
1020 2610 1096 2633 suae
1124 2598 1334 2632 habitationis
1361 2598 1390 2629 iu
1418 2597 1634 2640 portugalliae
1657 2599 1758 2631 (31111-

1648 195 1713 229 355
1759 204 1809 231 An,
1832 205 1862 232 c.
1883 204 1952 232 1738

1795 1594 1908 1615 Concessio
1924 1594 1951 1615 de

1769 1627 1811 1648 qua
1828 1628 1847 1642 in
1859 1622 1953 1642 tubi-ica.
