2232 3178
280 221 325 246 An.
345 220 374 248 c.
395 219 459 248 1737
507 211 570 245 316

473 271 566 302 causa
582 269 664 308 latis,
680 269 704 302 si
720 268 836 312 quibus
855 268 1102 311 quomodolibet
1121 267 1212 299 inno-

473 323 564 355 datus
591 322 713 361 existit,
740 322 778 354 ad
805 321 954 354 effectum
988 321 1210 363 praesentium

472 377 636 410 dumtaxat
664 375 951 418 consequendum,
980 374 1093 406 harum
1119 375 1207 407 serie

471 430 673 463 absolventes
698 434 729 461 et
754 429 936 461 absolutum
972 428 1040 460 sore
1066 438 1205 460 censen-

472 489 530 522 tes,
550 482 844 526 supplicationibus
862 482 931 514 eius
952 482 1084 514 nomine
1112 481 1208 514 nobis

470 546 568 579 super
593 537 654 568 hoc
675 535 842 568 humiliter
862 534 1021 578 porrectis
1048 534 1208 574 inclinati,

470 589 631 622 indultum
656 588 877 631 praepositum
899 598 957 630 pro
981 592 1126 630 tempore
1149 587 1212 620 cxi-

471 642 630 675 stentibus
655 641 817 683 magistris
850 640 1055 684 generalibus
1082 640 1209 673 Ordinis

471 695 658 727 huiusmodi
695 694 882 727 celebrandi
917 694 948 726 in
979 694 1113 737 privatis
1140 704 1210 726 ora-

471 748 562 781 toriis
589 752 807 780 conventuum
825 747 902 780 dieti
929 746 1065 785 Ordinis,
1085 746 1116 778 in
1143 745 1211 788 qui-

470 803 530 834 bus
557 812 612 834 eos
639 800 832 834 commorari
859 800 1044 842 contigerit⁷
1063 805 1096 832 ut
1117 809 1210 842 prae-

470 855 580 894 fertur,
606 864 807 894 concessum,
830 854 869 886 ad
894 854 1069 886 modernos
1096 859 1127 886 et
1151 864 1209 896 pro

471 914 616 950 ternpore
653 907 828 939 existentes
866 907 1076 948 exgenerales
1109 905 1209 948 ipsius

468 961 608 1002 Ordinis,
634 962 758 993 servata
777 959 806 991 in
822 960 956 1003 reliquis
974 960 1208 1002 praedictarum

470 1015 650 1048 litterarum
688 1014 789 1046 forma
826 1019 857 1046 et
893 1013 1132 1056 dispositione,
1157 1024 1210 1045 au-

469 1068 616 1100 ctoritate
639 1067 825 1110 apostolisszi,
850 1072 960 1099 tenore
982 1066 1207 1109 praesentium,

470 1121 676 1154 extendimus
701 1125 733 1153 et
757 1119 960 1163 ampliamus.
983 1119 1053 1152 Non
1079 1120 1210 1152 obstan-

470 1174 554 1206 tibus
580 1173 728 1207 omnibus
754 1178 786 1206 et
810 1173 948 1215 singulis
986 1173 1049 1206 illis
1070 1183 1150 1216 quae
1177 1173 1207 1205 in

468 1227 562 1260 dictis
580 1227 696 1260 litteris
715 1237 869 1260 concessa
887 1231 961 1259 sunt
978 1237 1043 1259 non
1062 1226 1206 1267 obstare,

468 1281 649 1325 ceterisque
675 1280 844 1314 contrariis
871 1280 1140 1323 quibuscumque.

510 1334 625 1367 Datum
646 1334 775 1374 Romae,
802 1334 887 1377 apud
914 1334 945 1366 S.
964 1333 1094 1366 Mariam
1114 1333 1208 1366 Maio-

467 1399 546 1428 rem,
566 1389 625 1421 sub
655 1388 774 1420 annulo
794 1387 979 1427 Piscatoris‚
1004 1387 1055 1419 die
1084 1397 1123 1420 xx
1152 1387 1207 1419 de-

467 1442 605 1475 cembris
632 1451 846 1482 unccxxxvu,
872 1440 1077 1485 pontificatus
1105 1440 1206 1473 nostri

467 1505 551 1528 anno
576 1505 647 1529 vlu.

502 1556 561 1583 Dat.
575 1556 620 1583 die
631 1556 665 1583 20
676 1556 834 1583 decembris
853 1557 930 1590 1737,
945 1556 1041 1592 pontis.
1057 1564 1131 1583 anno
1148 1562 1204 1582 vlu.

765 1700 903 1735 CCXVII.

467 1781 676 1824 Confirmatio
712 1781 934 1825 quarumdam
972 1779 1207 1813 resolutiomcm

511 1835 777 1878 Conqreqationis
791 1833 1009 1878 particularis
1031 1843 1090 1876 pro
1110 1843 1206 1876 esopo-

508 1888 581 1920 sitis
616 1886 886 1930 archihospitale&
921 1886 953 1920 S.
991 1886 1135 1930 Spiritus
1171 1886 1207 1919 in

507 1940 609 1973 Satrici
634 1940 671 1973 de
698 1940 789 1973 Urbe.

671 2021 808 2049 Clemens
829 2021 907 2055 Papa
927 2021 995 2055 XII,

604 2065 640 2092 ad
661 2065 797 2093 futuram
816 2065 862 2092 rei
882 2065 1066 2092 memoriam.

267 2143 452 2191 dipaeffpdelgocffira·
507 2135 521 2179 ἓ
546 2135 577 2168 t.
594 2136 681 2169 Alias
700 2146 769 2177 nos,
784 2146 902 2179 nempe
922 2135 974 2168 die
989 2146 1047 2169 xxx
1065 2140 1206 2178 septem-

267 2198 364 2244 visiffior
390 2189 530 2243 tatalilusbris
555 2198 745 2223 Mnccxxxvu
771 2189 918 2232 proxime
943 2189 1063 2232 elapsi,
1090 2189 1128 2222 ad
1155 2199 1205 2222 cc-

266 2229 452 2297 {ifflaiggiigig}
463 2242 600 2283 etesiae,
627 2242 737 2275 domui
755 2269 763 2283 ,
788 2243 1023 2275 valetudinario
1059 2242 1123 2276 sive
1148 2253 1205 2275 ar—

266 2303 371 2324 ·umeudi-
462 2295 700 2340 chihospitali¹
735 2306 935 2340 mensaeque
967 2297 1203 2329 nummulariae

461 2349 493 2383 S.
517 2349 653 2393 Spiritus
677 2349 709 2382 in
734 2350 826 2382 Saxia
851 2350 1025 2393 nuncupati
1052 2350 1147 2383 liuius
1165 2351 1206 2383 al-

461 2412 531 2435 mae
551 2401 643 2434 Urbis
660 2407 791 2435 nostrae
817 2403 996 2435 rationibus
1022 2408 1204 2446 opportune

462 2455 697 2497 providendum
715 2482 723 2495 ‚
751 2455 906 2488 dilectum
930 2453 1032 2488 filium
1058 2460 1203 2488 nostrum

461 2507 646 2542 Leandrurn
671 2508 753 2542 tituli
779 2508 810 2542 S.
831 2508 953 2542 Callisti
978 2509 1202 2553 presbyterum

496 2580 508 2604 1
532 2578 633 2606 Forsan
654 2579 767 2614 domus,
786 2578 1009 2614 valetudinarii,
1031 2579 1088 2609 sive
1104 2579 1203 2608 archi-

460 2623 611 2660 hospitalis
629 2625 671 2660 (a.
687 2625 736 2660 τ.).

1051 218 1236 243 BULLARIUM
1262 218 1421 243 ROMANUM

1997 221 2046 246 An.
2069 223 2098 250 G.
2119 225 2179 254 ¹738

1255 267 1286 299 S.
1315 268 1351 300 R.
1379 268 1414 300 E.
1442 268 1638 302 cardinalem
1664 269 1803 302 Portiam
1829 279 1995 313 nuncupa-

1256 328 1320 353 tum
1336 322 1534 355 visitatorem
1554 324 1782 365 apostolicum,
1805 323 1995 357 cumomni-

1254 375 1314 407 bus
1342 380 1372 408 et
1397 375 1533 418 singulis
1566 376 1770 410 facultatibus
1802 377 1993 409 necessariis

1255 433 1285 461 et
1311 429 1513 471 opportunis,
1532 439 1567 461 ac
1589 430 1779 472 praesertin]
1799 430 1860 462 sibi
1875 430 1907 462 in
1924 430 1995 462 sub-

1255 481 1370 513 sidium
1397 482 1580 514 assumendi
1607 493 1706 515 unuin
1728 489 1781 516 aut
1798 485 1906 526 plures
1933 483 1994 516 Ro-

1254 544 1367 566 manae
1393 534 1505 567 Curiae
1537 537 1720 578 praelatOS,
1747 536 1812 568 sive
1839 546 1993 579 personas

1255 586 1315 618 sibi
1334 587 1516 627 benevisas,
1531 593 1564 619 ut
1582 587 1823 631 quaecumque¹
1838 589 1875 621 ad
1892 588 1994 622 eccle-

1254 640 1339 679 siae,
1360 641 1487 681 domus,
1515 642 1742 674 valetudinarii
1761 642 1825 675 sive
1850 642 1995 675 archiho-

1254 693 1380 736 spitalis
1401 705 1599 738 mensaeque
1631 696 1869 728 nummulariae
1901 706 1994 739 prae-

1255 746 1356 779 dictae
1375 747 1519 780 levamen
1541 748 1778 792 utilitatemque
1796 748 1940 792 proficua
1958 759 1994 782 ac

1253 800 1464 833 saluberrima
1482 801 1652 834 statuenda
1669 807 1766 844 atque
1792 802 1994 845 providenda

1255 853 1322 886 [ore
1348 854 1572 894 existimasset,
1590 865 1648 898 pro
1674 857 1729 888 sua
1754 857 1896 898 spectata
1920 855 1992 897 fide,

1254 907 1435 950 prudentia,
1454 908 1612 948 doctrina,
1630 909 1801 948 charitate,
1825 908 1992 951 religionis

1252 961 1344 1001 zelo,
1371 971 1407 993 ac
1443 972 1552 994 rerum
1579 963 1775 1004 agendarum
1803 962 1993 995 dexteritate

1253 1020 1284 1046 et
1309 1014 1519 1057 experientia,
1540 1015 1733 1058 -provideret
1758 1026 1794 1048 ae
1818 1020 1990 1057 statueret,

1253 1067 1480 1099 constituimus
1514 1073 1545 1101 et
1570 1069 1810 1110 deputavimus,
1836 1074 1934 1112 prout
1958 1069 1991 1102 in

1252 1120 1323 1152 aliis
1349 1121 1470 1153 nostris
1497 1121 1528 1153 in
1554 1121 1649 1154 simili
1680 1122 1782 1155 forma
1807 1122 1917 1155 Brevis
1941 1122 1994 1155 lit-

1253 1172 1327 1205 teris
1349 1173 1487 1216 desuper
1508 1175 1678 1217 expeditis,
1692 1186 1826 1218 quarum
1846 1180 1992 1209 tenorem

1251 1228 1474 1269 praesentibus
1511 1239 1569 1271 pro
1605 1230 1702 1272 plene
1738 1234 1770 1262 et
1795 1229 1993 1263 sufficienter

1252 1290 1404 1323 expresso
1420 1286 1450 1313 et
1472 1281 1593 1314 inserto
1608 1282 1721 1315 haberi
1739 1283 1895 1323 volumus,
1918 1282 1993 1316 ube-

1252 1343 1317 1365 rius
1344 1334 1543 1367 continetur.

1294 1387 1308 1429 ἓ
1334 1386 1365 1420 2.
1393 1387 1468 1420 Cum
1495 1392 1612 1429 autem,
1640 1389 1724 1422 inter
1749 1394 1857 1423 cetera
1883 1389 2181 1449 liacte-mssessoanrffireeffi:

1251 1451 1311 1473 nus
1337 1440 1415 1473 inita
1436 1442 1572 1475 consilia
1596 1443 1810 1486 adhibitaque
1836 1443 2181 1503 1‘emeclia,ir¹i¹s¹3¹t]=;1ffi.3
2211 1450 2214 1491 ᾖ

1251 1494 1329 1526 illud
1357 1494 1451 1526 etiarn
1486 1496 1704 1528 necessarium
1735 1507 1806 1529 esse
1832 1496 2180 1529 iudicave-proviuciastai-
2212 1503 2214 1506 '

2002 1530 2066 1550 natu·-
2110 1530 2180 1551 modu,

1251 1547 1300 1586 rit,
1322 1552 1356 1579 ut
1382 1548 1492 1590 aliquo
1518 1553 1613 1591 paeto
1640 1549 1901 1582 diminuerentur
1926 1555 2107 1582 ma-eduwndi
2151 1556 2179 1577 in·
2211 1571 2214 1575 «

1251 1611 1312 1643 gna
1338 1601 1502 1644 impendia
1528 1607 1558 1634 et
1583 1608 1729 1646 sumptus
1766 1602 1819 1646 qui
1846 1602 1927 1635 fiunt
1950 1583 2071 1635 οὺῑῐῧῐεῖιὃς
2102 1587 2180 1609 ”⁹⁰⁹¹—

1250 1664 1358 1687 curam
1384 1654 1672 1698 educationemque
1699 1655 1869 1688 infantium
1895 1666 1992 1699 expo-

1250 1708 1385 1741 sitorum
1411 1708 1463 1751 qui
1491 1719 1527 1741 ex
1555 1708 1728 1752 provinciis
1765 1709 1860 1742 etiam
1884 1708 1993 1741 Eccle-

1250 1761 1369 1793 siastici
1407 1761 1512 1794 Status
1544 1762 1648 1794 nostri
1685 1767 1747 1794 tam
1781 1767 1871 1794 extra
1895 1771 1991 1804 quam

1250 1813 1334 1846 intra
1359 1814 1539 1847 districtum
1568 1816 1672 1847 almae
1698 1814 1792 1847 Urbis
1825 1814 1991 1857 praefatae

1251 1867 1396 1910 quotidie
1433 1868 1692 1901 numerosissimi
1729 1867 1927 1908 ail'eruntnr;
1954 1876 1990 1900 ac

1251 1926 1426 1964 propterca
1451 1921 1544 1954 nobis
1567 1921 1735 1954 humiliter
1755 1920 1989 1964 supplicaverit

1250 1979 1283 2006 ut
1307 1975 1345 2007 ad
1372 1974 1557 2008 huiusmodi
1583 1974 1732 2007 effectum
1759 1974 1990 2017 Congregatio-

1249 2037 1322 2059 nem
1347 2027 1578 2071 particularem
1601 2028 1833 2061 nonnullorum
1858 2036 1991 2060 venera-

1248 2081 1363 2113 bilium
1389 2081 1522 2114 fratrum
1547 2087 1731 2114 nostrorum
1756 2080 1787 2114 S.
1808 2080 1844 2113 R.
1865 2080 1899 2113 E.
1920 2090 1990 2113 car-

1249 2135 1404 2167 dinalium
1440 2135 1645 2178 aliorumque
1679 2135 1842 2168 Romanae
1876 2134 1988 2167 Curiae

1247 2189 1467 2232 praelatorum
1495 2189 1744 2232 tlepiitai·emu5‚
1772 2188 1990 2232 quemadmo-

1249 2242 1323 2275 dum
1351 2243 1598 2285 deputavimus;
1625 2253 1642 2275 a
1667 2253 1729 2286 qua
1754 2241 1883 2286 quidem
1908 2241 1990 2274 Con-

1247 2296 1436 2338 gregatione
1462 2296 1647 2339 particulari
1666 2307 1682 2329 a
1699 2295 1794 2329 nobis
1820 2295 1986 2338 deputata,

1247 2353 1278 2381 et
1304 2349 1413 2381 habita
1450 2349 1501 2381 die
1527 2359 1571 2382 v11
1597 2348 1715 2381 mensis
1752 2348 1888 2381 ianuarii
1913 2357 1989 2391 pro-

1246 2399 1330 2432 xime
1356 2400 1536 2442 praeteriti‚
1563 2400 1770 2434 considerata
1789 2404 1821 2432 et
1845 2399 1988 2432 resoluta

1247 2453 1396 2486 suerunt:
1415 2464 1436 2487 1.
1460 2453 1584 2486 Dictum
1605 2453 1861 2496 archihospitale
1887 2452 1987 2495 impo-

1248 2511 1318 2539 tens
1349 2506 1482 2540 omnino
1517 2517 1584 2540 esse
1621 2507 1660 2539 ad
1697 2506 1867 2540 serendum
1902 2513 1985 2538 onus

1282 2625 1293 2650 1
1316 2622 1387 2652 Edit.
1407 2622 1486 2652 Main-
1507 2621 1570 2658 legit
1589 2622 1769 2659 qzmcumque
1788 2622 1826 2658 (fl.
1844 2622 1896 2657 Τ.).
