2232 3178
246 255 295 282 an.
312 254 342 281 c⁴
365 253 431 282 1734
478 243 520 276 84

273 2126 379 2148 Professio
391 2125 439 2146 fidei

256 2154 283 2202 gl:
299 2154 329 2175 eis
343 2155 440 2174 emitten-

441 300 585 333 insolitas
606 299 776 338 clausulas,
796 297 946 340 derogari
972 307 1036 330 non
1065 296 1176 340 possit,

441 364 500 386 nec
525 354 714 395 derogatum
741 357 911 384 censeatur
946 351 1007 383 nisi
1043 350 1179 392 deroga-

441 408 484 439 tio
521 405 702 439 huiusmodi
730 405 769 437 de
801 404 939 437 consilio
964 404 1177 437 cardinalium

441 460 627 493 corumdem
654 459 715 498 fiat,
742 463 772 490 et
790 463 854 490 tum
882 458 1009 490 demum
1036 456 1177 499 magistri

440 519 470 545 et
496 518 672 545 conventus
697 511 938 554 praedictorum
965 510 1003 543 ad
1030 510 1059 542 id
1087 520 1178 542 accc-

440 565 494 597 dat
519 575 677 604 assensus,
704 563 830 606 sintque
852 564 976 596 litterae
998 561 1179 604 derogatio-

440 619 489 650 nis
514 618 703 651 huiusmodi
740 616 835 650 etiam
861 627 921 660 per
958 616 1077 649 dictum
1114 626 1180 648 ma-

440 672 573 714 gistrum
599 671 812 714 subscriptae,
841 681 876 703 ac
900 670 947 703 illi
974 674 1006 702 et
1031 669 1178 713 praefato

440 724 612 758 conventui
639 735 697 768 per
723 725 865 757 diversas
895 724 927 756 in
949 724 1049 756 forma
1070 722 1180 755 Brevis

441 785 496 811 aut
531 779 610 811 alias
642 778 764 811 litteras
800 777 938 810 diversis
976 775 1180 820 temporibus

441 843 510 865 cum
537 832 634 865 certis
659 832 839 865 intervallis
877 836 1103 875 praesentatas
1132 831 1181 862 in-

442 887 580 926 timatae,
603 891 633 919 et
655 896 718 919 non
745 885 823 918 alias
850 895 910 918 nec
935 885 998 917 alio
1021 885 1127 924 modo,
1148 888 1181 916 et

441 949 571 982 semper
595 939 627 970 in
646 938 795 971 omnibus
817 949 900 981 quae
919 938 965 970 sic
991 937 1066 970 {ient
1085 936 1180 969 etiam

442 993 481 1025 de
507 992 603 1025 simili
629 992 765 1025 consilio
784 990 1050 1034 derogationibus
1069 990 1110 1022 sit
1127 1000 1182 1032 ap—

441 1045 545 1089 posita
570 1046 714 1078 clausula
747 1046 834 1089 quod
866 1045 996 1077 illarum
1031 1042 1181 1076 effectum

442 1099 620 1131 sortiantur
645 1099 684 1132 de
711 1109 868 1131 consensu
896 1097 1040 1140 magistri
1062 1101 1095 1129 et
1111 1106 1183 1129 con-

442 1159 555 1186 ventus
581 1152 839 1196 praedictorum,
871 1157 902 1185 et
926 1161 992 1184 non
1018 1150 1096 1183 alias
1122 1159 1184 1182 nec

442 1207 506 1240 alio
532 1207 646 1247 modo,
683 1206 836 1250 quodque
861 1205 922 1249 ipsi
959 1209 1127 1237 exactores
1152 1208 1185 1236 et

442 1261 661 1304 appallatores
687 1260 840 1300 decimas,
865 1259 1003 1302 pedagia
1028 1263 1060 1291 et
1085 1267 1185 1290 onera

442 1314 628 1347 huiusmodi
655 1313 750 1347 etiam
776 1313 815 1345 ab
841 1312 1000 1356 exemptis
1032 1311 1181 1354 exigere,

444 1373 476 1401 et
501 1368 573 1401 illos
598 1368 637 1401 ad
663 1367 860 1400 solutionem
893 1377 948 1400 seu
974 1365 1185 1399 contributio-

444 1431 516 1454 nem
531 1431 648 1464 cogere
663 1426 692 1453 et
706 1421 904 1463 compellere
923 1419 1048 1463 possint
1062 1429 1118 1451 seu
1134 1418 1185 1451 de-

442 1474 557 1514 beant3
576 1474 695 1517 quibus
712 1472 871 1512 omnihus,
891 1473 1019 1506 illorum
1039 1471 1184 1505 omnium

444 1532 592 1567 tenores,
615 1537 651 1559 ac
672 1525 716 1558 si¹
743 1526 783 1558 de
803 1526 902 1559 verbo
923 1525 961 1558 ad
987 1525 1120 1557 verbum
1138 1524 1186 1556 in-

444 1586 643 1621 sererentur,
677 1580 905 1623 praesentibus
934 1589 994 1622 pro
1024 1578 1186 1622 expressis

444 1633 616 1673 hahentes,
641 1633 705 1666 illis
730 1632 809 1665 alias
836 1632 868 1665 in
894 1643 951 1665 suo
977 1632 1099 1664 robore
1117 1641 1188 1674 per-

443 1687 612 1728 mansuris,
639 1686 700 1719 hac
717 1686 784 1719 viee
806 1686 982 1726 dumtaxat,
1009 1685 1040 1718 in
1067 1695 1186 1728 genere

444 1746 476 1774 et
500 1741 531 1772 in
557 1740 683 1784 specie,
716 1740 754 1772 ad
789 1738 938 1773 effectum
964 1738 1186 1783 praesentium

445 1794 643 1828 sufficienter
668 1800 699 1827 et
724 1805 876 1838 expresse
903 1794 1112 1837 derogamus,
1152 1803 1187 1825 ac

446 1848 638 1891 derogatum
664 1858 735 1881 esse
773 1848 995 1887 decernimus,
1034 1846 1187 1891 quodque

447 1913 503 1935 vos
528 1901 664 1946 primam
698 1912 763 1934 non
797 1900 937 1934 feceritis
973 1901 1006 1933 in
1040 1899 1189 1933 ecclesiis

447 1955 631 1989 huiusmodi
658 1955 860 1999 personalem
879 1953 1088 1987 residentiam
1114 1962 1189 1985 con-

448 2015 596 2050 suetam,
634 2008 813 2052 ceterisque
851 2006 1022 2040 contrariis
1056 2006 1189 2049 quibus-

449 2073 597 2106 cumque.

495 2117 509 2160 ἓ
534 2116 588 2150 13.
627 2115 781 2149 Volumus
806 2121 934 2156 autem,
961 2114 1071 2158 quod,
1100 2119 1192 2147 ante*

451 2181 546 2215 quam
584 2170 686 2213 gratia
723 2169 900 2202 creationis
937 2168 969 2201 in
994 2174 1123 2201 nostros
1160 2172 1192 2200 et

451 2224 541 2257 Sedis
567 2222 771 2266 Apostolicae
796 2222 941 2255 notarios
965 2221 1055 2254 vobis
1080 2226 1114 2253 ut
1141 2231 1193 2254 su-

451 2288 510 2321 pra
535 2277 617 2309 facta
652 2275 772 2319 perfrui
800 2275 956 2315 valeatis,
981 2275 1014 2307 in
1040 2274 1191 2307 manibus

451 2330 586 2363 alicuius
611 2339 770 2373 personae
796 2328 828 2361 in
855 2328 1014 2371 dignitate
1039 2327 1193 2361 ecclesia-

451 2385 530 2417 stica
543 2384 741 2417 constitutae
757 2382 994 2426 professionem
1013 2381 1086 2414 fidei
1106 2380 1193 2413 iuxta

1019 247 1202 272 BULLARIUM
1225 246 1382 272 ROMAN'UM

1266 296 1280 339 ξ
1306 295 1360 329 14.
1387 295 1541 338 Quodque
1558 295 1778 339 praesentium
1806 299 1963 328 transum-

1970 244 2021 272 ΑΥ).
2038 244 2066 272 C.
2089 244 2167 273 ¹735·

2012 307 2157 333 'transumptis

1973 334 2048 354 harum
2078 333 2158 354 littera-

1222 349 1296 393 ptis,
1324 349 1420 382 etiam
1446 348 1626 392 impressis,
1648 359 1744 381 manu
1763 348 1897 381 alicuius
1911 358 2018 381 no-rum
2036 360 2106 380 danda
2128 359 2159 380 ni-

1224 403 1294 436 tarii
1319 403 1441 447 publici
1469 402 1659 445 subscriptis
1685 407 1716 435 et
1747 402 1855 446 sigillo
1887 413 1963 446 per-

1222 468 1321 490 sonae
1348 457 1378 490 in
1406 456 1561 500 dignitate
1594 455 1814 489 ecclesiastica
1847 456 1964 489 consti-

1224 516 1310 544 tutae
1332 510 1476 549 munitis,
1495 510 1606 543 eadem
1633 519 1767 553 prorsus
1792 509 1873 542 fides
1891 509 1964 542 ubi-

1223 575 1286 607 que
1312 564 1506 597 adhibeatur
1524 564 1555 596 in
1575 562 1695 596 iudicio
1714 567 1745 595 et
1762 568 1861 602 extra,
1880 572 1964 606 quae

1223 617 1434 651 adhiberetur
1459 617 1539 661 ipsis
1560 616 1788 660 praesentibus
1809 617 1833 649 si
1860 616 1966 649 forent

1224 671 1388 704 exhibitae
1415 671 1464 704 vel
1490 675 1654 704 ostensae.

1268 724 1282 767 ἓ
1307 724 1361 757 15.
1389 723 1538 757 Ceterum
1558 724 1704 757 volumus
1721 722 1845 766 pariter
1865 727 1962 766 atque

1225 778 1443 818 decernimus,
1457 783 1491 810 ut
1505 777 1568 811 illis
1583 787 1619 810 ex
1633 776 1732 816 vobis,
1749 776 1867 819 quibus
1882 775 1966 808 simi-

1224 831 1270 864 les
1290 831 1428 864 testandi
1448 832 1487 864 de
1504 831 1598 864 bonis
1616 841 1651 863 ac
1669 829 1844 873 pensiones
1863 835 1968 863 trans-

1226 885 1349 918 ferendi
1369 884 1537 917 facultates
1550 894 1567 916 a
1585 883 1738 916 Romanis
1756 883 1966 917 Pontificibus

1226 938 1535 982 praedecessoribus
1551 937 1678 979 nostris,
1698 947 1834 980 quorum
1854 947 1968 980 respe-

1226 991 1307 1025 ctive
1326 991 1423 1023 etiam
1443 990 1618 1023 familiares
1635 990 1781 1023 continui
1802 999 1970 1023 commen-

1226 1046 1309 1078 sales
1328 1049 1435 1084 eraut,
1458 1054 1632 1077 concessae
1652 1044 1798 1085 suerunt,
1816 1053 1969 1087 praesen·

1228 1103 1274 1131 tes
1300 1097 1428 1131 litterae
1454 1097 1561 1140 quoad
1580 1097 1751 1130 facultates
1770 1095 1911 1129 testandi
1930 1095 1970 1128 de

1226 1151 1320 1184 bonis
1345 1157 1377 1185 et
1401 1149 1618 1184 transferendi
1651 1150 1828 1193 pensiones
1858 1148 1971 1181 huius-

1227 1204 1315 1238 modi
1340 1204 1473 1237 minime
1500 1202 1729 1246 suffragentur.

1271 1258 1384 1290 Datum
1412 1257 1543 1297 Romae,
1562 1256 1647 1300 apud
1668 1256 1699 1289 S.
1720 1255 1852 1288 Mariam
1873 1254 1970 1288 Maio-

1227 1322 1296 1345 rem
1316 1339 1323 1352 ,
1350 1311 1410 1345 sub
1436 1312 1556 1344 anuulo
1590 1308 1787 1350 Piscatoris,
1821 1308 1872 1341 die
1898 1318 1971 1342 xxvi

1228 1364 1352 1407 augusti
1390 1373 1579 1404 MDCCXXXV,
1617 1362 1829 1406 pontificatus
1866 1360 1970 1394 nostri

1229 1429 1314 1452 anno
1340 1429 1384 1452 Vl.

1266 1481 1324 1508 Dat.
1346 1480 1388 1508 die
1409 1480 1443 1507 ⁶26
1462 1479 1572 1514 augusti
1593 1479 1672 1512 1735,
1694 1477 1790 1513 pontif.
1813 1485 1893 1504 anno.
1915 1483 1951 1503 vr.

1536 1622 1662 1656 CLXVI.

1231 1704 1396 1738 Revocotio
1421 1707 1449 1737 ot
1473 1702 1664 1735 annullatio
1693 1701 1834 1734 duarum
1861 1699 1974 1743 episto-

1276 1757 1386 1789 larum
1417 1756 1635 1800 pasloraliunz
1671 1755 1771 1788 bonae
1799 1752 1975 1786 memoriae

1275 1809 1448 1844 Francisci
1483 1809 1623 1853 episcopi
1654 1807 1849 1842 Pekinensz's
1886 1806 1976 1839 dala-

1276 1874 1351 1896 rnm
1376 1863 1429 1896 die
1453 1873 1484 1896 vl
1516 1862 1596 1895 iulii
1627 1866 1656 1894 et
1686 1871 1766 1894 xxm
1802 1858 1975 1893 decembris

1276 1926 1464 1951 MDccxxxm
1496 1917 1582 1949 circa
1608 1910 1701 1948 Ritus
1736 1914 1887 1947 Sinenses
1911 1911 1976 1945 edi-

1279 1974 1400 2011 tarum,
1419 1970 1579 2002 reservata
1596 1969 1732 2012 insuper
1748 1967 1780 2001 S.
1801 1967 1835 2000 S.
1857 1970 1886 2000 et
1900 1964 1977 2000 'Secti

1276 2023 1483 2067 Apostolicae
1512 2022 1670 2064 simultate
1701 2019 1871 2065 aperiendi
1901 2018 1978 2062 fide-

1279 2077 1365 2110 libus
1389 2076 1528 2109 illarum.
1551 2075 1701 2119 partium
1725 2077 1859 2107 mentem
1884 2082 1977 2105 suam

1279 2141 1377 2175 super
1401 2130 1495 2163 rebus
1522 2128 1712 2162 huiusmodi
1736 2126 1912 2161 materiam
1931 2136 1978 2159 re-

1279 2184 1503 2228 spicientibus.

1447 2265 1580 2292 Clemens
1601 2264 1682 2297 Papa
1700 2262 1766 2295 XII,

1355 2310 1392 2338 ad
1411 2312 1591 2344 perpetuam
1611 2307 1657 2335 rei
1678 2306 1866 2334 memoriam.

1280 2380 1489 2425 Apostolicae
1515 2378 1745 2412 sollicitudinis
1778 2376 1873 2410 nobis
1899 2374 1979 2409 divi-

452 2437 605 2471 articulos
629 2436 756 2481 pridem
781 2446 799 2469 a
822 2435 904 2469 Sede
929 2435 1095 2479 praedicta
1119 2445 1193 2478 pro·
1236 2436 1322 2469 nitus
1346 2434 1537 2469 commissae
1562 2433 1645 2466 ratio
1664 2442 1724 2465 nos
1748 2431 1920 2470 admonet,
1946 2434 1981 2462 ut

452 2492 578 2536 positos
603 2501 756 2535 expresse
782 2490 930 2523 emittere
956 2494 985 2522 et
1011 2489 1141 2522 solitum
1162 2489 1193 2521 Γι-
1238 2501 1285 2531 ea,
1311 2500 1394 2534 quae
1420 2487 1618 2522 christianae
1645 2485 1815 2529 religionis
1844 2483 1982 2517 catholi-

454 2544 596 2579 delitatis
622 2545 840 2577 iuramentum
865 2547 1030 2587 praestare
1060 2542 1193 2575 omnino
1237 2553 1359 2588 eaeque
1385 2542 1459 2576 fidei
1474 2538 1709 2585 propagationi
1720 2550 1757 2572 ac
1771 2536 1981 2572 incrementis

456 2598 628 2633 teneamini
643 2610 650 2639 ;

490 2662 503 2690 1
526 2661 692 2690 Particulam
711 2661 735 2691 si
754 2669 804 2690 nos
823 2660 949 2691 addimus
968 2661 1008 2698 (a.
1023 2661 1075 2703 τί).

1239 2606 1443 2641 quacumque
1469 2594 1596 2628 ratione
1622 2593 1784 2627 obsistere
1809 2601 1904 2636 posse
1931 2590 1981 2623 di-

1239 2655 1453 2694 gnoscuntur,
1479 2653 1636 2693 quantum
1651 2645 1747 2681 nobis
1767 2655 1805 2679 ex
1821 2645 1887 2679 alto
1908 2654 1983 2679 con=

1974 387 2018 408 des.

2002 732 2113 759 Exceptio,

2017 2381 2160 2404 Prooemium.
