2232 3178
279 257 331 284 An.
348 255 376 284 c.
399 256 467 284 1738
513 247 577 281 436

471 304 629 344 aliquando
653 304 747 334 suerat
768 304 901 343 superior
927 302 1072 341 generalis
1094 302 1211 333 Ordinis

471 353 515 383 vel
538 353 664 382 familiae
687 352 833 389 minister,
857 352 969 381 scilicet
991 352 1117 381 vicarius
1133 360 1211 381 com-

471 401 642 438 missarius,
673 401 717 430 vel
754 400 1059 430 vice-commissarius.
1090 400 1123 430 Et
1155 399 1209 429 sub

471 450 565 489 poena
588 449 762 488 privationis
788 449 822 478 ad
846 449 985 479 ulteriora
1008 448 1125 478 Ordinis
1147 448 1209 477 ossi·

471 497 528 531 cia,
553 497 669 534 nullus,
702 506 738 526 ne
771 497 806 527 ad
837 497 997 536 capitulum
1029 497 1128 535 adeat,
1153 496 1209 526 nisi

471 549 589 584 propter
612 545 812 575 infirmitatem
842 545 975 575 excusari
1006 545 1118 584 possit3
1151 545 1209 574 illis

470 593 599 632 exceptis
622 593 672 632 qui
695 598 778 623 antea
802 594 968 633 superiores
984 594 1136 632 generales
1149 593 1209 623 sue-

471 646 556 678 runt,
580 642 686 680 quibus
701 666 708 680 ‚
732 642 890 672 dummodo
913 647 978 672 actu
1001 652 1059 672 non
1082 642 1140 672 sint
1162 652 1211 672 vo-

470 689 562 727 cales,
587 689 714 719 liberum
736 691 792 720 erit
814 690 894 720 adire
917 691 962 720 vel
984 700 1043 720 non
1065 691 1146 720 adire
1175 691 1209 720 ad

470 738 631 778 capitulum
655 742 776 778 propter
797 743 922 769 aetatem
946 744 974 769 et
996 739 1109 769 labores
1125 743 1208 769 antea

469 791 631 826 susceptos.
646 787 807 827 Nullusque
823 788 929 828 poterit
941 788 1113 827 suffragium
1123 797 1208 819 suum

469 836 717 875 compromittere.

509 893 549 914 111.
574 885 671 914 Primo
694 885 757 914 loco
775 885 874 915 sedeat
888 886 918 915 iu
934 886 1060 926 capitulo
1079 895 1207 926 praeses,

469 936 498 962 et
519 933 555 963 ad
576 934 639 963 eius
661 934 811 963 dexteram
835 939 893 965 tota
916 936 1024 965 familia
1047 936 1140 974 ipsius
1156 936 1209 965 mi-

469 981 554 1011 nistri
576 983 722 1020 generalis
745 983 795 1022 qui
818 983 928 1022 spirat3
948 984 1076 1013 secundo
1092 984 1166 1022 loco,
1181 988 1210 1014 et

469 1031 503 1060 ad
537 1031 685 1062 sinistram
719 1033 882 1071 praesidis,
906 1033 1043 1072 superior
1063 1033 1209 1071 generalis

469 1079 589 1109 alterius
611 1080 739 1110 familiae
761 1090 826 1110 cum
843 1083 904 1111 tota
920 1083 973 1111 sua
992 1082 1115 1118 familiam
1135 1081 1210 1111 itaut

469 1128 635 1166 superiores
650 1130 815 1165 generales¹
831 1135 918 1169 caput
939 1134 1027 1168 agant
1047 1130 1082 1159 ad
1105 1130 1208 1167 latera,

469 1180 497 1206 et
519 1181 581 1216 post
604 1177 775 1217 quamlibet,
797 1179 873 1208 intra
897 1179 1046 1218 propriam
1069 1179 1144 1216 eius,
1162 1188 1207 1208 ce-

469 1226 523 1255 teri
546 1232 708 1266 sequantur
741 1228 793 1257 hoc
816 1228 935 1257 ordine:
970 1227 1139 1257 definitores
1161 1237 1210 1265 ge-

469 1274 603 1312 nerales,
628 1275 757 1304 ministri
787 1281 837 1306 aut
866 1276 968 1306 vicarii
992 1276 1207 1315 provinciales,

469 1323 539 1353 socii
556 1323 643 1362 primi
666 1328 694 1354 et
716 1325 803 1354 etiam
822 1325 956 1361 secundi,
976 1325 1092 1364 quando
1109 1325 1210 1355 subro-

469 1376 573 1410 gantur
596 1381 648 1411 pro
670 1373 763 1403 vocali
787 1374 896 1413 aliquo,
917 1375 1049 1414 quamvis
1071 1374 1211 1412 subroge-

470 1425 517 1450 tur
540 1431 591 1460 pro
613 1422 664 1451 illo
687 1422 738 1461 qui
761 1423 941 1461 superiorem
958 1423 1054 1452 sedem
1072 1423 1208 1462 haberet,

469 1475 619 1509 praeterea
641 1471 764 1500 actualis
798 1475 971 1510 procurator
992 1472 1137 1510 generalis
1160 1473 1209 1512 qui

468 1518 574 1549 habeat
596 1519 779 1559 suffragium,
803 1520 907 1550 deinde
929 1521 1104 1551 secretarius
1122 1531 1210 1559 gene-

469 1567 550 1602 ralis,
574 1572 602 1598 et
623 1568 761 1607 denique,
779 1573 844 1608 post
861 1569 975 1599 vocales
990 1578 1058 1599 suae
1074 1569 1210 1606 familiae,

469 1616 520 1655 qui
542 1616 700 1656 aliquando
723 1618 817 1647 fuerat
840 1618 975 1657 superior
997 1618 1142 1656 generalis
1158 1628 1209 1657 pro

469 1666 514 1701 ea,
531 1669 571 1703 et,
588 1665 612 1695 si
629 1665 727 1704 plures
750 1666 869 1705 suerint,
893 1667 943 1705 qui
966 1667 1125 1706 aliquando
1147 1676 1210 1696 mu-

469 1722 524 1743 nus
546 1714 707 1753 superioris
728 1715 875 1753 generalis
896 1714 1064 1745 habuerint:
1089 1715 1138 1755 qui
1155 1716 1210 1745 fuit

469 1763 603 1802 superior
635 1763 782 1802 generalis
804 1763 942 1802 Ordinis,
967 1764 1122 1803 praecedat
1143 1774 1210 1795 eum

469 1812 519 1851 qui
541 1811 635 1842 suerat
656 1813 792 1852 superior
813 1813 959 1851 generalis
978 1813 1122 1843 familiae:
1142 1818 1170 1843 et
1185 1813 1210 1843 si

470 1861 570 1891 eodem
593 1870 715 1891 munere
738 1862 837 1901 plures
859 1862 951 1893 functi
967 1863 1077 1893 suerint
1093 1872 1145 1902 pro
1161 1863 1209 1893 ea-

469 1908 535 1939 dem
557 1910 678 1948 familia‚
701 1911 850 1950 antiquior
872 1911 901 1941 in
925 1911 1104 1950 professione
1127 1920 1210 1950 prae-

470 1958 575 1988 cedat:
600 1959 649 1998 qui
672 1959 791 1998 quidem
814 1959 884 1989 ordo
906 1959 983 1989 intra
1007 1964 1035 1989 et
1057 1963 1137 1990 extra
1161 1969 1211 1989 au-

469 2007 526 2037 lam
549 2008 741 2048 capitularem
757 2009 917 2039 servandus
933 2009 1000 2047 erit,
1016 2009 1133 2048 quando
1150 2009 1211 2039 sive

470 2057 500 2086 in
524 2057 679 2088 refectorio
712 2058 774 2088 sive
796 2058 827 2088 in
849 2058 938 2088 choro
961 2058 996 2087 ad
1018 2058 1110 2088 latera
1133 2058 1211 2088 sede-

470 2109 534 2135 ant:
559 2110 623 2145 post
641 2106 807 2136 ministrum
822 2107 988 2145 generalem
1005 2107 1118 2137 sedebit
1134 2116 1211 2137 com-

469 2154 621 2184 missarius
642 2156 787 2194 generalis
810 2155 939 2185 familiae
956 2180 963 2193 ‚
989 2159 1086 2194 postea
1110 2155 1212 2185 defini-

470 2206 547 2233 tores
568 2204 737 2242 generales¹
759 2203 890 2242 Ordinis,
914 2204 1019 2234 deinde
1041 2204 1211 2234 definitores

470 2252 621 2289 generales
643 2253 782 2290 familiae,
806 2257 903 2292 postca
927 2256 1023 2291 patres
1047 2252 1211 2292 provincia-

469 2300 523 2338 les,
542 2300 623 2330 iuxta
639 2301 843 2340 antiquitatem
860 2300 1041 2338 earumdem,
1059 2305 1209 2340 praeterea

470 2354 642 2388 procurator
654 2350 810 2388 generalis,
823 2354 852 2379 et
869 2353 933 2389 post
951 2358 1017 2379 eum
1034 2350 1210 2379 secretarius

470 2399 626 2437 generalis,
650 2408 684 2428 ac
701 2399 828 2438 denique
844 2399 893 2438 qui
909 2399 1026 2428 fuerant
1044 2399 1210 2437 superiores

470 2449 635 2487 generales,
659 2449 732 2479 itaut
753 2449 803 2488 qui
825 2449 960 2479 minister
980 2448 1126 2487 generalis
1148 2449 1211 2478 sue-

470 2501 514 2527 rat
547 2498 701 2537 praecedat
733 2507 799 2529 eum
829 2498 879 2538 qui
902 2498 996 2528 solum
1018 2497 1113 2528 suerat
1134 2506 1211 2528 com-

505 2605 518 2631 1
540 2603 612 2631 Edit.
632 2604 718 2632 Main.
739 2605 806 2640 legit
824 2605 973 2640 yeneralis
991 2605 1033 2640 (R.
1048 2604 1097 2640 1.).

504 2649 516 2675 1
539 2648 611 2677 Edit.
632 2649 711 2678 Main.
734 2649 800 2687 legit
818 2650 965 2686 ,veneratis
985 2649 1082 2685 (mr).

1061 253 1243 278 BULLARIUM
1267 253 1422 277 ROMANUM

1255 302 1406 331 missarius
1429 301 1584 339 generalis,
1603 305 1641 336 et,
1659 302 1682 332 si
1698 302 1796 341 plures
1811 301 1919 332 suerint
1935 301 1990 331 mi-

1253 351 1355 388 nistri,
1379 350 1529 389 antiquior
1552 350 1786 389 praecedentiam
1808 350 1923 389 habeat,
1941 360 1990 381 cu-

1252 398 1426 437 iuscumque
1448 398 1574 428 familiae
1590 398 1710 428 suerint.

1290 455 1328 476 1v.
1343 446 1370 476 Si
1388 446 1452 486 quis
1469 456 1503 476 ex
1516 447 1725 486 capitularibus
1741 447 1839 487 aliqua
1854 456 1887 477 ex
1901 448 1989 477 causa

1252 496 1340 525 suerit
1362 495 1499 525 inhabilis
1514 520 1521 534 ,
1545 496 1589 526 vel
1619 496 1715 526 activa
1743 506 1813 526 voce
1837 497 1986 536 privatus,

1251 553 1302 574 seu
1324 544 1444 574 dubium
1467 554 1555 583 super
1576 545 1630 575 hoc
1653 545 1762 583 fuerit,
1786 545 1820 574 ad
1853 545 1988 575 definito-

1252 593 1327 623 rium
1344 594 1478 632 generale
1494 593 1612 625 Ordinis
1628 598 1738 633 spectet
1754 594 1780 624 id
1793 594 1989 624 determinare

1252 642 1297 672 vel
1319 642 1480 672 declarare.
1504 642 1554 672 Cui
1577 642 1815 672 determinationi
1835 643 1878 672 vel
1893 642 1989 672 decla-

1251 692 1358 721 rationi
1380 701 1481 721 omnes
1504 696 1581 722 stent
1603 691 1656 722 sub
1690 693 1785 731 poena
1816 692 1989 731 privationis

1251 740 1330 770 vocis
1351 740 1463 770 activae
1485 740 1530 770 vel
1553 740 1684 779 passivae
1707 740 1736 770 in
1758 740 1808 770 illo
1830 740 1966 780 capitulo.

1290 796 1318 817 v.
1342 787 1462 823 Quando
1484 788 1640 826 contigerit
1671 788 1833 827 praelatum
1862 789 1988 827 aliquem

1251 837 1433 876 superiorem
1450 837 1579 876 proferre
1597 837 1769 866 sententiam
1786 837 1988 875 suspensionis

1252 885 1287 915 ab
1309 886 1406 915 osticio
1428 886 1472 915 vel
1497 885 1669 924 privationis
1685 885 1763 915 vocis
1780 889 1881 915 contra
1905 894 1990 925 prae-

1251 935 1342 964 latum
1365 934 1419 964 sibi
1442 935 1611 965 inferiorem
1638 935 1807 972 suffragium
1831 935 1988 965 habentem

1252 984 1281 1013 in
1305 984 1433 1022 capitulo
1455 984 1584 1021 generali
1608 984 1650 1013 vel
1673 983 1701 1013 in
1726 983 1904 1021 delinitorio,
1923 983 1990 1013 esse-

1252 1036 1331 1062 ctum
1363 1027 1421 1062 non
1455 1032 1560 1062 habeat
1578 1057 1585 1070 ,
1609 1033 1679 1071 quin
1714 1033 1797 1072 prius
1819 1033 1990 1062 consulatur

1252 1081 1328 1110 idem
1351 1081 1561 1119 definitorium,
1586 1090 1656 1110 casu
1679 1090 1736 1120 quo
1760 1081 1789 1110 in
1813 1081 1871 1111 vim
1894 1081 1989 1111 dictae

1252 1130 1415 1160 sententiae
1453 1130 1630 1169 impediatur
1667 1130 1777 1160 dictum
1817 1129 1989 1168 suffragium

1253 1179 1382 1218 praefato
1397 1187 1458 1208 reo.
1479 1178 1558 1214 Quod
1574 1179 1756 1217 intelligatur
1771 1178 1858 1209 etiam
1875 1179 1990 1218 quando

1252 1228 1396 1257 sententia
1421 1232 1532 1257 tantum
1555 1231 1599 1257 est
1621 1228 1796 1258 declarativa
1812 1227 1908 1257 dictae
1924 1236 1991 1267 poe-

1252 1286 1306 1307 nae
1332 1277 1485 1316 impositae
1517 1277 1652 1307 videlicet
1680 1277 1743 1316 ipso
1772 1277 1845 1306 sacto
1868 1286 1883 1307 a
1906 1276 1989 1314 iure,

1252 1325 1296 1355 vel
1320 1335 1335 1355 a
1359 1325 1449 1355 Bullis
1471 1335 1522 1355 seu
1545 1325 1685 1355 Brevibus
1708 1325 1887 1363 Pontificiis,
1911 1324 1990 1355 vela

1252 1376 1359 1405 nostris
1382 1375 1653 1405 constitutionibus.

1291 1432 1330 1454 vt.
1353 1424 1456 1454 Nullus
1478 1424 1538 1454 sive
1561 1424 1590 1453 in
1614 1424 1741 1463 capitulo
1773 1423 1903 1462 generali
1930 1423 1991 1453 sive

1252 1472 1280 1501 in
1315 1472 1484 1502 delinitorio
1516 1472 1622 1502 audeat
1657 1472 1819 1502 subornare
1852 1472 1992 1502 electores

1251 1521 1363 1551 directe
1387 1521 1431 1550 vel
1455 1521 1607 1557 indirecte,
1631 1521 1676 1551 vel
1700 1521 1856 1560 precibus,
1880 1520 1992 1560 pollici-

1252 1570 1410 1600 tationibus
1425 1594 1432 1608 ‚
1457 1570 1564 1608 minis,
1589 1571 1682 1600 aliove
1715 1570 1799 1600 modo
1821 1570 1886 1600 illos
1907 1569 1992 1600 indu-

1252 1627 1317 1648 cere
1340 1622 1371 1648 ut
1393 1618 1477 1648 alteri
1498 1622 1649 1656 praestent
1682 1618 1727 1648 vel
1758 1618 1903 1657 denegent
1933 1618 1993 1648 sus-

1252 1667 1390 1706 fragium.
1414 1667 1449 1697 Et
1471 1668 1707 1705 contraveniens,
1730 1672 1878 1708 tamquam
1911 1668 1992 1708 pacis

1253 1716 1450 1756 perturbator,
1467 1717 1607 1756 puniatur
1623 1718 1717 1757 poena
1739 1717 1914 1757 privationis
1929 1717 1993 1748 offi-

1252 1766 1291 1796 cii
1312 1770 1340 1796 et
1362 1766 1418 1796 loci
1440 1776 1493 1806 per
1515 1767 1686 1797 triennium.

1291 1823 1309 1844 1.
1333 1814 1403 1844 Cum
1436 1814 1466 1844 in
1502 1815 1628 1854 capitulo
1662 1815 1792 1853 generali
1820 1814 1992 1854 suffragium

1253 1863 1361 1894 habere
1383 1863 1485 1894 debeat
1508 1864 1604 1894 socius
1627 1864 1857 1904 uniuscuiusque
1876 1865 1994 1904 provin-

1253 1912 1325 1949 ciae,
1343 1916 1371 1942 et
1393 1912 1589 1942 nominandus
1607 1912 1644 1941 sit
1659 1911 1695 1941 ab
1711 1912 1774 1951 ipso
1790 1912 1918 1952 capitulo
1940 1921 1993 1952 pro

1253 1961 1369 1999 futuro,
1393 1962 1422 1992 in
1446 1972 1503 2002 quo
1525 1962 1575 1992 alii
1603 1965 1691 1991 erunt
1713 1961 1864 2000 ministri,
1887 1965 1915 1991 et
1942 1961 1993 1991 alii

1253 2020 1312 2041 non
1334 2014 1474 2041 statutum
1498 2013 1552 2041 est'
1572 2011 1648 2050 quod
1672 2010 1834 2050 capitulum
1856 2010 1993 2048 generale

1254 2059 1316 2099 (cui
1342 2059 1523 2098 impossihile
1545 2063 1589 2089 est
1610 2059 1686 2089 scire
1708 2068 1803 2099 neque
1828 2059 1993 2098 intelligere

1254 2116 1404 2147 personas,
1418 2108 1488 2147 qua²
1501 2111 1566 2147 post
1582 2108 1755 2138 sexennium
1772 2108 1831 2138 sint
1849 2107 1993 2147 ministri)

1253 2156 1384 2194 designet
1412 2156 1507 2186 socios
1537 2156 1587 2196 qui
1616 2157 1730 2186 ratione
1760 2156 1848 2186 officii
1871 2164 1995 2186 concur-

1252 2214 1316 2235 rere
1335 2204 1459 2235 debeant
1480 2206 1514 2235 ad
1538 2206 1716 2244 capitulum3
1741 2206 1865 2245 ideoque
1884 2205 1995 2244 quaeli-

1254 2253 1302 2284 bet
1335 2254 1446 2283 familia
1478 2254 1602 2284 seorsim
1633 2264 1667 2284 ex
1690 2253 1820 2293 qualibet
1842 2253 1994 2293 provincia

1253 2311 1322 2332 suae
1345 2302 1473 2332 familiae
1496 2303 1651 2341 designare
1673 2302 1758 2333 dehet
1779 2303 1851 2332 duas
1873 2303 1991 2340 domos,

1253 2361 1327 2391 quae
1343 2351 1520 2390 capitulares
1535 2352 1791 2389 cognominentur,
1808 2355 1850 2389 ut,
1866 2351 1916 2391 qui
1932 2351 1994 2381 fue-

1254 2399 1313 2429 rint
1334 2408 1435 2429 earum
1458 2399 1585 2429 ministri
1607 2400 1775 2430 immediate
1798 2403 1866 2429 ante
1881 2399 1995 2439 capitu-

1254 2449 1313 2478 lum
1335 2449 1472 2486 generale
1494 2448 1613 2479 Ordinis
1635 2452 1685 2478 aut
1707 2449 1834 2478 familiae
1857 2457 1942 2487 suae,
1965 2447 1994 2478 vi

1253 2497 1343 2527 solius
1365 2497 1518 2528 electionis
1542 2497 1571 2526 in
1594 2497 1745 2528 ministros
1772 2506 1873 2528 earum
1896 2496 1994 2528 domo·

1290 2605 1299 2631 1
1323 2604 1460 2639 Intelligat
1479 2603 1519 2632 vel
1538 2605 1656 2640 corrigat
1674 2604 1791 2640 quisque
1810 2603 1882 2632 seius
1897 2603 1990 2639 (usn).

1287 2648 1304 2676 2
1318 2648 1394 2677 Fors.
1411 2649 1474 2684 qui,
1492 2648 1532 2677 vel
1547 2656 1630 2685 quae,
1646 2656 1694 2685 pro
1709 2656 1766 2684 qua
1779 2647 1993 2685 legend-(11:1⁸0.

1994 252 2048 279 An.
2064 251 2093 280 C.
2109 248 2199 285 ⁸1⁷8!

2030 1860 2060 1881 De
2073 1832 2138 1881 {ociis
2157 1858 2182 1882 nd

2004 1886 2120 1913 capitutum
2150 1891 2184 1913 fle·
2197 1886 2200 1914 ξ

2004 1914 2087 1937 nei-alo.
2106 1917 2184 1934 eorun-
2198 1919 2199 1934 t

2004 1945 2045 1967 qne
2054 1940 2182 1966 officimqut·

2004 1967 2101 1987 litatibns
2111 1969 2134 1988 et
2144 1965 2184 1988 011·
2198 1982 2199 1986 ,

2004 1996 2083 2016 ctione.
