2232 3178
32 185 80 212 An.
101 183 129 212 c,
147 182 213 211 ¹738
839 181 981 206 emmens
1007 181 1054 206 ΧΠ
1079 181 1129 205 1³1⁸.
1649 172 1713 206 365
1760 182 1811 210 An.
1832 182 1861 210 C.
1880 184 1948 212 ¹738

218 230 422 271 accedentes,
443 241 502 275 per
527 241 586 264 nos
613 231 743 265 extendi
762 236 793 264 et
810 230 958 274 ampliari
1005 240 1085 273 pore
1112 229 1326 272 deputandis,
1353 239 1480 264 necnon
1515 230 1584 263 aliis
1610 231 1748 274 presby-

217 284 390 328 plurimum
426 284 609 318 desideret:
648 285 742 318 nobis
779 288 957 328 propterea
1003 283 1081 315 teris
1103 287 1164 315 tam
1185 283 1407 315 saecularibus
1426 293 1522 326 quam
1541 283 1746 326 regularibus

216 337 387 371 humiliter
411 337 588 380 supplicari
625 338 701 370 fecit
732 343 767 369 ut
797 337 829 369 in
867 347 958 379 prae·
1002 335 1199 377 praedictis,
1226 335 1349 368 eisdem
1375 335 1415 368 de
1442 336 1547 368 causis
1579 337 1617 369 ad
1644 336 1749 368 archi-

214 391 319 424 missis
344 396 528 434 opportune
554 390 726 434 providere
756 395 789 422 et
814 396 849 422 ut
878 389 959 421 infra
1002 387 1175 430 hospitalia
1206 393 1236 420 et
1264 388 1440 431 hospitalia
1464 389 1632 432 praedicta
1658 399 1749 422 acce-

214 444 384 486 indulgere
410 444 449 477 de
474 443 678 487 benignitate
704 442 883 487 apostolica
913 442 956 475 di·
1003 440 1176 480 dentibus,
1217 446 1251 472 ut
1289 442 1433 474 omnium
1475 447 1506 474 et
1543 442 1747 485 singulorum

215 507 400 540 gnaremur.
1003 493 1172 537 utriusque
1199 504 1293 527 sexus
1318 494 1581 528 christifidelium
1607 495 1749 529 infirmo-

48 562 203 584 Annuarnnii-
256 551 271 593 ἓ
296 550 328 584 3.
347 550 410 583 Nos
436 550 545 593 igitur,
567 550 670 593 ipsius
692 548 821 582 Antonii
840 548 957 581 Mariae
1002 556 1073 578 rum
1100 557 1185 579 nunc
1211 552 1240 579 et
1273 557 1331 590 pro
1369 552 1516 591 tempore
1553 549 1585 581 in
1623 549 1747 582 eisdem

27 590 58 611 sex
70 589 203 610 concedendo

29 617 134 647 aronam
162 603 444 647 ⁴inprosccretarii
470 608 501 636 et
526 602 753 646 praeceptoris
777 602 858 635 votis
896 602 957 635 liae
1001 599 1317 643 arcliihospitalibus
1358 606 1389 633 et
1426 602 1673 645 hospitalibus,
1712 613 1748 635 ac

25 641 246 696 2¹3231‘2'2i‘2'33233f‘in
270 668 316 697 re,
335 663 493 700 quantum
519 668 591 690 cum
610 656 746 689 Dommo
772 666 954 699 possumus,
1002 652 1097 685 ctiam
1123 654 1307 696 puellarum
1332 654 1364 686 in
1383 656 1627 689 conservatorio
1646 657 1748 689 archi-

212 711 434 744 favorabiliter
459 720 603 743 annuere
627 711 785 749 volentes,
805 715 836 742 et
854 720 870 741 a
889 709 958 752 qui·
1003 706 1154 749 hospitali
1181 706 1212 739 S.
1240 706 1380 750 Spiritus
1416 709 1585 751 praedicto
1619 720 1746 743 annexo

211 763 319 797 busvis
345 762 707 802 excommunicationis,
734 762 957 805 suspensionis
1001 764 1032 791 et
1057 759 1088 791 in
1115 759 1292 792 infirmaria
1319 760 1395 793 dicti
1422 762 1657 794 conservatorii
1683 763 1747 796 exi-

211 824 242 850 et
267 817 443 857 interdicti,
469 817 608 860 aliisque
634 816 862 850 ecclesiasticis
884 827 957 849 sen-
1000 812 1164 853 stentium,
1179 814 1433 846 sacramentales
1453 813 1675 847 consessiones
1693 825 1746 847 ex-

212 870 344 910 tentiis,
371 870 518 903 censuris
544 875 576 903 et
601 869 716 913 poenis
733 898 740 909 ,
768 881 785 902 a
810 869 881 902 iure
906 870 955 902 vel
1001 866 1111 908 cipere
1128 893 1135 906 ‚
1174 867 1317 909 illosque
1355 872 1386 899 et
1421 867 1493 900 illas
1528 878 1545 900 a
1578 868 1744 910 quibusvis

210 922 250 955 ab
275 923 426 962 homine,
451 923 563 966 quavis
589 923 759 956 occasione
786 923 834 955 vel
861 924 954 955 causa
1001 920 1368 959 excommunicationis,
1394 921 1615 964 suspensionis
1641 927 1672 954 et
1702 923 1746 955 in-

209 976 294 1016 latis,
317 976 343 1008 si
369 976 487 1019 quibus
512 976 757 1018 quomodolibet
783 976 956 1009 innodatus
1002 974 1137 1014 terdicti‚
1157 974 1295 1017 aliisque
1315 974 1545 1008 ecclesiasticis
1561 977 1745 1015 sententiis,

211 1029 338 1070 existit,
366 1030 405 1062 ad
442 1028 592 1062 effectum
617 1030 843 1073 praesentium
870 1029 956 1062 dum-
1000 1027 1146 1060 censuris
1171 1033 1203 1060 et
1227 1028 1356 1071 poenis,
1384 1029 1634 1072 quomodolibet
1659 1030 1744 1068 latis,

210 1087 295 1115 taxat
329 1084 615 1126 consequendum,
642 1083 756 1116 harum
783 1084 866 1116 serie
900 1083 956 1116 ab·
999 1091 1035 1112 ac
1061 1080 1132 1112 aliis
1158 1080 1286 1113 casibus
1312 1081 1499 1121 reservatis,
1517 1087 1548 1114 et
1569 1082 1601 1114 in
1627 1092 1743 1125 supra—

209 1137 372 1169 solventes
399 1141 431 1169 et
455 1137 637 1170 absolutum
662 1137 729 1170 sore
763 1142 952 1177 censentes,
1000 1133 1094 1166 dictis
1120 1134 1208 1166 Pauli
1240 1134 1505 1177 praedecessoris
1541 1136 1659 1168 litteris
1692 1146 1745 1168 ex-

209 1189 399 1222 huiusmodi
445 1190 739 1233 supplicationibus
783 1190 952 1231 inclinati,
999 1187 1129 1230 pressis,
1158 1187 1190 1220 in
1216 1188 1284 1221 soro
1309 1188 1503 1221 coscicntiae
1530 1194 1663 1229 tantum,
1689 1190 1744 1222 ab·

208 1248 404 1276 memoratas
424 1243 512 1276 Pauli
530 1243 796 1286 praedecessoris
818 1243 952 1283 litteras,
998 1241 1146 1273 solvendi
1166 1268 1172 1281 ‚
1201 1246 1233 1274 et
1257 1251 1316 1283 pro
1355 1241 1535 1275 commissis
1572 1242 1744 1285 poeniten-

208 1296 247 1329 ad
271 1296 413 1329 savorem
445 1296 711 1339 presbyterorum
740 1296 954 1329 confessario·
999 1293 1075 1326 tiam
1110 1294 1284 1326 salutarem
1322 1293 1514 1337 iniungendi
1538 1321 1545 1333 ‚
1584 1295 1743 1338 dictisque

208 1360 280 1382 rum
305 1360 364 1392 per
388 1350 540 1382 custodes
565 1350 710 1383 eiusdem
729 1349 898 1393 hospitalis
913 1350 952 1383 de
998 1346 1131 1380 infirmis
1158 1347 1378 1380 ecclesiastica
1411 1353 1614 1381 sacramenta
1649 1349 1744 1381 mini-

207 1403 315 1437 Gratia
333 1410 363 1436 et
380 1403 611 1437 Consolatione
630 1404 902 1447 deputandorum,
920 1410 954 1436 ut
997 1400 1133 1440 strandi,
1161 1406 1193 1434 et
1218 1401 1250 1433 in
1277 1401 1414 1434 articulo
1433 1401 1546 1434 mortis
1563 1402 1742 1444 plenariam

207 1457 403 1499 praefertur,
429 1467 501 1489 cum
527 1457 678 1490 omnibus
704 1464 736 1491 et
756 1458 893 1500 singulis
911 1458 953 1490 sa-
996 1454 1141 1486 omnium
1167 1460 1377 1498 peccatorum
1403 1465 1535 1488 suorum
1568 1455 1742 1498 indulgen-

2 1491 7 1596 Ι
206 1509 380 1542 cultatibus
398 1510 589 1543 absolvendi
607 1521 624 1542 a
639 1510 805 1554 quibusvis
824 1510 951 1544 casibus
997 1506 1071 1539 tiam
1091 1512 1122 1539 et
1143 1507 1368 1540 remissionem
1394 1508 1618 1550 impendendi,
1646 1509 1741 1541 licen-

208 1567 240 1595 et
265 1563 450 1596 excessibus
475 1563 549 1596 Sedi
577 1564 784 1607 Apostolicae
811 1574 952 1597 reserva·
997 1559 1071 1593 tiam
1098 1565 1130 1593 et
1153 1560 1339 1594 facultatem
1361 1587 1368 1601 ,
1396 1563 1522 1594 servata
1547 1566 1653 1594 tamen
1673 1571 1741 1594 me-

208 1615 248 1648 tis
274 1616 307 1649 in
333 1617 458 1649 eisdem
483 1616 600 1650 litteris
636 1618 884 1660 comprehensis
921 1623 952 1650 et
995 1619 1194 1646 moratarum
1219 1614 1309 1647 Pauli
1335 1614 1599 1658 praedecessoris
1617 1614 1741 1647 littera-

207 1670 369 1713 expressis
384 1670 497 1710 editaS,
516 1681 581 1703 non
599 1670 804 1703 obstantibus
823 1671 951 1704 illarum
995 1677 1065 1700 rum
1091 1668 1195 1700 form&
1219 1673 1251 1700 et
1277 1667 1515 1710 dispositione,
1549 1667 1740 1702 auctoritate

207 1723 437 1757 reformatione
464 1729 495 1757 et
520 1724 741 1758 declaratione
779 1735 795 1758 a
831 1735 952 1758 merno-
995 1726 1027 1754 Θῑ
1053 1726 1168 1755 tenore
1193 1722 1367 1765 Pssssssffliss,
1395 1722 1609 1756 concedimus
1636 1728 1668 1756 θῑ
1693 1723 1740 1755 iss-

205 1781 276 1810 rato
301 1777 467 1811 Clemente
493 1778 749 1821 praedecessore
775 1778 884 1819 sactis,
910 1778 949 1812 ad
995 1775 1180 1817 dulgemus.

205 1841 319 1864 omnes
344 1836 376 1864 et
400 1831 548 1874 singulos
570 1831 784 1865 confessarios
802 1843 951 1875 quorum-
1038 1828 1053 1872 ᾗ
1077 1828 1109 1861 Ιι.
1136 1828 1205 1862 Non
1231 1829 1437 1863 obstantibus
1462 1829 1639 1874 praedictis
1668 1829 1757 1885 Cle·t
1776 1865 1795 1886 Η,
1822 1839 1933 1861 contraria

206 1895 347 1929 cumque
366 1890 397 1919 et
420 1885 622 1928 singulorum
641 1886 949 1929 archiliospitalium
994 1882 1113 1915 mentis
1143 1883 1409 1926 praedecessoris
1435 1884 1553 1917 litteris
1570 1911 1577 1924 ‚
1603 1884 1739 1928 aliisque
1760 1871 1771 1886 ⁰
1792 1868 1814 1887 ἰ’

5 1918 9 1986 Ε
206 1942 238 1970 et
263 1938 476 1982 hospitalium
500 1938 534 1971 in
559 1939 671 1972 eadem
696 1938 780 1972 Urbe
811 1939 950 1972 existen-
994 1936 1285 1969 constitutionibus
1311 1942 1342 1970 et
1366 1937 1627 1970 ordinationibus
1662 1948 1741 1980 apo-

5 1993 9 2013 ¹
207 1992 305 2033 tium,
336 2003 465 2026 necnon
503 1993 711 2037 presbyteros
746 1994 948 2035 saeculares,
993 1989 1144 2029 stolicis,
1183 2000 1315 2023 necnon
1351 1990 1502 2023 omnibus
1538 1996 1569 2024 et
1601 1991 1740 2033 singulis

5 2019 9 2063 ἦ
205 2051 237 2079 et
261 2046 402 2079 cuiusvis
433 2046 561 2080 Ordinis
586 2047 636 2080 vel
662 2046 949 2090 Congregationis‚
994 2043 1058 2076 illis
1093 2054 1175 2087 quae
1210 2044 1242 2076 in
1268 2044 1447 2087 praedictis
1481 2044 1571 2078 Pauli
1605 2045 1740 2088 praede-

206 2104 262 2132 aut
285 2099 425 2132 instituti
451 2111 469 2133 a
493 2100 574 2134 Sede
609 2101 793 2144 Apostolica
829 2112 949 2145 appro-
993 2097 1133 2131 cessoris
1158 2098 1276 2131 litteris
1303 2108 1458 2131 concessa
1484 2103 1557 2131 sunt
1582 2108 1648 2131 non
1682 2099 1739 2131 ob-

205 2153 283 2193 bati,
310 2154 492 2196 regulares,
521 2154 560 2187 ad
587 2155 842 2188 sacramentales
867 2155 949 2188 chri-
992 2156 1092 2192 stare,
1118 2152 1304 2195 ceterisque
1330 2151 1504 2185 contrariis
1531 2152 1739 2195 quibuscum-

6 2229 10 2275 Ι
205 2205 397 2240 stilidelium
423 2207 646 2241 consessiones
672 2207 879 2251 excipiendas
897 2219 948 2252 ap·
993 2215 1068 2248 (lue-

7 2294 9 2300 ,
205 2259 370 2302 probatos,
396 2260 449 2303 qui
476 2260 515 2293 ad
541 2260 677 2294 illatam
694 2260 781 2294 iuxta
799 2262 947 2295 ordinem
1036 2258 1151 2293 Datum
1178 2258 1318 2300 Romae,
1346 2260 1431 2302 apud
1456 2259 1488 2292 S.
1516 2258 1646 2292 Mariam
1672 2258 1738 2291 Ma-

206 2323 222 2346 a
247 2318 428 2347 memorato
461 2313 582 2347 Ioanne
613 2314 754 2347 Antonio
792 2315 947 2348 cardinali
991 2313 1094 2347 iorem
1119 2313 1180 2347 sub
1206 2313 1327 2346 annulo
1353 2313 1544 2352 piscatoris,
1570 2312 1622 2345 dic
1638 2322 1738 2346 xxviii

205 2371 237 2399 et
273 2367 392 2400 vicario
433 2372 590 2400 statutum
629 2378 726 2412 quam
767 2368 948 2402 devotionis
991 2368 1103 2411 aprilis
1127 2376 1361 2407 iinccxxxvin,
1395 2366 1602 2410 pontificatus
1634 2365 1737 2398 nostri

206 2421 301 2453 causa
325 2430 394 2455 sese
420 2421 614 2462 conserunt,
641 2420 834 2454 auctoritate
859 2432 948 2464 prae·
991 2432 1078 2455 anno
1104 2432 1174 2456 viii.
1215 2462 1219 2467 ,

206 2472 292 2506 dicta
314 2474 515 2508 extendimus
538 2480 570 2507 et
590 2474 801 2518 ampliamus;
825 2474 948 2508 eisdem
1026 2485 1090 2512 Dat.
1111 2483 1155 2511 die
1174 2483 1209 2511 28
1229 2483 1324 2519 aprilis
1346 2483 1424 2516 1738,
1446 2482 1547 2517 pontif.
1569 2490 1641 2509 anno
1662 2488 1719 2509 vin.

206 2527 414 2561 confessariis
430 2528 738 2572 archiliospitalium
754 2533 785 2562 et
800 2528 947 2572 hospita-

205 2580 284 2614 lium
301 2582 545 2625 praedictorum
563 2582 730 2626 deputatis
747 2587 779 2616 et
796 2592 854 2626 pro
874 2587 950 2616 tern-
