2232 3178
58 250 150 279 Amo.
173 247 240 275 ¹737

248 297 408 339 ingressi,
435 297 467 328 in
493 297 755 341 Congregatione
788 309 897 332 coram
923 309 985 332 no-

247 350 296 382 his
333 349 443 382 habita
473 350 524 383 die
556 361 577 384 ιι
608 352 730 384 mensis
761 352 873 395 aprilis
905 362 989 385 anno

247 413 451 444 uncexxxvtt,
472 414 507 436 ex
529 410 669 447 quatuor
687 405 852 438 miraculis
870 416 990 448 propo-

247 456 333 496 sitis,
354 457 413 489 tria
439 458 608 500 sequentia
629 459 718 491 suere
738 459 928 502 approbata,
947 458 990 490 vi-

247 509 380 542 delicet:
406 509 558 547 Primum,
577 511 701 544 subitae
729 511 905 544 sanationis
930 511 990 543 Ma-

245 561 310 594 riae
327 562 535 604 Magdalcnae
561 563 669 604 Rizzi3
698 564 779 596 baec
807 563 894 596 enim
919 575 989 596 mu-

245 615 317 654 lier,
337 615 369 646 in
389 626 450 657 qua
475 626 492 648 a
516 626 630 648 novem
657 617 786 649 circiter
810 617 902 649 annis
929 617 990 649 ini-

246 678 309 711 qua
345 668 446 700 vitiati
484 669 630 702 humoris
669 669 779 703 feritas
801 670 927 703 defluxa
950 671 989 703 ad

245 721 390 754 infernos
410 727 497 754 artus
523 733 587 754 non
613 723 718 755 minus
737 734 832 766 quam
850 723 888 756 ad
908 724 989 756 latus

245 774 412 806 sinistrum
450 779 602 816 extensa,
640 781 797 818 quantum
833 781 990 809 vetustate

244 830 303 860 sua
332 829 363 860 in
395 828 495 861 latere
521 830 653 862 acerbos
679 830 874 863 enutriverat
899 840 990 862 acet·-

243 882 418 925 bioresque
445 893 503 925 per
528 883 698 916 intervalla
723 884 884 916 cruciatus
902 883 988 916 exei-

243 941 372 976 tax-erat,
410 942 534 968 tantum
561 937 593 968 in
620 938 801 970 tumefactis
840 937 989 970 cruribus

243 989 379 1022 liberam
399 996 504 1023 motus
522 991 685 1024 ademerat
704 993 899 1031 facultatem,
916 991 990 1023 iam-

243 1042 296 1075 diu
316 1043 355 1075 ad
374 1043 572 1076 incurabiles
591 1045 772 1084 amandata,
788 1044 903 1088 quum¹
923 1045 989 1077 tota

242 1100 341 1128 noete
366 1094 565 1129 sanationem
592 1098 807 1139 praecedente
835 1108 851 1129 a
877 1096 987 1129 lateris

246 1148 362 1182 dolore.
388 1149 512 1182 saevius
547 1154 771 1193 torqueretur,
799 1156 872 1194 post
899 1150 988 1183 invo-

243 1202 408 1235 cationem
444 1203 476 1235 B.
510 1203 702 1236 Calliarinae
739 1205 829 1237 brevi
871 1215 987 1237 somno

243 1260 406 1299 correpta,
433 1267 507 1289 sana
533 1258 672 1290 surrexit
697 1258 851 1297 diluculo,
878 1268 914 1290 ac
951 1258 987 1290 li-

243 1308 396 1341 beratrici
421 1319 497 1342 suae
524 1309 643 1352 gratias
661 1310 821 1350 reserens,
850 1311 888 1343 ad
915 1321 987 1343 con-

242 1366 334 1394 sueta
369 1361 634 1395 benevalentium
671 1362 776 1396 officia
815 1363 987 1396 incolumis

240 1425 375 1447 reversa
399 1420 464 1447 est:
492 1415 635 1455 tertium,
662 1416 841 1449 sanationis
869 1427 987 1459 repen-

243 1466 328 1500 tinae
353 1467 469 1500 Mariae
496 1468 689 1502 Franciscae
723 1469 878 1502 Xaveriae
905 1470 987 1503 Gen-

242 1520 306 1553 tilis
331 1521 481 1563 patritiae
507 1521 696 1561 (lentiensis,
724 1533 820 1566 quam
847 1529 877 1555 et
902 1534 988 1556 scor-

241 1574 349 1607 butiea
374 1574 544 1617 aegritudo
570 1586 587 1607 a
613 1576 769 1608 tredecim
800 1576 868 1609 sere
894 1577 986 1609 annis

241 1627 410 1667 invaserat,
433 1634 464 1660 et
489 1628 633 1671 spirandi
654 1628 840 1669 difficultas,
860 1632 988 1663 convul-

242 1680 349 1713 siones
377 1691 448 1714 eum
476 1691 649 1715 nervorum
675 1682 707 1714 in
727 1682 864 1725 pedibus
890 1689 987 1717 attra-

241 1733 358 1774 ctione,
386 1744 422 1767 ac
445 1734 534 1767 vivae
569 1736 649 1768 lucis
677 1736 851 1779 omnisque
879 1748 986 1770 muno-

243 1787 285 1820 ris
321 1787 532 1821 intolerantia
569 1789 613 1821 ita
650 1789 825 1829 vexabant,
859 1795 892 1822 ut
928 1801 988 1823 nec

240 1841 419 1880 ambulare,
434 1852 494 1874 nec
509 1842 704 1875 decumbere
723 1849 833 1885 posset
851 1844 986 1877 omnino

240 1894 302 1927 nisi
354 1895 567 1928 cervicalibus
611 1896 760 1939 plurimis
802 1897 984 1937 fulciretur,

241 1957 322 1991 quae
355 1947 387 1980 in
419 1959 509 1991 spem
537 1950 790 1992 consequendae
816 1951 930 1983 salutis
956 1962 987 1984 e-

240 2007 339 2041 recta,
364 2001 389 2034 si
412 2002 528 2034 Beatac
555 2002 685 2035 exuvias
704 2013 814 2036 coram
829 2004 858 2036 ei
874 2005 985 2037 datum

240 2059 323 2086 esset
347 2055 513 2093 venerari,
549 2055 613 2088 voti
650 2066 783 2099 compos
820 2057 926 2097 saeta,
954 2058 985 2089 in

240 2107 413 2149 gestatoria
436 2109 520 2141 sella
546 2119 563 2141 a
587 2109 705 2142 Beatae
727 2109 911 2143 visitatione
935 2111 987 2144 do-

240 2171 326 2193 mum
350 2161 463 2202 redux,
497 2161 542 2195 nil
570 2162 737 2196 haesitans
768 2174 803 2197 se
830 2164 986 2198 divinitus

240 2214 417 2256 perfectam
443 2215 624 2248 obtinuisse
651 2217 800 2258 salutem,
831 2217 986 2250 domesti-

239 2277 291 2299 cas
317 2268 418 2300 scalas
439 2267 583 2300 animosa
604 2270 839 2312 conscendere,
858 2271 984 2311 sedere,

240 2329 394 2362 surgere,
422 2326 519 2363 atque
545 2322 712 2354 ambulare
737 2322 825 2356 illico
851 2324 981 2366 coepit,

239 2373 357 2415 quibus
379 2373 594 2406 afflictabatur
615 2375 737 2407 morbis
763 2376 983 2420 undequaque

239 2425 401 2468 depulsis:
429 2431 460 2458 et
484 2432 652 2469 quartum,
679 2428 904 2462 instantaneae
930 2440 984 2461 eu-

238 2478 373 2511 rationis
398 2479 559 2512 Blanehae
596 2480 731 2513 feminae
768 2481 800 2513 in
827 2481 982 2524 hospitali

238 2532 464 2566 incurabilium
498 2543 516 2566 a
552 2532 666 2575 viginti
705 2535 851 2578 quinque
888 2537 981 2570 annis

274 2648 283 2675 1
308 2646 379 2674 Edit.
401 2647 482 2674 Main.
504 2647 568 2682 legit
590 2656 673 2683 quam
694 2656 742 2684 pro
764 2657 854 2683 [stetim
877 2650 913 2686 (a.
931 2651 979 2686 τ.).

865 249 1009 275 CLEMENS
1036 249 1081 273 xil
1107 250 1155 274 1³1².

1677 242 1736 275 271

1033 299 1177 339 iacentis,
1198 310 1290 343 quae,
1313 310 1350 333 ex
1376 300 1508 343 antiqua
1533 300 1667 334 semoris
1692 301 1778 334 laxa-

1033 351 1119 384 tione
1136 379 1144 392 ,
1171 359 1299 385 artuum
1325 353 1529 386 infernorum
1556 354 1778 396 dexteraeque

1033 415 1148 437 manus
1173 406 1310 448 paralysi
1329 407 1529 448 gravabatur,
1549 407 1622 440 dum
1638 407 1677 439 ad
1699 407 1779 440 Bea-

1034 462 1083 490 tae
1109 459 1297 505 septi-lerum
1326 464 1391 492 toto
1424 459 1558 502 spiritus
1585 465 1702 492 conatu
1729 470 1777 492 sa-

1032 511 1133 542 lutem
1158 511 1291 553 flagitat,
1308 517 1442 554 repente
1457 517 1625 545 attractam
1644 523 1778 545 manum

1033 564 1200 604 extendit,
1227 569 1258 597 et
1284 570 1459 608 utrumque
1501 576 1575 598 erus
1612 565 1778 598 imbecille

1033 617 1185 659 expedite
1212 623 1336 658 movet,
1363 629 1397 651 ac
1424 618 1589 661 graditur,
1614 619 1778 662 perlectae

1034 669 1250 703 incolumitati
1277 672 1436 705 restituta.

1078 723 1092 766 ἓ
1118 723 1171 756 ⁶26.
1199 724 1344 767 Denique
1371 726 1514 768 generali
1542 737 1709 759 sacrorum
1737 727 1901 760 ri-nsscmtum
1918 739 1972 759 can-

1034 780 1124 808 tuum
1141 776 1400 820 Congregatione
1416 788 1525 811 coram
1545 780 1639 812 nobis
1658 790 1776 813 convo-
1788 766 1973 813 ttffl'ss‘ss'fifflflssi

1033 830 1111 868 cata,
1130 830 1362 874 propositaque
1382 832 1584 874 quaestione,
1602 843 1650 873 an,
1670 838 1777 866 stante
1789 820 1893 866 l³r1⁰n⁵t÷⁵1⁸u³d
1911 819 1974 866 till&

1032 883 1252 924 praefatorum
1271 884 1504 917 miraculorum
1523 886 1775 929 approbatione,
1788 873 1976 921 {camme-anom-

1033 934 1071 967 ad
1097 937 1277 969 solemnem
1303 937 1337 969 B.
1365 937 1558 971 Catliarinae
1585 939 1710 972 Fliscae
1739 940 1779 972 Α-

1033 987 1156 1022 darnae
1182 990 1459 1024 canonizationem
1493 997 1561 1025 tuto
1587 998 1700 1035 posset
1725 993 1779 1026 de-

1031 1040 1151 1081 veniri,
1180 1052 1252 1075 eum
1278 1044 1482 1077 venerabiles
1523 1044 1638 1078 fratres
1674 1042 1778 1078 nostri

1031 1092 1062 1125 S.
1088 1094 1125 1126 R.
1153 1095 1185 1127 E.
1215 1096 1395 1129 cardinales
1432 1098 1597 1140 praefatae
1634 1097 1776 1141 Congre-

1031 1148 1171 1189 gationis
1201 1149 1300 1182 saeris
1336 1150 1453 1184 ritibus
1491 1153 1698 1195 praepositae
1731 1153 1776 1185 as-

1031 1201 1188 1234 lirmative
1215 1203 1481 1245 respondissent:
1509 1215 1586 1245 nos,
1614 1210 1688 1247 post
1715 1205 1775 1237 liu-

1031 1253 1183 1287 millimas
1210 1260 1337 1287 nostras
1364 1256 1569 1300 aliorumque
1606 1258 1693 1290 susas
1738 1258 1777 1290 ad

1031 1306 1130 1339 Deum
1168 1318 1280 1350 preces
1307 1313 1340 1340 ut
1365 1309 1396 1340 in
1427 1320 1461 1342 re
1492 1315 1554 1342 tam
1582 1311 1669 1352 gravi
1708 1321 1778 1343 cae-

1030 1361 1118 1393 lestis
1145 1361 1298 1394 adiutorii
1331 1363 1443 1395 lumen
1476 1363 1713 1396 concederetur
1739 1375 1775 1396 ex

1030 1413 1104 1449 alto.
1132 1413 1183 1446 die
1209 1424 1265 1447 x111
1284 1415 1398 1458 aprilis
1420 1426 1505 1449 anno
1526 1426 1719 1450 moecxxxvn
1738 1418 1777 1450 ad

1030 1466 1065 1498 B.
1093 1466 1297 1499 Catliarinam
1320 1469 1459 1501 solemni
1488 1469 1550 1501 ritu
1588 1472 1618 1503 in
1645 1470 1778 1503 Sancta-

1031 1530 1099 1551 rum
1125 1520 1234 1553 album
1255 1521 1506 1554 adscribendam
1526 1524 1658 1566 procedi
1680 1535 1774 1567 posse

1030 1573 1280 1606 declaravinms.
1309 1575 1423 1608 Postea
1458 1576 1509 1608 die
1542 1587 1572 1609 vt
1606 1579 1774 1620 sequentis

1030 1626 1150 1658 mensis
1177 1627 1250 1659 maii
1277 1628 1308 1659 in
1335 1629 1532 1661 concistorio
1569 1636 1681 1663 nostro
1719 1642 1771 1664 se-

1031 1684 1133 1719 creto,
1154 1690 1171 1711 a
1189 1680 1307 1713 dilecto
1323 1680 1387 1714 lilio
1405 1682 1550 1714 Antonio
1568 1683 1674 1716 Felice
1693 1684 1775 1717 tituli

1030 1733 1061 1765 S.
1083 1733 1235 1765 l‘raxedis
1261 1734 1451 1777 presbytero
1470 1735 1634 1769 cardinali
1653 1737 1776 1769 Zonda-

1032 1786 1121 1818 dario
1133 1793 1330 1829 nuncupato,
1342 1787 1602 1830 praemissorum
1615 1790 1772 1829 omnium,

1031 1850 1113 1881 quae
1148 1839 1181 1871 in
1222 1841 1318 1872 causa
1355 1846 1424 1872 acta
1461 1841 1609 1880 fucrant,
1647 1853 1774 1876 necnon

1031 1894 1115 1925 vitae
1157 1899 1188 1925 et
1224 1893 1454 1926 miraculorum
1504 1894 1537 1927 B.
1580 1894 1774 1929 Catliarinae

1031 1946 1214 1978 summatim
1241 1952 1272 1978 et
1297 1947 1443 1990 apposite
1478 1948 1636 1981 relatione
1675 1951 1773 1989 sacta,

1031 2010 1104 2031 cum
1131 1999 1249 2042 reliqui
1276 2000 1480 2040 cardinales,
1506 2001 1559 2044 qui
1586 2002 1773 2043 atlsueruut,

1030 2053 1116 2085 idem
1143 2053 1366 2093 censuissent,
1393 2053 1426 2085 in
1459 2054 1591 2096 publico
1618 2056 1775 2089 consisto-

1031 2106 1078 2138 rio
1105 2107 1250 2149 proxime
1277 2118 1294 2139 a
1319 2107 1412 2140 nobis
1439 2108 1563 2148 habito,
1590 2109 1697 2142 audita
1717 2121 1775 2153 per

1030 2160 1181 2193 dilectum
1219 2160 1320 2193 filium
1361 2161 1544 2194 Gabrielem
1578 2162 1772 2204 Serianum,

1029 2214 1266 2247 consistorialis
1291 2215 1384 2247 aulae
1410 2221 1542 2248 nostrae
1569 2216 1771 2255 advocatum.

1029 2267 1148 2300 diserta
1174 2268 1323 2300 oratione
1345 2268 1384 2301 de
1405 2269 1560 2301 virtutum
1584 2269 1775 2303 excellentia

1030 2321 1177 2363 vitaeque
1203 2321 1375 2354 sanctitate
1402 2322 1436 2355 B.
1465 2322 1669 2363 Catharinae,
1707 2329 1773 2356 tum

1028 2375 1125 2406 etiam
1158 2374 1350 2407 humillimis
1374 2375 1672 2418 supplicationibus
1690 2387 1773 2420 quae

1028 2428 1123 2461 nobis
1149 2439 1208 2471 pro
1235 2428 1381 2461 eiusdem
1415 2429 1531 2461 Beatae
1568 2429 1624 2461 Dei
1662 2440 1773 2463 servae

1028 2481 1277 2515 canonizatione
1314 2480 1448 2513 nomine
1490 2481 1588 2513 totius
1626 2482 1706 2514 cleri
1741 2488 1772 2515 et

1026 2535 1139 2578 populi
1176 2535 1312 2578 inclytae
1346 2534 1525 2566 Genuensis
1559 2534 1771 2578 Reipublicae

1025 2589 1292 2632 porrigebantur,
1318 2587 1357 2620 de
1383 2597 1416 2620 re
1444 2589 1532 2620 tanta
1568 2594 1696 2631 tamque
1723 2600 1772 2621 ar-

1025 2644 1089 2677 duo
1115 2642 1247 2685 negotio
1275 2651 1342 2681 1108,
1365 2647 1398 2674 ut
1420 2641 1605 2684 oportebat,
1631 2652 1703 2675 cum
1720 2654 1772 2676 vc·

1790 254 1838 278 An.
1856 254 1882 279 C.
1908 254 1971 282 1737
