2232 3178
282 261 332 288 An.
349 260 378 288 e.
398 261 468 289 1736
513 251 578 286 tta

320 1382 461 1404 Concordiam

277 1410 330 1430 inire
345 1413 429 1436 parant.

298 2605 437 2626 Concordata.

476 310 714 343 mandatarium
741 313 889 353 spectare
914 319 980 342 non
1006 309 1131 352 possit,
1159 309 1216 342 sed

475 364 539 396 hoc
564 363 718 407 privative
736 362 773 395 ad
788 373 847 405 pro
864 367 1010 405 tempore
1025 362 1216 395 existentem

475 417 762 459 archiepiscopum
789 415 1027 448 Mcssanensem
1054 421 1216 459 tamquam

476 471 662 512 delegatum
688 468 902 511 apostolicum
928 474 1054 512 spectet
1085 474 1117 501 et
1146 479 1217 512 per-

476 523 593 561 tineat,
618 522 775 565 quodque
802 521 886 554 idem
913 521 1028 554 Silvius
1055 521 1217 564 archiepi-

474 586 592 618 scopus
622 581 654 607 et
686 574 978 608 commendatarius
1014 574 1138 608 litteras
1172 574 1217 607 di-

474 627 673 661 missoriales
689 627 754 661 suis
769 627 907 660 subditis
923 628 1104 661 concedere
1119 633 1215 671 atque

474 691 649 714 concursus
679 681 717 713 ad
749 680 909 714 beneficia
945 686 1054 714 curata
1091 682 1215 725 absque

474 735 627 777 expressa
652 734 744 767 Sedis
770 733 975 777 Apostolicae
1002 734 1215 767 concessione

474 792 583 819 tencre
610 792 641 820 et
665 787 836 820 instituere
864 787 1040 830 respective
1065 798 1130 819 non
1165 798 1215 819 va-

473 840 561 879 leat,
587 851 715 873 necnon
742 840 1003 884 dispensationes
1029 845 1060 873 et
1084 840 1214 873 litterae

474 893 674 936 apostolieae
699 893 805 926 eidem
830 893 967 936 Iosepho
993 898 1025 926 et
1049 903 1108 936 pro
1140 898 1215 926 tem-

473 956 552 988 pore
578 946 726 978 existenti
748 946 998 989 archiepiscopo
1016 946 1212 978 Messanensi

474 1004 594 1032 tantum
634 999 790 1042 privative
828 1000 933 1043 quoad
971 1010 1083 1032 omnes
1119 999 1212 1042 dirigi

473 1052 622 1092 debeant,
639 1053 818 1096 respective
835 1052 1152 1096 praetendentibus),
1169 1063 1213 1084 re·

472 1106 597 1149 busque
623 1106 695 1139 aliis
722 1107 752 1138 in
780 1107 858 1139 actis
882 1116 1049 1139 causarum
1076 1111 1107 1138 et
1138 1116 1214 1138 con·

473 1159 701 1192 troversiarum
728 1160 916 1193 huiusmodi
938 1160 1033 1193 latius
1053 1160 1212 1199 deductis,

473 1219 505 1245 et
530 1224 639 1246 earum
666 1213 836 1247 occasione
869 1214 901 1246 in
934 1214 1038 1257 prima
1073 1224 1130 1246 scu
1163 1224 1212 1246 se-

472 1267 577 1299 cunda
614 1272 668 1299 aut
703 1267 765 1299 alia
799 1267 917 1300 veriori
951 1266 1103 1299 instantia
1137 1277 1211 1310 pen-

473 1320 625 1353 dentibus
651 1320 820 1354 indecisis:

516 1374 531 1416 ἓ
556 1373 587 1406 2.
615 1374 774 1417 Iosephus
800 1374 1071 1418 archiepiscopus
1098 1380 1129 1407 et
1154 1374 1210 1407 Sil-

471 1428 540 1461 vius
566 1428 690 1471 pariter
714 1428 979 1471 archiepiscopus
1005 1434 1212 1462 eteommen—

473 1481 613 1514 datarius
631 1481 776 1524 praefati,
792 1481 879 1514 serio
899 1481 984 1514 inter
1000 1492 1033 1514 sc
1052 1482 1210 1515 meditan-

474 1541 520 1568 tes
547 1546 641 1579 quam
668 1535 708 1567 sit
733 1535 891 1568 absonum
918 1536 958 1568 ab
992 1535 1212 1568 ecclesiastica

472 1589 644 1632 disciplina
662 1594 694 1622 et
712 1591 932 1632 praelatorum
959 1589 1115 1632 dignitate
1141 1589 1212 1623 lites

472 1643 600 1681 fovere,
626 1653 679 1674 eas
712 1641 887 1685 praecipue
917 1653 998 1686 quac
1030 1643 1209 1685 simplicem

471 1696 731 1729 iurisdictionem
757 1695 951 1739 respiciunt,
979 1707 995 1728 a
1020 1696 1138 1739 quibus
1164 1696 1211 1729 in-

472 1759 607 1781 numera
632 1748 826 1781 detrimenta
853 1754 884 1781 et
919 1750 1090 1789 scandala,
1128 1761 1211 1793 quae

470 1803 692 1845 praelatorum
735 1801 882 1834 charitati
931 1807 961 1834 et
1008 1803 1211 1836 subditarum

471 1856 650 1889 animarum
677 1855 827 1898 regimini
866 1862 940 1888 sunt
976 1857 1211 1899 quammavime

471 1909 615 1949 insensa,
640 1909 772 1952 prodire
799 1909 918 1942 solent:
944 1910 982 1942 ad
1010 1909 1211 1943 dirimendas

470 1963 543 1995 lites
561 1967 592 1995 et
609 1962 845 1995 controversias
865 1962 1063 2003 huiusmodi,
1083 1973 1211 1995 earum-

471 2026 533 2059 que
560 2015 674 2048 dubios
700 2021 832 2048 eventus
851 2016 1209 2055 evitandum,innume-

470 2070 578 2112 risque
593 2069 775 2111 sumptibus
794 2069 1009 2112 parcendum,
1030 2081 1208 2114 pacemque

471 2127 502 2155 et.
525 2122 786 2156 benevolentiam
804 2123 889 2155 inter
907 2133 939 2155 se
958 2123 1207 2164 conciliandam,

470 2176 509 2209 de
535 2175 698 2209 communi
717 2175 979 2218 iurisperitorum
1000 2177 1148 2216 consilio,
1167 2182 1208 2217 et,

469 2229 574 2272 quoad
599 2229 773 2272 losephum
800 2229 1086 2272 archiepiscopum
1119 2241 1210 2273 prac-

469 2283 587 2322 satum,
614 2283 653 2315 de
679 2287 754 2314 tunc
779 2282 984 2315 existentium
1019 2283 1150 2327 capituli
1177 2289 1208 2317 et

469 2335 703 2369 canonicorum
731 2335 885 2368 ecelesiae
901 2335 1117 2369 Messanensis
1136 2348 1208 2370 con·

469 2400 587 2429 sensu,
613 2389 651 2422 ad
677 2388 917 2432 infrascriptam
942 2389 1002 2421 sub
1039 2395 1150 2423 nostro
1177 2396 1208 2424 et

468 2443 562 2476 Sedis
593 2442 801 2486 Apostolicae
836 2442 1043 2485 beneplacito
1069 2444 1208 2477 devene-

468 2501 544 2529 runt
567 2496 653 2529 inter
683 2507 717 2529 se
753 2496 856 2529 bonae
890 2495 964 2528 fidei
1001 2497 1207 2530 concordiam

468 2560 523 2583 seu
552 2549 800 2582 transactionem
815 2575 822 2589 ,
849 2548 1022 2582 videlicet:

508 2620 526 2641 1.
559 2611 638 2646 Quod
671 2611 766 2641 dictus
798 2611 939 2650 Iosephus
969 2610 1208 2651 archiepiscopus

467 2660 589 2701 eiusque
621 2669 804 2692 successores
838 2669 1046 2698 recognoscere
1069 2659 1204 2699 debeant,

1063 259 1244 285 BULLAmtJM
1267 259 1424 287 ROMANUM

1262 309 1372 339 dictum
1388 309 1510 340 Silvium
1529 309 1783 350 archiepiscopum
1806 314 1834 341 et
1855 320 2001 341 commen-

1261 358 1405 388 datarium
1429 359 1550 398 eiusque
1577 359 1605 388 in
1635 359 1713 390 dicto
1736 360 1912 390 monasterio
1936 369 2001 390 suc-

1261 416 1392 437 cessores
1415 408 1522 438 habere
1544 408 1740 438 omnimodam
1767 409 1999 438 iurisdictionem

1261 456 1377 486 civilem
1401 461 1429 486 et
1451 457 1664 487 contentiosam
1699 461 1785 497 atque
1817 458 1999 487 criminalem

1261 505 1290 535 in
1313 505 1448 535 omnibus
1470 506 1496 535 ei
1520 506 1633 535 ratione
1655 506 1724 536 dicti
1748 507 1915 536 monasterii
1932 506 2001 536 sub-

1261 554 1346 584 iectis
1369 554 1461 591 locis,
1486 564 1599 584 necnon
1623 555 1710 584 etiam
1733 555 1762 584 in
1785 555 1902 585 civitate
1929 556 2001 585 Mes-

1260 603 1377 632 sanensi
1410 613 1497 642 super
1529 603 1593 633 eius
1626 603 1776 640 subditos,
1805 603 1887 634 iuxta
1919 609 2000 634 teno-

1260 662 1321 682 rem
1335 653 1484 682 Bullaruni
1500 652 1728 692 apostolicarum
1742 662 1774 682 ac
1787 654 1999 684 sententiarum

1260 701 1384 741 desuper
1418 707 1638 739 emanatarum,
1664 703 1698 732 ad
1732 712 1804 741 quas
1826 703 1998 738 sententias,

1261 760 1311 789 pro
1334 760 1367 780 eo
1389 751 1466 790 quod
1490 751 1610 790 respicit
1633 751 1710 781 hunc
1733 752 1933 782 tantummodo
1956 761 2000 781 ar-

1261 798 1381 828 ticulum
1404 799 1621 829 ordinarietatis
1646 799 1715 830 dicti
1740 800 1823 829 Silvii
1854 800 2000 840 archiepi-

1259 847 1338 886 scopi
1362 852 1389 877 et
1411 848 1664 885 commendatarii,
1686 848 1764 878 nulla
1783 848 1882 878 habita
1904 848 1999 878 consi-

1259 896 1409 926 deratione
1433 897 1613 937 reliquorum
1643 897 1834 927 articulorum
1864 897 1893 927 in
1918 907 1999 936 prae-

1259 945 1325 974 fatis
1361 946 1516 975 sententiis
1552 950 1774 984 contentorum,
1805 945 1912 985 quibus
1948 955 1999 985 per

1260 997 1439 1032 praesentem
1472 995 1656 1024 concordiam
1690 1004 1741 1024 seu
1771 994 1997 1024 transactionem

1260 1042 1287 1072 in
1312 1042 1392 1072 nullo
1417 1043 1648 1082 praeiudicatum
1671 1053 1735 1073 esse
1757 1047 1923 1082 censeatur,
1954 1052 1999 1072 re-

1258 1091 1327 1120 latio
1351 1095 1379 1121 et
1402 1095 1553 1131 respectus
1577 1092 1730 1121 habeatur.

1297 1150 1327 1170 u.
1352 1140 1432 1176 Quod
1458 1142 1605 1180 praefatus
1628 1141 1736 1171 Silvius
1759 1141 1998 1181 archiepiscopus

1257 1189 1534 1226 commendatarius,
1558 1189 1679 1228 eiusque
1702 1190 1732 1219 in
1753 1190 1830 1219 dicto
1854 1193 1998 1219 monaste-

1256 1238 1299 1267 rio
1321 1248 1505 1269 successores
1521 1239 1655 1279 praefati,
1672 1239 1749 1269 dicto
1765 1239 1888 1278 losepho
1903 1238 1998 1268 archi-

1256 1287 1393 1327 episcopo
1432 1289 1555 1327 eiusque
1591 1288 1811 1318 successoribus
1849 1287 1995 1317 sexdecim

1256 1337 1357 1366 uncias
1379 1341 1406 1366 et
1428 1337 1667 1380 c-arolenosocto
1690 1342 1821 1366 monetae
1850 1336 1997 1366 currentis

1255 1386 1337 1424 regni
1358 1385 1474 1415 Siciliae
1493 1385 1555 1415 iure
1578 1395 1681 1415 census
1704 1385 1791 1415 debiti
1814 1385 1893 1415 iuxta
1918 1389 1997 1415 teno-

1256 1443 1316 1464 rem
1340 1434 1521 1464 fundationis
1543 1434 1611 1464 dicti
1637 1434 1804 1464 monasterii
1832 1434 1996 1472 regiorum-

1256 1492 1310 1522 que
1333 1483 1525 1523 diplomatum
1550 1483 1699 1513 annuatim
1728 1482 1894 1522 persolvere
1923 1482 1996 1512 obli-

1255 1537 1338 1571 gatus
1360 1534 1476 1563 existat.

1295 1591 1335 1611 iu.
1360 1582 1440 1617 Quod
1463 1583 1539 1612 idem
1570 1582 1678 1612 Silvius
1707 1582 1945 1621 archiepiscopus
1968 1585 1996 1611 et

1256 1631 1532 1669 commendatarius,
1553 1631 1675 1671 eiusque
1698 1632 1727 1661 in
1750 1632 1827 1661 dicto
1851 1634 1996 1660 monaste-

1255 1680 1299 1709 rio
1316 1689 1500 1710 successores
1517 1681 1648 1720 praefati,
1662 1680 1773 1710 litteras
1786 1679 1996 1710 dimissoriales

1256 1729 1290 1758 ad
1314 1729 1432 1759 ordines
1455 1729 1659 1768 suscipiendos
1687 1729 1748 1759 suis
1774 1729 1898 1759 subditis
1927 1738 1996 1759 con-

1255 1778 1357 1807 cedere
1381 1778 1505 1817 possint,
1522 1778 1560 1808 ita
1586 1782 1680 1808 tamen
1704 1783 1735 1808 ut
1757 1778 1854 1814 toties,
1878 1777 1995 1816 quoties

1255 1826 1320 1856 illos
1342 1827 1489 1857 dimittere
1512 1827 1649 1861 habeant,
1674 1831 1830 1857 teneantur
1853 1836 1885 1856 ex
1910 1830 1994 1865 pacto

1256 1876 1355 1914 vigore
1378 1876 1539 1915 praesentis
1561 1876 1735 1906 concordiae
1753 1885 1803 1905 seu
1824 1874 1994 1905 transactio-

1255 1926 1300 1955 nis
1329 1926 1476 1956 dimittere
1493 1949 1500 1963 ,
1524 1925 1794 1964 dimissorialesque
1827 1923 1994 1954 huiusmodi

1255 1975 1367 2005 litteras
1391 1984 1441 2014 pro
1462 1978 1592 2014 tempore
1614 1973 1750 2003 existenti
1773 1972 1993 2011 archiepiscopo

1254 2024 1430 2054 lllessanensi
1455 2023 1595 2063 privative
1618 2023 1756 2061 dirigere,
1779 2022 1808 2052 in
1832 2031 1900 2051 casu
1924 2030 1992 2051 vero

1254 2073 1455 2113 impedimenti
1486 2072 1615 2102 eiusdem
1643 2071 1854 2111 archiepiscopi
1876 2070 1920 2100 vel
1943 2079 1992 2100 va-

1253 2122 1376 2153 cationis
1399 2122 1477 2151 sedis
1500 2120 1757 2160 archiepiscopalis
1779 2119 1992 2157 Messanensis,

1254 2172 1297 2201 vel
1313 2171 1542 2201 ordinamloruin
1559 2170 1673 2208 longae¹
1689 2169 1849 2205 absentiae,
1867 2179 1919 2209 pro
1935 2178 1991 2208 qua

1253 2221 1340 2259 longa
1362 2220 1497 2250 absentia
1518 2219 1643 2257 intelligi
1667 2218 1770 2248 debeat
1791 2218 1815 2248 si
1838 2218 1991 2249 ordinandi

1252 2270 1357 2308 degant
1375 2273 1455 2299 extra
1478 2268 1636 2298 dioecesim
1658 2267 1892 2305 Messanensem,
1916 2267 1992 2297 litte-

1252 2328 1300 2349 rae
1328 2317 1538 2348 dimissoriales
1571 2316 1736 2346 huiusmodi
1763 2316 1849 2352 dirigi
1876 2316 1992 2346 valeant

1252 2367 1286 2396 ad
1320 2375 1535 2406 quemcumque
1567 2365 1736 2404 episcopum
1768 2364 1989 2404 archiepiscopo

1251 2417 1340 2448 Silvio
1375 2420 1403 2445 et
1434 2425 1485 2455 pro
1520 2419 1650 2454 tempore
1672 2414 1807 2445 existenti
1836 2414 1907 2444 dicti
1928 2424 1989 2445 mo-

1251 2464 1371 2495 nasterii
1384 2463 1631 2494 commendatario
1643 2462 1825 2499 benevisum,
1839 2462 1878 2492 ita
1892 2466 1988 2493 tamen

1251 2513 1326 2553 quod
1350 2511 1518 2542 huiusmodi
1535 2511 1650 2541 litterae
1667 2510 1848 2550 praesentari
1863 2509 1988 2541 debeant

1250 2562 1280 2592 in
1303 2562 1387 2592 curia
1408 2559 1651 2600 archiepiscopali
1674 2559 1872 2598 Messanensi,
1896 2564 1924 2590 et
1952 2558 1988 2589 ab

1250 2612 1343 2651 ipsius
1365 2609 1541 2640 cancellario
1564 2608 1769 2648 subscribis-et
1796 2608 1924 2649 apponi:
1948 2609 1987 2639 ita

1287 2667 1296 2692 1
1321 2664 1391 2691 Edit.
1412 2663 1493 2691 Main.
1514 2662 1579 2698 legit
1602 2663 1685 2697 lonae
1703 2664 1744 2697 (n.
1760 2663 1809 2697 T.).

2007 262 2059 289 An.
2075 261 2104 289 C.
2129 262 2192 290 ¹736
