2232 3178
238 247 286 272 An.
309 245 423 272 C.1730

267 783 334 803 Dauo
357 782 421 807 patri-

239 810 276 829 bns
297 809 422 833 (Inpliccmis

240 837 349 856 stationes.

470 236 534 269 nii
1002 244 1180 268 nuntiatum

428 294 595 333 gnationem
619 293 800 323 incursuros.
819 311 856 316 -—
872 293 975 323 Actum
992 292 1165 330 Salisburgi‚

431 342 584 381 metropoli
600 343 711 379 nostra,
729 342 782 371 hac
805 342 850 371 (lie
870 350 915 371 xiv
939 341 1047 371 mensis
1070 340 1167 370 martii

429 391 496 420 imni
520 398 705 420 iioccxxxvu.

902 439 1088 468 Leopomvs.

431 520 461 548 ln
487 520 594 548 nomine
622 520 809 547 sanctissimae
830 523 855 547 et
884 519 1045 548 individuae
1076 519 1168 548 Tri'ni-

470 568 543 596 latis.
563 566 661 595 Amen.
681 583 721 588 —
737 566 792 596 Nos
814 566 980 605 Leopoldus,
1006 566 1057 596 Dei
1078 568 1169 605 yratiii

470 614 692 652 archiepiscopus
720 618 745 643 et
769 615 901 653 princeps
930 614 1168 652 Salishutyeiisis,

470 663 588 691 Sanctae
610 662 686 691 Sedis
707 662 876 700 Apostoli'cae
899 662 1003 700 leyarus
1026 667 1124 699 natus,
1147 668 1171 692 et

470 712 578 749 primas
601 710 781 748 Germaniae,
805 714 855 739 ele.

472 776 608 811 Quamvis
630 785 694 813 ηοε,
718 775 819 805 divinat
855 776 968 806 favente
1002 776 1170 816 clementia,

433 825 467 854 nd
490 825 738 864 archiepiscopale
761 825 866 855 solium
896 826 1008 864 evecti,
1039 836 1053 856 a
1078 827 1173 866 prima

433 873 562 903 ineuntis
577 873 730 911 regiminis
746 874 837 903 nostri
855 874 913 911 die,
932 875 1081 914 antiquius
1098 875 1171 905 nihil

433 931 562 961 unquam
596 922 803 960 habuerimus,
839 932 925 961 quam
960 924 1113 962 religionis
1145 929 1173 955 et

434 970 594 1000 catholicae
618 970 685 999 fidei
708 974 823 1000 nostrae
839 980 951 1007 curam,
968 981 1041 1010 quae
1058 982 1174 1012 semper

434 1024 461 1049 et
484 1019 592 1058 ubique
615 1019 693 1048 omni
717 1028 806 1055 aevo,
837 1020 866 1048 in
890 1020 968 1049 omni
1000 1021 1124 1060 imperio
1146 1026 1174 1051 et

434 1068 508 1107 apud
533 1077 747 1106 quamcumque
770 1072 885 1105 gentem
918 1069 1074 1108 praecipua
1099 1070 1172 1107 suit,

435 1126 569 1156 quaeque
592 1125 728 1145 securum
748 1121 788 1145 est
809 1117 942 1155 publicae
965 1118 1110 1148 felicitatis
1133 1119 1175 1158 pi-

434 1175 531 1203 gnus,
556 1165 640 1194 cuius
663 1165 847 1194 firmamento
870 1169 948 1195 stant
970 1176 1059 1204 regna
1075 1191 1082 1204 ,
1106 1177 1175 1196 con-

434 1217 588 1243 servantur
611 1213 803 1252 principatus,
828 1214 1018 1244 continentur
1040 1215 1172 1254 subditi,

435 1261 642 1300 omnigenique
665 1261 732 1290 boni
757 1261 933 1291 tutissimum
961 1268 1004 1293 est
1031 1264 1172 1300 fulcrum,

435 1315 546 1340 tantum
581 1314 678 1339 tamen
711 1309 801 1339 abfuit
833 1315 863 1340 ut
895 1311 1048 1348 haeresis,
1085 1313 1174 1342 hostis

435 1359 497 1389 eius
521 1358 800 1398 perniciosissimus,
826 1360 1002 1396 vinceretur,
1025 1365 1055 1390 ut
1079 1362 1175 1400 potius

436 1408 551 1437 animus
576 1407 743 1436 meminisse
767 1407 896 1445 horreat,
915 1408 1036 1447 ipsaque
1052 1410 1176 1447 refugiat

438 1456 529 1486 oratio
554 1460 735 1485 teterrimum
769 1455 839 1484 illud
874 1456 1004 1494 bellum,
1031 1458 1105 1496 quod
1129 1468 1175 1487 ea-

437 1509 556 1544 propter
569 1505 709 1533 adversus
722 1513 786 1542 nos,
804 1505 977 1534 catholicam
994 1507 1176 1544 religionem,

437 1558 465 1582 et
489 1553 684 1591 principatum
705 1553 799 1591 ipsum
817 1552 925 1582 inferre
944 1558 1092 1584 tentarunt
1109 1555 1176 1593 ipsi-

440 1606 497 1630 met
520 1601 629 1630 subditi
653 1601 756 1638 nostri,
775 1601 843 1630 dum
859 1611 1004 1639 exurgens
1021 1603 1177 1632 novissime

438 1650 523 1680 fatale
548 1655 729 1687 monstrum,
753 1660 789 1678 ex
820 1650 954 1679 omnibus
986 1651 1176 1690 pristinarum

439 1700 594 1728 haeresum
612 1702 792 1734 concretum,
807 1701 933 1735 stragem
954 1699 1010 1728 late
1027 1708 1176 1728 sacrorum

440 1750 500 1777 tota
523 1748 674 1786 provincia
697 1749 799 1776 nostra
821 1747 1022 1786 circumferre,
1047 1753 1178 1778 evertere

439 1806 517 1834 aras,
541 1795 706 1825 disturbare
730 1796 853 1834 templa,
878 1797 1020 1835 principis
1043 1797 1177 1827 maiesta-

441 1850 497 1874 tem
521 1845 549 1874 in
573 1848 786 1883 contemptum,
811 1845 897 1874 huius
928 1846 1060 1874 mandata
1085 1846 1113 1875 in
1135 1846 1179 1875 lu-

440 1893 581 1931 dibrium,
600 1893 661 1922 iura
685 1893 781 1922 omnia
805 1893 902 1923 divina
926 1899 953 1923 et
976 1894 1103 1924 humana
1128 1904 1179 1933 per

441 1943 605 1972 inauditum
637 1942 765 1971 furorem
790 1946 817 1971 et
839 1943 985 1972 vesaniam
1019 1943 1129 1973 nefarie
1151 1948 1179 1973 et

440 1991 580 2029 sedisrage
613 1991 721 2020 violare
755 1990 897 2029 parabat,
932 1992 1005 2021 nihil
1037 1993 1177 2031 sceleris,

442 2040 513 2069 nihil
537 2040 593 2069 (loli
611 2064 618 2078 ,
642 2039 714 2069 nihil
749 2039 912 2078 iniquitatis
945 2041 1120 2071 intentatum
1151 2045 1180 2071 et

442 2088 576 2117 inausum
606 2088 776 2127 relinquens
794 2092 824 2117 ut
846 2093 873 2118 et
896 2089 1008 2128 plebem
1035 2090 1178 2129 reliquam

441 2137 580 2165 novitatis
603 2136 743 2165 illacehra
765 2142 1017 2176 corrumperetur.
1043 2138 1179 2168 Pluribus

442 2194 562 2214 neeesse
585 2185 660 2214 haud
683 2189 726 2214 est
749 2194 810 2214 rem
830 2186 1006 2224 exprimere,
1024 2186 1091 2225 quia
1109 2186 1178 2216 haec

442 2242 494 2272 per
516 2242 546 2262 se
570 2233 672 2271 liquet,
690 2237 718 2262 ct
741 2233 919 2272 loquantur¹
942 2234 969 2263 id
993 2235 1062 2263 satis
1079 2238 1107 2264 et
1122 2235 1180 2263 cla-

443 2286 523 2311 mant
546 2286 587 2311 tot
610 2281 724 2320 publica
748 2287 828 2319 acta,
855 2286 895 2312 tot
917 2283 1043 2321 desuper
1066 2282 1180 2312 habita-

442 2339 506 2359 rum
540 2330 763 2369 inquisitionum
796 2331 964 2367 volumina3
999 2331 1082 2361 obliti
1112 2341 1180 2361 vero

444 2379 521 2408 haud
544 2388 664 2416 sumus,
689 2378 739 2417 qui
767 2382 836 2408 tunc
859 2388 1008 2409 sermones
1039 2380 1178 2416 hostium,

444 2428 493 2467 qui
528 2436 658 2457 rumores
692 2428 853 2457 amicorum
885 2428 990 2464 forent,
1015 2438 1080 2458 cum
1103 2429 1179 2459 dice-

443 2480 508 2505 rent
543 2476 651 2515 palam,
686 2476 812 2514 culpae¹
836 2476 979 2506 maiorum
1013 2481 1179 2506 nostrorum

443 2524 611 2554 incubuisse
644 2524 752 2554 tamdiu
785 2524 814 2554 in
839 2524 1020 2564 provinciam
1051 2525 1181 2556 haeresis

481 2583 490 2609 1
513 2582 608 2617 Aptius
628 2581 688 2617 lege
709 2583 870 2617 loquuntur
888 2584 928 2618 (R.
945 2584 995 2618 T.).

479 2627 496 2654 2
515 2625 614 2655 Forsan
634 2628 717 2663 culpet
736 2628 778 2663 (n.
800 2627 851 2663 T.).

1208 243 1363 267 ROMANUM

1210 291 1356 321 infandam
1380 294 1489 332 pestem
1514 292 1647 331 religioni
1663 296 1780 323 nostrae
1795 292 1824 323 in
1847 293 1945 323 archi-

1210 340 1398 380 episcopatu,
1422 342 1493 370 aut¹
1516 340 1571 380 ipsi
1604 341 1867 380 archiepiscopatui
1897 345 1946 372 aut

1211 388 1329 426 utrique
1351 388 1461 427 pariter
1483 388 1540 418 iam
1563 388 1622 418 iam
1655 398 1719 418 esse
1751 389 1943 428 pereundum.

1212 436 1291 465 Alios
1314 445 1440 475 namque
1463 440 1558 466 tantae
1581 436 1666 466 molis
1681 436 1847 466 exterrebat
1862 446 1944 476 opus,

1211 484 1284 513 alios
1317 484 1482 514 retardabat
1509 484 1603 514 exitus
1636 484 1739 523 plenus
1769 484 1890 523 periculi
1919 489 1948 515 et

1213 533 1303 571 aleae,
1338 533 1382 562 vel
1406 533 1467 572 ipse
1489 532 1531 562 rei
1555 537 1611 562 tarn
1635 533 1770 572 ancipitis
1791 537 1818 562 et
1841 533 1947 563 arduae

1214 582 1287 610 sama
1310 581 1381 610 alios
1404 581 1521 611 tenebat
1542 582 1682 611 attonitos
1704 585 1795 618 metu,
1815 585 1948 620 expecta-

1214 630 1292 659 tione
1314 638 1481 668 suspensos.
1506 629 1584 659 Vidit
1616 630 1670 660 hoc
1694 629 1866 668 provincia,
1890 631 1948 660 imo

1214 682 1242 708 et
1264 678 1421 717 imperium
1445 682 1548 715 totum,
1566 682 1594 708 et
1612 678 1738 708 vidimus
1760 687 1814 708 nos
1835 688 1949 708 summo

1215 727 1369 767 pastoralis
1392 727 1481 757 animi
1503 727 1594 757 nostri
1611 736 1754 765 moerore,
1772 727 1949 758 astrudimus

1216 776 1339 815 ipsamet
1361 776 1500 814 religione
1523 777 1647 813 suroreS,
1667 775 1859 815 pugnavimus
1881 776 1950 806 viri-

1216 825 1270 855 bus
1294 825 1372 862 totis,
1397 825 1496 862 armis,
1520 824 1652 863 legibus,
1676 825 1799 861 edictis,
1823 829 1901 854 metu
1923 828 1951 855 et

1217 873 1329 912 poenis,
1354 874 1527 912 Repuliinus
1558 874 1661 911 viginti
1695 878 1722 904 et
1754 874 1829 904 ultra
1859 874 1950 904 millia

1217 922 1371 961 utriusque
1393 931 1492 960 sexus,
1510 922 1559 962 qui
1582 932 1639 952 non
1656 931 1743 951 unam
1761 922 1858 961 fldem,
1876 922 1952 954 sicut

1217 980 1306 1000 uuum
1330 970 1504 1010 principem,
1528 980 1585 1000 non
1608 980 1699 1001 unum
1722 971 1852 1009 cultum,
1876 971 1952 1001 sicut

1217 1029 1305 1049 unum
1335 1029 1462 1057 numen,
1491 1028 1548 1049 non
1572 1028 1659 1048 unam
1682 1019 1854 1057 Ecclesiam,
1877 1020 1953 1050 sicut

1217 1077 1307 1097 unum
1335 1067 1488 1106 baptisma,
1508 1068 1645 1107 amplecti
1668 1067 1813 1097 volebant.
1830 1068 1953 1107 Relega-

1218 1117 1312 1146 vimus
1334 1116 1416 1152 alios,
1436 1116 1445 1132 ²
1461 1115 1527 1145 aliis
1550 1116 1651 1145 mediis
1674 1116 1709 1145 ad
1733 1116 1884 1146 meliorem
1907 1126 1954 1146 re-

1217 1165 1358 1194 duximus
1380 1165 1503 1202 frugem,
1521 1169 1607 1203 atque
1628 1164 1682 1194 hac
1703 1165 1819 1194 demum
1842 1166 1889 1194 via
1910 1174 1954 1195 re-

1219 1214 1312 1244 tulere
1327 1214 1427 1252 superi
1443 1213 1624 1243 constantiae
1639 1217 1755 1243 nostrae
1777 1213 1952 1252 praemium,

1219 1262 1300 1292 stetit
1322 1262 1600 1301 archiepiscopatus,
1618 1265 1646 1292 et
1662 1262 1742 1299 vicit;
1759 1262 1827 1291 vicit
1847 1262 1954 1301 pariter

1218 1311 1346 1341 Ecclesia
1369 1315 1396 1340 et
1419 1311 1629 1350 triumphavit3
1653 1315 1680 1340 et
1708 1310 1889 1341 obtinuimus
1910 1312 1954 1341 in-

1219 1360 1322 1394 simul,
1347 1359 1423 1399 quod
1447 1359 1482 1389 ab
1505 1360 1591 1389 aunis
1614 1359 1686 1389 ultra
1714 1359 1878 1390 bisceutum
1901 1360 1955 1390 hu-

1220 1419 1303 1439 mana
1327 1409 1369 1438 vis
1392 1409 1470 1438 nulla
1501 1409 1638 1447 consequi
1669 1413 1717 1438 aut
1739 1409 1883 1438 industria
1906 1418 1956 1448 po-

1221 1463 1307 1495 terat,
1325 1458 1400 1497 quod
1418 1458 1532 1497 piorum
1549 1458 1677 1487 omnium
1695 1462 1758 1487 vota
1776 1457 1954 1496 flagitabant,

1220 1507 1297 1546 quod
1321 1506 1420 1535 fideles
1443 1515 1543 1535 omnes
1567 1515 1581 1535 a
1605 1506 1661 1536 Deo
1684 1506 1768 1536 enixe
1796 1506 1956 1545 precaban-

1220 1560 1279 1593 tur,
1304 1554 1509 1584 adiuvantibus
1532 1554 1562 1583 in
1585 1554 1612 1583 id
1637 1554 1759 1584 mirifice
1781 1554 1955 1584 caelestibus

1220 1604 1290 1642 ipsis
1305 1627 1312 1640 ,
1349 1603 1398 1642 qui
1432 1603 1486 1632 hoc
1520 1603 1614 1642 ipsum
1649 1602 1733 1632 nobis
1768 1607 1957 1633 reservarunt

1221 1661 1304 1691 opus.
1330 1651 1436 1681 Verum
1464 1651 1542 1681 enim
1566 1660 1646 1687 vero,
1671 1651 1769 1690 quod3
1796 1651 1835 1681 ita
1859 1649 1961 1681 tamen'

1220 1700 1376 1739 comprimi
1412 1709 1469 1729 non
1507 1701 1634 1738 potuerit
1668 1700 1838 1739 pestiferum
1870 1700 1957 1730 huius

1221 1749 1320 1778 feralis
1343 1748 1444 1777 hidrae
1467 1748 1546 1777 virus
1562 1772 1569 1786 ‚
1593 1748 1664 1787 quin
1687 1748 1784 1787 aliqua
1807 1757 1873 1787 pars
1895 1748 1957 1778 eius

1222 1806 1279 1826 non
1302 1796 1445 1826 resideret
1469 1796 1564 1826 adhue
1586 1796 1614 1826 in
1639 1796 1806 1835 provinciae
1838 1800 1957 1826 nostrae

1222 1845 1402 1882 visceribus,
1427 1849 1512 1884 atque
1534 1845 1660 1884 spiraret
1692 1853 1794 1874 rursus
1821 1844 1958 1874 immanis

1224 1895 1294 1924 haec
1318 1893 1424 1928 bellua,
1448 1894 1516 1923 licet
1538 1897 1653 1923 centum
1671 1893 1759 1933 petita
1775 1893 1956 1930 vulneribus,

1222 1947 1338 1973 centum
1362 1942 1487 1972 vinculis
1510 1942 1684 1981 constricta,
1709 1942 1817 1972 sensim
1849 1942 1957 1972 iterum

1222 1992 1366 2030 gliscens,
1389 1995 1418 2021 et
1440 1991 1474 2021 ad
1498 1991 1604 2030 reliqui
1637 1991 1797 2030 perniciem
1829 1990 1958 2031 corporis

1223 2041 1311 2070 tacita
1332 2040 1504 2078 contagione
1537 2049 1675 2078 serpens,
1699 2039 1772 2069 clam
1800 2038 1957 2069 invalitura

1222 2090 1251 2118 in
1285 2089 1365 2126 dies,
1389 2089 1418 2118 in
1446 2089 1577 2118 flammas
1605 2092 1633 2118 et
1662 2088 1816 2124 incendia,
1841 2088 1864 2118 si
1893 2088 1958 2128 quis

1222 2138 1394 2176 ventilabit,
1414 2137 1574 2167 etiamnum
1598 2141 1738 2176 eruptura
1753 2160 1760 2174 ,
1778 2137 1846 2167 dum
1868 2137 1957 2167 alitur

1222 2186 1320 2216 doloso
1342 2187 1440 2216 cinere
1463 2186 1630 2225 suppositus
1652 2186 1746 2224 ignis,
1769 2185 1826 2216 nisi
1849 2190 1958 2225 tempe-

1223 2234 1306 2273 stive,
1332 2235 1406 2264 malo
1429 2234 1486 2264 iam
1511 2234 1604 2264 nostri
1627 2234 1739 2271 edocti,
1763 2244 1891 2273 congrua
1914 2244 1960 2265 re-

1224 2284 1327 2322 pagula
1362 2292 1522 2322 ponamuS,
1551 2287 1640 2322 atque
1672 2283 1824 2313 obviemus
1855 2292 1960 2323 appro-

1224 2332 1325 2371 priatis
1347 2332 1498 2369 remediis,
1523 2337 1678 2371 antequam
1708 2331 1829 2361 morbus
1857 2341 1960 2362 rursus

1223 2384 1357 2410 aestuare
1379 2379 1517 2419 incipiat,
1551 2389 1608 2409 non
1641 2379 1736 2409 desint
1767 2379 1907 2410 nimirum
1929 2380 1958 2410 in

1225 2429 1354 2458 futurum
1391 2428 1516 2467 amplius
1552 2428 1601 2467 qui
1637 2428 1832 2458 misereantur
1870 2437 1960 2467 super

1261 2496 1271 2520 1
1295 2493 1399 2520 Forsan
1418 2497 1449 2521 ut
1468 2501 1499 2520 ac
1519 2493 1617 2520 deinde
1632 2496 1702 2521 esset
1717 2501 1766 2529 pro
1785 2501 1842 2521 esse
1855 2493 1893 2528 (R.
1909 2493 1958 2528 T.).

1259 2539 1276 2565 2
1296 2539 1407 2566 Videtur
1426 2540 1606 2575 repetendum
1626 2539 1697 2566 alios
1719 2540 1756 2573 (fl.
1772 2539 1824 2572 T.).

1259 2583 1274 2610 3
1294 2583 1332 2609 Ex
1352 2584 1458 2619 syntaxi
1483 2591 1541 2619 seq.
1562 2582 1670 2611 videtur
1697 2582 1842 2618 legendum
1870 2590 1960 2618 quum

1224 2628 1264 2662 (n.
1286 2627 1335 2663 T.).

1951 244 2003 271 An.
2024 244 2052 271 C.
2071 245 2136 274 1739

2206 1303 2222 1343 :i
