2232 3178
429 216 492 251 708

474 286 519 312 tes
541 278 624 311 illius
649 282 736 316 acta,
761 279 891 309 tractata
924 281 954 308 et
977 280 1066 318 gesta
1090 275 1120 307 in

472 331 578 374 regnis
625 328 835 372 Portugalliae
875 333 904 361 ct
951 328 1117 370 Algarbio-

472 394 554 423 rum,
579 382 652 416 360.

383 436 548 470 CCXXWI.
577 434 781 469 Confirmatio
806 434 923 467 decreti
949 434 1122 477 Congrega—

472 488 564 520 tionis
589 487 809 530 episcoporum
841 490 871 518 ct
906 485 1121 528 regularium,

471 550 527 583 per
551 540 634 583 quod
652 539 839 578 declaratur,
859 539 942 581 quod
967 538 1122 580 generalis

472 592 595 625 Ordinis
627 592 758 624 fratrum
784 592 818 624 B.
844 591 958 624 Mariae
987 591 1123 633 Virginis

471 645 509 677 de
543 644 684 677 Mercede
709 643 945 687 Redeniptionis
982 643 1123 686 Captivo-

472 708 542 729 rum
569 697 718 730 canonice
738 707 774 729 ac
790 697 849 729 rite
867 697 985 729 electus
1011 695 1123 728 confir-

473 749 643 782 mationem
667 755 696 782 et
721 749 984 793 approbationem
1009 759 1027 781 a
1043 748 1122 781 Sede

473 802 652 845 Apostoliczl
676 802 819 835 obtinere
851 801 980 834 minime
1013 805 1120 834 tenea-

471 860 531 894 tur,
556 854 633 888 361.

383 909 562 943 ccxxvlll.
581 908 751 952 Ampliatio
775 908 951 942 litterarum
970 907 1056 940 Pauli
1073 907 1123 947 III,

471 961 510 994 ad
535 962 672 995 savorem
690 961 947 1006 presbyterorum
967 961 1123 994 confessa-

472 1014 592 1048 riorum
625 1025 682 1058 per
714 1014 859 1047 custodes
891 1019 921 1046 et
949 1013 1123 1046 confratres

472 1067 693 1111 deputatorum
724 1065 987 1100 confraternitatis
1017 1065 1124 1108 bospi-

472 1120 540 1153 talis
564 1120 597 1153 B.
622 1120 737 1153 Mariae
761 1119 799 1152 de
823 1119 946 1160 Gratia,
970 1119 1120 1152 Consola-

471 1173 572 1216 tione,
598 1179 628 1206 et
652 1173 779 1206 Porticu
802 1176 1000 1215 nuncupatae
1023 1171 1124 1203 almae

472 1226 565 1259 Urbis
590 1237 821 1267 concessarum,
842 1226 881 1258 ad
905 1235 1124 1269 quoscumque

472 1278 684 1323 presbyteros,
709 1279 774 1322 qui,
802 1278 1027 1312 audiendarum
1053 1287 1125 1310 con-

472 1331 642 1364 fessionum
673 1333 784 1373 causa,
810 1331 849 1364 ad
881 1330 1124 1374 archihospitale

472 1383 500 1416 S.
527 1384 662 1428 Spiritus
701 1385 733 1417 in
772 1384 861 1417 Saxia
897 1385 999 1417 solent
1029 1393 1120 1417 acce-

471 1437 556 1480 dere,
581 1436 658 1470 363.

383 1489 539 1524 CCXXIX.
560 1489 786 1524 Condemnatio
803 1490 966 1524 Societatis
983 1500 1037 1523 seu
1055 1500 1125 1523 con-

471 1543 716 1583 venticularum,
741 1543 836 1585 vulgo
862 1543 916 1576 De'
937 1542 1032 1575 liberi
1056 1553 1125 1576 mu-

470 1597 584 1639 ratori,
603 1600 657 1629 aut
672 1596 733 1629 Des
757 1596 867 1638 francs
891 1605 1048 1636 massam,
1068 1595 1124 1628 sub

471 1651 574 1693 poena
599 1648 933 1682 excommunicationis
957 1648 1027 1691 ipso
1042 1648 1124 1681 facto

471 1701 672 1742 inem-venda,
685 1702 753 1735 eius
771 1702 979 1742 absolutione,
996 1705 1124 1744 excepto

471 1754 584 1788 mortis
621 1754 777 1796 articulo,
814 1755 945 1788 Summo
982 1753 1124 1787 Pontifici

472 1809 651 1849 reservata,
675 1807 749 1841 366.

383 1861 518 1895 CCXXX.
554 1860 758 1894 Confirmatio
794 1860 910 1894 decreti
945 1860 1124 1903 Congrega-

471 1914 565 1947 tionis
580 1913 780 1957 particularis
804 1923 821 1946 a
845 1913 1048 1947 Sanctissimo
1072 1913 1126 1946 de-

472 1971 615 2010 putatae,
639 1976 697 2010 per
722 1966 806 2009 quod
837 1965 1017 1999 decernitur
1041 1965 1124 2008 quod

471 2025 659 2062 procurator
687 2019 843 2062 generalis
868 2018 1126 2061 Congregationis

471 2072 636 2106 Doctrinae
672 2072 867 2106 Christianae
901 2070 1125 2104 Avenionensis

474 2126 506 2158 in
531 2125 625 2158 domo
650 2126 832 2168 provinciae
863 2126 1023 2159 Romanae
1046 2127 1125 2159 resi-

473 2178 548 2211 dere
573 2178 697 2219 debeat,
719 2177 796 2212 368.

385 2231 538 2265 CCXXXI.
563 2231 768 2265 Confirmatio
793 2231 903 2264 Brevis
924 2231 1041 2264 Urbani
1058 2230 1124 2263 VIII

473 2284 701 2318 confirmatorii
727 2285 859 2317 aliorum
885 2295 902 2316 a
926 2284 979 2317 Pio
1004 2284 1050 2324 Il,
1081 2284 1125 2316 Iu-

471 2337 514 2370 lio
539 2337 565 2370 11
590 2343 620 2370 et
644 2337 728 2370 Sixto
748 2337 772 2370 V
790 2337 957 2378 editorum,
975 2336 1125 2369 nonnulla

471 2390 638 2433 privilegia
662 2396 691 2423 et
716 2390 836 2423 indulta
861 2389 1074 2423 communitati
1096 2394 1125 2422 et

473 2443 654 2476 hominibus
665 2443 796 2476 civitatis
806 2443 1041 2476 Beneventanae
1055 2453 1126 2475 con-

474 2506 560 2529 cessa
585 2496 822 2538 continentium,
840 2496 1025 2539 praesertim
1041 2495 1124 2538 quod

475 2549 596 2591 primae
619 2555 649 2583 et
673 2541 827 2583 sessundae
860 2550 1023 2583 instantiae
1056 2559 1124 2581 cau-

475 2612 580 2635 sarum
605 2604 826 2647 temporalium
845 2603 892 2636 vel
916 2603 1055 2636 civilium
1074 2613 1124 2635 ex-

969 222 1147 246 nULLARmM
1172 222 1324 247 ROMANUM

1262 282 1310 308 tra
1334 275 1447 309 dictam
1481 275 1636 308 civitatem
1673 276 1822 319 cognosci
1844 286 1908 310 non

1259 328 1389 372 possint,
1413 327 1489 361 369.

1173 381 1342 415 CCXXXII.
1367 382 1570 415 Confirmatio
1603 382 1739 416 duorum
1764 383 1910 416 Brevium

1260 434 1419 466 Benedicti
1447 435 1523 473 XIII,
1544 444 1666 468 necnon
1686 436 1909 468 nonnullarum

1261 487 1502 519 conventionum
1529 487 1608 520 inter
1639 488 1816 531 provincias
1840 488 1910 522 Gal-

1260 539 1320 572 liae
1338 545 1367 572 et
1384 540 1557 572 Romanam
1576 540 1835 583 Congregationis
1849 541 1910 573 cle-

1261 592 1399 626 ricorum
1418 593 1623 626 saecularium
1641 593 1807 627 DoctrInae
1823 593 1911 627 Chri-

1262 645 1379 678 stianae
1404 646 1564 689 initarum,
1588 645 1662 680 379..

1174 696 1355 730 CCXXXIII.
1376 698 1561 732 Investitura
1577 699 1666 742 regni
1689 699 1852 743 utriusque
1869 699 1912 732 Si-

1262 750 1352 784 ciliae
1372 755 1401 785 et
1421 752 1615 785 Hierusalem
1633 763 1693 795 pro
1710 753 1911 786 serenissimo

1262 803 1372 837 Carolo
1408 805 1565 838 Borbonio
1600 805 1718 838 Infante
1743 805 1908 849 Hispania-

1215 851 1222 854 *
1263 867 1349 898 rum,
1374 857 1448 890 377.

1173 909 1359 943 CCXXXIV.
1379 911 1416 943 Ut
1433 916 1569 954 quatuor
1585 912 1744 945 dumtaxat
1761 910 1913 955 antiquio-

1261 973 1311 995 res
1336 963 1518 996 doctrinarii
1550 974 1604 997 seu
1629 964 1758 1008 parochi
1782 964 1912 1007 provin-

1262 1015 1328 1047 ciae
1352 1015 1403 1047 SS.
1421 1015 1562 1049 Nominis
1587 1016 1655 1048 Iesu
1680 1016 1710 1048 in
1735 1026 1834 1059 regno
1850 1016 1912 1048 Me-

1263 1067 1372 1100 xicano
1397 1067 1522 1100 Ordinis
1545 1068 1676 1101 fratrum
1702 1068 1912 1102 Eremitarum

1262 1120 1360 1153 sancti
1392 1120 1573 1163 Augustini,
1598 1121 1746 1154 omnibus
1779 1121 1913 1164 privile-

1262 1172 1321 1215 giis
1345 1178 1375 1205 et
1398 1173 1535 1214 indultis,
1553 1173 1667 1217 quibus
1684 1173 1738 1216 illi,
1757 1174 1810 1217 qui
1827 1173 1914 1217 prio-

1262 1236 1312 1258 res
1347 1226 1557 1270 provinciales
1588 1226 1770 1270 provinciac
1794 1231 1824 1259 et
1854 1226 1912 1259 Or-

1261 1278 1342 1312 dinis
1366 1279 1598 1322 praedictorum
1631 1279 1778 1321 fuerunt,
1803 1279 1914 1312 fruun-

1263 1336 1313 1363 tur
1338 1337 1368 1364 et
1391 1331 1538 1374 gaudent,
1559 1332 1619 1365 frui
1645 1337 1674 1365 et
1699 1332 1837 1375 gaudere
1860 1341 1913 1364 va-

1264 1384 1354 1425 leant,
1379 1383 1454 1417 387.

1176 1435 1339 1469 CCXXXV.
1365 1437 1475 1469 Variae
1499 1437 1713 1471 ordinationes
1741 1448 1801 1481 pro
1824 1437 1914 1471 resti-

1264 1489 1378 1523 tuenda
1403 1495 1432 1522 et
1457 1491 1673 1524 conservanda
1710 1490 1743 1523 in
1766 1490 1913 1533 hospitali

1264 1542 1293 1575 S.
1318 1542 1441 1575 Ioannis
1471 1543 1750 1587 Hierosolymitani
1782 1553 1914 1576 consue-

1265 1595 1371 1628 tudine
1403 1596 1545 1629 armandi
1580 1606 1674 1629 naves
1699 1600 1807 1630 contra
1827 1595 1913 1640 pira-

1264 1653 1318 1690 tas,
1343 1647 1420 1681 389.

1176 1700 1349 1735 CCXXXVI.
1383 1701 1566 1743 Indultum‚
1593 1706 1628 1735 ut
1660 1707 1722 1735 tres
1753 1702 1914 1735 dumtaxat

1263 1755 1376 1788 fratres
1407 1755 1532 1788 Ordinis
1563 1756 1766 1789 eremitarum
1799 1756 1829 1789 S.
1854 1756 1915 1788 Au-

1263 1808 1379 1850 gustini
1404 1808 1585 1851 provinciae
1609 1808 1662 1842 SS.
1684 1808 1824 1842 Nominis
1844 1808 1915 1841 Iesu

1264 1861 1456 1904 antiquiores
1473 1861 1618 1895 doctores
1635 1861 1778 1905 graduati
1798 1861 1830 1894 in
1848 1861 1915 1894 uni-

1264 1915 1410 1948 versitate
1435 1916 1611 1958 Mexicana,
1637 1916 1690 1959 qui
1719 1915 1914 1949 conditiones

1263 1968 1300 2000 ad
1314 1968 1521 2011 praemissum
1539 1967 1683 2001 effectum
1703 1967 1913 2011 praescriptas

1264 2020 1524 2063 adimpleverint,
1548 2021 1722 2064 privilegiis
1747 2019 1915 2062 magistro-

1265 2084 1333 2105 rum
1360 2073 1434 2106 dicti
1459 2073 1583 2106 Ordinis
1607 2074 1651 2106 uti
1676 2073 1811 2115 valeant,
1835 2072 1912 2106 392.

1176 2125 1368 2159 CCXXXVII.
1380 2126 1581 2159 Confirmatio
1591 2126 1848 2160 constitutionum
1859 2126 1916 2159 fra-

1264 2183 1346 2211 trum
1361 2179 1625 2212 Discalceatorum
1642 2178 1768 2212 Ordinis
1785 2178 1835 2212 SS.
1848 2178 1916 2211 Tri-

1263 2231 1368 2263 nitatis
1378 2231 1614 2274 Redemptionis
1628 2232 1828 2275 Captivorum
1840 2230 1915 2264 Con-

1264 2284 1455 2326 gregationis
1479 2284 1657 2327 Hispaniae,
1684 2284 1758 2317 394.

1176 2335 1378 2370 CCXXXVIII.
1408 2337 1612 2370 Confirmatio
1646 2331 1771 2370 decreff
1787 2336 1915 2380 capituli

1264 2390 1421 2432 generalis
1458 2391 1681 2424 canonicorum
1717 2389 1915 2432 regularium

1264 2442 1388 2475 Ordinis
1417 2444 1514 2477 saneti
1551 2443 1677 2477 Antonii
1711 2442 1915 2483 Viennensis,

1264 2507 1322 2539 per
1346 2496 1431 2539 quod
1455 2497 1600 2530 statuitur
1628 2497 1712 2540 quod
1744 2496 1816 2529 laici
1840 2495 1916 2528 dicti

1263 2548 1387 2581 Ordinis
1421 2549 1646 2592 professionem
1679 2553 1751 2592 post
1781 2554 1916 2592 quatuor

1264 2611 1361 2636 annos
1385 2607 1504 2636 tantum
1528 2603 1671 2636 emittere
1690 2602 1822 2645 possint,
1840 2600 1915 2634 484.
