2232 3178
285 229 336 254 An.
356 228 473 258 c.1738
518 219 582 254 35ss

353 1934 467 1960 norogatio

284 1962 445 1983 contrariorum.

324 2094 387 2116 fiaes
411 2096 467 2116 tran·

284 2124 421 2148 sumptorum.

478 278 663 320 gaibiorum
690 277 798 319 regnis
825 276 1037 309 existentibus
1067 275 1215 307 oratoriis

477 331 515 363 ad
544 331 602 363 hoc
629 331 784 362 decenter
809 340 903 362 muro
930 329 1083 361 extructis
1109 334 1140 360 et
1165 338 1216 360 or-

477 383 577 421 natis,
605 393 659 415 seu
697 383 884 415 extruendis
910 387 941 415 et
975 381 1148 420 ornandis,
1177 381 1215 413 ab

478 437 629 469 omnihus
656 437 843 469 domesticis
870 436 983 469 usibus
1009 435 1131 475 liberis,
1159 445 1216 478 per

477 488 665 521 Ordinarios
690 489 872 532 respective
898 490 1043 521 locorum
1070 488 1158 531 prius
1175 488 1216 519 vi-

477 541 612 574 sitandis
637 547 668 574 et
692 541 922 584 approbandis,
948 552 984 574 ac
1010 542 1049 574 de
1071 541 1214 584 ipsorum

476 595 724 628 Ordinariorum
761 595 916 635 lieentia,
955 603 1051 626 unam
1084 593 1214 626 missam

476 658 536 691 pro
561 659 759 691 unoquoque
786 648 837 681 dic
861 658 920 691 per
945 647 1140 690 semetipsos
1168 656 1215 679 ce·

476 701 615 741 lebrare,
634 702 698 734 sive
717 712 774 745 per
795 711 1035 745 quemcumque
1063 700 1214 733 sacerdo-

478 758 540 786 tem
567 753 605 785 ab
630 752 799 786 Ordinario
832 752 1047 796 approbatum
1079 751 1216 784 saccula-

477 816 556 847 rem‚
576 817 631 839 seu
651 806 689 839 de
708 806 914 849 superiorum
933 816 1065 838 suorum
1085 803 1214 837 licentia

476 859 658 902 regularem
675 886 682 898 ‚
710 859 779 891 sine
806 864 912 891 tamen
938 869 1214 902 quorumcumque

476 911 594 944 iuriam
631 911 869 954 parochialium
911 911 1141 955 praeiudicio,
1180 922 1216 944 ae

478 964 643 997 l‘aschalis
665 964 931 1002 Resurrectionis,
958 963 1164 996 pentecostes
1184 969 1215 996 et

477 1017 656 1050 Nativitatis
681 1017 802 1051 domini
838 1016 942 1050 nostri
979 1017 1046 1050 Iesu
1072 1016 1212 1057 Christi,

477 1070 615 1114 aliisque
647 1070 898 1103 solemnioribus
929 1070 1000 1102 anni
1036 1070 1122 1102 sestis
1147 1070 1215 1102 die-

477 1124 536 1156 bus
562 1124 725 1166 exceptis,
758 1123 789 1155 in
814 1126 870 1157 sua
895 1134 931 1156 ac
956 1122 1216 1166 consanguineo-

478 1188 547 1210 rum
573 1183 604 1210 et
629 1177 773 1210 affinium
800 1188 910 1210 seeum
937 1177 1068 1209 insimul
1106 1177 1137 1209 in
1164 1179 1215 1209 ca-

478 1230 550 1263 dem
592 1230 689 1263 domo
729 1230 944 1262 habitantium
982 1230 1213 1272 familiaeque,

478 1289 532 1324 et,
567 1282 700 1327 quoad¹
733 1283 875 1316 oratoria
913 1283 980 1315 ruri
1018 1282 1213 1322 existentia,

478 1336 575 1370 etiam
613 1336 646 1369 in
682 1337 850 1380 hospitum
886 1336 1044 1369 nobilium
1082 1347 1213 1369 suorum

477 1390 678 1433 praesentia,
711 1390 807 1423 etiam
844 1400 902 1433 per
939 1390 1052 1422 horam
1092 1395 1214 1422 tantum

478 1447 550 1476 ante
577 1454 740 1483 auroram,
768 1448 799 1476 et
824 1443 900 1475 item
926 1453 984 1486 per
1006 1443 1120 1476 horam
1141 1449 1217 1486 post

478 1496 662 1536 meridiem,
682 1495 840 1529 celebrari
859 1495 966 1528 faeere
992 1495 1095 1528 libere
1123 1501 1154 1528 et
1179 1496 1216 1529 li·

478 1548 539 1582 cite
566 1549 693 1592 possint
718 1553 748 1581 et
773 1549 910 1589 valeant,
937 1559 973 1581 ac
999 1548 1137 1592 quilibet
1162 1559 1216 1582 co-

478 1613 549 1635 rum
581 1602 684 1646 possit
717 1607 748 1635 et
772 1603 899 1642 valeat,
933 1602 1014 1634 itaut
1044 1612 1104 1635 nec
1137 1602 1216 1646 ipsis

478 1666 538 1689 nee
564 1655 728 1688 sacerdoti
764 1655 869 1688 taliter
894 1655 1071 1688 celebranti
1111 1655 1140 1687 id
1177 1655 1216 1687 ad

478 1710 605 1752 culpam
638 1710 741 1742 valeat
773 1708 1021 1751 quomodolibet
1046 1708 1216 1752 imputari,

478 1762 669 1795 auctoritate
695 1763 893 1806 apostolica,
922 1767 1035 1795 tenore
1061 1773 1217 1805 praesen-

478 1817 578 1857 tium,
606 1817 636 1849 in
663 1822 855 1860 perpetuum
881 1816 1092 1850 concedimus
1119 1822 1150 1849 et
1174 1816 1218 1849 in-

479 1870 665 1913 dulgemus.

524 1922 539 1965 §
562 1922 594 1956 3.
621 1922 689 1956 Non
706 1923 909 1956 obstantibus
929 1922 1218 1955 constitutionibus

480 1979 512 2007 et
529 1974 792 2007 ordinationibus
809 1974 1011 2017 apostolicis,
1034 1973 1217 2017 ceterisque

480 2027 653 2061 contrariis
678 2027 954 2070 quibuscumque.

524 2080 595 2124 gli.
625 2081 781 2114 Volumus
817 2086 923 2114 autem
957 2080 1044 2123 quod
1078 2080 1216 2113 familia-

479 2144 530 2168 res
552 2133 693 2167 servitiis
718 2135 782 2167 suis
802 2139 948 2177 tempore
975 2134 1079 2166 dictae
1104 2134 1218 2166 missae

480 2193 554 2222 actu
579 2198 644 2221 non
669 2187 845 2221 necessarii
871 2187 992 2220 ibidem
1017 2187 1135 2220 missae
1160 2187 1220 2219 hu-

480 2241 619 2275 iusmodi
656 2241 917 2281 interessentes,
945 2240 984 2273 ab
1018 2239 1219 2282 obligatione

480 2295 635 2329 audiendi
651 2295 781 2328 missam
799 2295 832 2328 in
850 2295 986 2329 ecclesia
1002 2294 1116 2327 diebus
1131 2293 1219 2326 sestis

481 2351 520 2384 de
541 2354 719 2394 praecepto
738 2349 869 2382 minime
886 2349 981 2382 liberi
1001 2351 1216 2387 oenseantur;

481 2403 755 2446 quemadmodum
766 2402 862 2435 etiam
878 2406 913 2434 ut
927 2401 1113 2434 earumdem
1129 2411 1220 2444 prae-

480 2457 621 2490 sentium
648 2456 831 2489 litterarum
850 2454 1074 2498 transumptis,
1093 2464 1147 2487 seu
1170 2464 1220 2486 cx-

480 2510 604 2553 eniplis,
627 2509 724 2542 etiam
751 2509 932 2552 impressis,
958 2517 1054 2540 manu
1081 2507 1218 2540 alicuius

478 2563 596 2597 notarii
630 2562 755 2606 publici
790 2561 1008 2605 subscriptis,
1041 2565 1073 2593 et
1110 2560 1219 2604 sigillo

516 2626 526 2652 1
550 2623 621 2653 Edit.
642 2624 725 2653 Main.
747 2624 812 2661 legit
839 2624 911 2660 quod
930 2631 979 2660 pro
998 2622 1095 2659 quoad
1113 2623 1154 2658 (n.
1169 2623 1218 2659 Τ.).

1067 226 1247 250 nt'LLAnttut
1272 226 1428 249 ROMANUM

1999 225 2051 251 An.
2074 225 2180 257 0-1738

1260 285 1419 317 personae
1444 275 1475 306 in
1500 274 1717 307 ecclesiastica
1739 273 1895 316 dignitate
1921 283 1999 306 con-

1259 327 1391 359 stitutae
1413 326 1556 365 munitis,
1578 327 1689 359 eadem
1715 337 1848 369 prorsus
1867 325 1946 358 sides
1963 325 1995 358 in

1260 379 1378 412 iudicio
1404 386 1436 412 et
1461 386 1550 413 extra
1576 379 1652 412 illud
1678 379 1887 419 adhibeatur,
1914 389 1996 422 quae

1260 432 1338 476 ipsis
1365 433 1590 476 praesentibus
1611 432 1824 466 adhiberetur
1844 432 1868 465 si
1891 432 1999 465 forent

1258 487 1422 519 exhibitae
1440 488 1487 519 vel
1511 492 1671 519 ostensae.

1301 540 1415 572 Datum
1441 540 1580 578 Romae,
1607 539 1689 582 apud
1716 538 1747 571 S.
1778 538 1907 571 Mariam
1934 537 1996 571 Ma-

1259 592 1371 632 iorem,
1391 593 1449 625 sub
1479 593 1602 625 annulo
1627 592 1822 632 piscatoris,
1857 591 1908 624 die
1935 599 1998 624 xxn

1260 646 1365 677 martii
1391 655 1625 686 nnecxxxvni,
1653 643 1861 688 pontificatus
1895 643 1998 677 nostri

1259 709 1344 731 anno
1362 709 1431 732 vin.

1293 761 1356 788 Dat.
1377 761 1422 788 die
1440 761 1475 788 22
1495 761 1585 788 martii
1608 760 1684 795 1738,
1702 760 1799 796 pontif.
1817 767 1888 787 anno
1908 765 1963 787 vnt.

1553 904 1708 937 CCXXIV.

1261 984 1469 1026 Confirmatio
1490 988 1523 1026 *et
1548 984 1715 1016 innovatio
1734 983 1921 1016 litterarum
1939 982 2003 1016 Eu-

1302 1036 1391 1079 9enz'i
1415 1035 1466 1068 IV
1488 1036 1575 1068 circa
1592 1037 1753 1068 transitus
1770 1035 2001 1068 monachorum

1304 1088 1439 1122 Ordinis
1477 1090 1696 1123 Cistercz'ensz‘s
1731 1089 2001 1132 Conqreyalionis

1303 1142 1532 1185 Porlnqccllz'ae
1557 1141 1598 1175 acl
1621 1142 1704 1174 alios
1731 1141 1882 1175 Ordines.

1472 1223 1605 1249 Clemens
1627 1222 1706 1256 Papa
1725 1222 1791 1254 XII,

1395 1267 1432 1293 ad
1452 1267 1593 1293 futuram
1613 1267 1659 1293 rei
1682 1266 1871 1293 memoriam.

1304 1338 1318 1381 ξ
1343 1338 1374 1370 ’1.
1401 1337 1602 1370 Emanarunt
1627 1337 1748 1370 dudum
1781 1347 1798 1369 a
1825 1336 1928 1370 felicis
1952 1345 2002 1369 re·
2047 1344 2147 1371 Enganna
2161 1345 2188 1368 ιν

2012 1372 2051 1391 sut»
2066 1373 2128 1392 certis
2141 1377 2186 1398 pno-

1260 1390 1460 1423 cordationis
1497 1389 1641 1432 Eugenio
1674 1389 1760 1432 Papa
1794 1389 1830 1421 IV
1866 1389 2189 1434 praede—n·50rd›·.istn-

1260 1453 1393 1476 cessore
1430 1447 1544 1475 nostro
1582 1442 1742 1485 quaedam
1779 1442 1908 1475 litterae
1944 1425 2188 1474 subllsnffli‘ssl'fflffll

1260 1495 1397 1538 plumbo
1436 1495 1558 1527 tenoris
1597 1495 1764 1538 sequentis
1783 1521 1790 1535 ‚
1825 1482 2123 1536 videlicet:i³=ii=⁰n¹¹¹⁰¹i›“g¹
2139 1482 2189 1525 lifoi-T

1310 1562 1323 1578 a
1337 1549 1504 1591 Eugyenins
1522 1549 1697 1591 episcopus,
1714 1558 1824 1580 servus
1838 1557 2003 1580 servorum
2014 1529 2188 1587 Effe‘ifsiiiini‘iffl:
2205 1574 2207 1579 ,

1261 1601 1331 1641 Dei,
1359 1601 1399 1633 ad
1422 1602 1572 1643 secturam
1598 1601 1646 1633 rei
1669 1601 1869 1633 memoriam.
1897 1583 2073 1643 Regu-‘³¹⁸⁸'

1261 1655 1362 1687 larem
1386 1653 1480 1687 vitam
1506 1653 1663 1697 professis
1685 1653 1731 1686 sic
1752 1653 1846 1686 decet
1871 1663 2001 1687 omnem

1261 1707 1396 1750 vagandi
1423 1707 1588 1740 materiam
1616 1717 1813 1750 omnemque
1838 1706 2002 1750 inquietu-

1262 1761 1346 1794 dinis
1372 1771 1497 1793 causam
1524 1765 1704 1804 amputare,
1729 1760 1818 1803 quod
1840 1760 1871 1793 in
1890 1770 2002 1793 eorum

1262 1814 1429 1847 vocatione
1454 1813 1639 1857 persistant,
1665 1824 1700 1846 ac
1725 1813 1874 1846 sedulum
1896 1818 1928 1846 et
1948 1813 2001 1846 de-

1262 1873 1373 1900 votum
1401 1866 1565 1899 Altissimo
1599 1866 1775 1899 exhibeant
1800 1866 2000 1899 famulatum.

1262 1920 1344 1954 Sane
1370 1930 1428 1963 pro
1454 1924 1546 1963 parte
1573 1919 1767 1952 dilectorum
1787 1919 1927 1952 filiorum
1949 1928 2004 1962 pa-

1264 1973 1318 2006 tris
1344 1972 1470 2006 abbatis
1495 1973 1683 2005 monasterii
1708 1971 1931 2005 Cisterciensis
1948 1971 2004 2005 Ca-

1262 2025 1444 2059 bilonensis
1471 2025 1630 2058 dioecesis
1660 2030 1691 2058 et
1716 2026 1855 2058 aliorum
1881 2024 2003 2058 Cister-

1263 2079 1381 2111 ciensis
1406 2078 1533 2111 Ordinis
1559 2078 1712 2111 abbatum
1738 2078 1883 2111 exhibita
1907 2077 2003 2110 nobis

1263 2143 1368 2176 nuper
1392 2131 1507 2175 petitio
1529 2131 1728 2172 continebat,
1749 2132 1835 2175 quod
1854 2130 2004 2164 nonnulli

1263 2185 1392 2219 monaci
1419 2186 1495 2219 dicti
1520 2185 1662 2226 Ordinis,
1682 2185 1736 2219 alii
1762 2185 1915 2218 videlicet
1939 2194 2005 2217 me-

1264 2240 1354 2273 lioris
1381 2239 1482 2282 frugis
1508 2238 1583 2271 sicto
1609 2240 1742 2279 colore,
1767 2238 1821 2272 alii
1857 2248 1934 2272 vero
1968 2242 2004 2270 ut

1264 2292 1374 2336 iugum
1401 2291 1608 2325 obedientiae
1641 2296 1671 2324 et
1696 2291 1846 2324 salutaris
1871 2290 2005 2323 medici-

1264 2357 1323 2379 nae
1348 2345 1502 2388 effugiant
1519 2345 1732 2389 disciplinam,
1752 2345 1790 2378 ad
1810 2344 1891 2378 alios
1909 2354 2005 2386 regu-

1265 2400 1349 2432 lares
1367 2398 1503 2431 Ordines
1529 2408 1562 2431 se
1584 2398 1757 2438 divertunt,
1775 2403 1817 2439 et,
1839 2403 1871 2430 ut
1888 2397 1921 2430 in
1939 2396 2003 2429 illis

1265 2462 1434 2485 remanere
1459 2451 1562 2484 libere
1586 2451 1723 2494 possint,
1743 2451 1904 2483 licentiam
1924 2450 2004 2492 Apo-

1265 2505 1403 2538 stolieae
1434 2505 1526 2538 Sedis
1563 2505 1595 2536 in
1633 2504 1803 2548 exquisitis
1838 2503 2003 2536 coloribus

1265 2563 1415 2602 satagunt
1440 2558 1601 2591 obtinere.
1629 2556 1693 2590 Nos
1728 2556 1838 2599 igitur,
1865 2566 2004 2599 quorum

1264 2612 1400 2646 interest
1426 2611 1607 2645 animarum
1632 2609 1803 2654 providere
1830 2609 1946 2652 saluti,
1971 2613 2005 2655 et
