2232 3178
297 233 346 256 Αη.
362 230 390 257 c.
417 229 484 257 1738
531 221 595 255 3⁶24

491 279 631 311 tionibus
657 279 897 321 praedialibus,
923 279 1020 320 vulgo
1055 278 1226 320 pilancas,

490 331 673 374 ceterisque
713 331 938 373 proventibus,
976 330 1228 364 obventionibus

489 390 520 416 et
546 383 770 416 emolumentis
792 383 1065 426 qiubuscumque,
1086 383 1180 415 certis
1199 389 1229 415 et

489 436 632 475 incertis,
653 436 894 479 provenientes,
912 448 947 469 ac
966 437 996 469 in
1016 436 1154 479 pecunia
1179 438 1228 469 vcl

489 489 645 520 fructibus
688 494 741 520 aut
780 489 982 531 quibuslibet
1019 489 1090 521 aliis
1131 489 1227 522 rebus

489 542 734 584 quomodolibet
768 542 996 583 consistentes,
1025 547 1055 575 et
1086 543 1123 574 ad
1157 543 1229 575 ulti-

489 595 647 627 modictas
675 595 785 627 decem
813 595 997 637 dignitates,
1017 605 1053 627 ac
1078 595 1148 628 illas
1169 606 1228 638 pro

488 653 634 690 tempore
661 647 863 688 obtinentes,
891 659 1093 691 quocumque
1122 649 1226 688 titulo,

488 701 582 734 etiam
609 701 836 740 donationum,
866 701 1076 741 oblationum,
1108 702 1229 734 luctuo-

488 765 606 794 sarum,
634 755 819 787 contractus
838 755 1008 787 cuiuslibet
1029 755 1124 787 etiam
1152 765 1229 787 one-

487 808 573 847 rosi,
597 814 650 840 aut
674 809 856 851 legatorum
884 809 978 840 etiam
1005 809 1228 850 personalium

488 866 759 903 nuncupatorum,
783 871 838 893 seu
858 861 920 893 alia
938 861 1049 904 quavis
1069 863 1162 893 causa
1179 863 1227 894 vel

487 913 567 953 iure,
594 924 679 946 nunc
699 918 730 946 et
748 924 806 956 pro
825 918 971 956 tempore
998 920 1029 946 et
1054 924 1107 947 seu
1134 915 1227 947 etiam

487 966 526 999 de
553 977 638 1000 novo
664 971 718 999 aut
744 967 775 998 in
803 967 945 999 futurum
962 973 1155 1010 spectantes,
1173 969 1227 1011 qui

487 1031 601 1055 omnes
620 1025 651 1054 ct
669 1020 785 1061 singuli
813 1020 1090 1053 ultimodictarum
1118 1021 1227 1053 decem

487 1073 679 1115 dignitatum
706 1074 884 1116 respective
919 1075 1057 1113 fructus,
1084 1075 1228 1107 redditus

487 1131 518 1159 et
543 1132 717 1169 proventus
743 1137 883 1159 annuam
909 1138 1068 1160 suminam
1088 1138 1142 1160 sex
1162 1128 1228 1160 mil-

485 1180 563 1212 lium
589 1186 717 1213 centum
744 1180 872 1223 triginta
905 1181 999 1213 unius
1038 1181 1226 1214 ducatorum

486 1233 554 1266 auri
574 1234 728 1266 similium
755 1240 786 1266 et
811 1234 960 1266 iuliorum
982 1235 1135 1267 tredecim
1161 1245 1228 1268 mo-

486 1292 580 1318 netae
606 1286 801 1329 praedictae,
824 1291 860 1318 ut
885 1287 1006 1329 pariter
1031 1287 1227 1330 accepimus,

487 1339 706 1371 constituunt:
733 1350 769 1372 ex
795 1350 891 1380 nunc,
918 1340 1024 1383 quoad
1051 1341 1226 1383 dignitates

487 1402 524 1424 ac
560 1392 770 1425 canonicatus
795 1398 826 1425 et
856 1393 1064 1436 praebendas
1100 1405 1227 1427 necnon

486 1445 695 1479 canonicatus
720 1457 791 1478 cum
818 1446 951 1479 dimidia
968 1447 1153 1490 praebenda
1170 1457 1226 1480 seu

487 1498 639 1531 dimidios
666 1499 873 1532 canonicatus
899 1504 930 1532 et
961 1499 1108 1533 dimidias
1135 1511 1229 1543 prae-

485 1551 609 1585 bendas
646 1552 832 1586 huiusmodi
877 1564 959 1596 quae
997 1559 1028 1587 et
1065 1554 1119 1597 qui
1157 1559 1227 1587 actu

486 1615 574 1638 nunc
599 1611 727 1645 vacant,
756 1616 819 1649 quo
845 1617 920 1640 vero
946 1607 986 1639 ad
1012 1607 1083 1640 illas
1106 1613 1137 1640 et
1154 1608 1228 1641 illos

487 1669 569 1701 quae
593 1663 624 1691 et
643 1659 695 1702 qui
714 1659 847 1692 minime
866 1665 977 1693 vacant
996 1660 1034 1693 de
1052 1661 1225 1704 praesenti,

486 1722 521 1744 ex
547 1721 631 1744 nunc
657 1704 814 1755 prout'ex
843 1718 919 1746 tunc
946 1719 977 1746 et
1002 1724 1018 1746 e
1044 1720 1167 1755 contra,
1192 1726 1228 1747 ac

486 1775 557 1797 cum
582 1765 725 1808 primum
752 1776 865 1799 omnes
899 1772 930 1799 et
958 1766 1100 1809 singulas
1126 1767 1228 1810 digni-

486 1822 566 1851 tates
592 1829 628 1851 ae
655 1828 767 1851 omnes
790 1824 821 1851 et
841 1818 985 1862 singulos
1022 1821 1228 1853 canonicatus

485 1876 516 1904 et
540 1872 753 1914 praebendas,
773 1882 901 1904 necnon
920 1873 1131 1906 canonicatus
1157 1884 1227 1906 cum

486 1924 619 1957 dimidia
643 1925 843 1968 praebenda,
870 1936 929 1958 seu
954 1925 1105 1959 dimidios
1132 1937 1228 1959 cano-

484 1977 611 2010 nicatus
639 1983 670 2010 et
695 1977 843 2011 dimidias
879 1978 1081 2021 praebendas
1118 1979 1227 2012 liuius-

485 2030 591 2071 modi,
620 2042 655 2063 ac
680 2032 810 2064 illarum
835 2033 1016 2075 quamlibet
1040 2038 1071 2066 et
1096 2032 1227 2066 illorum

486 2084 676 2127 quemlibet,
701 2095 761 2128 per
786 2096 921 2125 cessum,
948 2086 1043 2119 etiam
1070 2096 1105 2119 ex
1132 2088 1228 2118 causa

484 2137 758 2179 permutationis,
784 2138 880 2171 etiam
906 2139 939 2171 in
964 2139 1084 2171 nostris
1111 2143 1142 2171 et
1167 2139 1228 2171 Ro-

484 2190 571 2222 mani
598 2190 760 2223 Pontificis
794 2201 852 2233 pro
888 2196 1034 2234 tempore
1060 2191 1227 2224 existentis

483 2243 646 2284 manibus,
663 2244 711 2276 vel
737 2244 904 2277 decessum
927 2256 985 2278 seu
1011 2245 1226 2288 privationem

485 2301 538 2329 aut
552 2296 773 2330 dimissionem
787 2300 835 2331 vel
854 2298 1064 2331 amissionem
1079 2309 1227 2342 quorum-

485 2361 624 2394 cumque
664 2351 736 2384 illas
774 2356 806 2384 et
842 2353 915 2385 illos
952 2359 1007 2385 aut
1043 2353 1171 2386 illarum
1196 2357 1227 2385 et

484 2403 617 2437 illorum
638 2405 818 2448 quamlibet
836 2410 866 2438 et
884 2406 1064 2449 quemlibet
1089 2416 1225 2448 quomo-

485 2457 608 2490 dolibet
633 2458 852 2491 obtinentium
879 2464 909 2491 et
934 2459 1146 2499 obtinentes¹,
1172 2464 1226 2492 aut

484 2511 562 2544 alias
594 2511 708 2554 quovis
746 2512 844 2545 modo
878 2512 972 2545 etiam
998 2513 1084 2555 apud
1110 2513 1224 2546 Sedcm

484 2564 703 2608 Apostolicam
728 2576 766 2599 ex
791 2576 996 2610 quocumque
1022 2567 1153 2600 decreto
1179 2578 1225 2599 va·

522 2629 531 2656 1
554 2627 648 2656 Potius
667 2628 729 2664 lege
749 2631 776 2659 ec
795 2629 950 2660 obtinentis
972 2629 1011 2666 (a.
1027 2630 1076 2665 τ.).

1074 229 1197 253 BULLAR
1204 229 1259 252 iUM
1287 228 1446 253 ROMANUM

1273 277 1409 310 cationis
1451 287 1506 310 seu
1549 277 1740 310 cessationis
1778 278 2011 320 cuiuscumque

1274 330 1363 370 iuris,
1391 330 1567 373 apostoliea
1595 331 1785 363 auctoritate
1811 331 1842 363 in
1860 330 2013 375 provisio-

1273 383 1368 416 nibus
1395 383 1434 416 de
1462 384 1532 416 aliis
1570 383 1737 416 beneficiis
1764 384 1835 416 illas
1871 388 1902 416 et
1938 383 2011 417 illos

1274 436 1520 478 quomodolibet
1545 436 1769 469 obtinentibus
1798 437 1909 469 eadem
1935 447 2012 480 apo-

1273 489 1387 521 stolica
1417 489 1607 521 auctoritate
1643 489 1733 521 sactis
1766 490 2013 532 quomodolibet

1273 542 1469 585 apponendo
1483 540 1500 581 ¹,
1527 552 1582 575 seu
1617 548 1692 574 tunc
1718 543 1888 584 apposito,
1916 542 2011 575 etiam

1273 595 1304 628 in
1323 596 1429 638 aliquo
1456 606 1493 628 ex
1518 595 1684 628 mensibus
1706 596 1799 628 nobis
1817 601 1848 628 et
1865 595 2011 628 Romano

1273 649 1417 682 Pontilici
1445 660 1502 692 pro
1529 654 1674 691 tempore
1693 649 1841 682 existenti
1869 649 2011 692 Sedique

1274 702 1476 745 Apostolicae
1503 701 1689 744 praedictae
1715 712 1774 744 per
1811 701 2011 734 constitutio-

1273 766 1330 787 nes
1353 755 1547 798 apostolicas
1566 766 1621 788 seu
1642 755 1856 788 cancellariae
1882 760 2012 798 aposto—

1272 808 1354 841 lieae
1391 810 1522 851 regulas
1555 808 1658 840 editas
1693 810 1744 842 vel
1782 809 1925 841 edendas
1960 809 2010 840 vel

1273 862 1351 894 alias
1377 862 1626 904 quomodolibet
1645 862 1824 902 reservatis,
1843 871 1900 894 seu
1927 861 2012 894 ordi-

1273 914 1372 947 nariis
1397 914 1606 947 collatoribus
1626 925 1683 957 per
1708 914 1837 947 easdem
1861 914 2013 956 apostoli-

1273 978 1326 1000 cas
1351 968 1622 1005 constitutiones,
1648 968 1861 1000 cancellariae
1886 967 2013 1011 praedi-

1273 1026 1342 1053 ctae
1361 1022 1503 1063 regfflas,
1519 1031 1574 1053 seu
1593 1021 1717 1053 litteras
1734 1021 2012 1060 alternativarum,

1273 1079 1328 1107 aut
1353 1074 1413 1107 alia
1438 1074 1607 1117 privilegia
1633 1079 1663 1106 et
1689 1074 1816 1106 indulta
1847 1083 2010 1113 concessa,

1273 1138 1331 1160 seu
1347 1127 1416 1160 iure
1430 1127 1594 1160 ordinario
1609 1128 1658 1160 vel
1677 1127 1755 1160 alias
1772 1125 2012 1170 competentia&

1273 1192 1384 1214 vacare
1403 1181 1596 1223 contigerit3
1618 1181 1741 1213 etIamsi
1768 1186 1838 1213 actu
1861 1191 1959 1220 nunc,
1979 1185 2014 1213 ut

1273 1234 1466 1278 praefertur,
1482 1239 1535 1266 aut
1554 1234 1632 1266 alias
1651 1234 1762 1277 quovis
1780 1234 1887 1273 modo,
1903 1244 2013 1277 quem,

1274 1288 1400 1320 etiarnsi
1427 1298 1463 1320 ex
1489 1287 1546 1320 illo
1571 1287 1703 1329 quaevis
1728 1287 1890 1329 generalis
1910 1297 2014 1320 reser-

1271 1340 1355 1373 vatio
1393 1340 1489 1373 etiam
1527 1340 1557 1371 in
1594 1350 1731 1382 corpore
1767 1340 1845 1372 iuris
1883 1339 2014 1373 clausa³

1273 1393 1426 1432 resultet,
1453 1393 1678 1436 praesentibus
1715 1393 1829 1426 haberi
1866 1394 2014 1426 volumus

1272 1456 1331 1488 pro
1358 1456 1529 1489 expresso,
1557 1446 1679 1478 etiamsi
1718 1446 1790 1478 illas
1824 1451 1855 1479 et
1883 1446 1957 1479 illos
1983 1450 2014 1478 et

1273 1499 1398 1532 illarum
1424 1500 1602 1542 quamlibet
1627 1510 1662 1532 ac
1687 1499 1816 1533 illorum
1837 1499 2016 1543 quemlibet

1272 1564 1357 1585 nunc
1386 1553 1569 1585 obtinentes
1596 1558 1627 1585 et
1653 1553 1803 1586 obtinens
1834 1553 1935 1585 nostri
1961 1557 2016 1584 aut

1274 1606 1408 1639 Romani
1435 1605 1597 1639 Pontisieis
1624 1616 1682 1648 pro
1710 1611 1856 1648 tempore
1881 1605 2016 1638 existen-

1273 1661 1310 1692 tis
1335 1670 1392 1692 seu
1417 1659 1554 1692 cuiusvis
1573 1659 1604 1691 S.
1622 1659 1658 1691 R.
1679 1659 1713 1691 E.
1730 1659 1901 1692 cardinalis
1918 1658 2014 1691 etiam

1273 1719 1348 1746 tunc
1374 1713 1509 1745 viventis
1537 1712 1708 1745 familiares
1745 1723 1801 1744 seu
1834 1712 2013 1752 familiaris,

1271 1766 1415 1800 continui
1461 1767 1695 1798 commensales
1741 1776 1796 1798 seu
1842 1765 2014 1798 continuus

1272 1819 1506 1858 commensalis,
1534 1824 1589 1851 aut
1616 1819 1778 1851 Romanae
1803 1818 1916 1852 Curiae
1948 1818 2016 1852 ossi—

1271 1873 1368 1906 ciales
1394 1883 1449 1905 seu
1475 1872 1633 1913 officialis,
1652 1878 1706 1905 aut
1731 1873 1808 1905 alias
1827 1882 2015 1915 quamcum-

1271 1937 1333 1969 que
1360 1926 1609 1959 reservationem
1633 1937 1688 1958 seu
1711 1925 1914 1958 affectionem
1933 1935 2014 1969 quo-

1270 1980 1450 2013 modolibet
1486 1979 1677 2012 inducentes
1703 1990 1758 2012 seu
1783 1979 1939 2012 inducens
1963 1989 2016 2012 ex-

1270 2033 1398 2066 titerint
1430 2043 1486 2066 seu
1523 2032 1687 2072 extiterit,
1715 2043 1770 2065 seu
1805 2043 1864 2075 per
1888 2033 1959 2065 illas
1984 2036 2015 2064 et

1271 2087 1343 2119 illos
1369 2090 1422 2118 aut
1447 2085 1575 2118 illarum
1612 2085 1791 2128 quamlibet
1816 2090 1848 2118 et
1879 2085 2014 2118 illorum

1271 2139 1449 2183 quemlibet
1484 2138 1702 2171 obtinentium
1734 2148 1791 2171 seu
1823 2137 2012 2179 obtinentis,

1270 2194 1317 2226 vel
1344 2193 1530 2236 quorumvis
1555 2193 1707 2233 aliorum,
1735 2193 1772 2225 de
1799 2192 1863 2226 illis
1889 2198 1920 2225 et
1945 2192 2013 2225 illa-

1270 2258 1340 2280 rum
1379 2247 1524 2291 qualibet
1559 2252 1590 2279 et
1627 2247 1756 2280 illorum
1794 2247 1943 2291 quolibet
1979 2246 2012 2279 in

1271 2301 1415 2333 Romana
1439 2300 1532 2333 Curia
1557 2301 1722 2344 praedicta
1747 2302 1796 2334 vel
1823 2306 1911 2334 extra
1943 2310 2013 2333 eam

1271 2354 1366 2387 etiam
1392 2365 1499 2387 coram
1526 2354 1653 2387 notario
1675 2355 1808 2397 publico
1828 2360 1859 2387 et
1877 2354 2012 2388 testibus

1270 2408 1449 2450 respective
1476 2408 1573 2440 factas
1612 2407 1729 2440 liberas
1755 2407 2010 2450 resignationes,

1270 2465 1325 2492 aut
1343 2461 1607 2504 assequutionem
1633 2460 1766 2493 alterius
1788 2459 1939 2493 beneficii
1961 2470 2012 2492 ec-

1304 2541 1313 2565 1
1337 2539 1404 2566 Male
1425 2539 1489 2567 edit.
1510 2539 1589 2566 Maiu.
1610 2539 1676 2574 legit
1695 2540 1860 2575 apponendi
1879 2541 1918 2574 (n.
1936 2531 1984 2574 T.J.

1303 2584 1406 2611 2t‹·01·s.
1419 2585 1655 2619 competentibus,
1668 2593 1766 2619 nempe
1776 2585 1919 2612 mensibus
1929 2586 2010 2618 (ft-T).

1304 2629 1319 2658 3
1330 2629 1400 2657 Male
1412 2629 1455 2657 ed.
1466 2628 1547 2658 Maia.
1559 2629 1587 2657 h.
1598 2629 1731 2659 clausula
1741 2638 1791 2666 pro
1802 2630 1903 2659 clausit
1913 2631 1950 2666 (n.
1960 2627 2009 2664 T.).

2025 230 2072 255 An.
2089 230 2116 256 c.
2139 227 2196 262 1738
