2232 3178
2217 0 2232 85 1

2219 85 2232 107 ῬΙ

2219 108 2232 164 lt

1282 228 1438 254 ROMANUM

1280 278 1363 321 quiis
1399 278 1658 321 praepositorum
1695 278 1858 311 decretum
1899 278 2020 312 tenoris

1280 332 1334 375 qui
1361 332 1523 375 sequitur,
1550 331 1723 365 videlicet:

1319 384 1482 414 nantissime
1502 389 1593 424 pater.
1617 385 1771 415 Modernus
1794 385 1947 425 episcopus
1968 385 2020 415 Te·
2059 394 2158 421 Episcopi
2174 395 2227 416 'ro-i

1280 433 1418 471 rulensis,
1444 433 1626 463 humillimus
1648 433 1676 463 S.
1702 433 1735 463 V.
1760 437 1867 471 orator,
1888 434 1949 473 pari
1966 421 2122 468 1111-11110111ςιὸ
2153 422 2227 465 ”Ψο“1

535 222 598 254 566
1070 230 1255 254 normarum

496 279 679 312 ordinarios
705 284 735 311 et
755 279 931 320 delegatos,
951 279 1046 311 etiam
1066 289 1234 311 causarum

496 332 603 374 palatii
630 331 802 374 apostolici
828 331 1014 370 auditores,
1042 331 1178 364 iudicari
1205 337 1236 364 et

496 384 622 417 definiri
650 385 787 424 debere,
814 395 849 416 ac
875 384 999 417 irritum
1026 390 1057 417 et
1082 385 1190 424 inane,
1209 385 1234 417 si

303 230 352 256 An.
373 229 402 256 c.
421 230 487 257 ¹730
2031 227 2083 255 An.
2103 227 2132 256 c.
2150 207 2232 277 11391·

368 605 482 627 Dornx'atio

315 2518 487 2543 slonpregationu

311 2546 448 2569 indulgentiai
455 2551 487 2565 11111

306 2572 425 2595 ’.Νι-16111111,

495 448 587 469 scens
612 447 710 479 super
736 438 786 469 liis
811 448 827 470 a
852 448 1026 480 quoquam,
1052 438 1162 481 quavis
1184 449 1237 469 au-

495 490 661 530 ctoritate,
687 490 828 523 scienter
855 492 903 524 vel
929 491 1136 532 ignoranter,
1161 501 1237 523 con-

495 543 601 584 tigerit
625 543 788 575 attentari.

537 595 551 637 §
577 595 608 627 9.
635 595 704 627 Non
726 596 928 628 obstantibus
951 596 1238 629 constitutionibus

444 640 463 652 '¹'
493 648 792 682 etordinationil)us
809 649 1008 692 apostolicis,
1022 660 1146 683 necnon
1158 650 1239 683 Con-

494 701 693 744 gregationis
720 707 751 735 et
776 703 906 744 collegii
925 702 1178 745 praedictorum,
1198 709 1239 735 et-

493 755 555 787 iam
573 755 764 796 iuramento,
780 755 1027 788 confirmatione
1047 757 1236 799 apostolica,

493 809 542 841 vel
559 808 669 851 quavis
681 808 830 842 firmitate
846 809 907 842 alia
926 809 1098 849 roboratis,
1112 809 1238 842 statutis

493 867 524 894 et
549 862 857 903 consuetudinibus,
883 863 1061 905 privilegiis
1096 873 1238 906 quoque,

493 914 628 947 indultis
654 921 684 948 ct
708 915 825 948 litteris
851 916 1043 959 apostolicis
1062 916 1094 948 in
1113 922 1239 949 contra-

494 967 574 999 rium
601 967 858 1010 praemissorum
886 969 1132 1012 quomodolibet
1162 979 1239 1002 con-

493 1021 601 1061 cessis,
628 1021 827 1054 contirmatis
854 1028 884 1055 et
910 1022 1091 1063 innovatis3
1120 1022 1238 1065 quibus

494 1073 645 1106 omnibus
682 1080 714 1107 et
753 1075 911 1117 singulis,
940 1075 1068 1108 illorum
1108 1080 1238 1108 tenores

492 1127 722 1169 praesentibus
754 1137 813 1170 pro
846 1128 943 1170 plene
976 1133 1007 1161 et
1040 1128 1239 1161 sufficienter

493 1180 655 1222 expressis
674 1191 709 1212 ac
727 1180 766 1213 de
784 1181 882 1213 verbo
899 1181 938 1214 ad
956 1183 1088 1214 verbum
1107 1181 1238 1214 insertis

493 1234 661 1272 habentes,
689 1234 752 1266 11115
779 1234 858 1267 alias
883 1234 914 1267 in
941 1245 998 1268 suo
1024 1235 1143 1268 robore
1165 1245 1238 1278 per-

492 1287 673 1327 mansuris,
702 1288 740 1319 ad
775 1288 1032 1330 praemissorum
1070 1288 1237 1328 effectum,

493 1340 554 1372 hac
591 1340 657 1373 vice
690 1340 870 1381 dumtaxat,
896 1341 1082 1384 specialiter
1120 1347 1152 1374 et
1186 1352 1239 1374 ex-

492 1401 602 1434 presse
628 1392 841 1435 derogamus;
861 1392 1042 1436 ceterisque
1062 1392 1236 1425 contrariis

494 1444 765 1488 quibuscumque.

536 1497 650 1530 Datum
672 1497 803 1538 Romae,
825 1499 910 1542 apud
935 1499 966 1532 S.
994 1499 1124 1532 Mariam
1143 1499 1239 1533 Maio-

496 1561 578 1591 rem,
599 1551 659 1583 sub
680 1552 801 1584 annulo
820 1551 1002 1592 piscatoris,
1022 1553 1074 1586 die
1089 1554 1237 1586 xxninaii

493 1614 685 1646 unccxxxix,
705 1605 914 1648 pontificatus
939 1607 1041 1639 nostri
1061 1617 1146 1640 anno
1165 1617 1207 1641 lx.

529 1665 587 1692 Dat.
610 1665 654 1693 die
675 1666 708 1692 ⁰22
729 1667 793 1693 maii
816 1667 900 1701 1739,
921 1667 1016 1703 pontif.
1038 1676 1108 1695 anno
1129 1674 1164 1694 tx.

812 1811 924 1845 CCLX.

495 1889 706 1933 Confirmatio
731 1890 850 1924 decreti
882 1890 1149 1934 Gonyreqatiom's
1182 1890 1237 1923 in-

538 1944 786 1986 clulqentiarum
819 1954 1049 1988 sacrarumque
1080 1943 1240 1987 reliquia-

539 2008 614 2030 rum
629 2024 636 2037 ,
664 2008 728 2041 quo
753 1997 932 2030 declaravit
948 2008 1011 2030 non
1027 2002 1169 2040 spectare
1186 2007 1241 2030 uec

540 2054 696 2092 spectasse
709 2050 752 2083 ad
772 2051 958 2094 episcopum
977 2050 1180 2083 Terulensem
1195 2051 1241 2093 sa-

540 2103 693 2136 cullatem
715 2103 925 2136 benedicendi
951 2104 1158 2147 scapularia,
1185 2114 1241 2136 seu

539 2166 655 2199 parvos
688 2157 820 2189 habitus
848 2157 889 2190 B.
915 2157 1043 2190 Mariae
1071 2157 1108 2190 de
1133 2157 1241 2190 Monte

541 2209 704 2249 Carmelo,
732 2220 798 2242 non
822 2210 967 2242 obstante
991 2209 1239 2249 consuetudine,

540 2267 569 2294 et
594 2267 786 2306 ayqreyatos
810 2272 976 2296 recurrere
1000 2263 1042 2295 ad
1058 2263 1241 2306 superiores

541 2314 676 2349 Ordinis
699 2326 757 2360 pro
781 2316 864 2349 novci
888 2317 1131 2359 aqyreqatione.

711 2395 847 2422 Clemens
869 2395 949 2429 Papa
968 2395 1032 2427 XII,

639 2442 675 2467 ad
696 2441 833 2468 futuram
860 2441 906 2468 rei
926 2441 1114 2468 memoriam.

542 2510 557 2553 5
580 2510 612 2543 l.
640 2510 806 2544 Emanavit
823 2521 929 2555 nuper
944 2522 962 2544 a
978 2511 1239 2554 Congregatione

498 2564 733 2597 venerabilium
749 2565 883 2597 fratrum
899 2570 1086 2598 nostrorum
1103 2564 1135 2598 S.
1152 2565 1187 2598 R.
1205 2565 1239 2598 E.

500 2617 711 2652 cardinalium
738 2617 952 2661 indulgentiis
979 2623 1010 2651 et
1035 2618 1134 2652 sacris
1165 2618 1240 2652 reli-

1281 482 1406 511 militate
1428 482 1522 511 eidem
1551 482 1671 521 exponit
1698 483 1824 522 qualiter
1853 483 1881 512 in
1905 483 2020 513 civitate

1279 530 1433 560 Terulensi
1456 530 1535 560 adest
1553 535 1714 560 conventus
1729 531 1898 560 monialium
1915 530 2021 560 Discal-

1280 583 1428 609 ceatarum
1452 579 1484 608 B.
1509 579 1614 608 Mariae
1638 579 1765 617 Virginis
1787 579 1821 609 de
1844 579 1939 609 Monte
1955 579 2022 609 Car-

1281 628 1356 657 melo
1389 632 1647 666 nuncupatorum,
1671 638 1704 657 ac
1736 628 1933 657 iurisdictioni
1961 628 2023 666 epi-

1281 677 1390 715 scopali
1412 676 1623 713 subiectarum,
1642 677 1672 706 in
1688 686 1745 715 quo
1761 676 1796 706 ab
1813 677 1897 706 initio
1919 677 2022 706 funda-

1282 725 1370 754 tionis
1392 735 1454 755 mos
1473 725 1618 754 admissus
1635 725 1688 755 fuit
1704 725 1812 764 ubique
1831 725 1860 755 in
1876 725 2022 764 Hispania.

1282 777 1416 812 receptus
1449 772 1591 803 induendi
1618 773 1758 802 nimirum
1792 773 1954 813 scapularia
1985 772 2020 802 ab

1281 823 1418 862 episcopo
1443 823 1483 852 uti
1506 832 1520 852 a
1544 823 1675 861 legitimo
1691 823 1841 862 superiore
1856 822 2020 860 benedicta,

1282 871 1342 901 sive
1370 881 1436 901 cum
1463 871 1556 911 ipsius
1589 871 1725 901 facultate
1754 881 1768 901 a
1796 871 1946 911 capellano
1977 880 2024 901 or-

1282 921 1407 959 dinario,
1432 925 1463 951 ut
1485 931 1556 950 usus
1579 921 1646 960 fert,
1671 921 1785 960 aliaque
1807 921 1845 951 ita
1869 920 2023 950 benedicta

1284 969 1420 999 mittendi
1443 969 1626 1009 parentibuS,
1652 969 1840 1008 propinquis,
1865 973 1914 998 aut
1934 968 2024 998 bene-

1283 1017 1440 1047 factoribus
1463 1018 1563 1055 laicis,
1587 1018 1739 1048 charitatis
1762 1022 1811 1048 aut
1832 1017 2023 1056 gratitudinis

1283 1066 1390 1103 officio,
1415 1067 1464 1105 pia
1486 1067 1542 1096 fide
1564 1066 1700 1096 omuibus
1728 1066 1926 1104 credentibus,
1961 1074 2023 1095 sca-

1283 1115 1416 1154 pularia,
1440 1124 1513 1154 quae
1537 1115 1574 1144 ita
1598 1115 1826 1152 benedicuntur,
1850 1114 1957 1144 habere
1979 1114 2024 1144 in-

1282 1163 1448 1201 dulgentias
1471 1172 1485 1193 3
1508 1163 1635 1193 Summis
1658 1163 1852 1193 Pontificibus
1870 1171 2024 1192 concessas

1284 1212 1386 1242 eodem
1411 1212 1507 1249 modo,
1531 1222 1588 1252 quo
1612 1222 1657 1249 ea,
1681 1222 1754 1252 quae
1773 1222 1787 1242 a
1810 1211 1948 1242 fratribus
1964 1211 2024 1241 Dis-

1282 1261 1418 1291 calceatis
1441 1261 1572 1291 eiusdem
1590 1260 1706 1291 Ordinis
1722 1260 1947 1291 benedicuntur.
1964 1259 2023 1290 Nu-

1283 1319 1334 1350 per
1357 1315 1465 1348 31116111,
1491 1319 1556 1340 cum
1580 1310 1721 1350 praedicti
1745 1311 1849 1340 fratres
1871 1310 1901 1340 in
1924 1309 2024 1340 huius-

1283 1359 1361 1389 modi
1385 1359 1502 1389 civitate
1534 1359 1687 1389 Terulensi
1718 1359 1921 1394 fundaverint,
1949 1358 2023 1389 1111111

1282 1417 1412 1447 unquam
1448 1417 1536 1446 super
1559 1408 1615 1437 hoc
1637 1411 1746 1445 actum,
1783 1407 1893 1437 dictum
1926 1407 1971 1437 vel
1994 1407 2024 1436 in

1282 1456 1403 1486 dubium
1418 1465 1531 1485 versum
1545 1460 1606 1486 est:
1625 1456 1687 1494 sed,
1702 1465 1768 1485 cum
1785 1455 1887 1495 paucis
1902 1455 1938 1485 ab
1954 1455 2023 1485 111116

1282 1504 1385 1535 diebus
1415 1505 1494 1544 prior
1531 1505 1560 1535 in
1597 1514 1650 1535 suo
1683 1509 1827 1534 conventu
1858 1513 2024 1535 sermonem

1283 1553 1391 1593 populo
1414 1553 1514 1583 dicens
1547 1563 1604 1583 non
1633 1553 1811 1583 dubitaverit
1844 1552 1959 1593 publice
1981 1561 2025 1582 35-

1282 1612 1380 1632 serere
1407 1602 1497 1632 nullis
1528 1602 1751 1642 scapularibus,
1779 1602 1836 1632 nisi
1862 1602 1920 1632 illis
1950 1611 2024 1641 quae

1282 1650 1318 1680 ab
1347 1651 1482 1690 ipsismet
1517 1650 1658 1680 fratribus
1690 1650 1920 1688 benedicuntur,
1948 1650 2024 1680 ullas

1283 1699 1481 1737 indulgentias
1508 1703 1673 1738 competere
1696 1699 1740 1728 vel
1771 1708 1833 1728 esse
1855 1707 2021 1736 concessas,

1284 1752 1313 1777 et
1335 1748 1424 1777 aliter
1446 1748 1585 1778 facientes
1619 1752 1669 1777 aut
1692 1747 1863 1785 sentientes,
1886 1747 2025 1786 deceptos

1283 1806 1362 1833 esse,
1385 1806 1432 1832 ne,
1457 1797 1481 1826 si
1504 1797 1669 1827 huiusmodi
1693 1796 1855 1836 propositio
1877 1796 1913 1826 ad
1937 1805 2024 1826 aures

1283 1845 1452 1875 monialium
1476 1845 1637 1885 perveniat,
1661 1845 1799 1884 praebeat
1831 1845 1891 1875 illis
1924 1853 2025 1874 ansam

1283 1894 1435 1924 dubitandi
1448 1904 1499 1924 seu
1515 1894 1654 1924 fundandi
1671 1894 1840 1934 scrupulum
1854 1894 1930 1924 circa
1948 1894 2023 1924 hanc

1285 1943 1436 1972 materiam
1456 1967 1463 1980 ,
1488 1947 1515 1972 et
1548 1943 1704 1982 praecipue
1737 1942 1813 1972 circa
1847 1941 2025 1972 validitatem

1284 1991 1552 2029 indulgentiarum:
1570 1991 1679 2021 idcirco
1695 1991 1846 2021 humiliter
1861 1991 1890 2021 S.
1908 1990 1939 2020 V.
1956 1999 2024 2029 sup—

1285 2040 1373 2080 plicat
1394 2044 1538 2079 quatenus
1560 2039 1685 2078 benigue
1717 2040 1866 2070 declarare
1888 2039 2025 2077 dignetur

1284 2089 1448 2128 scapularia
1471 2088 1506 2118 ab
1529 2092 1654 2127 oratore,
1679 2089 1720 2118 uti
1743 2098 1757 2118 a
1780 2088 1912 2127 legitimo
1934 2087 2026 2117 dicta-

1284 2146 1349 2168 rum
1372 2138 1638 2168 sanctimonialium
1661 2137 1790 2177 praelato
1809 2141 1837 2167 et
1859 2136 2023 2176 superiore,

1284 2187 1327 2216 vel
1351 2187 1386 2216 ab
1410 2187 1466 2216 alio
1497 2187 1648 2226 capellano
1677 2187 1843 2216 facultatem
1877 2185 2024 2222 habente,

1283 2235 1447 2274 benedicta,
1468 2240 1499 2266 ut
1523 2236 1612 2265 moris
1645 2239 1699 2273 est,
1723 2234 1920 2273 indulgentias
1943 2242 2026 2273 prae-

1283 2285 1360 2316 dicto
1383 2284 1485 2315 Ordini
1507 2294 1659 2315 concessas
1683 2284 1745 2314 sine
1774 2283 1833 2313 ullo
1863 2282 1952 2313 dubio
1974 2282 2026 2312 ha-

1287 2334 1368 2369 bere,
1393 2343 1468 2373 quae
1489 2334 1590 2373 utique
1612 2343 1625 2363 a
1649 2332 1829 2372 gestantibus
1851 2331 1962 2362 lucrari
1977 2341 2026 2362 va-

1283 2383 1374 2420 leant,
1398 2383 1520 2413 servatis
1549 2383 1622 2412 alias
1644 2381 1813 2419 servandis,
1837 2380 2026 2420 quemadmo-

1283 2432 1352 2462 dum
1375 2431 1417 2461 sic
1444 2431 1561 2461 definiri
1593 2435 1690 2470 sperat
1725 2431 1755 2460 in
1791 2431 1907 2460 summa
1937 2429 1966 2460 S.
1992 2429 2023 2459 V.

1283 2476 1453 2511 cle-mentia.
1477 2480 1567 2515 Quam
1592 2480 1677 2517 Deus,
1702 2484 1757 2509 etc.

1322 2529 1372 2559 Die
1395 2538 1454 2558 xx11
1477 2529 1545 2558 maii
1568 2537 1759 2566 MDCCxxxtx,
1782 2537 1863 2558 sacra
1897 2528 2023 2567 Congre-

1282 2576 1361 2614 gatio
1382 2575 1575 2614 indulgentiis
1597 2576 1746 2614 sacrisque
1769 2574 1903 2614 reliquiis
1939 2583 2021 2614 prae-

1283 2623 1376 2662 posita
1399 2622 1556 2654 declaravit
1577 2632 1635 2653 non
1652 2626 1785 2663 spectare
1803 2631 1857 2653 nec
1876 2626 2022 2662 spectasse

2072 2539 2144 2561 niciae
2160 2538 2208 2560 con·

2035 2565 2160 2592 gregario-as
2174 2564 2208 2586 de-

2035 2595 2120 2616 cretum.
