2232 3178
261 273 309 298 Λιι.
332 273 361 300 (J.
385 273 451 299 1733

260 340 300 359 ,μισ
331 334 361 353 eis
391 340 443 354 asti·

262 363 317 384 >¹¹ffll·

293 1656 347 1675 Loca
364 1654 447 1674 Ordini-

265 1682 303 1701 tm<
315 1682 447 1707 regularibus

264 1711 380 1733 amguata.

497 264 561 297 512

456 332 626 365 processu,
644 321 872 365 perditissimis
895 320 1084 354 bominibus
1111 319 1193 351 anti-

456 386 534 418 quas
558 376 652 408 sedes
671 375 814 408 subleste
833 374 1070 417 reficientibus,
1087 377 1118 405 et
1136 371 1194 404 ibi-

456 428 528 459 dem
562 438 643 459 nova
670 427 870 460 execrandae
898 426 1044 458 haeresis
1070 424 1194 457 semina

455 481 581 512 occulte
607 480 855 522 spargentibus,
888 479 1005 511 iterum
1038 477 1103 510 illic
1139 488 1195 521 pe-

455 533 582 564 stiferae
609 533 728 575 segetis
755 532 901 574 germina
927 531 1192 570 subolescerent‚

456 591 490 616 nt
521 584 593 618 aut¹
632 585 777 628 nequitia
803 586 966 624 elidatur,
995 590 1193 627 opportune,

455 638 552 671 nullis
578 648 714 680 parcens
747 638 913 670 industriis
939 642 970 669 et
995 637 1193 679 sumptibus,

455 691 625 733 providere
651 690 783 723 studuit.
812 691 898 722 lnter
928 695 1054 722 ceteras
1090 694 1195 721 antem

454 743 641 776 utilissimas
666 743 890 787 providentiae
917 753 991 775 suae
1018 743 1057 775 ad
1090 752 1196 774 susce-

456 802 544 839 ptum
570 796 822 828 saluberrimum
849 807 930 840 opus
956 795 1196 828 conficiendum

455 849 550 882 initas
578 850 740 890 rationes,
766 849 821 882 illa
847 849 877 881 in
903 848 1016 892 primis
1042 850 1194 881 maximo-

455 913 532 945 pere
557 903 814 935 commendanda
832 930 839 943 ‚
865 902 952 944 qnod
990 912 1046 934 sex
1082 910 1198 944 perpe-

457 962 525 988 tuas
550 955 721 988 missiones
748 966 765 988 a
791 954 950 997 religiosis
977 954 1052 987 viris
1074 954 1197 996 aliquot

457 1009 656 1052 regularium
677 1008 831 1041 Ordinum
851 1013 883 1040 et
901 1008 1133 1046 institutorum,
1152 1006 1197 1038 in-

457 1068 503 1094 tra
529 1062 749 1105 praescriptos
776 1062 834 1104 (ne
860 1061 992 1094 dissidia
1027 1061 1117 1092 nulla
1144 1065 1197 1092 aut

455 1114 602 1147 confusio
628 1125 770 1157 unquam
798 1113 873 1146 oriri
901 1113 1040 1156 possint)
1066 1112 1197 1151 limites,

456 1168 514 1199 snb
541 1167 707 1200 nonnullis
727 1167 790 1199 vabs
823 1177 857 1199 se
891 1165 988 1198 editis
1025 1164 1194 1207 capitulis,

455 1219 576 1261 regulis
603 1224 634 1252 et
659 1220 798 1262 legibus,
823 1219 955 1251 omnino
982 1217 1197 1261 peragendas,

456 1273 638 1305 fundaverit
664 1273 917 1316 instituet-itque,
943 1282 979 1304 ac
1004 1270 1196 1304 necessariis

457 1327 639 1359 redditibus
652 1326 923 1359 etemolumentis
940 1324 1196 1362 ditaveritonae

457 1381 587 1423 quidem
608 1379 715 1412 onmia
733 1379 888 1423 capitula,
909 1378 1041 1422 regulae
1060 1382 1090 1410 et
1109 1377 1198 1420 leges

459 1438 533 1466 sunt
559 1432 679 1466 tenoris
704 1432 758 1476 qui
784 1432 952 1475 sequitur,
980 1429 1153 1463 videlicet:

554 1518 697 1548 missiones
718 1517 747 1546 in
770 1517 886 1545 dioecesi
907 1514 1110 1553 salisburgensi

672 1566 816 1594 uerissime
834 1565 987 1594 institutae.

498 1644 517 1663 1.
541 1634 597 1663 Pro
620 1632 751 1672 patribus
774 1631 892 1662 Ordinis
925 1631 954 1660 S.
980 1631 1135 1669 Augustini
1168 1631 1197 1661 in

459 1684 641 1723 praefectura
664 1681 792 1712 Ilalleusi
815 1685 844 1711 et
867 1684 964 1710 monte
979 1679 1197 1718 Turnbergensi

459 1732 508 1762 ubi
531 1735 600 1761 sunt
622 1731 785 1760 salinarum
809 1729 958 1765 sossores3

497 1789 527 1810 11.
553 1780 607 1809 Pro
634 1778 764 1818 patribus
787 1777 963 1817 Capuccinis
988 1777 1017 1807 in
1044 1777 1149 1816 oppido
1171 1781 1199 1807 et

460 1829 645 1868 praefectura
660 1827 816 1857 Werffensi
838 1827 898 1856 una
921 1835 987 1857 cum
1007 1826 1199 1865 praefecturis

457 1879 487 1908 in
510 1878 662 1908 Abbtenau
685 1881 713 1907 et
734 1876 872 1915 Golling;

498 1935 538 1956 111.
562 1926 618 1956 Pro
635 1924 768 1964 patribus
783 1924 957 1964 Capuccinis
980 1924 1107 1955 civitatis
1123 1925 1198 1955 Ra'd-

458 1975 614 2005 stadiensis
644 1975 719 2004 intra
751 1977 887 2003 montana
917 1973 989 2004 sitae
1024 1983 1075 2013 per
1110 1978 1198 2005 totam

459 2025 521 2054 eius
544 2023 670 2054 nominis
693 2022 925 2063 praefecturam;

499 2082 537 2102 iv.
562 2073 616 2102 Pro
640 2071 771 2111 patribus
787 2070 959 2110 Capuccinis
976 2070 1146 2101 monasterii
1168 2070 1198 2101 in

460 2121 647 2158 Dambsweeg
684 2120 769 2150 vallis
798 2119 963 2158 Lungaviae
1001 2119 1036 2149 ad
1068 2119 1199 2149 confines

460 2170 625 2201 Carinthiac
649 2178 699 2209 per
722 2173 810 2199 totam
830 2168 1046 2208 praefecturam
1062 2168 1200 2198 Mossliei-

462 2228 592 2249 mensem
608 2229 615 2255 ;

501 2277 527 2298 v.
553 2268 607 2298 Pro
631 2267 762 2306 patribus
784 2266 901 2298 Ordinis
934 2267 1027 2297 saneti
1051 2267 1199 2297 Benedicti

462 2317 491 2346 in
525 2317 587 2347 loco
620 2315 822 2346 Swarzachiae
855 2325 907 2355 pro
941 2315 1133 2354 praefecturis
1164 2316 1199 2345 ad

460 2366 489 2396 S.
514 2366 651 2395 loannem
674 2364 826 2403 Wagrain,
845 2364 972 2400 l'rosarl‚
990 2364 1118 2402 Gosteni,
1135 2364 1201 2394 Gol-

461 2415 547 2453 degg,
570 2418 598 2444 et
621 2413 655 2444 ad
677 2413 707 2444 S.
731 2413 851 2451 Vitum;

502 2473 540 2493 νι.
561 2463 615 2493 Pro
632 2462 764 2502 patribus
782 2461 957 2492 Recollectis
973 2461 1091 2492 Ordinis
1107 2462 1200 2492 sancti

461 2511 610 2542 Francisci
645 2511 673 2541 in
707 2511 771 2540 loco
795 2510 955 2540 Ilunsdorff
978 2519 1066 2550 super
1089 2511 1201 2549 praefe-

462 2561 553 2591 cturis
575 2560 807 2597 Taxenbacensi,
831 2559 977 2590 [taurensi
999 2563 1027 2589 et
1050 2559 1184 2590 Zellensi.

502 2620 509 2644 t
529 2618 640 2645 Comma
654 2617 724 2644 istud
739 2617 898 2644 dimittimus
913 2617 1008 2645 lectori
1022 2617 1094 2651 sci0;
1111 2617 1200 2646 forsan

462 2665 487 2690 cl
505 2665 533 2690 ιιι
548 2671 596 2697 pro
614 2665 643 2690 ut
658 2665 707 2689 aaz
723 2661 871 2698 legendum
885 2663 925 2698 (n.
937 2662 988 2697 T.)-

1042 270 1230 295 BULLARIUM
1257 269 1417 295 ROMANUM

1238 319 1291 349 Nos
1317 318 1479 358 Leopoldas,
1508 319 1559 349 Dei
1577 320 1670 358 yrale'd
1700 319 1921 359 archiepiscopus
1953 322 1978 348 et

1275 366 1406 404 princeps
1428 365 1655 404 Salisbnryensis‚
1672 365 1788 396 Sanctae
1805 366 1882 396 Sedis
1904 364 1978 404 ripo-

1277 412 1388 440 slolscae
1405 411 1520 449 legatas,
1541 415 1620 440 natus
1640 413 1748 451 primas
1767 411 1941 441 Germaniae.

1278 464 1348 493 Cum
1371 473 1402 493 ea
1426 464 1463 493 sit
1485 464 1650 494 haereticae
1680 464 1885 494 obstinationis
1909 474 1979 494 con-

1238 513 1321 549 ditio,
1339 517 1380 551 ut,
1399 513 1557 552 amputatis
1573 513 1674 552 ramis,
1691 513 1770 543 illico
1786 513 1853 543 novi
1877 517 1904 543 et
1927 513 1978 543 ali-

1239 562 1354 601 quando
1387 561 1522 591 fortiores
1554 571 1739 592 succrescere
1766 563 1894 599 soleant,
1923 570 1977 599 ne,

1239 621 1312 650 quae
1327 612 1399 640 forte
1413 611 1440 640 in
1456 611 1638 649 praefectura
1649 612 1749 640 nostra
1763 610 1890 640 llallensi
1903 614 1931 640 et
1948 610 1979 640 in

1240 663 1338 688 monte
1358 658 1513 696 Turnberg
1535 659 1564 688 in
1592 659 1720 689 latibulis
1753 659 1847 689 adhuc
1878 658 1980 688 delite-

1985 270 2032 297 Αιι.
2054 269 2082 296 c.
2104 272 2166 300 1738
2202 253 2205 291 ’1

2006 475 2116 495 M-issionen
2128 476 2168 497 fra.

1989 501 2055 522 tribus
2088 502 2168 524 Ordini·

1989 527 2169 551 S.Augiisttuiita.
2206 543 2207 549 ι

1989 556 2023 574 tae
2051 555 2168 579 impositae.

1989 586 2030 606 que
2046 579 2110 606 loges.

1239 708 1294 738 scit
1317 708 1460 737 haeretica
1484 708 1565 746 lues,
1590 712 1684 739 tractu
1708 708 1847 747 temporis
1869 707 1978 737 iterum
2026 702 2028 706 ’

1240 761 1383 795 erumpat,
1401 756 1528 795 novique
1544 756 1687 795 oriantur,
1708 766 1792 795 quOS,
1811 756 1901 795 proh!
1926 755 1979 786 do·

1240 805 1294 840 lor,
1329 814 1430 834 sumus
1453 805 1589 844 experti,
1621 805 1683 842 rogi
1700 828 1707 842 ,
1731 804 1870 834 continuo
1893 802 1978 833 nobis

1241 853 1453 892 providendum
1476 858 1530 891 est,
1555 863 1610 893 qua
1634 855 1748 884 ratione
1770 852 1903 883 insidiosi
1926 853 1979 882 im-

1241 902 1354 941 piorum
1378 906 1498 932 conatus
1521 903 1636 942 penitus
1659 902 1779 941 reprimi
1802 906 1830 931 et
1853 901 1978 941 opprimi

1241 951 1361 990 possint,
1386 955 1427 988 ut,
1445 951 1541 980 securi
1563 951 1642 980 velut
1664 951 1699 980 ad
1722 950 1849 980 radicem
1873 949 1977 989 posita,

1242 999 1438 1038 pertinacibus
1462 999 1564 1028 mediis
1581 999 1714 1037 pertinax
1730 999 1850 1037 malum,
1867 1008 1903 1028 ne
1922 1008 1978 1038 qua

1241 1047 1399 1086 resumptis
1433 1047 1512 1076 velut
1541 1046 1652 1076 viribus
1685 1055 1843 1085 augescere
1876 1046 1977 1085 possit.

1240 1096 1354 1133 Quare,
1377 1105 1443 1125 cum
1475 1095 1678 1134 statuerimus,
1702 1095 1778 1135 quod
1802 1094 1979 1134 apostolicae

1242 1144 1389 1174 missionis
1411 1144 1440 1174 in
1464 1144 1536 1174 locis
1561 1144 1715 1183 praedictis
1747 1147 1812 1183 post
1845 1142 1979 1173 ultimam

1241 1192 1454 1222 haereticorum
1478 1192 1698 1230 emigrationem
1723 1201 1773 1232 per
1796 1192 1838 1222 tui
1860 1190 1978 1222 Ordinis

1240 1242 1344 1272 fratres
1367 1241 1552 1271 laudabiliter
1574 1241 1734 1271 exercitum
1762 1249 1870 1270 munus
1898 1240 1979 1270 omni

1241 1291 1336 1320 futura
1354 1294 1446 1320 aetate
1463 1290 1617 1329 perduret,
1632 1289 1801 1329 paternitati
1818 1293 1884 1319 tuae
1898 1288 1978 1319 hisce

1242 1339 1348 1369 nostris
1371 1339 1530 1369 clementer
1546 1343 1574 1369 et
1589 1340 1666 1369 serio
1681 1338 1769 1368 simul
1784 1337 1976 1377 iniungimus,

1241 1391 1386 1427 quatenus
1411 1387 1483 1418 illud
1508 1387 1614 1418 futuris
1630 1387 1780 1427 perpetuis
1797 1385 1978 1427 temporibus

1241 1446 1275 1467 eo
1297 1437 1382 1466 modo
1403 1436 1590 1475 instituatur,
1613 1440 1666 1466 ut:

1281 1494 1301 1515 1.
1326 1484 1443 1523 Tribus,
1467 1485 1517 1524 qui
1540 1485 1682 1515 imotenus
1712 1484 1748 1515 de
1770 1484 1906 1515 facultate
1927 1493 1979 1515 no-

1242 1535 1304 1564 stra
1317 1534 1481 1574 (superiore
1497 1534 1526 1563 in
1540 1543 1660 1564 censum
1674 1534 1824 1573 veniente)
1837 1534 1866 1563 in
1880 1537 1978 1564 monte

1241 1583 1394 1622 Turnberg
1418 1583 1458 1613 tui
1474 1583 1592 1614 Ordinis
1609 1584 1689 1613 fuere
1705 1588 1813 1623 patres,
1830 1586 1977 1623 quartum,

1241 1642 1328 1672 quem
1364 1632 1415 1662 tibi
1452 1632 1492 1662 ibi
1528 1632 1636 1663 habere
1671 1633 1844 1663 auctoritate
1877 1633 1979 1662 nostra

1241 1681 1390 1711 ordinaria
1411 1680 1490 1710 hisce
1512 1681 1618 1711 nostris
1640 1681 1853 1720 permittimus,
1876 1681 1980 1711 adiun-

1241 1740 1301 1769 gas,
1313 1731 1345 1760 ea
1359 1734 1558 1760 verumtamen
1576 1730 1742 1760 conditione
1758 1734 1786 1760 et
1801 1730 1876 1768 lege,
1889 1729 1977 1769 quod:

1281 1789 1311 1810 ιι.
1336 1779 1397 1809 Duo
1429 1787 1466 1808 ex
1499 1779 1541 1808 eis
1573 1778 1656 1808 nobis
1688 1782 1912 1818 praesententur
1944 1778 1980 1809 ad

1243 1827 1439 1867 peragendum
1462 1827 1493 1857 in
1515 1827 1678 1866 praerelato
1707 1827 1844 1857 districtu
1866 1831 1981 1866 aposto-

1242 1877 1315 1907 lieae
1337 1875 1486 1906 missionis
1509 1884 1627 1912 munuS,
1652 1875 1696 1905 vel
1725 1884 1740 1905 a
1763 1875 1882 1906 Summo
1905 1875 1981 1906 Pon-

1243 1925 1331 1963 tifice,
1354 1925 1398 1954 vel
1431 1933 1483 1963 per
1515 1933 1626 1954 sacram
1649 1923 1910 1963 Congregationem
1943 1924 1979 1954 de

1243 1973 1459 2013 Propaganda,
1483 1982 1534 2003 seu
1567 1972 1602 2003 ab
1635 1982 1668 2003 eo
1700 1973 1748 2003 cui
1780 1972 1815 2003 ab
1838 1973 1892 2002 hac
1914 1972 1980 2003 talis

1242 2022 1424 2061 delegabitur
1437 2021 1573 2060 facultas,
1590 2020 1740 2061 approbati
1750 2022 1770 2060 ¹,
1794 2021 1982 2051 necessariis-

1243 2081 1299 2111 que
1323 2071 1357 2102 ad
1381 2070 1534 2101 missiones
1557 2070 1731 2110 apostolicas
1754 2070 1915 2109 privilegiis
1938 2070 1980 2101 in-

1242 2120 1368 2158 structi,
1392 2118 1502 2158 absque
1524 2128 1558 2149 eo
1580 2119 1656 2158 quod
1679 2118 1731 2149 tibi
1754 2119 1899 2158 integrum
1922 2119 1979 2157 sit,

1243 2172 1396 2207 postquam
1413 2168 1502 2197 semel
1519 2167 1627 2197 fuerint
1643 2167 1677 2198 ad
1694 2168 1847 2198 missiones
1865 2172 1981 2199 nostras

1243 2216 1367 2254 delecti,
1391 2225 1440 2245 eos
1462 2225 1616 2255 amovere,
1639 2216 1697 2246 nisi
1720 2216 1769 2246 ubi
1799 2216 1885 2256 primi
1907 2216 1981 2247 inte-

1243 2274 1327 2303 grum
1350 2265 1529 2295 absolverint
1550 2274 1671 2302 annum,
1688 2265 1895 2304 subrogatione
1913 2265 1981 2296 sub-

1243 2314 1311 2344 inde
1333 2316 1368 2344 οὲι
1390 2314 1504 2344 ratione
1531 2314 1666 2344 facienda
1694 2319 1725 2344 ut
1752 2325 1828 2345 unus
1855 2315 1900 2345 vel
1926 2317 1982 2346 sal-

1244 2367 1302 2393 tem
1325 2371 1440 2402 semper
1462 2363 1539 2393 adsit
1567 2363 1616 2403 qui
1645 2363 1703 2394 iam
1732 2373 1784 2403 per
1811 2373 1920 2395 annum
1949 2365 1980 2396 in

1245 2412 1403 2451 praemisso
1439 2411 1541 2442 Ordini
1578 2416 1627 2442 tuo
1663 2413 1811 2451 assignato
1847 2413 1980 2444 districtu

1244 2460 1424 2491 missionarii
1446 2461 1611 2491 exercuerit
1634 2470 1751 2500 munus,
1773 2466 1856 2493 notos
1877 2462 1981 2494 habeat

1244 2510 1408 2540 incolarum
1437 2510 1655 2550 salinarumque
1685 2510 1830 2542 fossorum
1862 2520 1980 2551 mores,

1244 2559 1281 2589 sit
1303 2559 1333 2590 in
1357 2568 1387 2589 re
1410 2558 1584 2590 missionum
1607 2559 1765 2599 practicus,
1782 2560 1915 2601 petisque
1936 2560 1981 2591 in-

1280 2617 1290 2643 1
1313 2616 1434 2644 Pessime
1460 2616 1526 2644 edit.
1546 2617 1627 2645 Main.
1655 2617 1721 2653 legit
1746 2618 1904 2654 approbari
1931 2626 1981 2655 pro

1243 2662 1396 2697 approbati
1414 2662 1453 2697 (a.
1470 2663 1518 2697 r.).
