2232 3178
276 224 324 251 An.
347 222 374 249 c.
400 222 465 250 2738
510 214 574 248 380

470 278 579 305 noster
596 272 681 305 idem
703 281 837 314 regnum
861 270 988 304 Siciliae
1008 275 1039 303 et
1054 271 1208 303 Hierusa-

469 325 532 357 lem
550 335 622 357 cum
645 326 708 356 tota
735 330 822 356 terra
847 323 1013 367 praedicta
1031 324 1111 356 citra
1129 323 1210 355 Pha-

470 388 538 411 rum
558 387 661 420 usque
687 377 724 410 ad
751 377 891 410 confinia
911 382 1072 409 terrarum
1091 376 1206 409 Eccle-

470 430 535 462 siae
555 430 726 469 Romanae,
745 432 878 472 cxcepta
897 430 1023 462 civitate
1044 430 1209 462 Beneven-

471 486 544 516 tana
579 493 651 515 cum
685 482 754 516 eius
792 483 973 521 territorio,
1001 482 1147 516 districtu
1179 487 1211 515 et

470 536 678 578 pertinentiis
706 546 764 579 per
788 546 821 568 se
848 547 905 568 seu
933 536 1001 569 eius
1028 541 1059 568 et
1083 541 1210 568 nostros

470 589 741 631 praedecessores
771 588 935 622 Romanos
966 588 1141 621 Pontifices
1168 588 1210 621 di-

470 641 615 683 stinctis,
653 652 689 674 ae
723 641 796 674 loco
834 642 1034 675 Pontiscurvi
1075 641 1210 684 eiusque

472 694 649 733 territorio,
668 705 751 737 quae
773 694 833 726 sibi
861 699 891 727 et
918 694 1023 727 eidem
1045 694 1209 727 Ecclesiae

471 747 658 790 specialiter
694 747 849 788 retinuit,
885 748 991 780 clarae
1033 747 1209 780 memoriae

471 800 622 843 Philippo
659 800 694 832 lV
732 801 828 833 etiam
868 801 1096 843 Hispaniarum
1141 801 1209 843 regi

470 854 630 886 catholico
656 864 715 897 pro
744 864 777 886 se
803 854 934 896 suisque
967 853 1209 887 successoribus

470 906 652 948 Aragoniae
679 906 820 949 regibus,
849 912 913 939 tam
938 907 1092 939 masculis
1115 917 1209 950 quarn

471 958 621 999 seminis,
649 970 686 992 ex
714 970 752 992 eo
782 962 869 992 recta
901 959 987 992 linea
1013 960 1211 993 descenden-

471 1011 569 1052 tibus,
595 1012 678 1045 natis
701 1018 732 1045 et
757 1012 944 1053 nascituris,
971 1024 1007 1045 ac
1033 1013 1104 1046 aliis
1131 1023 1206 1055 per-

470 1065 558 1098 sonis
584 1065 616 1097 in
642 1066 853 1099 concessione
887 1066 1056 1109 utriusque
1081 1066 1153 1099 lulii
1180 1072 1212 1099 et

470 1117 608 1159 Leonis,
641 1129 676 1151 ac
709 1118 884 1152 Clementis
922 1120 1210 1162 praedecessorum

470 1171 661 1205 huiusmodi
696 1172 960 1216 comprehensis,
996 1178 1027 1205 et
1059 1184 1119 1216 per
1156 1183 1211 1206 eos

469 1225 605 1265 vocatis,
630 1225 663 1258 in
689 1225 820 1258 seudum
847 1231 1044 1269 perpetuum
1070 1237 1126 1269 pro
1152 1237 1207 1259 so-

470 1279 529 1312 lito
568 1290 676 1312 annuo
715 1290 816 1312 ceusu
857 1285 981 1323 septem
1022 1281 1110 1313 mille
1147 1280 1208 1311 du-

470 1337 616 1365 catorum
654 1332 808 1365 similium
847 1338 879 1365 et
912 1333 1008 1366 unius
1049 1333 1211 1376 parasrcni

471 1386 535 1418 albi
562 1385 719 1419 solvendo
735 1412 742 1426 ,
767 1391 801 1418 ut
827 1396 938 1429 supra,
967 1392 999 1419 et
1023 1387 1081 1419 sub
1106 1387 1214 1420 condi-

472 1438 635 1479 tionibus,
657 1439 780 1479 modis,
808 1439 935 1479 formis,
962 1439 1214 1480 adiectionibus,

470 1492 745 1535 promissionibus
763 1519 770 1532 ,
797 1492 963 1532 clausulis,
989 1493 1135 1533 cautelis,
1162 1504 1213 1526 vo-

471 1545 653 1578 luntatibus
679 1551 710 1578 et
735 1545 995 1578 ordinationibus
1030 1546 1061 1578 in
1098 1546 1214 1580 litteris

472 1598 631 1632 dictorum
657 1598 729 1632 Iulii
754 1598 778 1631 ll
805 1604 836 1632 et
861 1599 899 1632 llI
917 1627 924 1640 ,
951 1610 987 1633 ac
1011 1599 1210 1641 Clementis,

472 1663 609 1696 quarum
634 1652 858 1686 remissionem
884 1663 943 1696 per
977 1653 1093 1686 Sedem
1126 1654 1214 1697 Apo-

471 1706 621 1740 stolicam
647 1707 760 1740 factam
796 1707 893 1740 fuisse
928 1717 991 1740 non
1027 1712 1212 1751 appareret,

472 1760 641 1804 praestitis
674 1765 782 1793 tamen
807 1760 899 1803 prius
925 1761 1032 1794 eidem
1059 1760 1214 1804 Gregorio

472 1813 722 1857 praedecessori
741 1818 772 1847 et
793 1813 867 1847 Sedi
886 1819 916 1847 et
938 1814 1102 1848 Ecclesiae
1124 1825 1216 1858 prae-

474 1868 567 1902 dictis
593 1867 728 1900 nomine
753 1867 853 1910 ipsius
884 1868 1027 1911 Philippi
1062 1868 1097 1900 lV
1132 1868 1216 1911 regis

472 1932 531 1965 per
556 1921 721 1965 quondam
746 1921 956 1954 Franciseum
982 1922 1020 1955 de
1046 1923 1075 1955 la
1111 1922 1216 1956 Cueva

473 1970 587 2004 ducem
614 1971 653 2003 de
679 1971 955 2013 Alburquerque,
983 1971 1069 2014 apud
1096 1980 1166 2003 eum
1186 1976 1217 2003 et

473 2022 589 2056 Sedem
614 2023 812 2066 praedictam
839 2029 1002 2056 oratorem
1039 2029 1070 2056 et
1101 2034 1218 2067 procu-

474 2082 616 2110 ratorem
643 2087 679 2110 ac
704 2077 941 2110 mandatarium
973 2088 1065 2110 suum
1093 2077 1217 2121 specia-

474 2129 559 2171 lem,
580 2135 611 2163 et
635 2140 694 2173 per
719 2131 868 2164 eumdem
885 2130 1079 2173 Gregorium
1105 2131 1218 2164 admis-

475 2183 508 2215 sa
536 2183 724 2216 obedientia
759 2188 856 2226 atque
894 2183 1046 2226 homagio
1073 2189 1104 2217 et
1132 2185 1217 2217 iura-

474 2241 584 2269 mento
602 2235 774 2277 fidelitatis,
789 2237 848 2269 sub
867 2238 955 2270 certa
973 2242 1050 2271 tunc
1067 2239 1234 2281 expressa*

474 2287 577 2322 form-:1
602 2289 765 2323 concessit
790 2294 821 2323 et
845 2290 1001 2333 elargitus
1027 2290 1096 2332 suit,
1115 2301 1150 2324 ac
1168 2302 1218 2324 re-

475 2353 573 2386 gnum
607 2343 794 2377 huiusmodi
820 2344 988 2387 praedicto
1009 2343 1160 2388 Philippo
1181 2345 1217 2377 IV

474 2396 554 2438 regi,
572 2396 667 2430 modo
686 2402 717 2430 et
736 2397 836 2430 forma
853 2397 1050 2440 praemissis,
1068 2398 1217 2432 infeuda-

473 2449 525 2490 vit,
544 2455 641 2492 prout
659 2450 689 2483 in
708 2450 865 2493 praedicti
887 2450 1032 2494 Gregorii
1056 2452 1106 2484 XV
1123 2462 1217 2495 prae-

475 2502 656 2536 decessoris
671 2503 729 2536 sub
744 2504 880 2547 plumbo
894 2505 952 2537 sub
972 2504 1080 2537 datum
1098 2504 1216 2538 Romae

474 2556 560 2599 apud
595 2555 627 2589 S.
653 2556 785 2590 Petrum
809 2568 827 2591 v
852 2557 1009 2591 kalendas
1034 2557 1216 2591 decembris

473 2619 589 2644 mncxxl
626 2611 674 2644 sui
709 2610 917 2655 pontificatus
954 2622 1039 2646 anno
1076 2621 1087 2645 1
1119 2621 1217 2656 cxpe-

1055 220 1239 246 BULLARIUM
1263 220 1421 245 ROMANUM

1252 268 1326 301 ditis
1361 269 1479 302 litteris
1514 269 1644 312 plenius
1678 270 1875 302 continetur.
1909 268 1994 308 Quae

1253 322 1361 354 omnia
1385 322 1470 354 idem
1492 322 1664 366 Philippus
1683 323 1719 355 tv
1738 333 1791 356 rex
1811 322 1994 356 successive

1252 386 1310 418 per
1343 376 1467 408 Bullam
1501 386 1589 408 suam
1623 387 1753 409 auream
1790 377 1850 409 sub
1885 376 1994 409 datum

1253 428 1369 460 Mati-iti
1395 439 1413 460 v
1440 429 1622 462 novembris
1649 439 1782 462 itincxxn
1809 439 1904 461 manu
1938 429 1996 461 sua

1253 480 1466 524 subscriptam
1493 481 1705 524 approbando
1740 487 1771 515 et
1808 482 1994 525 ampliando

1253 534 1421 566 consessus
1449 534 1509 566 suit
1535 539 1565 567 et
1591 534 1792 576 recognovit..

1297 587 1310 629 ἓ
1336 586 1365 618 (i.
1384 587 1551 619 Postremo
1573 597 1660 626 vero,
1683 587 1767 620 dicto
1787 586 1938 630 Philippo
1955 586 1993 619 lv

1254 649 1330 682 rege
1353 640 1390 672 ab
1417 639 1568 672 humanis
1588 645 1752 682 exempto,
1774 639 1846 682 piae
1872 650 1994 673 memo-

1254 692 1320 724 riae
1346 693 1529 725 Alexander
1555 692 1602 725 t'lt
1626 693 1858 735 praedecessor
1882 693 1995 726 itidem

1255 751 1365 778 noster
1397 745 1599 788 praedictum
1634 756 1769 788 regnum
1802 745 1931 779 Siciliae
1965 751 1996 779 et

1254 798 1457 831 Hierusalem
1475 809 1544 831 cum
1566 799 1629 831 tota
1649 801 1733 831 terra
1758 798 1838 831 citra
1854 799 1995 832 Pharum

1253 862 1356 894 usque
1383 852 1420 884 ad
1440 851 1579 884 confinia
1600 857 1759 884 terrarum
1779 852 1923 884 eiusdem
1941 852 1997 885 Ec-

1254 905 1371 937 clesiae
1393 905 1572 944 ltomanae,
1600 907 1733 948 excepta
1757 905 1925 948 praedicta
1953 904 1998 938 ci-

1253 958 1348 990 vitate
1374 958 1602 992 Beneventana
1637 969 1707 990 curn
1734 959 1803 991 eius
1829 958 1996 992 territorio

1255 1016 1286 1043 et
1322 1012 1468 1043 districtu
1495 1017 1525 1044 et
1550 1012 1758 1054 pertinentiis
1784 1022 1842 1054 per
1874 1022 1906 1045 se
1940 1022 1996 1045 seu

1256 1065 1417 1097 Romanos
1438 1065 1611 1098 Pontifices
1638 1065 1813 1106 distinctis,
1835 1067 1900 1098 unzi
1924 1076 1996 1098 cum

1256 1120 1342 1150 terra
1353 1118 1551 1151 Pontiscurvi
1569 1118 1702 1161 eiusque
1720 1119 1893 1159 territorio,
1913 1129 1996 1162 quae

2004 222 2051 248 an.
2067 222 2098 249 o.
2117 217 2191 253 ηπ

2045 599 2074 620 Ab
2102 599 2184 623 Alexn-
2204 612 2210 620 .
2227 613 2232 618 -

2006 626 2043 645 ‹tro
2073 625 2108 646 Vt!
2138 627 2184 649 data
2194 642 2195 655 ,
2207 629 2210 640 ’

2006 652 2081 674 Gai-otu
2090 652 2107 674 ΙΙ
2123 655 2171 680 reni.
2194 660 2196 686 ς
2228 661 2232 670 ·

1255 1170 1314 1203 sibi
1350 1176 1380 1203 et
1409 1171 1514 1204 eidem
1539 1171 1701 1204 Ecclesiae
1727 1171 1913 1214 specialiter
1949 1182 1998 1204 re·
2046 1197 2057 1204 .

1255 1224 1405 1262 servavit,
1424 1225 1529 1257 clarae
1556 1224 1730 1258 memoriae
1755 1224 1869 1258 Carolo
1895 1224 1920 1258 II
1944 1224 2000 1258 Hi-

1255 1277 1441 1320 spaniarum
1460 1277 1527 1319 regi
1547 1277 1719 1318 catholico,
1738 1283 1814 1311 tunc
1834 1278 1864 1310 in
1883 1277 1999 1311 minori

1257 1335 1362 1362 aetate
1384 1331 1569 1369 constituto,
1596 1340 1654 1373 pro
1673 1341 1707 1363 se
1731 1331 1862 1374 suisque
1889 1331 1999 1363 haere-

1257 1384 1351 1416 dibus
1378 1389 1408 1416 et
1433 1383 1678 1416 successoribus
1703 1383 1887 1426 Aragoniae
1913 1383 1999 1426 regi-

1257 1437 1316 1469 bus
1345 1442 1407 1470 tam
1435 1437 1586 1470 masculis
1618 1447 1715 1480 quam
1745 1436 1873 1469 seminis
1898 1447 1935 1470 ex
1961 1447 1999 1470 eo

1258 1491 1345 1523 recta
1370 1490 1456 1523 linea
1481 1490 1765 1530 descendentibus,
1780 1490 1863 1523 natis
1889 1495 1920 1523 et
1944 1501 2002 1523 na-

1258 1542 1398 1583 scituris,
1425 1553 1460 1575 ac
1486 1542 1556 1575 aliis
1581 1543 1730 1586 personis
1756 1543 1788 1576 in
1815 1543 2002 1576 concessio-

1258 1595 1354 1628 nibus
1380 1596 1552 1638 utriusque
1579 1595 1662 1636 iulii,
1680 1596 1806 1637 Leonis,
1825 1595 2001 1629 Clementis

1259 1659 1294 1682 ac
1320 1648 1466 1691 Gregorii
1492 1649 1783 1692 praedecessorum
1814 1648 2001 1683 huiusmodi

1259 1702 1522 1746 comprehensis,
1550 1708 1581 1736 et
1614 1713 1671 1746 per
1706 1713 1763 1737 eos
1799 1703 1943 1745 voeatis,
1969 1703 2002 1736 in

1259 1756 1389 1789 seudum
1424 1761 1644 1800 perpetuum,
1678 1768 1737 1801 pro
1764 1757 1860 1790 solito
1891 1768 2001 1790 annuo

1259 1820 1359 1843 censu
1381 1815 1506 1853 septem
1533 1809 1621 1843 mille
1640 1811 1831 1843 ducatorum
1848 1810 2002 1844 similium

1261 1864 1415 1896 etunius
1453 1863 1617 1906 parasreni
1650 1864 1715 1896 albi
1752 1869 1787 1896 ut
1821 1864 2004 1907 praefertur

1260 1917 1430 1957 solvendo,
1457 1922 1487 1949 et
1513 1917 1571 1950 sub
1598 1917 1863 1959 conditionibus,
1896 1917 2000 1952 modis

1261 1976 1292 2004 et
1313 1971 1431 2010 formis,
1451 1971 1701 2012 adiectionibus,
1720 1972 2001 2015 promissionibus,

1261 2024 1423 2065 clausulis,
1450 2024 1582 2057 cautelis
1615 2029 1647 2058 et
1677 2025 1938 2058 ordinationibus
1969 2025 2002 2058 in

1259 2076 1376 2109 litteris
1399 2077 1567 2121 utriusque
1582 2078 1667 2119 Iulii,
1680 2077 1854 2111 Clementis
1873 2089 1909 2111 ac
1925 2077 2003 2112 Gre-

1261 2130 1343 2174 gorii
1370 2135 1403 2163 et
1427 2131 1638 2164 concessione
1671 2131 1787 2165 Leonis
1812 2131 2003 2175 praedeces-

1261 2194 1371 2217 sorum
1409 2184 1594 2218 huiusmodi
1633 2186 1821 2226 contentis,
1864 2195 2003 2229 quarum

1259 2236 1487 2271 remissionem
1513 2248 1573 2280 per
1592 2237 1708 2271 Sedem
1735 2237 1933 2281 praedictam
1959 2237 2003 2271 sa-

1260 2295 1342 2323 etam
1370 2290 1469 2324 fuisse
1494 2301 1560 2324 non
1582 2296 1767 2335 appareret,
1788 2291 1947 2325 concessit
1972 2296 2004 2325 et

1261 2344 1415 2386 elargitus
1441 2344 1509 2384 suit,
1537 2355 1574 2377 ac
1600 2355 1736 2388 regnum
1761 2345 1869 2388 ipsum
1895 2344 2003 2378 eidem

1260 2397 1373 2431 Carolo
1399 2398 1467 2441 regi
1498 2398 1680 2439 infeudarit,
1715 2409 1854 2442 eumque
1880 2399 1919 2432 de
1943 2398 2001 2432 illo

1260 2450 1438 2487 investivit:
1454 2457 1484 2485 et
1499 2452 1602 2485 dictus
1617 2452 1749 2486 Carolus
1764 2453 2002 2493 t¹ex,mediante

1261 2505 1367 2537 clarae
1404 2505 1579 2538 memoriae
1616 2505 1780 2539 Marianna
1807 2505 1846 2538 ab
1876 2504 2003 2538 Austria

1261 2558 1374 2600 regina
1399 2558 1627 2601 Hispaniarum
1653 2559 1721 2592 eius
1747 2563 1859 2600 matre,
1887 2558 2002 2592 tutrice

1262 2617 1358 2656 atque
1377 2612 1619 2656 gubernatrice,
1630 2623 1691 2656 per
1707 2612 1810 2647 bonae
1827 2611 2003 2647 memoriae
