2232 3178
56 202 106 230 An.
127 201 158 229 C.
176 199 244 228 ¹740

0 1291 2 1371 i
52 1307 65 1348 t

76 1247 146 1278 Supra
157 1248 236 1278 relatas

61 1277 223 1294 constitutiones

876 195 1017 221 CLEMENS
1042 195 1086 219 ΧΠ
1110 195 1159 219 PP.

247 247 351 286 gilent,
376 252 426 286 ut,
451 256 524 287 quae
547 257 581 277 ex
604 245 761 286 disciplina
783 245 877 275 sancti
901 244 990 284 patris

249 296 342 326 nostri
365 296 484 326 Antonii
507 301 535 326 et
557 305 594 326 ex
617 295 725 334 regulis
753 298 920 324 sanctorum
943 303 990 332 pa-

248 349 327 375 trum
350 350 517 375 nostrorum
541 344 690 374 Pachomii
724 348 751 374 et
779 343 896 379 Basilii,
920 342 990 371 alio-

247 403 372 433 rumque
394 398 580 431 sanctorum,
604 394 633 423 in
662 393 715 423 hoc
741 392 840 422 codice
867 391 989 421 collecta

246 447 327 478 sunt,
351 451 484 482 quaeque
507 442 631 471 maxime
661 441 737 482 circa
767 444 830 470 vota
862 438 989 476 Ordinis,

247 491 392 528 chorum,
424 491 584 520 orationem
622 489 792 525 mentalem,
829 487 987 523 ieiunium,

247 539 362 578 aliaque
384 539 549 578 spiritualia
572 538 710 568 exercitia
735 536 987 577 praescribuntur,

247 588 345 617 omnia
368 592 396 617 et
423 588 538 626 singula
567 586 744 617 adamussim
773 585 987 615 observentur:

246 635 470 674 intelligantque
493 645 580 674 super
603 635 648 664 his
676 634 765 663 veluti
792 632 989 662 fundamentis

248 683 337 713 totius
371 683 524 713 monastici
557 683 685 712 instituti
717 681 883 712 aedificium
920 690 990 710 con-

247 732 417 761 struendum
441 736 469 762 et
491 731 689 771 ampliandum
712 740 787 760 esse.

287 788 315 810 v.
339 780 375 810 Ut
403 790 469 810 vero
502 780 599 810 omnia
633 780 766 809 ordinate
801 782 986 818 peragantur,

247 829 408 859 inonachus
441 829 565 868 quisque
598 829 686 858 officii
718 829 763 858 sui
796 828 911 866 regulas
937 837 987 857 seu

247 878 469 908 constitutiones
498 878 527 907 in
555 877 655 907 tabula
679 877 721 907 vel
745 877 842 907 codice
864 876 988 915 scriptas

246 926 322 965 apud
346 936 376 956 se
399 926 526 965 habeat,
551 936 657 966 easque
679 926 836 964 diligenter
858 925 987 965 perlegat

247 980 275 1005 et
297 975 453 1006 observare
476 980 598 1014 satagat.

285 1025 328 1054 Ad
351 1025 457 1054 laudem
480 1030 506 1054 et
526 1025 645 1063 ylariam
658 1026 711 1054 Dei
727 1025 917 1064 omnipotentis
934 1023 986 1053 Ρα-

246 1073 297 1113 gris
315 1077 339 1102 et
357 1073 428 1102 Filii
449 1077 474 1102 et
490 1072 615 1112 Spiritus
630 1073 740 1110 Sancti,
757 1077 781 1101 et
802 1073 837 1102 ad
859 1072 988 1101 honorem

246 1119 297 1151 SS.
319 1121 442 1159 l'iryz'uis
457 1121 596 1158 Dciparae
612 1121 728 1155 Mariae,
746 1126 770 1151 el
791 1123 878 1150 sancti
899 1121 987 1160 patris

247 1170 379 1208 Antonii,
403 1171 578 1209 omniumque
598 1175 764 1200 sanctorum.
786 1170 885 1200 Amen.

291 1246 306 1288 ἓ
331 1245 362 1278 4.
382 1246 446 1279 Nos
471 1245 578 1288 igitur,
597 1246 738 1289 ipsorum
765 1245 905 1279 Simonis
932 1245 986 1277 ab·

66 1298 329 1331 ¹⁸⁰⁶⁸⁵³¹¹¹⁰¹³¹⁰·batis
347 1325 354 1338 ‚
382 1304 413 1331 et
438 1299 610 1331 Abrahami
630 1325 637 1338 ,
672 1298 787 1331 Bimini
825 1309 861 1331 ac
899 1297 985 1330 Pauli

70 1330 92 1347 at
106 1328 209 1348 Clemens.

247 1351 453 1385 definitorum
491 1358 521 1385 et
556 1352 792 1385 monachorum
817 1351 901 1385 votis
926 1352 986 1385 hac

246 1404 277 1437 iu
302 1415 348 1445 re,
366 1410 521 1448 quantum
548 1416 618 1438 cum
636 1405 774 1439 Domino
800 1415 985 1449 possumus,

246 1457 467 1491 favorabiliter
484 1468 627 1491 annuere
645 1459 809 1500 volentes,
828 1468 951 1501 eosque
970 1469 987 1490 a

245 1510 411 1554 quibusvis
426 1511 779 1551 excommunicationis
805 1511 987 1554 suspensio-

246 1564 296 1596 nis
320 1570 352 1596 et
369 1564 557 1604 interdicti,
586 1565 725 1608 aliisque
754 1564 985 1597 ecclesiasticis

244 1617 425 1657 sententiis,
443 1618 590 1650 censuris
613 1624 644 1650 et
664 1618 793 1661 poenis,
808 1629 825 1651 a
847 1618 915 1651 iure
936 1619 985 1651 vel

245 1671 284 1702 ab
302 1671 446 1711 homine,
461 1671 572 1714 quavis
587 1671 759 1704 occasione
774 1673 823 1704 vel
838 1674 932 1704 causa
946 1672 987 1704 la-

246 1724 296 1764 tis,
316 1723 340 1755 si
358 1724 477 1767 quibus
495 1724 741 1767 quomodolibet
758 1725 903 1757 innodati
921 1725 986 1757 exi-

245 1783 346 1818 stunt,
366 1777 404 1810 ad
423 1776 570 1810 effectum
587 1778 807 1820 praesentium
822 1778 987 1811 dumtaxat

244 1830 530 1873 consequendum,
557 1831 670 1863 barum
696 1831 781 1864 serie
813 1831 985 1864 absolven-

245 1888 291 1915 tes
316 1887 348 1915 et
372 1883 540 1916 absolutos
566 1883 633 1916 tore
658 1889 848 1925 censentes,
879 1884 986 1917 istius-

243 1936 332 1969 modi
358 1936 655 1981 supplicationibus
681 1937 846 1978 inclinati‚
871 1948 984 1971 omnes

244 1995 276 2023 et
310 1989 453 2033 singulas
492 1991 621 2033 regulas
658 2001 694 2024 ac
734 1991 984 2024 constitutiones

243 2043 477 2086 praeinsertas,
504 2049 536 2077 ct
571 2043 602 2076 in
638 2043 683 2077 eis
708 2049 860 2078 contenta
886 2055 984 2088 quae-

244 2107 381 2141 cumque
397 2125 404 2138 ,
432 2098 622 2131 auctoritate
648 2098 838 2141 apostolica,
865 2103 982 2132 tenore

244 2151 485 2194 praesentium,
512 2156 671 2194 perpetuo
698 2151 926 2185 confirmamus
952 2157 983 2185 et

243 2204 485 2248 approbamus,
513 2205 643 2249 illisque
679 2206 875 2239 inviolabilis
906 2217 984 2249 apo-

243 2258 377 2291 stolicae
404 2258 565 2291 firmitatis
602 2259 703 2291 robur
736 2258 921 2301 adiicimus,
947 2269 983 2292 ac

243 2322 357 2345 omnes
395 2317 427 2344 et
463 2311 606 2354 singulos
641 2311 718 2345 iuris
756 2317 788 2344 et
824 2312 913 2352 sacti,
947 2322 983 2345 ac

242 2364 483 2397 solemnitatum
520 2364 739 2407 quarumlibet
764 2364 796 2397 in
822 2364 981 2397 similibus

243 2417 338 2451 etiam
357 2418 396 2450 de
413 2417 607 2450 necessitate
633 2417 922 2460 observandarum,
948 2428 982 2451 a·

241 2471 341 2505 liosve
368 2471 533 2515 quoslibet
558 2470 653 2503 etiam
676 2471 828 2504 formales
854 2476 886 2504 et
909 2471 981 2504 sub-

241 2525 406 2558 stantiales
431 2524 588 2564 desectus,
607 2524 632 2555 si
651 2523 703 2567 qui
726 2523 757 2556 in
777 2524 979 2567 praemissis,

241 2577 468 2623 principaliter
500 2578 552 2618 ,vel
590 2577 786 2617 accessorio,
822 2582 877 2610 aut
915 2577 979 2611 alio

1034 243 1147 287 quovis
1174 243 1271 276 modo
1288 241 1539 282 intervenerint,
1558 251 1616 274 seu
1635 240 1773 272 interve-

1033 297 1118 329 nisse
1145 296 1229 335 diei,
1257 294 1383 329 censeri
1421 296 1471 328 vel
1503 293 1672 338 praetendi
1698 304 1772 336 pos-

1033 354 1123 389 sent,
1149 349 1279 392 penitus
1313 354 1343 382 et
1369 349 1501 382 omnino
1527 348 1714 391 supplemus
1740 353 1772 381 et

1033 413 1197 435 sanamus.

1077 456 1091 497 ς
1117 454 1147 487 5.
1176 455 1403 493 DecernenteS,
1427 454 1554 487 easdem
1581 459 1771 496 praesentes
1810 460 1890 487 sicque
1914 466 1968 481 sem.

1782 492 1822 513 per
1845 490 1866 507 et
1887 488 1967 513 ubique

1032 507 1182 547 litteras,
1219 518 1255 540 ac
1291 509 1418 549 regulas
1453 512 1484 540 et
1520 507 1968 543 constitutionessomniumne:

1032 560 1260 602 praeinsertas,
1287 570 1416 603 semper
1441 560 1559 598 firmas,
1594 559 1713 591 validas
1740 540 1876 591 maenum.

1034 612 1179 644 efficaces
1205 612 1342 645 existere
1369 618 1400 645 et
1425 613 1511 651 fore,
1538 622 1680 655 suosque
1706 612 1772 654 ple·

1033 664 1140 698 uarios
1168 670 1199 698 et
1224 665 1367 708 integros
1388 665 1519 698 effectus
1541 665 1650 698 sortiri
1670 670 1701 697 ct
1719 664 1772 697 ob-

1033 716 1149 758 tinere,
1175 729 1211 751 ac
1236 718 1310 759 illis,
1339 719 1377 751 ad
1404 729 1483 762 quos
1507 724 1631 762 spectat
1657 724 1687 751 et
1712 728 1771 761 pro

1034 775 1181 814 tempore
1219 772 1492 814 quandocumque
1529 770 1710 814 spectabit,
1739 770 1771 803 in

1033 823 1183 856 omnibus
1209 830 1239 856 et
1265 833 1323 867 per
1348 824 1456 857 omniu
1493 823 1681 867 plenissime
1707 824 1768 856 sus-

1033 876 1159 919 sragari,
1186 883 1218 909 et
1242 878 1281 909 ab
1305 877 1351 910 eis
1378 877 1557 920 respective
1576 876 1772 909 inviolabili·
1794 881 1801 891 ¹

1034 936 1082 962 ter
1106 930 1286 970 observari,
1313 931 1423 974 sicque
1450 931 1480 963 in
1507 930 1695 973 praemissis
1713 940 1772 973 per

1033 993 1259 1026 quoscumque
1285 983 1409 1016 iudices
1435 983 1618 1030 ordinarios
1640 988 1670 1015 et
1688 983 1774 1016 dele-

1032 1041 1134 1077 gatos,
1162 1036 1258 1068 etiam
1285 1046 1453 1068 causarum
1471 1035 1582 1079 palatii
1601 1035 1770 1078 apostolici

1032 1089 1206 1127 auditores,
1231 1099 1268 1121 ac
1292 1089 1323 1122 S.
1346 1090 1381 1122 tt.
1405 1089 1438 1122 E.
1468 1089 1653 1132 praedictae
1671 1088 1773 1121 cardi-

1031 1142 1143 1181 nales,
1171 1141 1265 1174 etiam
1292 1141 1331 1174 de
1358 1143 1459 1175 latere
1485 1142 1606 1183 legatos
1633 1146 1662 1173 et
1687 1141 1772 1183 Apo-

1031 1194 1162 1227 stolicae
1180 1194 1271 1227 Sedis
1296 1195 1438 1234 nuntios,
1456 1194 1580 1227 aliosve
1607 1193 1772 1237 quoslibet

1031 1257 1237 1291 quacumque
1263 1246 1523 1291 praeeminentia
1555 1252 1587 1279 et
1612 1250 1770 1289 potestate

1032 1300 1202 1344 fungentes
1238 1306 1270 1333 et
1301 1301 1486 1340 suncttiros,
1512 1300 1638 1332 sublata
1669 1299 1716 1332 eis
1741 1304 1771 1331 et

1031 1363 1143 1386 eorum
1170 1353 1306 1387 cuilibet
1338 1353 1450 1397 quavis
1487 1353 1583 1386 aliter
1607 1351 1770 1385 iudicandi

1030 1412 1062 1439 et
1086 1406 1323 1451 interpretandi
1350 1407 1497 1440 facultate
1520 1412 1551 1440 et
1568 1405 1768 1446 auctoritate,

1030 1458 1164 1492 iudicari
1197 1465 1229 1492 et
1262 1459 1390 1493 deliniri
1418 1459 1557 1499 debere,
1583 1470 1618 1492 ac
1643 1458 1770 1491 irritum

1031 1519 1061 1546 et
1087 1512 1181 1546 inane
1208 1513 1234 1545 si
1260 1523 1353 1546 secus
1371 1523 1471 1557 super
1489 1512 1538 1545 his
1557 1523 1574 1544 a
1594 1522 1768 1555 quoquam,

1030 1567 1140 1610 quavis
1167 1566 1369 1606 auctoritate,
1394 1566 1534 1599 scienter
1551 1566 1600 1598 vel
1619 1566 1771 1608 ignoran-

1032 1625 1089 1659 ter,
1110 1619 1286 1661 contigerit
1303 1619 1466 1652 attentari.

1075 1674 1092 1714 ξ
1111 1672 1141 1705 (i.
1170 1672 1240 1704 Non
1261 1672 1465 1705 obstantibus
1483 1671 1771 1705 constitutionibus
1810 1681 1902 1706 ner-wat
1927 1681 1965 1701 ub-

1031 1732 1062 1759 et
1087 1725 1347 1758 ordinationibus
1373 1725 1572 1768 apostolicis,
1598 1735 1642 1765 ac,
1660 1709 1897 1768 q113[3-³‘³¹¹¹¹¹’⁰⁸·

1029 1788 1089 1811 nus
1113 1788 1195 1821 opus
1221 1777 1270 1819 sit,
1288 1777 1560 1821 Congregationis
1587 1783 1618 1810 et
1641 1777 1769 1811 Ordinis

1029 1831 1271 1875 praefatorum,
1305 1831 1414 1864 aliisve
1451 1830 1641 1874 quibusvis,
1674 1830 1769 1863 etiam

1029 1885 1225 1925 iuramento,
1245 1883 1488 1917 confirmatione
1513 1883 1701 1928 apostolica,
1720 1885 1769 1918 vet

1030 1937 1142 1981 quavis
1172 1937 1322 1970 firmitate
1348 1937 1410 1970 ati-:1
1435 1936 1617 1978 roboratis,
1643 1936 1767 1970 statutis

1029 1996 1061 2023 et
1085 1990 1395 2030 consuetudinibus,
1423 1989 1602 2034 privilegiis
1628 2001 1768 2034 quoque,

1028 2043 1162 2076 indultis
1199 2049 1231 2077 et
1266 2043 1384 2077 litteris
1421 2043 1631 2086 apostolicis,
1674 2043 1768 2076 etiam

1027 2096 1281 2140 Congregationi
1307 2102 1340 2130 et
1364 2096 1477 2130 Ordini
1513 2096 1702 2140 praedictis,
1728 2096 1766 2129 il·

1027 2151 1200 2193 lorumque
1223 2149 1446 2193 superioribus
1463 2150 1631 2183 monachis
1649 2155 1679 2183 et
1697 2160 1768 2193 per-

1027 2203 1125 2245 sonis,
1151 2203 1211 2235 sub
1237 2203 1496 2247 quibuscumque
1523 2202 1696 2236 verborum
1723 2208 1768 2236 te-

1027 2257 1160 2290 noribus
1195 2261 1226 2289 et
1262 2257 1398 2296 formis,
1431 2267 1468 2289 ae
1503 2266 1576 2288 cum
1603 2255 1768 2298 quibusvis

1026 2310 1122 2343 etiam
1149 2309 1425 2352 derogatoriarum
1444 2309 1667 2351 derogatoriis,
1684 2309 1766 2341 aliis-

1026 2374 1088 2407 que
1115 2363 1372 2403 efficacioribus,
1400 2362 1630 2395 efficacissimis
1664 2367 1695 2395 et
1720 2362 1767 2394 in-

1025 2416 1131 2450 solitis
1157 2416 1319 2456 clausulis,
1346 2415 1614 2459 irritantibusque
1641 2421 1671 2448 et
1695 2416 1765 2449 aliis

1026 2470 1186 2510 decretis,
1214 2470 1244 2502 in
1272 2479 1392 2511 genere
1419 2469 1467 2501 vel
1494 2468 1524 2500 in
1551 2468 1682 2511 specie,
1709 2478 1764 2501 seu

1025 2523 1102 2555 alias
1127 2522 1387 2566 quomodolibet,
1407 2521 1436 2553 in
1455 2521 1653 2553 contrarium
1672 2531 1764 2564 prae-

1024 2577 1208 2610 missorum.
1233 2575 1412 2622 concessis,
1438 2586 1473 2609 ac
1499 2574 1622 2618 pluries
1650 2574 1763 2608 contir-

1671 182 1731 215 661
1781 190 1830 217 An.
1852 190 1882 217 c.
1901 189 1969 217 4740
