2232 3178
281 246 335 273 Aa.
352 247 380 272 c.
406 247 472 274 ¹739
519 236 584 271 58'1·

311 744 465 768 ttnmrauouez

283 770 403 792 sarit-udae.

293 1722 356 1742 Luwr
372 1723 463 1742 retinen-

342 1755 378 1774 pro
398 1750 462 1768 adno-

279 1775 348 1795 tandis
373 1782 462 1795 nomint-

280 1802 318 1822 bus
328 1805 462 1823 mortuorum

302 2112 381 2132 Sacrae
393 2113 462 2139 supel-

279 2138 359 2158 levinus
401 2145 462 2160 rene-

281 2165 371 2187 munitae.

478 295 622 327 iniuncto
648 294 774 327 muneri
801 304 873 326 cum
892 293 1146 328 cumulatissime
1173 295 1216 328 se-

478 348 595 380 cisseut
620 346 707 385 satis,
725 346 883 379 nonnulla
908 357 966 389 pro
993 348 1080 379 recta
1107 357 1213 380 rerum

477 400 622 433 onmium
658 399 938 432 administratione
975 405 1007 432 et
1038 400 1214 434 stabilitate

478 453 649 485 ediderunt
677 452 804 485 decreta
833 452 954 486 tenoris
976 452 1029 495 qui
1057 452 1215 496 sequitur,

477 507 625 539 videlicet
643 517 649 538 2

477 577 590 606 Decreta
611 586 704 606 sacrae
728 577 890 606 risitatiouis
905 577 1069 616 apostolicae
1084 577 1215 607 ecelesiae

515 626 545 655 S.
566 625 682 655 ΤΙιοιΜηι
703 631 727 656 e!
749 626 856 665 colleyii
871 626 1025 664 Anylorzcm
1046 627 1078 655 de
1096 626 1174 657 Urbe.

767 694 799 712 De
815 694 923 712 ecclesia.

516 732 585 762 Cum
609 741 645 762 ex
669 732 811 772 inscripto
827 733 921 772 lapide
938 733 973 762 de
996 733 1215 763 consecratione

476 781 616 810 ecclesiae
639 785 761 819 constet,
779 781 855 810 utin
877 781 1007 820 quolibet
1029 791 1104 811 anno
1128 790 1144 810 v
1167 782 1216 810 ka-

476 829 575 858 lendas
608 828 735 858 octobris
768 829 931 859 celebretur
964 830 1213 867 conmemoratio,

475 878 557 915 sigua
590 877 838 907 consecrationem
868 878 1052 916 denotantia,
1075 878 1215 917 temporis

476 926 655 966 antiquitate
671 927 753 966 quasi
773 928 888 966 penitus
904 928 1009 962 deleta,
1028 931 1214 957 renoventur.

516 976 696 1014 lleaptentur
728 975 875 1005 lacunaria
909 980 937 1006 et
972 980 1058 1014 tecta,
1090 985 1214 1014 quorum

476 1024 569 1062 portio
591 1024 626 1054 ad
650 1024 801 1054 meridiem
826 1034 949 1063 vergens
972 1025 1123 1055 declivior-i
1146 1035 1214 1055 casu

474 1072 665 1111 deprimatur,
685 1073 833 1102 renovatis
867 1074 956 1112 tignis
990 1073 1107 1112 pluviali
1138 1074 1215 1113 aqua

476 1121 624 1151 marcidis.

515 1170 654 1208 Ligneum
671 1170 760 1200 altare
779 1170 807 1200 S.
825 1170 923 1201 Sabini
941 1170 1069 1210 episcopi
1086 1177 1123 1200 ex
1143 1171 1215 1210 lapi-

475 1218 560 1248 dibus
590 1223 789 1255 construatur,
813 1224 840 1249 et
873 1220 964 1249 altare
997 1220 1046 1250 ξδ’.
1074 1219 1214 1250 Crucissxi

475 1267 503 1297 iu
528 1267 669 1297 lateribus
693 1272 884 1298 restauretur.

515 1316 728 1355 Antiphonaria
753 1317 878 1356 librique
901 1317 1034 1347 chorales
1051 1317 1149 1346 rubris
1165 1317 1215 1347 ob-

475 1369 609 1403 tegantur
632 1365 821 1403 membranis,
839 1370 867 1395 et
883 1366 1020 1396 oricalchi
1044 1366 1215 1396 mutuantur

475 1414 584 1444 fibulis.

514 1462 689 1492 [lealbentur
712 1462 826 1493 tabulae
858 1463 979 1493 chorum
1012 1463 1176 1493 dividentes
1199 1473 1212 1493 a

476 1511 608 1540 mesaula
630 1511 769 1541 ecclesiae
792 1512 990 1551 supraposita,
1015 1512 1042 1542 in
1066 1512 1150 1542 euius
1165 1522 1213 1542 ex-

475 1559 624 1590 tremitate
640 1560 761 1598 erigitur
777 1560 915 1590 sacellum
933 1561 964 1590 B.
979 1561 1085 1590 Mariae
1101 1561 1213 1599 Virgini

474 1608 622 1645 dicatum,
647 1609 723 1648 quod
747 1609 907 1639 decentiori
931 1610 1024 1639 forma
1046 1610 1215 1640 custodien-

474 1657 542 1687 dum
566 1657 763 1687 decernimus.

513 1706 583 1736 Cum
606 1716 643 1735 ex
666 1707 751 1736 Bulla
772 1707 893 1745 Eugenii
917 1707 1009 1747 Papae
1029 1708 1064 1738 lv
1096 1717 1214 1738 conces-

474 1764 538 1784 sum
562 1756 650 1785 suerit
673 1756 813 1785 ecclesiae
829 1756 875 1785 ius
893 1757 1066 1793 tumulandi,
1090 1757 1214 1787 retinea-

475 1808 521 1833 tur
545 1804 629 1842 liber,
658 1804 688 1833 in
711 1814 768 1843 quo
791 1805 909 1835 nomina
932 1805 1135 1836 defunctorum
1166 1815 1214 1836 eo-

474 1863 598 1892 rumque
633 1853 834 1883 tumulationis
867 1854 928 1884 dies
960 1855 1146 1893 adnotentur,
1177 1864 1213 1885 ne

473 1902 663 1940 imposterum
688 1903 893 1941 ambigendum
927 1904 966 1934 sit
997 1904 1031 1934 de
1060 1905 1213 1944 privilegio

473 1959 566 1989 nuper
582 1952 611 1981 in
629 1951 767 1982 iudicium
784 1957 919 1983 revocato
935 1962 949 1982 a
967 1953 1094 1993 parocho
1109 1953 1138 1984 S.
1152 1953 1214 1984 Ste-

473 1999 561 2038 phani
584 2000 617 2030 de
640 2001 740 2031 Caeco.

764 2062 797 2080 ne
812 2062 920 2080 sacrario.

514 2099 691 2129 Conssciatur
714 2100 788 2130 infra
805 2109 933 2130 mensem
951 2101 1147 2131 inventarium
1170 2111 1215 2131 sa-

473 2156 588 2177 crarum
612 2148 835 2188 supellectilium
860 2153 887 2179 et
909 2149 1109 2179 linteaminum
1125 2173 1132 2186 ,
1165 2150 1214 2179 de-

473 2197 591 2236 scriptis
613 2198 699 2227 etiam
723 2198 872 2236 argenteis
896 2198 1024 2237 vasibus,
1042 2202 1069 2228 et
1085 2198 1212 2228 osticium

474 2245 603 2275 custodis
629 2246 666 2275 sit
698 2246 794 2275 omnia
818 2246 846 2275 in
870 2256 922 2276 suo
944 2247 1045 2276 ordine
1074 2247 1212 2286 disposita

474 2304 532 2324 non
547 2294 643 2324 minus
658 2294 783 2324 fideliter
795 2304 881 2334 quam
895 2295 1039 2334 perpulite
1053 2304 1211 2326 asservare.

514 2343 666 2373 Addantur
688 2343 825 2379 armaria,
848 2348 880 2373 ut
901 2343 990 2373 lintea
1013 2347 1041 2373 et
1062 2353 1143 2373 sacra
1166 2353 1213 2374 su-

476 2392 568 2429 pellex
591 2392 772 2421 commodius
795 2392 988 2429 extendatur,
1013 2392 1089 2431 quod
1112 2392 1135 2422 si
1164 2402 1213 2422 an-

473 2439 569 2478 gustia
594 2440 713 2469 sacrarii
742 2449 800 2469 non
830 2439 926 2469 omnia
956 2440 1141 2470 custodienda
1165 2437 1235 2478 pa-'

474 2489 576 2525 tiatur,
599 2498 636 2518 ex
658 2488 861 2528 superioribus
883 2487 1026 2518 cubiculis
1049 2498 1138 2518 unum
1161 2499 1213 2528 pro
1234 2513 1235 2520 ,

474 2538 552 2567 dicto
576 2547 628 2567 usu
651 2543 820 2577 occupetur.

515 2586 650 2616 I'lauetae
674 2586 774 2616 viridis
808 2591 836 2616 et
870 2587 989 2617 violacei
1019 2586 1125 2617 coloris
1147 2597 1212 2617 cum

475 2634 588 2667 duobus
604 2635 760 2674 manipulis
776 2638 804 2665 et
819 2635 902 2666 stolis
918 2635 991 2666 albis
1007 2640 1195 2667 renoventur.

1051 247 1234 271 BULLARIUM
1260 247 1417 272 ROMANUM

2009 249 2057 276 An.
2077 249 2104 276 c,
2124 249 2186 278 ¹739
2224 237 2228 241 '

1297 295 1463 325 Praefectus
1493 295 1614 335 spiritus
1647 295 1684 326 sit
1715 296 1803 326 etiam
1834 297 1998 336 praefectus
2023 309 2187 336 omcnnnmaa.
2228 329 2229 338 ,

1258 344 1400 374 ecclesiae
1430 348 1458 374 et
1489 344 1628 381 sacrarii,
1654 349 1682 374 et
1716 345 1832 383 onmia,
1856 355 1929 384 quae
1962 346 1996 375 ad
2010 336 2057 356 Μ’
2075 339 2169 360 ⁵³⁶¹‘mi'

1259 393 1411 431 utriuslue
1435 393 1599 432 pertinent,
1623 397 1758 423 accurate
1786 393 1936 432 disponat3
1970 398 1999 423 et

1259 442 1390 481 quolibet
1425 451 1541 478 mense,
1566 443 1699 472 consecto
1733 442 1862 481 catalogo
1897 443 1998 472 missa-

1259 500 1323 520 rum
1346 494 1374 520 et
1397 491 1563 521 orationum
1587 491 1794 528 dicendarum,
1818 492 1846 521 in
1870 491 1999 531 qualibet

1258 540 1439 570 recurrentis
1468 541 1576 570 mensis
1604 540 1786 571 hebdomada
1813 541 1847 571 de
1877 550 1997 570 onerum

1259 589 1486 628 adimplemeuto
1509 590 1664 628 diligenter
1686 590 1827 629 inquirat.

1477 649 1510 666 De
1524 649 1633 667 oneribus
1648 649 1775 672 perpetuis.

1298 687 1328 717 Iu
1351 687 1530 717 conficienda
1553 688 1629 717 nova
1651 687 1756 717 tabella
1784 696 1905 718 onerum
1929 687 1999 717 mis·
2042 702 2135 727 sagum,
2160 703 2188 725 te·
2230 702 2232 717 t

1259 744 1356 764 sarum
1373 735 1402 764 in
1419 735 1547 765 sacrario
1563 735 1723 765 detinenda
1737 735 1893 765 adnotetur
1910 735 1996 765 missa
2009 732 2188 779 ffiffigflmsffl.

1260 787 1413 822 perpetua,
1435 783 1541 822 elapsis
1563 783 1714 813 mensibus
1733 783 1833 814 relicta
1849 783 1885 813 ab
1901 783 1998 822 equite
2010 782 2076 803 ‘ibus-

1259 832 1368 861 Thema
1385 832 1525 862 Delieram
1548 832 1629 862 iuxta
1648 832 1876 862 declarationem
1893 831 2001 862 sacien-

1259 880 1323 910 dam
1347 890 1362 910 a
1385 882 1468 910 sacra
1493 880 1722 919 Congregatione
1745 880 1882 917 Concilii,
1906 884 1934 910 et
1955 880 1999 910 in-

1260 930 1301 958 t'ra
1326 929 1398 959 duos
1421 938 1535 959 menses
1554 929 1694 959 doceatur
1716 930 1750 959 de
1772 929 1999 968 adimplemento

1260 978 1390 1007 omnium
1413 978 1591 1015 legatorum3
1610 982 1757 1017 praeterea
1782 978 1811 1008 in
1834 977 1909 1007 libro
1931 976 2000 1007 mis-

1262 1036 1361 1057 sarum
1379 1027 1524 1056 scribatur
1540 1027 1657 1066 proprio
1673 1026 1883 1057 celebrantium
1897 1026 1999 1055 chara-

1260 1080 1338 1105 ctere
1362 1084 1417 1105 non
1444 1079 1555 1105 tantum
1578 1076 1650 1112 dies,
1670 1084 1769 1105 verum
1792 1075 1879 1104 etiam
1896 1074 1998 1112 altare,

1259 1124 1289 1154 in
1312 1134 1368 1164 quo
1391 1129 1419 1154 et
1442 1134 1494 1164 pro
1517 1124 1623 1163 quibus
1646 1124 1733 1154 suerit
1755 1123 1945 1153 celebratum.

1458 1185 1491 1203 De
1506 1184 1607 1207 hospisso
1622 1185 1803 1207 peregrinorum,

1296 1223 1387 1252 Nemo
1410 1223 1573 1262 excipiatur
1596 1223 1735 1262 hospitio,
1752 1222 1808 1252 nisi
1831 1222 1869 1252 sit
1887 1221 1998 1261 Anglus
2022 1244 2188 1270 Qui—§mmmm-

1259 1275 1287 1301 et
1311 1271 1487 1308 catholicus,
1512 1271 1708 1310 praebeatque
1730 1271 1841 1301 litteras
1864 1271 2038 1317 testimo-2¹5¹
2053 1271 2188 1323 32522121213212

1258 1320 1350 1349 niales
1374 1320 1549 1350 vicariorum
1573 1321 1802 1359 apostolicorum
1819 1320 1953 1359 Angliae‚
1971 1324 2069 1350 etpota-

1259 1370 1379 1399 Romam
1403 1369 1515 1399 venerit
1538 1369 1700 1399 devotionis
1723 1369 1820 1399 causa.

1297 1418 1454 1456 Peregrini
1477 1418 1589 1448 nobiles
1613 1427 1663 1457 per
1686 1418 1832 1455 triduum,
1856 1417 1999 1456 ignobiles

1259 1475 1308 1505 per
1331 1466 1392 1496 dies
1415 1470 1478 1496 octo
1501 1466 1633 1504 alantur,
1667 1466 1745 1496 sicut
1767 1471 1794 1496 et
1817 1467 1997 1505 sacerdotes,

1258 1515 1326 1544 licet
1348 1515 1498 1544 nobilitate
1521 1515 1686 1553 fulgentes;
1706 1515 1735 1544 in
1758 1515 1879 1554 reliquis
1902 1515 2000 1545 obser-

1259 1568 1363 1593 ventur
1397 1564 1515 1603 antiqua
1549 1564 1668 1603 hospitii
1699 1568 1807 1594 statuta
1834 1569 1863 1594 et
1884 1564 1998 1594 decreta

1257 1612 1415 1642 cardinalis
1437 1612 1586 1643 Francisci
1608 1613 1760 1643 Barberini
1781 1613 1917 1643 senioris.

1297 1661 1327 1690 In
1352 1661 1561 1701 eleemosynis,
1585 1672 1659 1701 quae
1683 1662 1823 1692 laudabili
1845 1666 1999 1692 consuetu-

1257 1709 1323 1739 dine
1347 1710 1474 1748 quotidie
1490 1719 1526 1739 ex
1542 1719 1659 1740 mensae
1676 1711 1808 1749 reliquiis
1831 1720 1881 1750 per
1904 1714 1999 1749 cystu-

1258 1759 1300 1788 las
1333 1759 1432 1797 egenis
1466 1759 1648 1798 partiuntur,
1681 1759 1805 1788 familias
1838 1768 1998 1799 pauperum

1257 1807 1417 1845 Augloruin
1441 1807 1661 1847 praeponendas
1684 1808 1868 1838 mandamus.

1514 1868 1546 1886 De
1561 1867 1738 1886 valetudinario.

1298 1905 1328 1935 ln
1345 1905 1473 1945 quolibet
1489 1906 1694 1936 valetudinarii
1708 1906 1842 1936 cubiculo
1856 1906 1996 1945 exiguum

1258 1954 1401 1984 habeatur
1425 1953 1668 1991 tintinnabulum,
1685 1958 1716 1984 ut
1734 1954 1844 1984 infirmi
1863 1964 1913 1994 per
1934 1955 1998 1985 eius

1258 2003 1388 2033 sonitum
1412 2003 1562 2033 commode
1582 2012 1684 2033 vocare
1701 2003 1813 2042 possint
1833 2007 1997 2033 curatorem

1257 2051 1485 2089 aegrotantium.

1297 2100 1340 2129 Ad
1363 2099 1530 2129 invisendos
1553 2099 1684 2129 infirmos
1708 2109 1766 2130 non
1789 2099 1895 2130 adeant
1910 2099 1998 2129 simul

1257 2157 1357 2178 onmes
1379 2148 1510 2178 eiusdem
1534 2157 1666 2178 camerae
1699 2148 1827 2185 alumni,
1851 2148 1901 2178 sed
1936 2151 1998 2178 tan-

1258 2201 1317 2226 tum
1337 2197 1394 2226 duo
1416 2197 1459 2226 vel
1485 2201 1543 2227 tres
1567 2197 1638 2226 hora
1661 2197 1854 2227 recreationis
1876 2196 1997 2227 arbitrio

1257 2245 1425 2275 eorumdem
1461 2245 1645 2275 infirmorum
1682 2245 1716 2275 de
1750 2245 1872 2276 licentia
1905 2245 1997 2285 patris

1257 2293 1396 2324 ministri.

2064 1919 2186 1941 intirmorum

2008 1949 2102 1967 curator-

1526 2350 1559 2368 ne
1574 2349 1722 2369 bibliotheca.

1296 2392 1466 2431 Augeantur
1483 2401 1575 2431 aequo
1598 2396 1715 2432 sumptu
1738 2392 1806 2423 libri
1830 2396 1996 2423 controver-
2029 2403 2182 2424 Denbrsseon-

1257 2441 1367 2472 siarum
1401 2441 1610 2471 catholicorum
1644 2446 1815 2480 auctorum,
1835 2441 1997 2473 haereticas
2019 2433 2164 2483 ἒζῗξοῗέἷῗωω

1257 2490 1414 2529 praecipue
1430 2489 1591 2528 Auglorum
1610 2490 1763 2529 opiniones
1785 2490 1994 2520 refellentium.

1298 2538 1518 2569 Distribuantur
1540 2539 1611 2577 dies,
1635 2538 1741 2578 quibus
1760 2548 1810 2578 per
1827 2538 1934 2569 classes
1952 2548 1997 2569 se-

1256 2588 1380 2627 paratim
1403 2588 1514 2618 alumni
1543 2588 1584 2618 uti
1607 2588 1721 2618 valeant
1742 2587 1932 2624 bibliotheca,
1959 2597 1995 2618 ne

1256 2637 1292 2668 ad
1314 2646 1377 2667 eam
1401 2637 1549 2668 turmatim
1572 2637 1722 2668 accedant.
