2232 3178
273 218 321 244 An.
340 217 368 244 c.
394 215 460 243 1738
505 206 569 240 370

469 265 634 298 nicntibus
660 269 746 297 extra
772 263 929 296 civitatem
956 263 1057 306 ipsam
1090 262 1127 294 de
1162 262 1208 294 iu-

469 318 556 351 stitia
593 316 792 360 respondere
826 315 958 348 minime
993 320 1205 353 tenerentur,

468 370 649 409 concessit,
671 375 700 402 ct
719 369 856 401 subinde
878 368 976 400 Iulius
997 368 1054 400 Pr.
1072 368 1095 400 ll
1113 368 1207 400 ctiam

469 423 706 466 praedecessor
724 427 833 455 noster
851 421 1094 454 concessionem
1119 431 1207 464 prae-

468 476 582 508 dictam
608 474 819 518 approbavit,
846 473 999 516 quodque
1025 472 1079 507 ut¹
1105 473 1208 516 prima

467 535 497 562 et
522 529 664 561 secunda
696 527 849 559 instantia
881 537 1049 559 causarum
1083 526 1229 569 praedi-s

467 587 589 614 ctarum
608 591 670 613 non
690 580 765 613 alibi
792 579 908 623 quam⁹
925 580 956 612 in
976 580 1060 612 dicta
1078 579 1205 612 civitate

467 633 621 676 cognosci
647 633 822 672 deberent,
849 633 886 665 de
913 643 993 665 novo
1019 632 1202 672 concessit;

466 688 572 721 Sixtus
598 697 675 719 vero
702 686 759 719 ΡΙ).
787 687 808 717 V
836 686 1068 729 praedecessor
1093 690 1205 718 noster

467 740 576 773 statuit
602 746 633 772 et
658 739 820 772 ordinavit
845 739 932 782 quod
958 743 1077 771 statuta
1100 738 1203 771 (lictae

467 793 623 832 civitatis,
659 799 720 825 tam
747 792 852 825 civilia
884 802 979 835 quam
1006 791 1202 831 criminalia,

467 858 484 879 a
509 846 635 879 dilectis
661 845 733 878 filiis
751 845 904 878 Gamerae
923 845 1125 888 Apostolicae
1151 854 1202 886 ge-

466 900 566 933 nerali
585 905 615 932 et
633 904 842 942 procuratore
862 898 960 931 fiscali
980 909 1037 941 per
1054 897 1202 930 eumdem

467 952 631 996 deputatis
650 951 763 991 revisa,
778 951 952 983 reformata
966 956 997 983 et
1010 950 1200 992 subscripta,

466 1005 498 1037 in
524 1011 691 1049 posterum
725 1004 916 1047 praesertim
942 1015 959 1036 a
984 1004 1201 1046 gubernatore

467 1063 497 1091 et
514 1058 586 1090 aliis
609 1057 802 1090 officialibus
821 1057 853 1089 in
872 1056 983 1089 eadem
1002 1056 1126 1088 civitate
1144 1066 1201 1098 pro

467 1116 613 1154 tempore
650 1110 862 1143 existentibus
898 1109 937 1142 ab
974 1120 1115 1153 unguem
1148 1109 1204 1141 ob-

467 1169 693 1204 servarentur;
714 1162 830 1196 sicuti8
849 1173 906 1206 per
923 1173 1142 1206 quoscumque
1162 1162 1202 1193 iu-

466 1219 555 1251 dices
589 1217 770 1251 ordinarios
811 1222 842 1250 et
877 1217 1064 1258 delegatos,
1106 1216 1201 1248 etiam

466 1282 632 1305 causarum
658 1271 768 1314 palatii
795 1270 965 1313 apostolici
985 1270 1149 1302 auditores
1174 1275 1204 1302 et.

465 1324 496 1358 S.
514 1324 550 1357 R.
566 1324 600 1356 E.
621 1324 814 1364 cardinales,
833 1324 957 1355 sublata
976 1323 1022 1355 cis
1042 1328 1073 1355 et
1091 1333 1202 1355 eorum

465 1377 600 1410 cuilibet
618 1377 726 1420 (plavis
745 1377 840 1409 aliter
856 1376 1020 1409 iudicandi
1048 1381 1079 1408 et
1104 1376 1203 1408 inter-

465 1429 614 1473 pretandi
634 1430 783 1462 facultate
802 1434 833 1462 et
851 1429 1055 1468 auctoritate,
1070 1428 1203 1461 iudicari

466 1489 497 1516 et
522 1482 647 1515 definiri
675 1483 812 1522 debere,
839 1493 875 1514 ac
899 1481 1026 1514 irritum
1053 1487 1083 1514 et
1108 1482 1203 1514 inane

466 1535 490 1568 si
518 1545 609 1568 secus
636 1545 735 1578 super
761 1535 810 1567 liis
846 1545 863 1567 a
894 1545 1067 1577 quoquam,
1094 1534 1204 1577 quavis

465 1588 664 1627 auctoritate,
684 1587 825 1620 scienter
843 1588 890 1620 vel
913 1586 1111 1629 ignoranter,
1132 1597 1204 1619 con-

466 1642 574 1684 tigerit
587 1643 747 1681 attentari,
762 1640 920 1681 decrevit;
936 1646 1111 1683 praeterea,
1129 1640 1202 1684 quia

465 1695 540 1727 dicti
567 1694 782 1728 communitas
809 1701 840 1726 et
864 1694 1013 1726 homines
1050 1693 1082 1726 in
1112 1694 1202 1726 Sedis

466 1747 674 1791 Apostolicae
711 1752 742 1779 et
778 1747 927 1780 Gamerae
966 1746 1202 1790 praedictarum

464 1801 711 1834 necessitatibus
738 1811 893 1833 summam
927 1805 1091 1833 scutorum
1125 1801 1204 1832 duo-

465 1854 567 1888 decim
587 1853 725 1886 millium
746 1854 784 1886 de
804 1854 888 1886 iuliis
907 1853 1019 1886 decem
1038 1863 1097 1895 pro
1115 1859 1203 1885 scuto

465 1908 655 1947 solverunt,
695 1907 740 1939 eis
777 1906 939 1939 concessit
963 1906 1048 1949 quod
1086 1906 1202 1938 suturis

465 1960 681 2003 temporibus,
702 1960 732 1992 in
753 1960 869 2003 quibus
896 1960 934 1992 de
960 1959 1028 1992 inre
1055 1960 1103 1991 vel
1123 1959 1202 1991 alias

463 2014 594 2047 veniant
630 2013 836 2046 confiscanda
861 2013 969 2053 bona,
1000 2022 1059 2055 per
1091 2012 1202 2044 fiscum

464 2077 530 2099 non
558 2072 668 2110 posset
689 2066 758 2109 capi
789 2066 850 2098 nisi
870 2065 1022 2108 vigesima
1041 2065 1201 2098 bonorum

465 2120 634 2159 omnium,
672 2119 814 2161 exceptis
851 2123 955 2150 tamen
981 2118 1201 2150 criminalibus

463 2173 628 2212 haeresis,
655 2173 760 2204 laesae
787 2172 985 2213 maiestatis,
1012 2172 1111 2204 salsae
1135 2182 1202 2203 mo-

463 2232 558 2259 netae
584 2231 614 2258 et
639 2224 799 2258 latrocinii
826 2224 863 2256 ad
899 2225 981 2257 viam
1017 2225 1201 2267 publicam:

463 2285 560 2322 prout
596 2279 628 2311 in
665 2278 741 2310 Sixii
768 2278 812 2318 V,
852 2288 888 2310 ac
924 2277 967 2310 Pii
1005 2278 1028 2310 ll
1066 2282 1096 2310 et
1132 2277 1201 2310 Iulii

462 2333 557 2365 etiam
583 2333 606 2365 11
640 2332 931 2375 praedecessorum
960 2331 1200 2374 praedictorum

462 2386 582 2419 litteris
609 2386 749 2428 desuper
775 2384 934 2428 expeditis
952 2385 1080 2427 plenius
1105 2384 1202 2417 conti>

461 2445 568 2472 netur.
592 2438 668 2472 Cum
694 2443 812 2479 autem,
832 2437 912 2470 sicut
931 2438 1005 2470 dicti
1033 2438 1204 2471 communi-

497 2520 507 2544 1
533 2517 633 2544 Forsan
654 2520 680 2544 ει
701 2525 747 2551 pro
767 2520 798 2543 ut
818 2516 959 2551 legendum
982 2517 1019 2550 (a.
1036 2517 1086 2550 T.).

496 2562 513 2587 2
533 2561 604 2587 Edit.
626 2561 708 2587 Main.
729 2561 793 2594 legit
815 2568 895 2595 quem
917 2568 964 2594 pro
985 2569 1074 2594 (luam
1095 2560 1131 2596 (n.
1152 2560 1200 2594 τ.).

498 2605 514 2632 3
533 2605 689 2641 Legendum
709 2605 804 2642 sicque
825 2612 873 2641 pro
893 2604 980 2633 siculi
999 2610 1036 2639 tn.
1058 2610 1109 2640 12).

1051 214 1231 237 BULLARIUM
1258 213 1414 237 ROMANUM

1253 267 1297 294 tas
1323 267 1351 294 et
1379 262 1528 295 homines
1555 264 1647 296 nobis
1675 274 1777 307 nuper
1802 265 1915 307 exponi
1943 264 1988 297 se-

1251 320 1376 354 cerunt,
1405 316 1466 358 ipsi
1499 317 1742 349 concessionem
1769 317 1813 349 Pii
1851 323 1881 349 et.
1906 318 1986 357 iulii,

1251 378 1377 400 necnon
1404 373 1558 400 statutum
1585 374 1615 401 et
1643 369 1879 401 ordinationem
1910 369 1986 402 Sixti

1251 421 1536 463 praedecessorum
1575 421 1781 462 huiusmodi,
1814 433 1850 454 ac
1886 421 1986 465 ipsius

1251 473 1488 506 communitatis
1515 474 1682 516 privilegia
1708 479 1739 506 et
1771 479 1887 507 statuta
1912 485 1987 517 apo-

1250 526 1381 558 stolicae
1418 532 1543 559 nostrae
1580 527 1830 559 contiru‘iationis
1868 527 1987 561 robore

1250 579 1452 619 communiri,
1472 585 1501 612 et
1521 585 1694 623 propterea
1717 591 1773 622 per
1798 590 1855 612 nos
1881 586 1915 613 ut
1941 581 1987 613 in-

1251 632 1295 664 fra
1333 633 1496 675 indulgeri
1533 644 1738 677 summopere
1778 633 1984 667 desiderent:

1250 696 1316 725 1103,
1340 685 1442 719 dictos
1463 693 1659 729 exponentes
1685 687 1879 729 specialibus
1905 687 1987 720 savo—

1249 738 1336 770 ribus
1363 744 1393 770 et
1419 739 1529 780 gratiis
1562 740 1713 782 prosequi
1751 740 1903 779 volentes,
1927 750 1984 773 eo-

1248 802 1318 823 rum
1357 792 1538 834 singulares
1575 803 1744 835 personas,
1771 803 1788 824 a
1820 792 1985 834 quibusvis

1248 844 1596 885 excommunicatIOnis,
1624 844 1845 887 suspensionis
1877 849 1908 877 et
1933 845 1984 877 in-

1249 897 1388 936 terdicti,
1407 898 1543 941 aliisque
1562 897 1789 931 ecclesiasticis
1809 899 1986 942 sententiis,

1248 951 1391 983 censuris
1410 956 1443 997 *et
1468 951 1592 994 poenis,
1618 962 1633 983 a
1660 952 1728 983 iure
1756 951 1803 984 vel
1825 951 1863 983 ab
1888 952 1987 986 borni·

1249 1014 1296 1042 ne,
1323 1003 1432 1046 quavis
1458 1003 1627 1036 occasione
1654 1005 1700 1036 vel
1727 1006 1822 1037 causa
1846 1005 1927 1046 latis,
1962 1006 1986 1039 si

1248 1056 1365 1098 quibus
1383 1056 1627 1098 quomodolibet
1644 1056 1813 1089 innodatae
1832 1057 1984 1100 existunt,

1247 1111 1284 1142 ad
1312 1110 1459 1142 effectum
1486 1110 1705 1153 praesentium
1731 1110 1891 1143 dumtaxat
1915 1122 1988 1145 con·

1248 1163 1455 1206 ¹sequendum,
1482 1162 1594 1195 harum
1621 1162 1701 1195 serie
1727 1164 1933 1197 absolventes
1957 1170 1988 1198 et

1247 1216 1412 1248 absolutas
1438 1215 1504 1248 sore
1533 1221 1711 1255 censenfes‚
1738 1227 1770 1247 re
1804 1216 1892 1258 prius
1919 1217 1988 1250 dili-

1247 1276 1359 1311 genter
1395 1275 1426 1301 et
1463 1276 1586 1302 mature
1625 1269 1662 1302 de
1694 1270 1844 1302 mandato
1874 1276 1986 1304 nostro

1248 1323 1400 1361 discussa,
1423 1322 1606 1354 huiusmodi
1625 1322 1914 1365 supplicationibus
1939 1323 1989 1356 in-

1248 1375 1367 1415 clinati,
1393 1376 1501 1408 omnia
1527 1382 1558 1408 et
1581 1375 1708 1418 singula
1734 1381 1851 1408 statuta
1882 1376 1989 1409 civita-

1250 1429 1287 1460 tis
1314 1429 1505 1471 praedictae,
1525 1439 1648 1461 necnon
1673 1428 1780 1461 omnia
1806 1434 1835 1461 et
1862 1428 1987 1471 singula

1249 1482 1415 1524 privilegia
1441 1488 1471 1514 ct
1497 1482 1621 1514 indulta
1646 1481 1765 1514 eisdem
1799 1482 1987 1524 exponenti-

1249 1536 1306 1566 bus
1322 1546 1379 1578 per
1395 1536 1658 1577 praedecessores
1679 1539 1807 1567 nostros
1829 1539 1859 1567 et
1876 1545 1986 1567 eorum

1249 1589 1430 1631 quemlibet
1470 1587 1716 1631 quomodolibet
1764 1598 1917 1620 concessa
1957 1594 1988 1620 et

1248 1641 1434 1674 confirmata
1461 1646 1492 1673 et
1516 1641 1676 1680 innovata,
1697 1641 1828 1679 illorum
1848 1646 1986 1683 tenoreS,

1248 1694 1383 1738 perinde
1402 1706 1437 1727 ac
1455 1695 1480 1727 si
1500 1695 1537 1727 de
1556 1695 1653 1727 verbo
1675 1694 1712 1726 ad
1736 1695 1868 1727 verbum
1897 1706 1987 1738 prae-

1248 1747 1393 1780 sentibus
1431 1747 1660 1786 insererentur,
1697 1758 1755 1790 pro
1792 1747 1988 1780 sufficienter

1248 1800 1411 1842 expressis
1436 1806 1466 1832 et
1491 1800 1618 1832 insertis
1644 1801 1809 1840 habentes,
1832 1805 1987 1843 quatenus

1248 1853 1300 1886 illa
1326 1853 1356 1885 iu
1384 1853 1475 1885 viridi
1502 1853 1565 1885 sint
1590 1852 1803 1891 observantia,
1829 1857 1860 1885 et
1880 1852 1989 1885 decre-

1249 1907 1287 1938 tis
1313 1906 1444 1939 Concilii
1466 1906 1659 1945 Tridentini,
1685 1905 1987 1938 constitutionibus-

1247 1971 1307 2002 que
1333 1959 1517 2002 apostolicis
1542 1970 1605 1991 non
1631 1964 1832 2001 repugnent,
1860 1968 1986 1991 necnon

1246 2018 1396 2045 statutum
1424 2018 1453 2045 et
1478 2013 1716 2045 ordinationem
1742 2023 1778 2045 ac
1804 2011 1987 2045 concessio-

1248 2076 1317 2097 nem
1342 2065 1418 2098 Sixti
1453 2065 1694 2107 supradictam,
1729 2075 1854 2098 necnon
1893 2065 1984 2098 aliam

1247 2118 1291 2150 Pii
1317 2118 1340 2150 ΙΙ
1367 2123 1397 2150 et
1422 2118 1491 2150 Iulii
1516 2118 1609 2150 etiam
1639 2118 1663 2150 ll
1695 2118 1985 2160 praedecessorum

1247 2170 1493 2203 concessionem
1520 2170 1714 2213 praedictam
1736 2197 1743 2210 ,
1771 2181 1834 2213 qua
1870 2181 1987 2204 conce-

1248 2224 1334 2256 ditur
1359 2223 1443 2266 quod
1470 2223 1594 2266 primae
1620 2228 1651 2256 et
1676 2224 1838 2255 secundae
1865 2223 1986 2256 instan-

1248 2276 1309 2308 tiae
1336 2287 1503 2308 causarum
1532 2276 1756 2319 temporalium
1774 2277 1824 2309 vel
1842 2276 1983 2309 civilium

1247 2334 1334 2362 extra
1349 2329 1463 2362 dictam
1479 2328 1641 2362 civitatem
1661 2329 1813 2371 cognosci
1834 2339 1897 2361 non
1916 2339 1985 2372 pos-

1247 2388 1316 2415 sent
1336 2410 1343 2422 ,
1369 2383 1462 2416 etiam
1494 2393 1564 2415 cuin
1597 2383 1659 2415 hoc
1689 2387 1725 2414 ut
1759 2375 1831 2414 tunc
1866 2382 1986 2415 inhibi-

1250 2436 1364 2476 tiones,
1381 2437 1532 2469 obtentae
1557 2447 1574 2468 a
1599 2436 1857 2478 quibuscumque
1883 2436 1985 2468 almae

1247 2489 1340 2521 Urbis
1367 2489 1528 2522 iudicibus
1555 2494 1585 2521 et
1612 2499 1778 2521 causarum
1805 2489 1913 2522 curiae
1936 2489 1984 2523 Ca-

1246 2553 1355 2576 merae
1382 2543 1588 2586 Apostolicae
1614 2541 1801 2576 auditores¹
1835 2553 1870 2575 ac
1905 2543 1985 2575 sacri

1283 2605 1294 2632 1
1316 2604 1475 2640 Legendum
1491 2605 1623 2634 auditore
1639 2605 1681 2632 vel
1696 2604 1881 2634 auditoribus
1895 2605 1985 2640 (mr).

1996 217 2044 244 An.
2060 217 2088 245 C.
2109 219 2171 250 ¹73⁸
2194 241 2195 245 ,
2229 233 2232 251 t
