2232 3178
284 229 337 255 An.
357 228 386 255 c.
408 227 476 255 1738
521 219 585 252 4⁰29.

294 705 322 726 Du
332 679 434 725 nosnnnllis
447 711 467 725 a·

289 733 467 752 nuuadvertendis

284 764 333 783 erga
343 758 410 779 dictas
419 763 468 783 poe-

284 791 329 805 uas.

478 276 562 306 cinus
597 275 734 314 aliquod,
779 278 897 314 propter
932 274 1007 313 quod
1044 274 1217 313 deliuquens

477 324 582 363 expelli
615 323 737 357 debeat,
772 327 889 362 propter
922 323 992 352 haec
1014 332 1028 352 a
1052 322 1216 352 dofinitorio

478 372 607 410 generali
630 381 681 401 suo
703 371 874 409 gravissime
907 371 1065 410 puniantur
1098 372 1151 407 rei,
1175 375 1216 400 at-

478 422 562 449 tenta
584 419 685 448 delicti
708 419 858 458 qualitate,
883 420 926 449 vel
949 420 1143 458 deponantur,
1163 421 1215 455 ut',

478 468 501 496 si
521 467 666 496 iudicibus
683 467 775 496 visum
800 468 888 497 fuerit
910 477 943 497 ex
969 468 1082 497 meritis
1100 478 1215 504 causae,

478 516 661 554 expellantur
683 526 697 545 a
720 516 877 554 religione,
902 518 1017 545 servata
1049 517 1144 556 forma
1175 516 1218 545 iu-

477 565 629 603 trascripta
652 574 714 604 cap.
732 574 830 600 xxxin,
847 565 860 603 g
879 565 907 594 2.
926 564 1118 594 Gravissimas
1140 565 1217 595 enim

477 613 578 652 culpas
601 613 731 643 iudicare
754 613 921 643 delinitorio
944 613 1093 652 competit.

517 670 536 690 1.
560 661 680 696 Quando
703 662 732 691 in
755 662 863 691 nostris
886 661 1144 691 constitutionibus
1168 671 1217 700 po-

478 709 558 739 nitur
594 719 686 748 poena
723 710 924 749 suspensionis
962 710 1004 739 vel
1045 710 1218 749 privationis

478 757 606 796 (etiamsi
629 758 701 788 inibi
723 758 837 787 dicatur
860 759 917 797 ipso
940 759 1032 797 facto)
1055 768 1111 787 non
1135 758 1218 787 iutel-

477 806 586 844 ligatur
618 810 699 843 ante,
724 807 774 836 sed
807 811 871 846 post
904 807 1078 836 sententiam
1111 806 1218 835 iudicis

477 863 568 894 super
600 855 685 885 sacto.
721 855 755 885 Et
787 855 902 894 quando
935 855 1066 884 absolute
1099 855 1216 892 dicitur,

477 903 555 941 quod
589 903 696 942 aliquis
729 908 826 933 careat
860 913 947 940 voce,
972 903 1152 941 intelligatur
1184 904 1218 932 de

477 953 613 990 utrftque,
638 952 734 982 activa
756 952 892 981 nimirum
915 956 943 982 et
967 952 1091 990 passiva.

516 1008 546 1029 ιι,
571 1000 599 1030 Si
622 1001 651 1029 in
675 1001 801 1039 capitulo
817 1001 985 1030 dominicali
1002 1010 1139 1039 praesens
1158 1001 1219 1030 sue-

476 1048 515 1078 rit
537 1049 644 1087 aliquis
660 1049 798 1079 sacerdos
815 1050 944 1088 privatus
962 1059 1041 1086 voce,
1066 1054 1217 1088 postquam

477 1098 587 1135 egressi
621 1098 679 1127 sint
711 1098 746 1127 ab
778 1098 827 1128 illo
849 1107 951 1128 omnes
973 1099 1078 1128 fratres
1102 1099 1167 1128 laici
1191 1103 1218 1128 et

476 1145 633 1182 choristae,
658 1156 775 1185 praeses
797 1147 922 1185 corrigat
945 1156 1022 1184 eum,
1041 1147 1064 1176 si
1088 1147 1132 1176 vel
1155 1147 1217 1185 ipse

476 1195 521 1224 vel
544 1195 651 1224 zelator
673 1196 799 1234 aliquam
823 1196 933 1225 notavit
954 1196 1088 1234 culpam,
1112 1199 1140 1225 et
1163 1200 1218 1224 sta-

477 1243 529 1273 tim
563 1244 710 1283 praefatus
744 1254 758 1274 e
791 1245 917 1284 capitulo
953 1249 1046 1274 exeat.
1086 1244 1218 1274 Privatus

477 1292 544 1321 sede
568 1302 618 1322 seu
642 1292 720 1330 loco,
744 1293 767 1322 si
791 1297 925 1323 sacerdos
948 1293 1002 1329 sit,
1023 1292 1120 1322 sedeat
1153 1297 1218 1331 post

477 1350 577 1371 omnes
606 1342 677 1370 alios
710 1342 886 1378 sacerdotes,
921 1342 978 1371 nisi
1009 1341 1097 1371 iudex
1128 1342 1217 1370 alium

477 1389 649 1420 inferiorem
673 1391 769 1420 locum
798 1391 840 1420 illi
863 1391 1078 1429 designaverit3
1095 1395 1135 1428 et,
1154 1400 1217 1429 pro-

478 1438 613 1477 portione
636 1441 762 1477 servata‚
780 1439 916 1469 similiter
939 1440 989 1469 siat
1011 1448 1076 1468 cum
1095 1448 1153 1468 non
1175 1448 1218 1468 sa-

478 1487 654 1518 cerdoubus.

517 1545 558 1566 111.
583 1536 703 1572 Quando
722 1537 750 1566 in
770 1537 879 1567 nostris
897 1537 1154 1567 constitutionibus
1169 1537 1218 1567 de-

477 1584 611 1622 signatur
634 1594 724 1624 poena
747 1585 918 1624 privationis
952 1585 1041 1615 officii
1070 1590 1097 1614 et
1126 1585 1217 1621 vocis,

477 1633 501 1662 si
523 1633 697 1672 delinquens
724 1634 852 1663 officium
881 1638 909 1663 et
945 1643 1045 1663 vocem
1078 1643 1135 1663 non
1168 1634 1218 1663 ha-

476 1681 560 1720 beat,
583 1683 733 1720 infligatur
754 1682 797 1712 illi
820 1683 875 1712 alia
904 1683 1124 1722 proportionata
1151 1692 1220 1722 poe-

476 1731 611 1761 nitentia.

516 1789 554 1810 ιν.
579 1781 719 1820 Suspensi
741 1780 777 1810 ab
800 1781 894 1811 officio
913 1785 1083 1811 remaneant
1104 1781 1135 1811 in
1157 1781 1218 1811 suis

477 1830 605 1869 propriis
627 1829 762 1859 domibus
777 1854 784 1868 ,
809 1830 865 1860 nisi
888 1830 1070 1869 suspendens
1093 1831 1137 1860 vel
1171 1840 1219 1860 su-

478 1878 576 1917 perior
597 1878 742 1916 generalis
769 1879 841 1908 alios
870 1883 1030 1908 conventus
1062 1879 1121 1908 illis
1149 1879 1219 1909 assi-

477 1931 547 1964 gnet
569 1936 621 1966 pro
645 1931 775 1966 tempore
798 1927 1011 1966 suspensionis.

517 1985 545 2006 v.
568 1976 688 2012 Quando
711 1986 762 2016 pro
785 1977 966 2016 poenitentia
995 1977 1157 2016 imponitur
1178 1977 1219 2007 ie-

477 2024 590 2054 iunium
623 2025 651 2054 in
685 2035 758 2064 pane
781 2030 808 2055 et
831 2027 918 2064 aqua,
944 2026 1094 2064 poenitens
1127 2025 1219 2055 adim-

477 2074 554 2114 pleat
576 2074 605 2103 in
630 2075 785 2104 refectorio
808 2075 842 2104 ad
865 2075 988 2113 primam
1005 2084 1134 2104 mensam
1155 2083 1220 2114 pro-

477 2131 531 2152 nus
554 2123 584 2152 in
607 2127 726 2159 terram,
751 2122 861 2162 absque
883 2123 1002 2162 mapula
1025 2126 1052 2152 et
1075 2122 1193 2162 capitio.

516 2179 555 2200 vi.
576 2170 716 2201 Volumus
740 2171 816 2210 quod
847 2171 908 2209 illi,
933 2171 983 2210 qui
1005 2170 1039 2200 de
1063 2180 1142 2200 more
1171 2171 1220 2200 ha-

478 2219 597 2250 buerint
620 2220 802 2249 committere
824 2220 924 2258 culpas
947 2220 1035 2256 leves,
1060 2219 1220 2259 puniantur

477 2268 610 2306 augendo
647 2277 770 2307 poenam
807 2269 1058 2307 proportionatam
1094 2269 1218 2308 culpae,

477 2316 560 2346 iuxta
594 2317 845 2346 continuationem
875 2317 905 2346 in
940 2318 993 2351 οἰκ,
1031 2317 1126 2354 itaut,
1151 2317 1219 2346 dum

478 2374 536 2394 non
569 2365 763 2404 resipiscant,
796 2374 909 2404 semper
939 2374 1031 2404 poena
1054 2369 1217 2403 augeatur:

479 2418 507 2444 et
535 2419 634 2444 contra
659 2423 728 2444 vero
750 2414 901 2453 superior,
926 2414 976 2453 qui
1009 2414 1219 2453 poeniteutiam

479 2463 646 2503 imposuit,
683 2464 791 2502 poterit
824 2463 1010 2502 prudenter,
1043 2467 1072 2493 et
1103 2463 1221 2493 attentis

480 2511 732 2549 circumstantiis,
757 2512 889 2542 minuere
916 2512 997 2542 iilam
1020 2512 1062 2542 eis
1091 2512 1142 2552 qui
1168 2512 1222 2542 hu-

521 2614 529 2639 t
553 2613 667 2641 Videtur
686 2613 832 2649 legendum
851 2616 878 2641 et
898 2621 945 2649 pro
965 2617 996 2643 ut
1015 2616 1053 2649 (n.
1070 2617 1118 2646 r).

1060 226 1242 251 BULLARIUM
1267 225 1421 250 ROMANUM

1259 274 1368 303 militer
1403 273 1565 313 adimplent
1602 277 1629 303 et
1666 274 1748 311 signa
1787 271 2001 303 emendationis

1260 321 1425 351 ostendunt.

1299 379 1347 399 vu.
1367 369 1468 409 Culpis
1490 369 1558 407 illis,
1576 370 1682 409 quibus
1704 370 1930 400 constitutiones
1951 379 2002 400 no-

1260 423 1337 448 strae
1367 428 1474 457 poenas
1504 428 1560 448 non
1587 423 1733 458 statuunt,
1757 420 1925 458 superiores
1949 428 2000 458 pro

1260 477 1312 497 suo
1335 467 1456 497 arbitrio
1488 469 1638 506 imponant
1671 468 1905 507 proportionatas
1928 476 2002 497 sem-

1263 525 1314 554 per
1347 525 1411 545 cum
1446 516 1560 545 delictis
1592 521 1620 546 et
1652 517 1892 553 circumstantiiS,
1916 520 1944 546 et
1966 516 2002 546 ad

1261 564 1483 594 similitudinem
1507 565 1554 594 luc
1576 565 1803 603 designatarum.

1301 622 1361 642 vin.
1382 613 1422 642 Ad
1440 613 1621 652 puniendum
1644 614 1748 643 delicta
1771 623 1885 653 semper
1907 617 2001 643 atten-

1261 662 1367 691 dantur
1399 671 1539 700 personae
1574 666 1601 692 et
1633 662 1882 698 circumstantiae,
1907 666 1937 692 ut
1959 661 2000 692 sic

1262 711 1306 740 vel
1330 715 1471 748 augeatur
1493 711 1537 740 vel
1561 712 1712 741 minuatur
1736 721 1840 750 poena.

1301 768 1339 788 tx.
1364 759 1514 789 Praelatus
1536 759 1657 789 inferior
1689 759 1834 797 obligatus
1856 760 1894 789 sit
1915 758 2000 789 fidem

1262 808 1355 838 facere
1372 808 1527 847 superiori,
1544 809 1670 847 qualiter
1686 808 1862 847 poenitentia
1881 808 1916 838 ab
1938 808 2001 847 ipso

1263 856 1400 894 imposita
1424 856 1592 886 executioni
1616 856 1779 886 mandetur.

1301 913 1320 933 1.
1345 904 1375 934 ln
1399 904 1534 934 omuibus
1553 905 1660 934 nostris
1680 904 1873 935 conventibus
1893 909 1921 934 et
1943 905 2003 934 col-

1262 952 1347 990 legiis
1379 953 1415 982 sit
1448 953 1528 982 locus
1561 962 1681 983 securus
1715 963 1748 983 ac
1782 953 1938 992 deputatus
1967 953 2000 983 ad

1262 1001 1424 1030 custodiam
1448 1010 1579 1038 reorum,
1598 1010 1654 1030 non
1679 1006 1774 1030 tamen
1798 1002 1869 1030 adeo
1891 1001 2001 1039 rigoro-

1262 1059 1310 1078 sus
1334 1055 1364 1079 ut
1387 1050 1416 1079 in
1439 1050 1595 1079 discrimen
1620 1050 1717 1078 veniat
1745 1049 1823 1078 salus
1852 1049 2002 1087 religioso-

1262 1107 1325 1126 rum
1350 1097 1422 1127 iuibi
1446 1098 1645 1136 inclusorum,
1669 1102 1697 1127 et
1718 1098 1777 1127 sint
1809 1098 1838 1127 in
1867 1107 1900 1127 eo
1922 1107 2000 1127 com-

1263 1147 1360 1185 pedes,
1384 1147 1511 1184 vincula,
1535 1147 1650 1186 aliaque
1679 1147 1844 1176 necessaria
1867 1147 1901 1176 ad
1932 1156 2000 1185 poe-

1262 1204 1327 1224 nam
1351 1199 1380 1224 et
1403 1196 1543 1224 maiorem
1566 1194 1726 1224 custodiam
1751 1195 1998 1233 delinquentium.

1301 1253 1331 1273 n.
1355 1243 1383 1273 Si
1400 1244 1516 1282 aliquis,
1535 1248 1651 1283 propter
1667 1243 1861 1273 sufficientem
1879 1243 2002 1273 alicuius

1261 1293 1357 1331 gravis
1386 1293 1483 1322 delicti
1508 1293 1726 1332 probationem,
1751 1293 1848 1322 iussus
1877 1292 1964 1322 suerit
1986 1302 2002 1322 a

1261 1342 1356 1371 iudice
1379 1342 1570 1378 incarcerari,
1596 1346 1721 1371 exuatur
1744 1342 1773 1371 in
1798 1341 1861 1380 ipso
1883 1349 2001 1371 carcere

1262 1391 1361 1420 babitu
1395 1390 1480 1427 albo,
1504 1395 1533 1421 et
1555 1391 1693 1421 induatur
1718 1391 1892 1420 vestimento
1925 1389 2001 1420 fusci

1261 1440 1387 1477 coloris;
1413 1440 1587 1479 poteritque,
1612 1441 1636 1469 si
1659 1449 1725 1469 reus
1748 1439 1836 1469 suerit
1868 1438 1902 1468 ad
1935 1438 2003 1468 cho-

1261 1498 1326 1518 rum
1349 1489 1503 1527 deputatus
1518 1513 1525 1526 ,
1549 1489 1579 1518 in
1602 1489 1703 1519 eodem
1726 1497 1844 1518 carcere
1877 1496 2002 1518 coronae

1260 1537 1389 1567 circulus
1412 1538 1437 1566 ei
1461 1537 1536 1567 radi.

1299 1595 1339 1616 111.
1362 1586 1391 1616 Si
1415 1590 1533 1625 propter
1556 1586 1766 1625 negligentiam
1788 1586 1833 1616 vel
1857 1586 2000 1616 malitiam

1261 1635 1388 1664 custodis
1410 1635 1537 1665 carceris
1559 1644 1626 1664 reus
1659 1634 1827 1672 aufugerit,
1852 1638 1950 1664 custos
1971 1633 2001 1663 in

1260 1693 1377 1713 carcere
1399 1683 1584 1722 coniiciatur,
1601 1687 1630 1713 et
1644 1683 1727 1713 iuxta
1749 1683 1921 1721 gravitatem
1940 1681 2004 1712 cul-

1262 1741 1313 1771 pae
1338 1732 1489 1771 puniatur.

1300 1790 1338 1810 lv.
1362 1781 1391 1811 Si
1421 1781 1486 1820 quis
1519 1790 1635 1820 quoquo
1668 1781 1752 1810 modo
1784 1790 1868 1820 opem
1903 1779 2002 1810 tulerit

1261 1830 1443 1860 incarcerato
1466 1833 1498 1859 ut
1519 1830 1659 1868 aufugiat,
1677 1829 1700 1859 si
1717 1829 1837 1859 effectus
1859 1838 1916 1859 non
1940 1829 2002 1858 fue-

1261 1879 1299 1908 rit
1317 1883 1434 1909 secutus
1450 1903 1457 1917 ,
1481 1879 1679 1908 incarceretur
1702 1888 1753 1918 per
1785 1877 1886 1916 viginti
1916 1877 2000 1915 dies;

1261 1927 1285 1957 si
1308 1927 1428 1957 effectus
1451 1932 1579 1965 secum,
1597 1927 1634 1957 sit
1656 1926 1686 1956 in
1709 1936 1827 1956 carcere
1849 1930 1908 1956 toto
1930 1930 2002 1956 tem-

1262 1985 1332 2015 pore
1354 1976 1429 2015 quod
1454 1975 1627 2015 delinquens
1656 1975 1780 2005 debebat
1802 1984 1876 2005 esse.
1900 1974 2002 2005 Carce-

1261 2034 1322 2055 rem
1345 2029 1441 2054 autem
1464 2024 1735 2062 confringentibus,
1759 2028 1874 2064 tempus
1905 2023 2002 2053 incar-

1261 2073 1418 2103 cerationis
1440 2073 1618 2112 duplicetur.

1303 2132 1329 2153 v.
1355 2123 1385 2152 Si
1408 2123 1474 2162 quis
1497 2122 1560 2152 sine
1581 2123 1702 2152 licentia
1720 2122 1881 2161 superioris
1903 2122 2003 2152 visita-

1262 2172 1336 2202 verit
1358 2172 1402 2201 vel
1424 2172 1570 2210 alloqutus
1594 2173 1681 2202 fuerit
1703 2172 1912 2210 incarceratos,
1935 2180 2004 2210 poe-

1263 2230 1316 2250 nae
1351 2220 1454 2260 culpae
1488 2221 1586 2259 gravis
1620 2230 1672 2260 per
1706 2229 1797 2250 unum
1827 2220 1904 2250 diem
1933 2218 2001 2249 sub-

1263 2270 1366 2299 iaceat.

1303 2326 1341 2347 vi.
1365 2317 1517 2347 Praelatus
1540 2326 1591 2356 per
1613 2326 1643 2347 se
1666 2317 1709 2346 vel
1732 2325 1784 2355 per
1806 2316 1896 2346 alium
1918 2319 2002 2346 curet

1263 2365 1298 2395 de
1321 2365 1423 2395 solatio
1445 2365 1693 2395 incarceratorum
1716 2369 1744 2394 et
1765 2364 1801 2394 de
1822 2364 2003 2394 exhortatio-

1263 2424 1299 2444 ne
1332 2414 1367 2444 ad
1395 2414 1588 2444 tolerantiam.
1622 2413 1723 2443 Libros
1753 2413 1920 2452 spirituales
1942 2412 2002 2442 illis

1263 2464 1413 2501 concedat,
1440 2463 1490 2493 sed
1512 2472 1571 2493 non
1593 2467 1788 2493 atramentum
1812 2471 1865 2492 nec
1887 2462 1943 2492 alia
1967 2461 2003 2491 ad

1264 2513 1452 2543 scribendum
1481 2513 1644 2552 requisita,
1678 2512 1735 2542 nisi
1763 2521 1850 2549 raro,
1874 2511 2002 2551 pensatis

1267 2562 1509 2600 circumstantiis,
1529 2566 1557 2592 et
1579 2571 1645 2592 cum
1661 2561 1784 2592 scientia
1807 2569 1906 2591 eorum
1928 2568 2002 2600 quae

1264 2610 1407 2641 scribunt.

2083 917 2128 944 §⁵-

2023 943 2052 964 De
2064 949 2148 966 earcere
2156 949 2190 966 Ιο·

2014 999 2120 1018 ventuum.

2212 871 2214 882 Ι

2195 887 2215 915 tp.

2198 1003 2217 1051 {l

2201 1054 2220 1180 t

2203 1262 2205 1308 l

2196 925 2232 985 li·

2013 972 2104 991 suorum
2145 975 2189 993 eon·
2200 978 2217 998 ,t

2204 1310 2205 1318 t

2204 1324 2206 1330 ι
2218 1319 2221 1332 l
