2232 3178
293 231 343 255 Au.
365 229 479 256 cumo
525 219 590 254 5702

484 288 519 310 ac
561 284 742 320 temporum
779 276 933 316 iniurias,
973 275 1035 309 nisi
1072 279 1223 308 accurate

485 329 720 369 custodiantur,
752 330 908 372 novisque
942 329 1069 371 legibus
1103 338 1224 370 oppor-

486 389 561 414 tune
588 381 704 414 iterum
725 388 820 424 atque
846 382 961 414 iterum
982 381 1225 419 confirmentur,

485 435 602 467 sensim
622 435 810 477 posthabita
835 445 871 468 ac
892 436 1053 477 neglecta,
1073 434 1225 477 deinceps

485 487 622 519 distrahi
648 492 743 530 atque
769 487 806 520 ad
834 487 999 520 interitum
1025 486 1171 530 perduci,
1194 491 1226 518 et

484 549 553 578 nos,
572 538 625 581 qui
651 539 823 582 privatam,
843 539 916 572 dum
935 540 1042 572 adhuc
1068 539 1100 572 in
1126 538 1226 571 mino-

484 592 574 624 ribus
600 602 752 632 essemuS,
778 592 1011 625 bibliothecam
1035 592 1130 625 nobis
1151 601 1226 624 con-

485 649 659 684 struentes,
688 655 750 687 quo
776 644 902 677 meliori
926 644 1090 688 potuimus
1111 644 1224 677 ordine

486 696 623 729 cavimus
654 707 694 730 ne
721 696 897 740 quidquam
931 697 1144 740 imposterum
1171 696 1226 730 de-

486 749 625 792 periret,
651 749 683 782 in
714 750 776 783 hac
808 750 1001 783 sacrosancti
1027 751 1225 793 apostolatus

486 804 617 845 specula
642 803 736 845 plane
761 803 971 836 immerentes
1007 813 1065 846 per
1100 802 1226 836 divinae

486 855 638 888 honitatis
664 855 892 888 abundantiam
918 856 1109 888 constitutos
1134 855 1227 888 maxi-

486 918 537 940 me
574 907 665 940 decet
690 914 724 939 ut
749 908 862 940 maiori
892 909 1062 941 sedulitate
1088 918 1124 940 ac
1150 907 1227 950 vigi-

486 961 587 994 lantia
633 971 745 993 omnes
790 961 986 1004 apostolicae
1026 961 1227 994 auctoritatis

488 1014 780 1057 providentiaeque
806 1020 936 1048 nostrae
962 1020 1070 1058 partes
1096 1014 1135 1047 ad
1154 1024 1228 1057 per—

487 1073 618 1110 petuam
644 1067 790 1101 eiusdem
808 1068 978 1101 Vaticanae
1004 1067 1226 1100 bibliothecae

488 1121 620 1153 tutelam
653 1120 919 1164 praesidiumque
952 1131 987 1153 ac
1017 1124 1141 1153 rectum
1175 1129 1228 1153 or-

489 1172 598 1206 dinem
619 1174 828 1206 collocemus.

313 1239 477 1270 Διηψῑριῑοε,
533 1226 602 1269 §lh
636 1226 717 1258 Iline
754 1231 802 1259 est
837 1227 923 1269 quod
961 1236 1031 1266 nos,
1070 1225 1227 1269 praedicti

293 1267 565 1318 ffl'ffifinilcfeoss'iss‘ssixti
592 1279 853 1322 praedecessoris
886 1279 1030 1322 vestigiis
1055 1279 1229 1312 inhaeren-

294 1323 370 1347 ¹³⁰⁵'²³'
489 1336 553 1371 tes,
580 1331 680 1374 ipsius
716 1331 793 1364 Sixti
831 1337 894 1364 tam
920 1332 1164 1375 inscriptionem
1189 1331 1227 1364 ad

488 1385 653 1417 dexteram
674 1389 786 1428 portae
802 1384 1020 1418 bibliothecae
1045 1384 1228 1427 praedictae

488 1438 694 1481 suppositam
720 1437 773 1471 hic
803 1439 843 1471 ad
880 1444 1072 1481 perpetuam
1107 1448 1229 1471 memo-

488 1490 569 1522 riam
599 1489 788 1530 inserimus,
815 1501 896 1533 quae
937 1496 984 1524 est
1020 1491 1141 1524 tenoris
1179 1501 1229 1523 sc-

488 1543 638 1585 quentis,
662 1543 831 1576 videlicet:
864 1556 877 1575 α
906 1543 1010 1576 Sixtus
1034 1544 1057 1575 V
1082 1543 1228 1576 Pontifex

487 1595 641 1628 Maximus
681 1596 916 1629 bibliothecam
960 1597 1172 1639 apostolicam
1212 1607 1230 1629 a

489 1649 705 1682 sanctissimis
731 1649 896 1692 prioribus
921 1649 985 1682 illis
1011 1648 1229 1689 Pontificibus,

489 1701 544 1744 qui
570 1702 605 1734 B.
633 1701 718 1734 Petri
743 1712 854 1735 vocem
880 1702 1063 1742 audierunt,
1090 1702 1122 1734 in
1152 1701 1229 1745 ipsis

489 1755 596 1788 adhuc
636 1755 802 1798 surgentis
841 1755 1002 1788 Ecclesiae
1042 1755 1230 1798 primordiis

488 1808 686 1850 inchoatam,
712 1819 790 1851 pace
816 1808 980 1842 Ecclesiae
1014 1808 1141 1841 reddita
1176 1808 1229 1840 La-

489 1862 593 1894 terani
613 1862 802 1904 institutam,
821 1873 837 1895 a
855 1862 1093 1905 posterioribus
1111 1861 1229 1894 deinde

489 1914 522 1947 in
552 1914 759 1956 Vaticanum,
785 1919 819 1949 ut
854 1915 892 1949 ad
928 1925 1008 1948 usus
1044 1914 1231 1958 pontificios

489 1967 633 2010 paratior
657 1974 751 2009 esset,
778 1969 976 2009 translatam,
1003 1967 1113 2011 ibique
1138 1977 1155 2000 a
1179 1966 1231 2000 Ni-

491 2021 582 2053 colao
606 2021 630 2052 V
655 2026 796 2062 auctam,
824 2032 840 2054 a
872 2021 960 2054 Sixto
991 2020 1028 2053 IV
1060 2020 1232 2063 insigniter

492 2075 664 2115 excultam,
691 2085 755 2118 quo
780 2073 855 2107 fidei
879 2079 1009 2107 nostrae
1035 2079 1066 2107 et
1086 2078 1231 2107 veterum

492 2126 730 2160 ecclesiasticae
756 2126 948 2170 disciplinae
983 2126 1102 2159 rituum
1135 2126 1232 2159 docu-

491 2185 602 2212 menta
638 2180 788 2212 omnibus
821 2180 941 2222 linguis
967 2189 1121 2222 expressa
1146 2183 1178 2212 et
1202 2189 1232 2212 a-

491 2232 611 2265 liorum
637 2234 805 2276 multiplex
832 2244 996 2266 sacrorum
1016 2233 1109 2276 copia
1134 2232 1233 2265 libro-

493 2296 565 2321 rum
591 2292 838 2319 conservaretur
862 2286 900 2319 ad
925 2297 1039 2330 puram
1065 2292 1097 2319 et
1127 2286 1234 2318 incor-

495 2345 622 2382 ruptam
648 2339 721 2372 fidei
741 2344 772 2372 et
793 2339 958 2373 doctrinae
976 2339 1140 2372 veritatem
1163 2348 1234 2382 per-

493 2394 594 2436 petua
621 2393 827 2426 successione
860 2393 891 2425 in
918 2403 977 2426 nos
1003 2392 1230 2432 derivandam,

495 2451 563 2478 toto
591 2451 748 2479 terrarum
774 2446 851 2479 orbe
877 2446 1136 2486 celeberrimam,
1161 2456 1233 2478 cum

493 2499 565 2533 loco
592 2501 757 2543 depresso,
785 2500 926 2533 obscuro
945 2505 977 2533 et
997 2499 1154 2533 insalubri
1175 2499 1235 2532 sita

495 2557 601 2593 esset,
627 2554 699 2586 aula
735 2553 920 2596 perampla,
946 2552 1118 2593 vestibulo,
1144 2552 1235 2585 cubi-

495 2606 586 2648 culis,
614 2606 739 2640 circum
771 2612 803 2640 et
834 2606 936 2648 infra,
963 2606 1077 2647 scalis,
1102 2605 1235 2649 portici-

1057 226 1238 251 BULLARIUM
1264 226 1421 252 ROMANUM

1268 274 1347 315 bus,
1385 280 1518 319 totoque
1554 275 1700 308 aedilicio
1736 286 1754 308 a
1788 275 2005 309 fundamentis

1269 334 1426 367 extructo,
1453 328 1615 362 subselliis
1640 329 1825 372 pluteisque
1862 329 2004 368 directis,

1268 380 1359 413 libris
1385 381 1561 424 dispositis,
1583 381 1614 413 in
1637 381 1723 413 hunc
1748 381 1880 420 editum,
1900 382 2008 424 perlu-

1267 432 1386 473 cidum,
1405 433 1580 472 salubrem,
1602 433 1767 476 magisque
1784 439 2007 477 opportunum

1268 486 1374 518 locum
1400 487 1523 526 extulit,
1548 486 1683 528 picturis
1710 486 1889 519 illustribus
1914 486 2008 518 undi-

1269 548 1330 580 que
1356 539 1492 578 ornavit,
1518 539 1776 582 liberalibusque
1801 538 1958 571 doctrinis
1977 540 2009 571 et

1268 591 1419 634 publicae
1438 592 1618 624 studiorum
1634 591 1763 624 utilitati
1782 591 1906 630 dicavit,
1925 601 2008 624 anno

1269 653 1465 683 MDLxxxvu,
1491 643 1698 687 pontificatus
1732 655 1761 677 1v
1791 654 1822 676 »z
1857 654 1950 686 quam
1977 654 2010 676 e-

1269 696 1396 730 iusdem
1428 697 1614 737 decretum,
1649 697 1687 729 ad
1725 698 1845 730 laevam
1876 706 2008 740 quoque

1269 750 1466 792 appositum,
1488 749 1610 782 tenoris
1629 749 1683 792 qui
1705 749 1869 792 sequitur:
1893 760 1906 780 ‹
1941 748 2009 781 Six-

1270 807 1318 834 tus
1342 802 1365 834 V
1391 802 1536 835 Pontifex
1566 802 1734 835 Maximus.
1762 802 1922 845 Perpetuo
1948 801 2010 834 hoe

1271 855 1402 888 decreto
1429 855 1467 888 de
1489 855 1581 888 libris
1601 855 1768 888 Vaticanae
1789 854 2010 888 bibliothecae

1271 909 1510 948 conservandis,
1547 918 1630 951 quae
1663 908 1746 940 infra
1774 913 1847 940 sunt
1871 907 2009 950 scripta,

1271 960 1358 992 hunc
1383 960 1415 992 in
1442 961 1572 993 modum
1598 960 1720 992 sancita
1752 965 1844 998 sunt,
1879 959 2012 992 inviola-

1271 1018 1369 1056 teque
1404 1014 1630 1046 observentur.
1655 1012 1779 1046 Nemini
1814 1013 1934 1052 librOS,
1959 1023 2012 1045 co-

1272 1065 1371 1105 dices,
1395 1066 1559 1099 volumina
1584 1065 1678 1098 huius
1704 1066 1872 1099 Vaticanae
1895 1065 2013 1098 biblio-

1272 1119 1385 1152 thecae
1400 1130 1436 1152 ex
1452 1121 1487 1151 ea
1501 1119 1676 1158 auferendi,
1693 1119 1892 1158 extrahendi,
1908 1118 2012 1152 aliove

1272 1172 1476 1215 asportandi,
1513 1182 1578 1204 non
1614 1171 1866 1205 bibliothecario
1902 1181 2011 1214 neque

1272 1224 1438 1268 quibusvis
1465 1225 1535 1257 aliis
1561 1224 1700 1257 cuiusvis
1738 1224 1860 1257 ordinis
1896 1229 1929 1257 et
1964 1223 2012 1257 di-

1272 1277 1414 1321 gnitatis,
1438 1277 1499 1310 nisi
1526 1278 1565 1311 de
1590 1277 1721 1311 licentia
1737 1277 1858 1310 Summi
1877 1277 2012 1310 Romani

1273 1330 1440 1364 Pontificis
1476 1330 1598 1374 scripta
1622 1341 1738 1371 manu,
1766 1331 1901 1364 facultas
1927 1336 2010 1364 esto.

1272 1384 1303 1416 Si
1330 1384 1400 1426 quis
1425 1394 1519 1417 secus
1551 1384 1683 1424 fecerit,
1709 1383 1810 1417 libros
1844 1389 2011 1427 partemve

1273 1437 1415 1480 aliquam
1442 1437 1636 1477 abstulerit,
1662 1437 1859 1478 extraxerit,
1887 1447 2014 1480 crepse-

1273 1490 1326 1530 rit,
1353 1490 1567 1533 rapseritque‚
1594 1490 1801 1530 concesserit,
1828 1489 2013 1533 corruperit

1273 1543 1348 1576 dolo
1366 1544 1460 1583 malo,
1476 1543 1566 1576 illico
1587 1554 1604 1576 a
1620 1543 1764 1576 fidelium
1782 1542 2012 1576 communione

1273 1597 1403 1635 eiectus
1430 1597 1629 1637 maledictus,
1651 1597 1865 1630 anathematis
1884 1596 2011 1629 vinculo

1272 1649 1442 1691 colligatus
1458 1654 1538 1688 est03
1557 1660 1574 1682 a
1592 1660 1767 1693 quoquam,
1786 1654 2013 1692 praeterquam

1273 1702 1419 1735 Romano
1439 1702 1603 1742 Pontifice,
1620 1713 1661 1735 ne
1682 1700 1874 1736 absolvitor¹
1893 1712 1925 1734 n:
1948 1712 2013 1735 non

1273 1756 1375 1788 solum
1403 1755 1510 1799 quoad
1537 1755 1650 1794 libros,
1675 1755 1819 1796 codices,
1848 1755 2013 1788 volumina

1275 1813 1351 1841 tunc
1377 1809 1532 1852 temporis
1557 1808 1595 1841 ab
1621 1808 1691 1852 ipso
1716 1808 1802 1841 Sixto
1819 1808 2012 1852 praedeces-

1274 1871 1346 1894 sore
1372 1861 1404 1894 in
1432 1861 1577 1894 eamdem
1602 1861 1834 1895 bibliothecam
1867 1861 1957 1894 illata
1981 1865 2014 1894 et

1273 1914 1442 1948 recondita
1461 1919 1573 1947 tenore
1593 1915 1816 1958 praesentium
1836 1913 2013 1958 apostoliea

1274 1968 1464 2001 auctoritate
1497 1967 1742 2008 confirmamus3
1774 1977 1886 2001 verum
1918 1967 2014 2001 etiam

1275 2021 1382 2065 quoad
1409 2031 1522 2054 omnes
1549 2026 1581 2054 et
1605 2021 1749 2063 singulos
1776 2021 1924 2061 codices,
1948 2031 2014 2053 ma-

1275 2074 1477 2117 nuscriptos,
1504 2074 1605 2106 libros
1631 2073 1814 2116 impressos,
1840 2073 2013 2115 volumina,

1274 2127 1485 2166 numismata,
1510 2137 1595 2167 vasa,
1622 2131 1759 2168 statuas,
1786 2132 1815 2159 et
1840 2137 2016 2169 quaecum-

1276 2191 1339 2224 que
1365 2181 1439 2219 alia,
1467 2181 1531 2213 sive
1558 2191 1638 2223 quae
1663 2191 1680 2213 a
1706 2180 1856 2213 Romanis
1882 2180 2016 2213 Pontifi-

1276 2233 1365 2266 cibus
1390 2234 1697 2276 praedecessoribus
1731 2233 1870 2274 noslris,
1895 2244 1931 2266 ac
1955 2243 2015 2266 no-

1275 2286 1325 2319 bis
1363 2286 1463 2329 ipsis,
1500 2292 1531 2320 et
1569 2286 1830 2330 quibuscumque
1867 2287 2016 2330 personis

1277 2339 1416 2371 cuiusvis
1449 2344 1567 2379 status,
1601 2339 1719 2382 gradus
1755 2345 1786 2371 et
1821 2338 2015 2373 conditionis

1277 2402 1483 2436 quocumque
1509 2397 1654 2435 tempore
1673 2386 1835 2425 hactenus¹
1849 2392 1965 2426 donata
1985 2397 2016 2425 et

1277 2450 1396 2489 empta,
1421 2445 1486 2479 sive
1512 2446 1544 2478 in
1568 2450 1753 2488 posterum,
1779 2451 1814 2478 ut
1836 2445 2017 2489 praemitti-

1277 2502 1340 2539 tur,
1368 2497 1519 2531 donanda
1536 2503 1568 2531 et
1587 2498 1734 2538 emenda,
1761 2503 1792 2532 et
1817 2498 1848 2530 in
1868 2498 2015 2531 eamdem

1277 2551 1511 2585 bibliothecam
1539 2552 1740 2593 invehenda,
1769 2552 1944 2586 dummodo
1971 2556 2016 2585 ta-

1315 2616 1325 2641 1
1348 2613 1418 2642 Edit.
1440 2614 1519 2642 Μαίη.
1539 2614 1603 2650 legit
1621 2614 1779 2644 absolvitur
1798 2615 1836 2650 (R.
1854 2616 1905 2650 τ.).

2199 131 2232 196 l:

2010 227 2064 253 An.
2084 226 2113 253 c.
2130 215 2232 267 uest

2205 269 2207 290 l

2205 307 2225 367 iz
