2232 3178
46 215 95 242 An.
109 212 138 240 c.
160 210 226 238 1738

431 267 578 291 REGULAE
604 267 705 292 CAPUT
731 270 766 292 11,

306 323 390 341 Omnes
405 327 443 341 res
458 322 617 346 undecumque
632 323 696 342 licite
711 324 805 342 veniant
816 337 820 344 .
837 325 883 345 etc.

263 383 359 414 CAPUT
382 392 412 412 11.
429 401 467 406 —
484 383 522 413 De
546 384 728 423 redemptione
749 385 932 423 captirornm.

110 469 153 497 5¹,
267 463 285 483 1.
309 454 347 484 De
369 453 457 483 rebus
479 454 634 491 omnibus,
659 464 734 493 quae
757 455 790 483 ad
815 464 866 483 nos
890 455 968 484 licite

45 496 217 548 tuffiijfffflss
228 502 366 539 veniant,
391 502 460 541 1111111
486 502 670 539 faciendum,
702 503 845 542 praecipit
867 504 967 540 regula

45 550 126 579 ’ΝΛ-’Μ’
143 551 163 568 ‘²
182 551 346 582 ⁰3¹·dicens:
370 551 459 589 quod,
479 551 508 580 in
532 556 673 590 quantum
695 551 767 580 duae
791 556 887 590 partes
910 552 969 581 suf-

45 576 169 598 utodiendum
181 577 217 597 9³¹.

45 604 96 629 111·οΰ
129 600 347 637 iwr'uietficient,
371 599 400 629 id
424 604 466 629 est
489 609 547 629 11011
573 600 635 638 plus
658 609 711 629 1106
734 600 842 635 111111115,
867 600 917 629 sed
939 600 967 629 in

44 627 216 680 :fimffffi‘a'gffv'gj
228 652 339 677 tantum
363 651 549 686 exequantur
565 657 651 686 opera
668 647 884 677 misericordiae
904 657 968 677 cum

45 687 93 703 ’ω’
228 696 272 726 sui
302 695 432 735 ipsorum
464 701 492 725 et
514 696 555 725 eis
577 696 743 726 necessario
767 696 968 726 famulantium

228 744 376 774 moderata.
397 745 638 783 sustentatione,
670 749 700 774 ut
735 745 818 774 unica
850 749 878 774 et
912 749 969 775 tota

228 793 313 823 tertia
336 802 402 832 pars
425 797 590 822 reservetur
612 793 646 822 ad
670 793 900 832 redemptionem
924 803 969 823 ca-

229 842 385 882 ptivorum.
411 841 443 871 vi
466 846 563 870 autem
588 841 753 880 praedictae
772 842 970 881 dispositionis

229 890 424 930 praecipimus
447 890 549 920 stricte
582 890 717 919 omnibns
752 891 888 930 praelatis
921 900 971 920 no-

230 943 306 969 strae
328 938 480 976 religionis
499 963 505 975 ‚
530 942 561 968 ut
584 939 663 968 omni
687 941 758 969 cura
792 940 971 979 adimpleant

230 988 436 1026 obligationem
468 997 554 1026 quam
590 988 698 1017 liabent
727 989 882 1027 separandi
919 998 970 1027 pro

230 1035 430 1074 redemptione
452 1036 633 1074 captivorum
661 1037 776 1065 tertiam
805 1041 916 1075 partem
942 1047 970 1066 o·

231 1085 342 1114 mnium
366 1093 556 1123 rerumquae
580 1085 662 1114 iuxta
686 1090 816 1114 sanctam
839 1086 970 1123 regulam

231 1138 359 1163 nostram
383 1134 511 1172 separari
535 1133 630 1163 debet.
655 1134 688 1163 Et
717 1143 872 1163 oneramus
905 1144 972 1163 con-

230 1182 368 1212 scientias
398 1187 513 1221 patrum
545 1183 726 1212 visitatorum
760 1187 791 1212 ut
818 1183 973 1221 invigilent

229 1231 318 1261 huius
340 1231 412 1269 legis
434 1231 648 1261 observantiae.

269 1289 300 1310 11.
329 1280 479 1319 Separatio
513 1280 566 1310 ista
601 1281 629 1310 in
663 1280 794 1319 quolibet
827 1285 971 1310 conventu

230 1333 258 1358 et
281 1328 403 1366 collegio
426 1338 477 1367 per
500 1328 668 1358 ministrum
690 1338 741 1358 seu
759 1329 971 1369 praesidentem

229 1381 258 1408 et
294 1378 476 1408 consiliarios
514 1378 589 1415 siat,
624 1379 720 1408 statim
755 1389 787 1408 ac
820 1383 971 1418 receptum

229 1426 316 1457 suerit
339 1426 490 1466 quodlibet
512 1436 604 1465 genus
630 1428 778 1457 fructuum
812 1427 973 1457 aliarumve

230 1484 341 1514 rerum,
365 1479 393 1504 01
415 1476 572 1514 separatim
596 1480 786 1505 conservetur
808 1476 836 1506 in
855 1476 971 1515 propria

231 1523 326 1563 specie
359 1524 433 1562 quod
458 1524 492 1553 ad
516 1524 747 1564 redemptionem
778 1525 971 1564 pertinuerit,

230 1576 258 1601 et
279 1572 310 1602 in
332 1572 406 1602 libro
430 1572 641 1611 redemptionis
664 1573 821 1602 scribatur.
847 1574 880 1603 Et
909 1579 973 1613 post

231 1621 393 1660 quamlibet
415 1621 625 1659 visitationem,
645 1621 741 1652 dictus
765 1623 900 1652 minister
922 1633 972 1653 seu

231 1678 349 1709 praeses
372 1670 467 1699 mittat
495 1671 671 1710 redemptori
703 1680 773 1700 suae
807 1672 974 1710 provinciae

231 1718 458 1748 declarationem
475 1718 510 1748 ab
526 1719 589 1758 ipso
608 1723 635 1748 et
651 1720 828 1749 consiliariis
846 1720 975 1750 subscri-

231 1771 307 1806 ptam
332 1767 464 1796 omnium
488 1776 587 1797 rerum
610 1778 685 1806 quae
708 1769 869 1798 secundum
899 1769 974 1799 hanc

231 1816 468 1846 constitutionem
492 1817 640 1855 pertinent
667 1817 702 1846 ad
731 1818 972 1857 redemptionem.

271 1874 312 1895 111.
343 1865 590 1905 Quotiescumque
623 1866 814 1896 determinate
847 1877 899 1907 pro
931 1878 976 1898 re-

232 1913 398 1953 demptione
421 1915 602 1953 captivorum
625 1920 743 1954 recepta
767 1916 854 1946 suerit
877 1917 973 1956 aliqua

233 1962 455 1992 considerabilis
477 1973 528 1992 seu
552 1964 649 2002 magui
669 1965 808 1994 momenti
828 1966 975 2004 quantitas

232 2012 442 2051 cuiuscumque
465 2013 582 2050 generis
604 2013 657 2049 sit,
682 2013 786 2043 similis
809 2014 858 2044 fiat
881 2015 976 2044 decla-

233 2061 306 2091 ratio
328 2070 342 2090 a
360 2062 496 2100 praefatis
510 2061 604 2090 tribus
620 2061 798 2101 subscripta,
817 2067 844 2092 01
861 2063 974 2092 redem-

234 2110 289 2140 tori
312 2110 528 2149 quamprimum
549 2111 691 2140 mittatur.
711 2111 749 2140 De
767 2112 863 2151 parvis
879 2116 974 2142 autem

234 2160 443 2199 quantitatibus
467 2170 519 2199 pro
550 2161 749 2200 redemptione
783 2161 975 2191 determinate

234 2209 360 2248 receptis
395 2209 465 2238 baec
498 2210 545 2239 siet
579 2210 739 2239 declaratio
774 2215 836 2249 post
876 2221 977 2250 quam-

234 2257 304 2286 libet
326 2258 533 2293 visitationem,
553 2263 580 2287 et
597 2263 667 2288 tunc
692 2259 867 2298 redemptori
884 2260 976 2289 mitte-

235 2309 291 2335 tur.
306 2306 404 2336 Patres
418 2316 486 2336 vero
499 2307 697 2345 redemptores
715 2308 819 2336 librum
838 2308 974 2345 babeant,

234 2355 265 2383 iu
288 2364 344 2393 quo
372 2354 510 2384 distincte
543 2355 674 2384 scribant
706 2357 802 2385 onmia
835 2366 909 2395 quae
942 2366 976 2386 ex

236 2404 393 2442 praedictis
408 2404 655 2434 declaratiouilms
666 2406 830 2434 constiterit
845 2411 977 2444 spectare

236 2452 271 2481 ad
292 2452 524 2491 redemptionem
553 2453 582 2482 111
616 2453 752 2482 omnibus
785 2455 977 2484 conventibus

236 2505 264 2530 01
286 2500 416 2538 collegiis
433 2523 440 2537 ‚
466 2502 667 2540 unusquisque
691 2502 824 2532 videlicet
850 2513 900 2542 pro
925 2505 978 2533 suit

239 2550 402 2588 provincia.

277 2608 314 2633 tv.
339 2598 441 2629 Nullus
458 2598 591 2629 minister
607 2608 658 2629 seu
675 2608 793 2639 praeses
809 2599 894 2629 etiam
912 2610 976 2630 011111

857 209 999 235 CLEMENS
1027 211 1072 235 xn
1097 211 1147 235 Pr.

1652 201 1717 236 399

1011 260 1200 298 consiliariis,
1224 269 1319 300 neque
1343 261 1435 291 adhuc
1459 260 1659 292 consentiente
1677 270 1755 292 com-

1012 309 1171 347 munitate,
1195 310 1300 340 audeat
1330 310 1413 340 titulo
1444 311 1542 350 aliquo
1579 310 1639 340 sive
1673 319 1754 349 prae-

1013 362 1091 387 textu
1115 358 1259 396 vendere,
1284 368 1380 388 emere
1418 359 1460 388 vel
1498 359 1626 388 alienare
1662 358 1754 388 dictas

1011 406 1124 444 species
1142 431 1148 443 ,
1173 407 1234 436 sive
1257 416 1293 436 ex
1316 408 1459 446 separatis
1484 417 1535 447 pro
1559 408 1645 437 tertia
1673 412 1754 446 parte

1012 455 1090 483 iuxta
1115 460 1246 485 tenorem
1270 456 1388 494 regulae
1409 481 1415 493 ‚
1441 457 1501 486 sive
1531 466 1567 485 ex
1599 457 1674 486 datis
1707 456 1755 486 de-

1013 504 1167 533 terminate
1183 504 1216 533 ad
1233 504 1477 543 redemptionem,
1493 506 1555 535 sine
1571 505 1693 534 licentia.
1708 505 1754 534 sui

1013 552 1212 591 provincialis.
1244 552 1334 587 Quem
1359 557 1455 582 tamen
1491 558 1547 583 tam
1582 554 1644 592 ipse
1667 563 1754 592 quarn

1013 600 1173 629 consiliarii
1196 610 1314 630 monere
1338 606 1493 632 teneantur
1528 606 1658 641 tempore
1690 606 1755 641 apto

1013 648 1047 677 de
1071 649 1201 687 periculo
1234 650 1310 687 quod
1341 655 1433 689 potest
1456 660 1520 680 csse
1549 651 1577 680 in
1602 660 1756 680 conserva-

1015 697 1093 726 tione
1116 706 1214 726 rerum
1240 698 1283 727 rel
1299 699 1444 728 fructuum
1462 699 1490 728 in
1509 699 1626 738 propria
1644 699 1755 738 specie,

1016 749 1047 775 ut
1068 745 1103 775 de
1126 746 1184 775 illis
1207 746 1341 785 disponat
1364 748 1393 777 in
1417 748 1556 778 maiorem
1579 748 1755 788 redemptio-

1015 794 1060 823 ni<
1085 794 1251 824 utilitatem.

1057 852 1082 872 v.
1108 843 1230 882 Insuper
1251 844 1362 882 integra
1392 854 1457 883 pars
1491 845 1574 875 tertia
1608 850 1758 885 separetur

1016 900 1066 929 pro
1089 891 1290 931 redemptione
1321 893 1502 932 captivorum
1535 903 1567 923 ex
1603 894 1758 924 mobilibus

1016 941 1203 970 baereditatis
1227 946 1254 971 01
1277 941 1419 971 bonorum
1448 953 1461 972 a
1491 943 1662 982 parentibus
1691 943 1759 973 reli-

1015 993 1149 1025 ctorunu
1174 990 1310 1019 similiter
1326 991 1411 1020 etiam
1430 992 1625 1030 separabitur,
1651 992 1759 1022 medie-

1017 1042 1075 1067 tate
1104 1038 1229 1068 deducta
1261 1039 1340 1068 iuxta
1373 1041 1505 1078 regulam
1539 1050 1591 1080 pro
1624 1041 1760 1080 expensis

1015 1085 1044 1114 in
1068 1087 1194 1124 cultura,
1212 1096 1244 1116 ex
1264 1088 1407 1117 fructibus
1430 1093 1457 1118 et
1481 1089 1671 1128 proventibus
1695 1098 1761 1128 pos-

1015 1135 1179 1164 sessionum
1204 1137 1444 1173 provenientibus
1467 1147 1503 1166 ex
1527 1137 1611 1167 bonis
1633 1138 1693 1167 sive
1716 1147 1761 1167 ra-

1016 1183 1094 1212 tione
1117 1184 1265 1222 legitimae
1283 1187 1300 1222 ¹,
1325 1186 1386 1215 sive
1409 1186 1609 1225 haereditatis,
1633 1187 1694 1217 sive
1711 1187 1761 1217 do-

1016 1233 1142 1262 nationis
1165 1234 1327 1272 acquisitis.
1352 1234 1473 1269 Quando
1499 1239 1597 1265 autem
1627 1236 1760 1266 definito-

1015 1281 1091 1310 rium
1120 1282 1164 1311 vel
1191 1287 1351 1312 conventus
1378 1283 1486 1322 aliquis
1519 1294 1570 1314 seu
1604 1285 1760 1324 collegium

1016 1330 1204 1360 ces<i0nem2
1238 1331 1339 1361 fecerit
1371 1332 1495 1362 alicuius
1523 1333 1692 1370 legitimae,
1725 1334 1760 1364 ad

1017 1387 1104 1417 quam
1126 1379 1171 1408 ius
1201 1379 1299 1418 habet,
1320 1390 1468 1420 nunquam
1486 1382 1568 1411 cedat
1591 1387 1701 1421 partem
1720 1383 1760 1412 le-

1017 1427 1136 1465 gitimae
1159 1427 1237 1456 illius
1259 1428 1294 1457 ad
1317 1429 1548 1468 redemptionem
1566 1434 1760 1469 spectantem.

1059 1484 1096 1504 ri.
1130 1475 1332 1515 Praecipimus
1366 1477 1502 1507 omnibus
1534 1478 1760 1517 superioribus,

1018 1524 1093 1563 quod
1111 1525 1138 1554 in
1157 1525 1348 1554 conventibus
1371 1526 1432 1555 sive
1449 1526 1590 1564 collegiiS,
1609 1527 1637 1556 in
1657 1527 1763 1566 quibus

1018 1583 1075 1602 non
1100 1573 1187 1603 suerit
1214 1574 1363 1611 designata
1394 1575 1581 1613 particularis
1613 1585 1679 1605 arca
1713 1585 1763 1615 pro

1019 1623 1210 1652 custodienda
1234 1624 1359 1662 pecunia
1389 1625 1552 1663 pertinente
1585 1625 1619 1654 ad
1650 1625 1764 1654 redem-

1020 1673 1148 1710 ptionem
1171 1673 1352 1711 captivorum
1371 1697 1378 1709 ,
1402 1673 1449 1702 illa
1474 1678 1633 1712 reponatur
1655 1678 1682 1704 et
1715 1684 1764 1704 cu-

1019 1721 1162 1750 stodiatur
1184 1721 1212 1750 111
1237 1723 1306 1750 arca
1335 1722 1423 1751 trium
1456 1722 1582 1751 clavium
1613 1725 1761 1754 communi

1019 1775 1181 1800 conventus
1206 1770 1249 1799 vel
1272 1770 1409 1808 collegii,
1434 1771 1462 1800 in
1487 1772 1550 1801 loco
1574 1776 1670 1801 tamen
1700 1773 1764 1802 eius

1020 1823 1164 1857 separato.

1061 1876 1109 1897 vu.
1135 1868 1165 1896 In
1191 1868 1320 1907 qualibet
1342 1869 1494 1908 provincia
1521 1880 1596 1899 unus
1629 1870 1666 1899 sit
1697 1880 1765 1900 con-

1020 1922 1123 1947 vontus
1145 1927 1196 1947 seu
1219 1918 1373 1956 collegium
1398 1928 1449 1956 per
1481 1919 1642 1957 capitulum
1675 1929 1763 1957 gene-

1019 1965 1079 1995 rale
1112 1966 1278 2003 assignatus
1299 1990 1306 2003 ,
1342 1966 1369 1995 111
1404 1976 1460 2005 11110
1496 1967 1551 1996 crit
1579 1967 1765 2006 particularis

1019 2023 1084 2043 arca
1100 2015 1187 2044 trimn
1201 2015 1338 2050 clavium,
1356 2015 1527 2045 deserviens
1543 2016 1695 2046 dumtaxat
1712 2026 1763 2056 pro

1020 2063 1217 2092 custodiendis
1250 2064 1382 2102 pecuniis
1417 2064 1633 2102 pertinentibus
1662 2065 1696 2094 ad
1719 2075 1765 2095 re-

1019 2112 1238 2150 demptionem.
1262 2122 1336 2151 quae
1368 2117 1396 2142 et
1427 2113 1482 2142 erit
1514 2114 1679 2143 communis
1714 2124 1764 2153 pro

1021 2161 1152 2199 pecuniis
1176 2161 1265 2190 totins
1289 2161 1467 2200 provinciae.
1493 2162 1534 2191 Ex
1558 2163 1644 2192 dictis
1667 2167 1763 2193 autem

1019 2210 1150 2239 clavibus
1174 2211 1264 2240 altera
1289 2211 1326 2240 sit
1358 2211 1433 2248 apud
1457 2212 1647 2250 ministrnm,
1674 2213 1762 2242 altera

1019 2260 1092 2299 apud
1118 2260 1332 2298 redemptorem
1357 2261 1436 2290 illius
1460 2262 1637 2300 provinciae,
1656 2262 1711 2297 vel,
1728 2262 1762 2291 ad

1019 2309 1082 2338 eius
1105 2309 1260 2345 desectum,
1279 2310 1353 2348 apud
1371 2315 1585 2348 procuratorem
1603 2310 1680 2339 illins
1697 2319 1765 2339 con-

1021 2362 1124 2387 ventus
1146 2367 1195 2386 sen
1219 2358 1332 2394 colleg-:ii
1355 2381 1361 2393 ,
1386 2363 1413 2387 01
1437 2358 1526 2387 altera
1559 2359 1633 2397 apud
1666 2359 1763 2388 consi-

1020 2407 1136 2436 liarium
1161 2407 1368 2446 antisptiorem.
1393 2408 1472 2442 Quod
1497 2408 1519 2436 si
1545 2408 1572 2436 in
1592 2408 1690 2446 aliquo
1707 2408 1764 2437 alio

1020 2460 1166 2485 conventu
1187 2456 1230 2485 vol
1254 2456 1375 2492 collegio
1392 2456 1522 2485 evenerit
1538 2456 1614 2494 quod
1637 2457 1674 2486 sit
1697 2465 1762 2486 arca

1021 2505 1210 2543 particularis
1226 2514 1275 2543 pro
1289 2505 1488 2534 custodiendis
1504 2510 1614 2535 tantum
1633 2506 1763 2545 pecuniis

1059 2566 1066 2587 1
1094 2562 1164 2587 Edit.
1188 2561 1268 2587 Δ1111111,
1292 2562 1356 2594 legit
1378 2562 1506 2594 lcqsilime
1526 2569 1562 2594 (11.
1580 2563 1630 2596 1.).

1056 2606 1071 2631 2
1093 2605 1163 2632 lidit.
1186 2605 1267 2633 Malu.
1289 2605 1353 2641 legit
1372 2607 1526 2634 sessionem
1547 2610 1589 2641 (u.
1607 2608 1657 2642 T.).

1764 213 1812 237 Αη.
1833 212 1860 237 C.
1884 212 1950 239 17³8
