2232 3178
91 206 141 234 An.
161 205 191 234 C.
208 204 276 233 1735

124 372 220 393 Extenzto
244 371 270 391 de

90 406 131 426 qua
144 406 163 419 tn
179 398 270 419 rubrica.

106 2349 221 2376 Expticauo
232 2349 270 2371 hu·

88 2377 175 2407 iuwmdi
204 2378 269 2398 indut-

87 2406 209 2428 genuerunt.

889 202 1029 227 CLEMENS
1052 202 1097 227 ΧΠ
1121 203 1168 226 ΡΡ.

282 258 346 285 tum
384 257 415 285 et
450 252 625 284 animarum
661 252 795 284 salutem
833 251 1016 295 profuturos

282 315 464 349 spet·aniUS‚
492 305 630 338 libenter
655 305 839 347 elargimur.

324 360 339 403 g
365 359 395 392 1.
422 360 497 392 Cum
523 361 630 402 itaque
666 360 704 391 ab
741 359 813 402 ipso
848 358 1016 401 apostolici

282 413 446 455 regiminis
483 413 583 446 nostri
619 412 809 456 primordio,
837 412 874 444 ad
900 412 1039 444 uberes*

281 468 401 500 fructus
437 477 472 499 ac
508 467 706 511 spiritualem
740 466 881 499 fidelium
908 465 1017 498 acdifi-

280 521 455 561 canonem,
481 521 534 565 qui
560 532 595 554 ex
623 521 750 554 assiduo
776 531 836 553 usu
862 525 891 552 ct
916 519 1015 562 expli-

280 574 402 607 catione
441 574 624 608 catechismi
650 574 715 607 sive
743 573 907 607 doctrinae
934 573 1039 620 chri-j

280 627 399 660 stianae
426 628 599 671 provenire
621 627 846 667 noscebantur,
863 632 1015 670 paternae
1037 632 1038 658 1

280 680 454 723 dirigentes
480 681 750 714 considerationis
776 686 903 713 nostrae
925 679 1016 712 intui-

281 740 366 775 tum,
392 735 534 768 diversas
560 735 780 768 ordinationes
806 746 823 767 a
849 734 1015 767 nonnullis

279 789 428 822 Romanis
463 789 670 823 Pontificibus
711 788 1015 832 praedecessoribus

278 843 395 875 nostris
430 843 467 875 ad
500 843 754 886 promovendum
782 843 844 876 hoc
870 842 956 885 pium
983 841 1017 873 ti-

279 896 407 939 delique
443 897 565 939 populo
603 896 760 940 imprimis
797 895 1016 929 necessarium
1037 920 1038 926 ,

1037 943 1038 954 ’
1061 948 1222 981 Paschatis
1244 948 1499 980 Resurrectionis
1518 947 1708 989 dominicae,
1727 958 1799 980 nec-

278 959 369 992 opus,
394 960 456 993 quo
481 949 536 982 ille
562 950 712 982 nimirum
741 949 814 982 fidei
840 949 1016 983 catholicae

278 1002 467 1036 rudimentis
508 1014 543 1036 ac
581 1003 742 1047 mysteriis
796 1003 1015 1046 omnibusque

278 1055 460 1088 christianis
486 1056 654 1089 virtutibus
680 1056 858 1095 instruitur,
885 1056 1017 1089 salubri-

279 1115 326 1143 ter
351 1110 461 1151 editas,
474 1121 531 1153 per
550 1110 688 1143 edictum
710 1111 761 1143 die
779 1122 814 1144 xv
831 1111 1017 1144 novembris

277 1173 423 1197 tttnccxxx
458 1165 548 1198 iussn
580 1165 820 1208 promulgatum
847 1164 1017 1198 confirma-

277 1216 418 1249 verimus
442 1228 477 1250 ac
503 1217 596 1250 etiam
623 1218 903 1261 ampliaverimus:
931 1229 1016 1250 nunc

276 1280 345 1310 nos,
372 1270 598 1304 christifideles
626 1278 686 1303 tam
713 1272 814 1304 almae
840 1271 933 1303 Urbis
959 1282 1016 1304 no-

277 1329 378 1365 strae,
404 1335 497 1367 quam
523 1325 691 1358 universae
718 1325 842 1366 ltaliae,
867 1335 904 1357 ac
929 1325 1016 1357 insu-

277 1378 378 1410 larum
396 1378 624 1417 adiacentium,
639 1389 697 1422 pro
717 1385 861 1422 tempore
881 1378 1016 1412 existen·
1036 1391 1038 1419 2

277 1437 339 1472 tes,
365 1438 398 1465 ut
430 1434 521 1477 operi
549 1433 734 1467 huiusmodi
770 1434 943 1467 ferventius
968 1434 1016 1466 in-

276 1486 445 1528 cumbant,
473 1487 564 1520 novis
598 1487 813 1530 spiritualium
841 1488 1015 1530 gratiarum

275 1539 459 1573 muneribus
485 1541 621 1574 excitare
648 1543 792 1574 volentes
810 1569 817 1581 ‚
844 1552 958 1575 omnes
985 1548 1017 1575 et

275 1592 417 1635 singulas
444 1593 660 1636 indulgentias
687 1600 718 1628 et
742 1600 951 1638 peccatorum
972 1606 1017 1629 re-

275 1646 447 1680 missiones
483 1658 519 1680 ac
550 1648 818 1691 poenitentiarum
846 1649 1016 1682 relaxatio-

276 1710 344 1740 nes,
371 1711 451 1743 quae
478 1711 494 1732 a
519 1701 683 1745 quibusvis
711 1702 862 1735 Romanis
889 1702 1016 1735 Pontifi-

276 1753 363 1786 cibus
399 1754 707 1797 praedecessoribus
733 1756 850 1789 nostris
889 1757 1016 1799 praesa-

277 1812 341 1841 tum
368 1809 597 1842 catechismum
632 1820 685 1842 scu
715 1809 895 1843 doctrinam
928 1810 1015 1843 chri-

275 1861 410 1895 stianam
436 1862 520 1895 iuxta
540 1863 666 1896 decreta
684 1863 816 1897 Concilii
834 1863 1015 1897 Tridentini

276 1915 307 1948 in
333 1916 479 1950 ecclesiis
503 1922 557 1949 aut
580 1917 727 1950 oratoriis
754 1929 872 1961 pueros
900 1919 1014 1951 docen-

277 1968 372 2010 tibus,
388 1975 441 2002 aut
465 1970 580 2012 eidem,
599 1971 674 2004 duni
701 1972 862 2012 edocetur,
882 1972 1017 2006 interve-

275 2022 455 2063 nientibuS,
482 2024 637 2057 hactenus
664 2035 820 2058 concessa
845 2026 1016 2069 reperiun-

277 2080 335 2115 tur,
350 2077 387 2109 ad
403 2077 528 2110 adultos
543 2077 649 2119 Urbis,
664 2078 770 2112 ltaliae
790 2084 822 2112 et
840 2079 1014 2112 insularum

277 2130 509 2172 praedictarum
547 2132 606 2175 ipsi
643 2133 838 2166 catechismo
872 2144 928 2166 seu
961 2134 1016 2167 do-

278 2181 400 2217 ctrinae
419 2185 614 2219 christianae
634 2185 878 2226 interessentes,
898 2187 1014 2220 harum

280 2236 372 2276 serie,
392 2238 567 2280 apostolica
585 2240 784 2281 auctoritate,
807 2242 1011 2274 extendimus

281 2293 310 2322 ct
334 2290 530 2333 ampliamus.

323 2342 393 2386 §⁶2.
421 2344 587 2379 Praeterea
622 2347 660 2381 de
693 2348 925 2391 omnipotentis
958 2348 1013 2381 Dei

279 2395 501 2430 misericordia
525 2410 560 2432 ac
582 2399 747 2434 beatorum
767 2401 850 2436 Petri
877 2408 908 2435 et
925 2402 1013 2435 Pauli

279 2452 498 2494 apostolorum
520 2453 587 2485 eius
605 2455 793 2488 auctoritate
812 2456 933 2495 contisi,
953 2457 1013 2489 eis-

279 2504 351 2538 dem
378 2505 518 2548 adultis,
545 2506 597 2550 qni
635 2517 708 2540 vere
743 2509 949 2551 poenitentes
982 2515 1014 2543 et

279 2558 440 2600 confessi,
463 2569 499 2592 ac
524 2562 613 2593 sacra
639 2562 865 2596 communione
893 2563 1013 2602 retecti,

279 2612 436 2645 eiusmodi
462 2613 516 2657 pio
543 2614 692 2647 exercitio
730 2616 841 2651 devote
873 2617 1012 2651 interve-

1060 251 1177 291 nerint,
1197 263 1258 295 qua
1278 252 1344 285 vice
1371 252 1400 285 id
1428 252 1570 294 egerint,
1595 257 1720 295 septem
1746 262 1796 284 an-

1060 315 1117 337 nos
1138 311 1168 337 et
1191 305 1323 338 totidem
1343 306 1565 349 quadragenas
1584 306 1622 338 de
1644 305 1795 337 iniunctis

1060 358 1106 390 eis
1131 369 1185 391 seu
1212 359 1289 392 alias
1314 359 1560 403 quomodolibet
1585 359 1701 392 debitis
1719 369 1796 402 poe-

1061 411 1206 444 nitentiis
1225 413 1256 445 in
1280 414 1380 446 formai
1397 413 1558 446 Ecclesiae
1578 413 1729 445 consueta
1747 422 1796 443 re-

1061 465 1217 505 laxamns3
1242 467 1294 509 qui
1315 477 1390 499 vero
1409 467 1488 499 illud
1508 466 1632 499 assidue
1652 465 1797 509 frequen-

1062 518 1213 557 taverint,
1240 520 1387 552 eumdem
1421 519 1650 552 catechismum
1683 519 1798 552 doctri-

1062 582 1173 604 namve
1199 572 1405 605 christianam
1441 574 1594 606 docentes
1630 574 1679 606 vel
1713 573 1798 606 addi-

1060 630 1200 665 scentes,
1220 636 1255 658 ac
1275 637 1346 659 rere
1374 627 1524 659 similiter
1542 627 1746 670 poenitentes
1766 634 1796 659 et

1060 679 1196 712 confessi
1230 682 1381 723 sacraque
1420 680 1647 713 communione
1684 681 1797 714 resecti

1061 743 1120 776 pro
1139 733 1389 767 christianornm
1405 734 1589 777 principum
1608 734 1794 773 concordia.

1062 787 1231 820 haeresum
1257 788 1483 832 extirpatione,
1502 799 1536 820 ac
1556 788 1587 821 S.
1604 787 1643 820 M.
1659 788 1693 821 E.
1714 789 1798 821 exal-

1037 849 1038 858 *
1062 841 1180 874 tatione
1207 842 1274 884 pias
1297 842 1334 874 ad
1362 842 1459 874 Deum
1483 852 1597 885 preces
1616 840 1798 880 effuderint,

1061 895 1093 927 in
1118 894 1297 927 Nativitatis
1322 896 1442 928 domini
1464 895 1563 928 nostri
1582 895 1650 927 lesu
1671 894 1798 933 Christi,

1060 1013 1123 1035 non
1156 1002 1204 1034 Ss.
1233 1001 1314 1034 Petri
1342 1008 1371 1034 et
1397 1002 1483 1035 Pauli
1510 1002 1728 1045 apostolorum
1760 1002 1799 1033 te-

1061 1056 1117 1088 stis
1144 1056 1258 1088 diebus
1285 1056 1462 1098 plenariam
1490 1055 1632 1087 onmium
1654 1061 1798 1098 peccato-

1060 1120 1128 1142 rum
1154 1120 1285 1142 suorum
1310 1109 1545 1152 indulgentiam
1573 1114 1604 1141 ct
1637 1108 1799 1141 remissio-

1060 1174 1132 1197 nem
1159 1163 1412 1196 misericorditer
1448 1162 1480 1194 in
1518 1162 1653 1194 Domino
1682 1172 1797 1194 conee-

1060 1216 1175 1249 dimus.
1204 1216 1435 1249 Praesentibus
1476 1215 1643 1258 perpetuis
1680 1215 1797 1247 suturis

1060 1270 1259 1314 temporibus
1284 1270 1439 1303 valituris.

1103 1325 1117 1367 ξ
1142 1324 1173 1357 3.
1201 1323 1270 1357 Non
1288 1324 1492 1357 obstantibus
1509 1322 1800 1356 constitutionibus

1060 1384 1091 1411 ct
1116 1377 1377 1410 ordinationibus
1403 1377 1602 1420 apostolicis,
1619 1377 1798 1420 ceterisque

1060 1432 1228 1465 contrariis
1253 1432 1524 1475 quibuscumque.

1102 1486 1117 1528 ξ
1142 1485 1172 1517 Γ).
1190 1485 1343 1518 Volumus
1361 1490 1468 1517 autem
1494 1490 1526 1516 ut
1549 1484 1690 1528 ipsarum
1710 1495 1800 1528 prae-
1844 1493 1992 1520 transumpto-

1809 1524 1854 1540 t·utu
1870 1520 1928 1540 tides.

1059 1539 1201 1572 sentium
1243 1539 1454 1582 transumptis
1472 1565 1479 1578 ‚
1521 1548 1575 1570 seu
1617 1539 1773 1581 exemplis
1789 1565 1796 1578 ‚

1060 1592 1156 1625 etiam
1183 1592 1362 1635 impressis,
1389 1602 1484 1624 manu
1511 1591 1646 1624 alicuius
1681 1592 1796 1624 notarii

1059 1646 1179 1689 publici
1206 1645 1421 1689 subscriptis,
1446 1651 1477 1678 et
1502 1645 1610 1688 sigillo
1636 1656 1797 1688 personae

1059 1699 1090 1732 in
1116 1699 1274 1742 dignitate
1290 1699 1511 1732 ecclesiastiea
1522 1700 1714 1732 constitutae
1736 1709 1800 1732 mu-

1060 1753 1156 1793 nitis,
1183 1753 1295 1786 cadem
1322 1763 1453 1796 prorsus
1482 1752 1560 1785 sides
1585 1752 1796 1791 adhibeatur,

1059 1816 1143 1850 quae
1177 1807 1253 1850 ipsis
1279 1806 1508 1849 praesentibus
1534 1806 1747 1838 adhiberetur
1772 1806 1798 1837 si

1060 1861 1168 1894 forent
1188 1860 1354 1893 exhibitae
1381 1861 1428 1893 rel
1454 1865 1614 1892 ostensae,

1102 1914 1217 1947 Datum
1245 1914 1377 1954 Romae,
1396 1914 1479 1957 apud
1503 1914 1532 1946 S.
1555 1914 1683 1947 Mariani
1702 1911 1798 1947 Maio-

1060 1979 1140 2009 rem,
1155 1968 1214 2001 sub
1231 1969 1353 2001 annulo
1365 1967 1545 2008 piscatoris,
1564 1968 1705 2001 dicxxvtt
1720 1967 1797 1999 iunii

1059 2032 1238 2062 mcccxxxv,
1265 2021 1471 2066 pontificatus
1497 2022 1599 2055 nostri
1625 2032 1710 2055 anno
1737 2031 1764 2055 v.

1095 2086 1153 2115 Dat.
1175 2086 1219 2114 die
1239 2086 1271 2112 27
1293 2086 1358 2112 iunii
1383 2086 1458 2119 1735,
1481 2086 1575 2121 pontif.
1599 2094 1668 2112 anno
1689 2091 1713 2112 v.

1392 2139 1424 2172 F.
1453 2140 1539 2173 card.
1567 2140 1749 2174 utivcnius.

1367 2310 1490 2345 CLvttt.

1058 2401 1244 2434 Proleibitio
1268 2401 1449 2445 reeipiendi
1481 2401 1514 2433 in
1538 2399 1704 2444 provincii?
1730 2399 1795 2433 [Ια-

1102 2456 1165 2488 liae
1199 2455 1334 2488 Ordinis
1358 2456 1498 2497 fratrum
1535 2453 1590 2486 Ss.
1622 2453 1794 2486 Trinitatis

1100 2509 1330 2554 redemptionis
1345 2509 1544 2552 captivorum
1561 2507 1728 2551 reliyiosos
1745 2518 1793 2540 cu*

1100 2563 1201 2595 iaspis
1228 2562 1361 2596 Ordinis
1388 2561 1563 2594 transitum
1580 2561 1791 2604 requirente&

1099 2616 1157 2651 sul»
1180 2617 1282 2660 poena
1308 2614 1646 2649 civemnutnt'cate'om's
1671 2619 1698 2648 et
1722 2614 1790 2657 pri-

1718 193 1760 227 45
1806 203 1854 229 An.
1876 202 1904 229 c.
1923 203 1990 231 1735

1859 1333 1937 1353 (th-tan
1949 1334 1991 1353 ium

1812 1360 1930 1384 (iungant).
