2232 3178
257 257 306 283 An.
328 256 356 285 C.
378 256 446 284 tw)
491 247 555 280 656

299 1868 347 1888 Cn.
368 1868 402 1888 lX.

282 1895 310 1915 De
323 1897 441 1921 proprieta-

453 305 582 335 eamdem
606 313 727 343 poenam
751 303 811 333 luat
842 311 894 341 per
923 301 1089 341 quindecim
1112 300 1185 337 dies,

450 353 505 383 nisi
527 353 623 391 gravis
645 352 734 382 laesio
758 350 857 388 fuerit,
880 350 903 380 si
921 359 988 379 vero
1006 349 1185 389 percusserit

450 402 528 440 ligno
551 405 600 430 aut
623 400 728 439 lapide,
749 399 792 428 vel
815 399 870 428 aliti
889 408 930 435 re,
949 398 1011 427 sine
1029 399 1109 436 gravi
1127 398 1186 426 lae-

450 450 531 479 sione
546 473 553 487 ,
579 457 628 487 per
652 456 780 477 mensem
811 446 905 476 eidem
928 446 1054 485 graviori
1078 454 1186 485 poenae

451 497 611 526 subiaceat.

490 555 518 574 u.
543 546 668 583 Propter
689 552 806 582 gravem
830 546 926 572 autem
949 542 1106 571 laesionem
1130 541 1187 570 fra-

451 594 502 623 tris
525 593 568 622 vel
591 592 738 630 extranei,
761 592 822 621 sive
846 601 945 629 manu,
969 591 1030 620 sive
1046 599 1186 629 quacum-

449 651 504 680 que
521 640 579 669 alia
595 649 625 669 re
642 640 793 679 percussio
810 639 909 677 fuerit,
928 639 972 667 vel
989 639 1080 668 levem
1097 638 1184 667 etiam

450 689 605 718 laesionem
629 688 772 727 superiori
795 688 917 723 factam,
943 695 1097 725 percussor
1120 694 1187 724 poe-

450 746 514 766 nam
549 736 739 774 gravissimae
772 736 874 775 culpae
905 744 954 774 per
976 735 1049 764 duos
1072 742 1186 763 menses

449 784 616 823 sustineat,
640 787 668 814 et
701 785 826 824 utraque
859 793 928 813 voce
952 792 1002 822 per
1026 781 1185 812 triennium

449 837 556 870 careat,
579 842 592 862 a
617 833 678 862 solo
701 832 803 862 abbate
827 831 957 870 generali
978 829 1184 860 absolvendus.

489 890 529 911 ut.
553 881 582 912 Si
605 881 710 911 vulnus
733 881 838 911 lethale
860 881 1014 917 inferatur,
1044 887 1122 908 mors
1145 882 1188 907 ta-

450 940 513 959 men
548 939 606 960 non
639 933 800 970 sequatur,
825 929 955 959 eamdem
979 937 1101 968 poenam
1124 936 1187 965 gra-

450 978 584 1008 vissimae
607 979 709 1018 culpae
729 988 781 1018 per
799 988 850 1008 sex
870 986 985 1007 menses
1001 976 1111 1015 absque
1128 975 1189 1005 ulla

449 1027 666 1066 dispensatione
676 1027 830 1065 sustineat,
845 1030 872 1056 et
885 1035 936 1065 per
952 1023 1188 1065 quinquennium

449 1084 518 1105 voce
542 1079 649 1105 careat.
674 1075 704 1105 Si
728 1079 824 1105 autem
849 1073 939 1113 (quod
963 1073 1039 1103 Dens
1061 1071 1188 1110 avertat)

449 1133 542 1163 usque
563 1124 598 1153 ad
621 1123 811 1154 homicidium
841 1122 947 1162 aliquis
971 1121 1186 1162 prolaberetur,

451 1173 516 1203 talis
528 1173 646 1202 omnino
662 1173 724 1202 sine
741 1172 801 1202 ulla
816 1171 1034 1211 dispensatione
1050 1169 1189 1209 puniatur

452 1222 552 1262 poenis
568 1222 758 1260 gravissimae
776 1221 878 1260 culpae
895 1229 946 1259 per
963 1218 1148 1255 decennium,
1162 1221 1189 1247 et

451 1272 577 1311 utraque
600 1281 668 1302 voce
691 1275 831 1310 perpetuo
854 1273 962 1299 careat.

491 1329 529 1350 iv.
554 1319 678 1350 Tantum
702 1328 770 1349 vero
793 1318 950 1358 praedictis
981 1316 1083 1356 poenis
1105 1315 1189 1345 adda·

453 1372 512 1403 tur,
530 1371 671 1406 quantum
695 1367 793 1397 abbati
813 1366 848 1396 (le
870 1364 993 1395 consilio
1013 1368 1126 1403 patrum
1146 1373 1190 1393 se-

453 1416 567 1446 niorum
592 1415 694 1454 visum¹
709 1414 798 1445 suerit
820 1414 969 1454 expedire,
990 1413 1103 1442 attenta
1121 1421 1190 1451 qua-

452 1464 533 1494 litate
558 1473 699 1503 personae
722 1463 924 1503 percutienti5‚
942 1470 1107 1501 percussae,
1125 1469 1190 1500 per-

453 1512 608 1548 cussionis,
632 1516 661 1542 et
682 1512 810 1542 scandali
834 1510 1046 1549 magnitudine.

491 1570 518 1590 v.
543 1561 744 1601 Frequentans
776 1560 831 1589 hoc
866 1559 990 1595 vitium,
1015 1558 1104 1587 etiam
1133 1557 1190 1586 levi

454 1610 654 1650 percussione,
679 1610 713 1639 ad
747 1608 860 1639 nullum
890 1607 1018 1637 officium
1050 1606 1190 1645 eligibilis

452 1662 617 1688 censeatur.

492 1716 529 1737 vr.
555 1707 746 1737 Percussores
768 1706 972 1746 superiorum,
997 1707 1112 1744 praeter
1142 1712 1190 1732 ex-

453 1765 567 1795 pressas
591 1765 719 1795 poenas,
744 1764 813 1784 voce
835 1755 960 1794 utraque
981 1757 1120 1793 perpetuo
1143 1762 1188 1781 ca-

454 1809 536 1834 reant
558 1814 624 1834 cum
646 1804 707 1834 suis
730 1803 921 1842 complicibus
944 1807 972 1832 et
995 1802 1167 1832 fautoribus.

493 1863 511 1883 1.
535 1853 588 1889 Qui
612 1852 722 1890 cibum,
747 1856 857 1892 potum,
882 1855 931 1881 aut
953 1851 1008 1881 alia
1028 1850 1108 1890 parvi
1129 1859 1188 1880 mo-

453 1902 542 1932 menti
576 1901 638 1931 sine
671 1901 791 1931 licentia,
827 1900 988 1940 superioris
1021 1899 1188 1939 receperit,

454 1951 546 1991 prim-‘i
560 1950 622 1980 vice
636 1950 810 1980 charitative
827 1954 979 1979 moneatur
993 1958 1008 1979 a
1025 1949 1188 1988 superiore3

454 2009 505 2039 pro
518 1999 647 2029 secunda
660 1999 778 2037 gravius
791 1998 1034 2038 reprehendatur,
1052 1998 1190 2036 deinceps

455 2057 521 2077 vero
554 2048 648 2086 poena
680 2046 807 2085 graviori
831 2046 971 2086 puniatur
994 2055 1045 2085 pro
1068 2045 1190 2075 arbitrio

453 2095 575 2125 abbatis.

492 2154 522 2175 n.
546 2145 574 2174 Si
599 2144 752 2185 pecuniam
775 2147 826 2174 aut
855 2143 981 2183 aliquam
1005 2152 1065 2173 rem
1093 2143 1191 2181 magni

455 2194 593 2223 momenti
616 2193 678 2222 sine
701 2192 823 2222 licentia
845 2201 859 2221 a
882 2201 1067 2232 quocumque
1083 2191 1192 2222 hahue-

455 2242 492 2272 rit
516 2242 559 2271 vel
583 2240 764 2278 alienaverit,
789 2250 846 2270 non
870 2240 956 2270 debet
979 2250 992 2269 a
1012 2240 1191 2270 confessario

454 2290 576 2327 absolvi,
600 2289 656 2319 nisi
680 2289 759 2328 prius
782 2289 844 2328 ipse
867 2289 1020 2328 poenitens
1049 2288 1120 2318 illud
1143 2299 1190 2318 su-

455 2339 563 2378 periori
598 2338 850 2377 praesentaverit,
874 2341 923 2367 aut
955 2337 1134 2374 alienatum,
1167 2337 1191 2367 si

456 2387 591 2427 possibile
624 2386 734 2424 fuerit,
758 2385 988 2425 recuperaverit.
1012 2385 1143 2424 Deinde,
1166 2386 1190 2416 si

455 2440 606 2475 peccatum
630 2435 817 2475 proprietatis
839 2434 989 2473 publicum
1012 2434 1119 2473 suerio,
1143 2440 1192 2465 aut

454 2495 468 2514 a
492 2484 642 2523 superiore
665 2492 716 2522 per
738 2483 843 2512 indicia
868 2483 911 2512 vel
930 2486 1018 2512 testes
1033 2483 1193 2522 deprehen-

455 2542 529 2569 sum,
549 2531 773 2573 proprietarius,
792 2535 908 2571 praeter
931 2531 1124 2571 privationem
1145 2542 1193 2562 vo-

455 2582 496 2611 cis
519 2581 628 2611 activae
651 2585 679 2610 et
701 2579 843 2620 passivae,
868 2589 919 2620 per
935 2589 1064 2611 mensem
1080 2581 1191 2619 gravio-

456 2630 497 2660 ris
529 2629 631 2669 culpae
663 2638 786 2669 poenam
819 2629 902 2668 luat,
926 2638 1000 2669 quae
1032 2629 1132 2668 augeri
1164 2633 1192 2660 et

1031 252 1213 277 BULLARIUM
1237 251 1395 276 ROMANUM

1230 299 1321 330 minui
1354 299 1462 339 poterit
1494 299 1573 330 iuxta
1605 300 1775 340 qualitatem
1806 300 1904 330 delicti
1939 304 1968 331 et

1230 349 1422 388 quantitatem
1446 349 1594 378 materiae.
1615 348 1705 379 Debet
1727 352 1822 378 autem
1852 358 1867 378 a
1897 359 1968 379 con-

1230 395 1398 434 gregatione
1431 396 1561 435 generali
1595 396 1783 426 determinari
1818 397 1966 436 quantitas

1232 444 1369 474 materiae
1392 445 1564 474 sufficientis
1586 445 1621 474 ad
1637 445 1751 484 culpam
1767 453 1883 483 gravem
1901 454 1968 484 pro-

1231 493 1384 532 prietatis,
1417 496 1448 522 ut
1480 493 1595 523 dicatur
1628 503 1674 522 res
1707 493 1803 531 magni
1827 493 1966 523 momenti

1230 550 1305 580 quae
1341 541 1482 580 recipitur
1516 541 1559 570 vel
1593 541 1748 578 alienatur,
1784 545 1813 570 et
1847 545 1966 580 propter

1231 599 1318 628 quam
1342 590 1504 619 incurritur
1536 590 1565 619 in
1600 598 1698 619 casum
1731 594 1911 619 reservatum
1940 593 1968 619 et

1231 638 1259 667 in
1284 647 1405 677 poenam
1429 638 1610 676 graviorem,
1634 642 1722 677 atque
1746 638 1846 668 eadem
1870 638 1969 668 notifi-

1231 687 1303 716 cari.

1270 744 1309 765 111.
1333 734 1362 765 Si
1385 739 1448 774 post
1472 739 1594 764 mortem
1618 733 1828 774 proprietarius
1844 733 1909 773 quis
1925 733 1969 764 in-

1233 787 1336 813 ventus
1358 783 1454 821 suerit,
1477 783 1537 813 sive
1559 782 1704 821 subditus,
1721 782 1782 812 sive
1797 781 1898 820 abbas,
1916 791 1969 811 nec

1232 832 1262 860 in
1299 832 1469 862 infirmitate
1506 836 1658 871 peccatum
1695 831 1844 861 consessus
1880 830 1968 860 fuerit

1231 880 1324 919 deque
1347 889 1381 910 eo
1402 880 1546 918 doluerit,
1570 879 1747 909 sacrificium
1770 883 1820 908 aut
1848 878 1968 918 aliquod

1232 929 1359 959 officium
1391 939 1443 969 pro
1466 930 1558 969 ipsius
1581 931 1680 959 anima
1702 938 1758 959 non
1783 929 1850 967 fiet,
1875 932 1902 957 et
1924 937 1968 957 se-

1232 978 1351 1017 pultura
1384 977 1584 1007 ecclesiastica
1617 977 1758 1017 privetur,
1783 977 1871 1016 idque
1902 985 1967 1006 cum
1997 1000 2000 1003 ,

1233 1027 1355 1056 consilio
1379 1031 1494 1066 patrum
1518 1027 1667 1056 seniorum
1684 1050 1691 1064 ‚
1717 1026 1773 1055 nisi
1805 1026 1901 1055 forsan
1933 1034 1968 1055 ex

1233 1074 1282 1104 tali
1306 1076 1400 1114 poena
1423 1074 1593 1105 scandalum
1626 1074 1826 1104 saecularibus
1847 1082 1971 1112 genera-

1233 1127 1325 1153 retur.

1272 1181 1309 1202 ιν.
1331 1172 1531 1211 Surripientes
1553 1171 1663 1211 aliquid
1687 1176 1744 1201 tam
1767 1181 1802 1201 ex
1826 1174 1970 1201 monaste-

1233 1220 1287 1258 rio,
1312 1229 1399 1259 quam
1421 1229 1455 1250 ex
1479 1220 1551 1250 cella
1570 1221 1705 1258 fratrum,
1723 1224 1751 1250 et
1766 1219 1801 1249 ab
1824 1219 1967 1255 externis,

1221 1273 1348 1308 praeter
1370 1269 1519 1299 infamiam
1531 1292 1538 1306 ,
1562 1269 1710 1309 duplicata.
1728 1269 1822 1308 poena,
1839 1268 1969 1308 proprie-

1234 1317 1374 1347 tariorum
1397 1318 1570 1357 puniantur.

1272 1375 1298 1395 v.
1323 1366 1377 1402 Qui
1410 1375 1467 1396 non
1501 1366 1613 1396 revelat
1645 1365 1784 1405 pecunias
1817 1368 1866 1395 aut
1894 1365 1969 1395 bona

1233 1415 1349 1445 mobilia
1372 1424 1422 1445 seu
1446 1414 1607 1445 immobilia
1630 1414 1771 1454 acquisita
1794 1424 1808 1443 a
1827 1423 1858 1444 se
1874 1414 1917 1444 vel
1934 1413 1970 1444 ab

1232 1464 1297 1494 aliis
1322 1463 1460 1494 fratribus
1475 1486 1482 1500 ‚
1506 1464 1581 1494 inter
1604 1463 1813 1504 proprietarios
1837 1472 1970 1493 recense-

1233 1518 1280 1543 tur
1316 1517 1344 1543 et
1379 1514 1473 1552 poena
1510 1512 1773 1552 proprietariorum
1813 1512 1968 1551 plectetur.

1232 1562 1369 1591 Eamdem
1385 1561 1501 1601 culpam
1525 1565 1553 1590 et
1576 1570 1698 1600 poenam
1722 1560 1852 1590 incurret
1868 1559 1968 1597 abbas,

1232 1610 1281 1649 qui
1305 1609 1377 1639 bona
1403 1609 1572 1639 monasterii
1596 1609 1624 1638 in
1647 1609 1711 1638 loco
1733 1608 1904 1638 abscondito
1921 1617 1969 1647 po·
2002 1616 2004 1618 ’

1232 1658 1275 1688 nit
1298 1658 1361 1687 sine
1383 1657 1507 1687 duorum
1531 1657 1632 1687 saltem
1656 1657 1776 1687 fratrum
1800 1656 1916 1686 notitia.

1272 1716 1291 1737 1.
1316 1707 1477 1738 Monachus
1509 1706 1704 1746 quicumque,
1727 1705 1751 1735 si
1775 1709 1838 1745 post
1860 1705 1970 1745 profes-

1231 1756 1342 1786 sionem
1360 1755 1490 1785 habitum
1505 1759 1606 1794 sponte
1622 1754 1776 1791 dimiserit,
1792 1758 1841 1784 aut
1856 1758 1968 1784 retento

1232 1804 1345 1841 habitu,
1369 1803 1419 1833 sed
1440 1803 1606 1833 inconsulto
1628 1803 1799 1841 superiore,
1826 1807 1969 1832 monaste-

1231 1854 1307 1884 rium
1331 1853 1513 1889 deseruerit,
1537 1862 1604 1882 cum
1627 1854 1733 1891 magna
1765 1851 1909 1882 charitate
1940 1856 1968 1882 et

1232 1902 1389 1942 prudentia
1410 1911 1425 1931 a
1448 1901 1600 1940 superiore
1622 1901 1805 1941 requiratur:
1829 1900 1878 1940 qui
1901 1910 1967 1940 pro-

1232 1951 1298 1980 inde
1331 1959 1381 1990 per
1412 1959 1442 1979 se
1475 1949 1518 1979 vel
1542 1958 1593 1988 per
1623 1949 1695 1979 alios
1723 1958 1824 1979 omnes
1851 1958 1967 1988 operam

1232 1999 1380 2039 impendat
1403 2002 1434 2028 ut
1456 2008 1538 2029 ovem
1561 2003 1707 2028 errantem
1723 1998 1758 2028 ad
1777 1998 1852 2028 ovile
1868 2007 1969 2038 quam-

1232 2049 1359 2088 primum
1383 2047 1516 2077 reducat:
1534 2047 1706 2077 redeuntem
1722 2056 1788 2077 cum
1804 2047 1884 2077 omni
1902 2047 1969 2078 cha-

1232 2097 1317 2126 ritate
1339 2100 1367 2125 et
1389 2095 1503 2134 paterni
1526 2095 1633 2124 amoris
1656 2094 1871 2133 significatione
1895 2095 1970 2125 reci-

1233 2145 1307 2185 piat:
1332 2148 1360 2175 et
1379 2147 1532 2183 antequam
1552 2143 1587 2172 ad
1612 2152 1719 2182 poenas
1742 2143 1903 2182 poenitenti
1925 2143 1969 2174 in-

1232 2193 1395 2231 iungendas
1418 2192 1566 2231 procedat,
1591 2192 1724 2221 eumdem
1743 2191 1844 2222 doceat
1865 2201 1916 2231 per
1939 2201 1969 2222 se

1233 2241 1276 2271 vel
1300 2251 1350 2280 per
1372 2241 1497 2281 aliquem
1514 2249 1550 2270 ex
1570 2240 1701 2279 patribus
1717 2239 1894 2279 senioribus,
1912 2250 1969 2271 non

1233 2299 1281 2320 eas
1303 2289 1413 2328 imponi
1436 2289 1471 2318 ad
1495 2288 1587 2328 ipsius
1606 2289 1782 2327 poenitentis
1797 2288 1971 2319 destructio-

1233 2347 1312 2376 nem,
1336 2337 1386 2367 sed
1408 2337 1442 2366 ad
1459 2337 1691 2367 aedificationem
1707 2341 1735 2366 et
1750 2337 1885 2366 salutem.
1899 2337 1970 2368 Cum

1233 2391 1330 2416 autem
1354 2385 1388 2415 ad
1411 2384 1626 2424 suscipiendam
1650 2385 1863 2424 correptionem
1890 2385 1977 2415 illius·

1233 2435 1362 2465 animum
1386 2434 1459 2464 bene
1482 2438 1687 2474 praeparatum
1711 2434 1799 2463 fuisse
1822 2443 1970 2473 compere-

1233 2485 1291 2521 rit,
1322 2488 1477 2523 sequentes
1500 2483 1693 2522 poenitentias
1715 2482 1812 2512 eidem
1835 2482 1970 2522 iniungat

1233 2542 1298 2563 cum
1322 2532 1445 2563 consilio
1472 2536 1586 2571 patrum
1619 2531 1779 2561 seniorum.
1805 2531 1901 2561 Primo
1934 2532 1969 2562 ad

1233 2581 1441 2621 praelationem
1474 2590 1525 2620 per
1557 2579 1793 2619 quinquennium
1829 2579 1969 2610 inhabilis

1234 2629 1295 2669 liat,
1319 2634 1347 2660 et
1368 2638 1438 2660 voce
1465 2633 1525 2660 tum
1554 2628 1651 2659 activa
1682 2632 1743 2659 tum
1770 2627 1887 2668 passiva
1908 2624 1970 2668 pri-

1975 251 2026 279 An.
2049 252 2078 279 C.
2097 252 2162 280 ¹740

2028 1719 2077 1740 eu.
2092 1719 2115 1740 X.
2211 1734 2215 1739 .
2230 1734 2231 1743 ,

2003 1746 2034 1768 De
2048 1746 2158 1773 apostant.
2197 1749 2201 1772 ‚¹
2222 1743 2229 1751 ⁴
