2232 3178
265 220 312 246 nn.
333 218 362 245 e.
382 218 448 246 1738
493 210 557 244 5388

458 268 581 300 liuntur
606 272 635 300 et
662 268 804 310 gandent
830 268 1062 311 (sequentibus
1088 274 1193 301 tamen

456 321 715 354 conditioniluis:
743 332 770 360 1,
797 322 884 364 quod
911 322 1073 354 sexdecim
1101 322 1192 354 annis

456 374 625 417 completis
651 374 680 405 in
708 375 771 406 una
797 381 849 406 aut
876 374 1010 407 diversis
1037 375 1193 407 doctrinis

455 437 511 459 seu
538 426 699 469 parochiis
732 427 916 460 huiusmodi
956 428 994 459 ab
1024 427 1194 460 Ordinario

455 480 610 512 canonica
643 480 818 513 collatione
853 481 977 513 traditis
1015 481 1194 513 ammarum

454 543 548 565 curae
593 538 624 566 et
663 539 938 567 sacramentorum
982 534 1191 567 administra-

454 586 535 618 tioni
561 586 770 620 laudabiliter
796 586 1017 620 inservierint:
1046 598 1082 628 11,
1108 588 1193 631 quod

453 639 477 671 si
505 639 719 673 doctrinarius
745 651 798 673 seu
826 641 990 683 parochus
1016 646 1089 684 post
1109 652 1194 674 com-

451 693 558 734 pletos
584 693 745 726 sexdecim
765 693 1053 726 administrationis
1078 704 1191 734 annos,

452 746 510 778 sed
548 751 623 779 ante
660 747 894 789 sexagesimum
927 747 1038 780 aetatis
1071 757 1190 780 annum

452 799 661 841 completum,
680 799 861 833 ministerio
888 801 1141 841 renunciaverit,
1160 811 1193 833 c-

452 851 567 894 iusque
583 852 781 885 renunciatio
797 859 961 897 acceptata
977 854 1081 893 suerit,
1097 864 1193 886 enun-

451 904 539 936 ciatis
565 904 743 947 privilegiis
768 906 1069 950 ex-provinciatium
1100 907 1192 939 mini-

451 967 502 989 me
527 957 588 989 srui
616 964 647 991 et
672 959 811 1001 gaudere
838 960 962 1002 possit,
991 971 1082 992 secus
1115 971 1190 993 vero
1213 988 1214 997 ,

450 1010 474 1042 si
501 1011 671 1053 completis
704 1012 866 1045 sexdecim
899 1013 1214 1046 administrationis>

450 1062 564 1096 annis¹
591 1063 686 1096 etiam
714 1065 926 1106 sexagenario
959 1065 1072 1105 maior,
1098 1069 1213 1098 causa*

450 1116 603 1149 adversae
637 1117 848 1158 valetudinis,
875 1118 1054 1152 ministerio
1082 1119 1192 1152 huius-

450 1169 537 1202 modi
565 1170 825 1211 renunciaverit,
852 1177 947 1211 tuuc,
981 1172 1107 1205 etiamsi
1146 1184 1192 1205 re-

448 1221 614 1255 nunciatio
648 1228 844 1266 acceptetur,
885 1223 978 1257 dictis
1013 1225 1190 1268 privilegiis

449 1275 510 1308 srui
525 1281 561 1308 et
587 1277 729 1319 gaudere
755 1277 884 1310 debeat:
904 1288 950 1317 111,
972 1279 1056 1321 quod
1084 1289 1121 1311 ex
1146 1280 1190 1312 di·
1211 1283 1213 1298 ²

448 1329 506 1361 ctis
532 1329 749 1370 doctrinariis,
776 1340 832 1363 seu
858 1331 1025 1374 parochis,
1053 1338 1190 1375 quatuor

449 1382 611 1416 dumtaxat
635 1383 667 1415 in
694 1384 876 1417 ministerio
903 1386 1081 1428 parochiali
1109 1387 1190 1418 auti-

449 1436 579 1478 quiores
612 1436 705 1469 dictis
731 1438 1033 1480 ex—provincialium
1061 1439 1191 1482 privile-

448 1488 508 1531 giis
526 1489 704 1530 gaudeant‘l
722 1495 752 1522 et
771 1491 947 1533 potiantur,
967 1492 1097 1525 minime
1115 1503 1189 1526 vero

448 1541 588 1584 reliqui,
617 1542 742 1575 etiamsi
780 1544 956 1576 recensitas
982 1545 1189 1578 conditiones

448 1593 600 1635 habeant,
619 1606 788 1639 quousque
807 1606 864 1639 per
881 1596 1015 1630 alicuius
1041 1608 1076 1630 ex
1096 1598 1188 1631 dictis

448 1651 585 1690 quatuor
611 1647 850 1691 antiquioribus
887 1660 1011 1683 cessum
1049 1651 1097 1683 vel
1136 1652 1191 1684 de-

448 1710 571 1733 cessum
599 1700 644 1733 eis
665 1701 755 1734 locus
774 1701 828 1734 siat
844 1703 1022 1735 secundum
1042 1704 1187 1737 ordinem

448 1753 647 1796 antiquitatis
685 1754 855 1787 ministerii
894 1756 1109 1798 parochialis,
1138 1758 1188 1790 cui

448 1807 551 1840 solum
578 1807 809 1840 attendendum
836 1808 905 1849 erit,
924 1819 987 1842 non
1013 1820 1089 1843 vero
1115 1821 1190 1853 pro-

448 1859 596 1892 fessionis
622 1860 653 1892 in
679 1860 858 1902 religione,
888 1861 948 1894 nisi
975 1870 1188 1896 concurrente

448 1911 638 1945 omnimoda
674 1913 869 1956 aequalitate
906 1914 938 1946 in
976 1915 1062 1948 dicto
1095 1916 1189 1948 mini-

448 1965 569 1998 sterio:
595 1975 637 2005 iv,
670 1966 756 2008 quod
791 1966 864 1999 dicti
900 1973 1039 2010 quatuor
1072 1969 1190 2002 doctri-

449 2017 541 2059 narii,
559 2028 615 2051 seu
641 2019 786 2061 parochi,
802 2021 910 2054 relatis
932 2021 1110 2064 privilegiis
1136 2033 1190 2056 ne-

448 2081 609 2114 quaquam
636 2073 778 2115 gaudere
804 2073 972 2117 incipiant,
992 2075 1069 2118 quin
1095 2087 1112 2108 a
1138 2076 1189 2108 de-

447 2124 592 2159 finitorio
629 2127 727 2169 pleno
765 2128 950 2170 provinciae
985 2129 1017 2162 in
1043 2130 1187 2172 capitulo

448 2178 641 2220 provinciali
667 2184 723 2212 aut
752 2181 1005 2224 congregatione
1035 2182 1190 2216 interme-

450 2230 502 2264 dia
528 2242 640 2265 eorum
666 2233 820 2276 requisita
853 2239 884 2267 et
917 2235 1032 2268 merita
1068 2236 1189 2269 suerint

450 2285 618 2328 recognita
643 2291 674 2319 et
697 2287 886 2330 approbata,
907 2293 938 2321 et
963 2288 1023 2321 hac
1048 2289 1189 2332 recogni-

451 2337 539 2371 tione
571 2344 603 2372 et
627 2339 866 2383 approbatione
892 2342 936 2374 sic
961 2341 1062 2381 sactis,
1083 2343 1189 2375 statim

450 2391 572 2435 absque
597 2392 660 2425 alia
685 2392 853 2435 diligentia
878 2394 1065 2428 huiusmodi
1091 2395 1189 2438 privi-

451 2445 544 2487 legiis
564 2445 624 2477 l'rui
644 2449 675 2478 et
692 2446 834 2488 gaudere
851 2447 1018 2491 incipiant,
1034 2453 1065 2481 et
1082 2449 1187 2491 quoad

449 2497 556 2531 locum
575 2508 707 2542 semper
721 2499 906 2534 immediate
921 2506 1100 2544 sequantur
1116 2507 1189 2545 post

484 2568 496 2594 1
519 2567 589 2595 Edit.
612 2568 695 2596 Μαίη.
717 2569 791 2605 legit.
813 2579 905 2598 annos
924 2571 963 2606 (n.
981 2571 1030 2606 Τ.).

483 2613 499 2640 2
518 2611 589 2642 Edit.
610 2613 689 2642 Μαίη,
710 2614 776 2650 legit
793 2615 922 2651 gaudent
940 2616 983 2652 (n.
1007 2616 1057 2651 T.).

1038 219 1225 244 nULLARtUM
1248 219 1408 244 aoterNUM

1984 220 2032 246 Αη.
2049 220 2076 248 C.
2098 219 2175 251 ¹7³8i
2215 243 2219 250 .

1238 274 1344 310 patres
1372 268 1653 312 ex-provinciales,
1679 269 1732 312 qui
1760 279 1872 302 revera
1896 278 1972 312 pro-

1237 321 1372 353 vinciam
1397 321 1634 363 gubernarunt,
1662 327 1714 354 aut
1739 322 1891 366 deinceps
1916 333 1974 365 gu-

1237 373 1404 405 bernaturi
1431 374 1519 417 sint)
1546 386 1562 407 a
1588 374 1682 407 nobis
1714 375 1846 408 concedi
1873 375 1974 418 pluri-

1238 437 1323 458 mum
1351 427 1526 460 desideret:
1552 428 1647 460 nobis
1672 433 1850 471 propterea
1872 428 1973 461 dictus

1239 479 1373 512 llidacus
1395 480 1548 513 assistens
1566 486 1596 513 ct
1614 487 1805 524 procurator
1829 482 1972 514 ciusdem

1239 533 1424 575 provinciae
1450 535 1580 567 nomine
1608 535 1774 567 humiliter
1794 534 1973 578 supplicari

1239 586 1325 626 fecit,
1352 592 1386 618 ut
1410 586 1442 618 in
1469 587 1659 629 praemissis
1689 593 1871 631 opportune
1902 598 1974 631 pro-

1237 639 1345 672 videre
1378 645 1409 672 et
1441 646 1475 672 ut
1505 640 1587 673 infra
1624 640 1795 683 indulgere
1821 641 1860 674 de
1884 640 1974 674 heni-

1237 693 1358 734 gnitate
1385 693 1563 735 apostolica
1590 694 1810 735 dignaremur.

1279 747 1294 788 g
1318 746 1348 779 ⁶2.
1376 746 1437 779 Nos
1462 747 1570 789 igitur,
1597 747 1742 780 eiusdem
1762 747 1870 780 Didaci
1897 748 1974 781 assi-
2000 752 2183 802 ξοηεεκὲίονῆ-,ὲ
2219 763 2232 779 ι

1236 799 1347 831 stentis
1374 805 1404 831 ct
1430 800 1649 842 procuratoris
1675 800 1756 833 votis
1783 800 1845 833 hac
1869 800 1901 833 in
1928 811 1972 841 re,
1985 787 2005 828 iii
2016 787 2162 830 sriiss'ricg-qw
2182 799 2197 825 ¹,
2222 789 2232 831 xi

1236 859 1391 896 quantum
1419 864 1489 885 cum
1523 854 1659 887 Domino
1685 864 1866 898 possumus,
1892 854 1976 888 savo·
2182 850 2183 853 ¹

1237 906 1384 939 rabiliter
1402 918 1544 940 annuere
1563 909 1721 948 volentes,
1742 912 1772 940 et
1797 918 1813 940 a
1839 907 1975 950 quibus-

1235 959 1280 991 vis
1307 960 1664 1000 excommunicationis,
1692 960 1917 1004 suspensionis
1943 967 1976 994 et

1236 1012 1411 1051 interdicti,
1430 1012 1568 1055 aliisque
1587 1013 1817 1045 ecclesiasticis
1843 1019 1975 1046 senten-

1236 1066 1295 1105 tiis,
1322 1066 1467 1098 censuris
1493 1071 1523 1098 et
1547 1066 1678 1108 poenis,
1705 1077 1722 1098 a
1748 1066 1817 1099 iure
1852 1067 1902 1099 vel
1934 1066 1973 1099 ab

1235 1119 1393 1158 homine,
1423 1119 1532 1161 quavis
1557 1120 1725 1152 occasione
1747 1121 1795 1153 vel
1814 1122 1907 1153 causa
1932 1121 1975 1154 la-

1235 1172 1292 1212 tis,
1320 1173 1344 1203 si
1372 1172 1489 1214 quibus
1521 1173 1767 1215 quomodolibet
1801 1173 1975 1207 innodatus

1234 1225 1359 1263 existit,
1385 1226 1423 1258 ad
1458 1225 1606 1258 effectum
1633 1226 1851 1269 praesentium
1885 1226 1974 1259 dum-

1235 1282 1317 1310 taxat
1343 1279 1634 1321 consequendum,
1662 1280 1776 1311 harum
1803 1279 1887 1312 serie
1921 1280 1976 1312 ab·

1233 1332 1393 1364 solventes
1419 1337 1449 1363 et
1475 1331 1658 1364 absolutum
1693 1332 1760 1365 sore
1786 1337 1973 1373 censentes,
2190 1339 2206 1378 3·

1234 1383 1417 1416 huiusmodi
1444 1384 1736 1427 supplicationibus
1760 1384 1923 1426 inclinati,
1941 1389 1976 1418 ut
2190 1403 2192 1407 >
2226 1394 2232 1446 1

1234 1442 1373 1479 quatuor
1398 1437 1561 1470 dumtaxat
1596 1437 1793 1480 antiquiores
1819 1438 1976 1471 doctrina·
2189 1443 2192 1447 '
2227 1468 2232 1478 ,

1234 1489 1271 1521 rii
1299 1500 1356 1522 seu
1394 1490 1528 1533 parochi
1565 1490 1753 1533 provinciae
1791 1497 1821 1523 et
1846 1490 1975 1524 Ordinis
2226 1498 2232 1543 t

1233 1543 1481 1586 praedictorum,
1498 1543 1579 1586 qui¹,
1597 1549 1670 1587 post
1687 1544 1879 1587 adimpletas
1901 1555 1976 1578 con·
2207 1551 2209 1553 '

1235 1596 1374 1629 ditiones
1411 1602 1442 1629 et
1478 1597 1715 1631 declarationes
1752 1598 1973 1642 supradictas,

1233 1650 1382 1682 omnibus
1408 1655 1437 1681 et
1463 1649 1596 1692 singulis
1624 1651 1816 1694 privilegiis,
1844 1661 1976 1694 praero—
2190 1661 2211 1694 ·,

1232 1702 1355 1745 gativis,
1382 1702 1659 1745 praeeminentiis,
1685 1704 1882 1743 honoribus,
1904 1715 1974 1747 gra-

1234 1756 1285 1788 tiis
1311 1762 1342 1789 et
1367 1757 1523 1797 indultis,
1551 1757 1670 1800 quibus
1696 1757 1742 1791 illi
1769 1757 1820 1801 qui
1847 1758 1973 1801 priores

1231 1809 1467 1852 provinciales⁹
1480 1810 1668 1852 provinciae
1687 1816 1718 1844 et
1734 1811 1864 1844 Ordinis
1882 1821 1974 1855 prae-

1233 1862 1392 1896 dictorum
1411 1873 1546 1896 munere
1566 1863 1734 1907 perfuncti,
1752 1869 1812 1897 tam
1833 1864 1871 1897 de
1890 1864 1971 1905 iure,

1232 1926 1291 1949 usu
1318 1922 1349 1949 et
1373 1916 1623 1957 consuetudine,
1650 1928 1745 1960 quam
1783 1917 1862 1950 alias
1900 1928 1975 1961 quo-

1233 1970 1414 2003 modolibet
1437 1976 1581 2010 utuntur,
1602 1971 1754 2004 fruuntur
1771 1977 1802 2004 et
1821 1971 1972 2013 gaudent,

1232 2023 1349 2062 acuti,
1376 2023 1437 2055 srui
1464 2029 1495 2056 et
1521 2023 1662 2066 gaudere
1699 2029 1835 2067 possunt
1860 2029 1891 2057 et
1916 2034 1973 2067 po-

1234 2080 1339 2108 terunt
1363 2075 1395 2108 in
1422 2076 1577 2116 futurum,
1597 2076 1666 2119 pari
1685 2077 1782 2110 modo
1800 2082 1832 2110 et
1849 2076 1973 2120 absque

1231 2129 1296 2162 ulla
1321 2139 1453 2172 prorsus
1479 2129 1662 2163 ditt'erentia
1687 2130 1743 2171 uti,
1762 2130 1821 2162 frui
1845 2136 1878 2163 et
1900 2139 1973 2173 gau-

1233 2182 1310 2215 dere
1336 2183 1439 2215 libere
1464 2188 1496 2216 et
1520 2183 1607 2216 licite
1626 2184 1751 2226 possint
1776 2188 1807 2217 et
1832 2185 1970 2224 valeant,

1233 2235 1424 2268 auctoritate
1450 2236 1646 2278 apostolica,
1676 2242 1789 2270 tenore
1818 2246 1973 2280 praesen-

1233 2287 1327 2329 tium,
1355 2288 1563 2322 concedimus
1590 2295 1620 2322 et
1644 2289 1861 2333 indulgemus.

1275 2342 1290 2385 ἓ
1315 2342 1346 2375 3.
1374 2342 1603 2383 Decernentes,
1630 2343 1760 2377 easdem
1785 2348 2159 2398 praesentes„uffssssffgnuflss

1232 2394 1355 2428 litteras
1381 2395 1501 2436 firmas,
1528 2396 1650 2429 validas
1676 2401 1707 2430 et
1735 2396 1881 2430 efficaces
1906 2397 2049 2430 exi-mnas.

1232 2453 1317 2480 stere
1343 2453 1373 2480 et
1398 2448 1485 2488 l'ore,
1511 2459 1654 2492 suosque
1681 2449 1848 2493 plenarios
1873 2454 1905 2483 et
1924 2449 1971 2483 in-

1233 2505 1341 2543 tegros
1365 2500 1499 2534 effeetus
1524 2501 1632 2534 sortiri
1666 2507 1698 2535 et
1731 2503 1881 2543 obtinere
1901 2529 1909 2544 ,
1940 2508 1971 2536 et

1268 2573 1279 2597 1
1302 2571 1356 2599 Vox
1376 2573 1427 2607 qui
1447 2575 1555 2608 praeter
1575 2581 1633 2600 rem
1652 2581 1711 2601 esse
1733 2573 1836 2601 videtur
1866 2576 1904 2608 (n.
1921 2574 1969 2608 12).

1267 2616 1282 2643 2
1303 2616 1393 2645 Potius
1412 2617 1470 2654 lege
1487 2618 1600 2653 prioris
1621 2617 1812 2654 provincialis
1831 2618 1867 2654 (a.
1884 2618 1932 2653 τ.).
