2232 3178
280 220 329 247 An.
350 220 379 247 c.
398 221 466 248 ¹740
510 212 574 246 670

306 281 400 302 umarus
424 287 462 307 pro
516 281 559 303 v1.
587 270 646 302 Pro
673 269 839 302 exactione
866 267 1026 301 mercedis
1050 268 1208 301 dictorum

280 309 381 359 'e'ifnff‘iiissili
406 312 615 354 ³i'iiiiactorum
642 326 673 354 et
697 321 887 353 citationum
923 321 1080 353 factorum
1106 325 1137 353 et
1166 320 1210 352 fa-

279 363 660 412 llll-{ijsfillsskssiciendorum
696 373 734 406 ad
762 374 912 414 sormam,
946 378 980 404 ut
1005 373 1207 415 praefertur,

279 415 352 464 {222³
384 419 630 458 'Sillii-'actionem
659 426 793 458 notariis
828 425 981 468 praefatis
1009 431 1070 458 tam
1097 430 1209 457 contra

279 471 331 485 ‘⁰¹¹¹'
473 480 666 522 principales
704 490 796 522 quam
834 485 944 512 contra
981 483 1208 521 procuratores

473 532 687 564 exercendam
713 532 750 563 ad
787 542 896 564 eorum
930 530 1100 563 arbitrium
1127 541 1210 563 cotn-

472 589 604 626 petere·,

291 648 405 668 Camarum
422 648 460 667 au-
515 647 568 669 vu,
587 636 759 669 Causarum
776 636 872 668 dubia
891 635 920 668 in
943 635 1109 678 praedicto
1124 635 1210 667 audi-

278 674 459 722 fssssii=513'i¹2.⁸.¹.¹i}i
472 689 552 722 torio
579 689 792 732 proponenda
826 689 885 720 sub
911 690 1017 731 poena
1052 687 1209 719 nullitatis

276 732 367 772 ὲίᾟῖζῖᾓ
381 729 458 772 6ιῖῘῖιῖ
470 741 626 773 subscribi
654 752 716 774 non
743 752 858 784 posse,
884 745 913 774 et
937 740 1118 783 subscripta
1143 750 1207 772 non

276 780 652 837 illidi?²¹⁰1¹lssl¹1¹53proficere,
680 795 740 827 nisi
768 794 798 826 in
830 800 901 826 actu
936 794 1038 826 dictae
1071 792 1210 825 subseri-

277 833 437 878 ii'c‘i¹³⁸‘⁰¹¹'¹'¹¹⁵
453 847 590 890 'ptioniS
615 850 677 880 tina
703 848 796 880 simul
830 847 974 880 exhibita
1004 846 1098 879 suerit
1122 846 1209 879 audi-

471 901 530 933 tori
557 901 689 943 ponenti
709 900 788 933 fides
815 900 932 933 notarii
951 899 1084 932 actuarii
1111 899 1209 941 gratis

469 953 603 985 omnino
629 954 742 992 danda,
763 953 793 985 in
816 963 877 995 qua
903 953 941 984 de
968 951 1143 995 praedictis
1170 951 1209 983 ei-

470 1006 646 1038 tationibus
665 1012 697 1038 et
717 1006 896 1048 respective
914 1011 1057 1037 actorum
1083 1014 1210 1047 proces-

469 1069 563 1091 suum
583 1069 637 1091 seu
669 1064 885 1091 extractorum
912 1063 943 1090 et
962 1057 1080 1089 iurium
1106 1062 1208 1089 trans-

469 1111 708 1154 portationibus
733 1121 788 1143 seu
816 1110 1061 1153 repetitionibus
1087 1109 1118 1141 in
1143 1109 1209 1141 suis

469 1164 647 1206 respective
685 1163 810 1196 casibus
846 1163 1082 1206 praecedenter
1117 1162 1208 1194 saetis

468 1216 614 1259 plenaria
650 1216 827 1255 attestatio,
852 1215 884 1247 in
921 1215 1070 1248 omnibus
1096 1220 1127 1247 et
1151 1224 1210 1257 per

469 1269 586 1309 omnia,
602 1269 688 1302 iuxta
706 1269 848 1302 eiusdem
868 1268 1020 1301 auditorii
1040 1269 1207 1301 decretum

469 1321 600 1364 praevio
624 1322 712 1355 vivae
738 1327 869 1354 nostrae
894 1322 980 1354 vocis
1005 1321 1135 1354 oraculo
1157 1320 1208 1353 die

468 1384 525 1408 x111
545 1374 662 1406 mensis
688 1373 831 1407 octobris
857 1373 932 1406 anni
954 1373 1102 1417 proxime
1120 1383 1208 1416 prae·

470 1427 555 1459 teriti
580 1427 798 1470 publicatum,
826 1426 1008 1467 babeatur3

512 1490 582 1512 Vl11.
611 1480 655 1512 Ac
687 1480 816 1513 demum
845 1478 1110 1512 renunciationes
1135 1490 1210 1512 cau-

469 1543 576 1565 sarum
602 1531 817 1576 pendentium
853 1538 884 1564 et
919 1532 1134 1575 imposterum
1161 1543 1210 1565 re-

469 1585 614 1629 spective
640 1585 840 1628 agendarum
858 1585 889 1617 in
912 1585 1029 1618 eodem
1048 1585 1209 1618 auditorio

471 1639 509 1671 ad
535 1638 664 1672 libitum
690 1638 896 1681 litigantium,
915 1638 1008 1670 etiam
1026 1643 1117 1670 extra
1141 1643 1211 1671 acta

470 1691 614 1723 eiusdem
640 1690 791 1723 auditorii
817 1690 1028 1730 notariorum,
1053 1696 1085 1722 et
1109 1700 1210 1734 penes

470 1752 707 1786 quemcumque
725 1743 863 1776 aliorum
885 1742 1097 1775 tribunalium
1123 1748 1212 1775 nota-

470 1796 563 1836 rium,
583 1796 758 1828 dummodo
784 1796 847 1829 boe
872 1806 946 1828 casu
972 1795 1052 1828 tides
1077 1796 1213 1828 authen-

470 1846 531 1880 tica
557 1848 813 1881 renunciationis
845 1853 933 1881 extra
959 1848 1104 1881 eiusdem
1130 1848 1211 1880 sacri

471 1900 625 1933 auditorii
663 1906 731 1934 aeta
764 1901 902 1934 emissae
929 1901 960 1933 in
988 1900 1066 1934 actis
1090 1900 1211 1934 notarii

473 1953 618 1986 eiusdem
646 1953 808 1994 auditorii,
827 1954 880 1996 qui
903 1953 935 1986 in
957 1955 1052 1986 eausa
1073 1953 1212 1996 scripsit,

471 2006 558 2038 intra
590 2006 774 2049 quindecim
810 2006 879 2038 dies
914 2005 1117 2047 exhibeatur,
1142 2005 1210 2038 fieri

472 2068 578 2101 posse,
595 2064 627 2090 et
643 2058 722 2091 alias
741 2061 839 2102 prout
864 2059 895 2091 in
921 2058 1089 2102 praedicta
1115 2058 1213 2091 Bene-

473 2111 549 2144 dicti
569 2112 837 2154 praedecessoris
857 2111 1042 2144 huiusmodi
1061 2111 1213 2144 constitu-

473 2164 575 2204 tione,
596 2170 627 2197 et
651 2165 684 2197 in
703 2164 787 2197 illius
804 2165 818 2207 ξ
837 2165 993 2205 Quamvis
1014 2164 1045 2196 in
1065 2164 1212 2198 ciusdem

471 2218 667 2260 paragraphi
693 2218 775 2258 sine,
801 2218 892 2250 cuius
924 2223 1064 2251 exactam
1102 2219 1213 2251 obser-

471 2270 614 2302 vantiam
639 2271 755 2303 iterum
781 2271 814 2302 in
840 2271 900 2303 liae
925 2270 1094 2313 signanter
1122 2276 1213 2313 parte

474 2322 707 2365 iniungendam
734 2334 805 2356 esse
831 2324 1014 2356 censuerit:

278 2382 463 2434 dectssffaptffgsalga-
519 2376 534 2417 ξ,
560 2375 592 2409 5.
618 2374 682 2409 Nos
708 2368 817 2418 igitur,
842 2376 994 2408 omnibus
1021 2380 1052 2409 et
1076 2375 1213 2418 singulis

279 2436 463 2483 ιιεῡΓειὲἹςΔιῐ-ἰινὲιῐριε
475 2428 660 2472 praedictae
694 2428 978 2470 Congregationis,
1005 2438 1022 2460 a
1047 2428 1153 2468 nohis,
1179 2434 1215 2460 ut

279 2468 345 2484 com
433 2478 438 2483 ’
477 2482 669 2525 praefertur,
692 2481 877 2524 deputatae,
904 2481 1038 2524 provide
1064 2481 1212 2522 censitis,

479 2531 587 2567 debita
602 2534 812 2567 meditatione
831 2534 984 2577 pensatis,
1001 2539 1032 2567 et
1046 2535 1215 2568 attenden-

479 2592 526 2621 tes
563 2587 648 2631 quod
675 2597 711 2621 ex
738 2587 869 2621 illorum
896 2588 1102 2621 observantia
1127 2587 1216 2621 iusti-

318 1487 457 1509 Renunciatio

276 1520 354 1535 causae
394 1520 458 1540 penes

289 1547 444 1567 quemcumque

275 1571 379 1587 notarium
413 1568 457 1587 lieri

275 1596 353 1619 pumat.

1051 219 1233 244 BULLARIUM
1258 219 1416 244 ROMANUM

1997 217 2048 246 An.
2067 217 2098 246 C.
2115 218 2182 246 mo

1253 268 1315 301 tiae
1333 268 1430 301 decor
1454 273 1485 301 et
1510 268 1627 308 cultus,
1645 278 1774 301 necnon
1792 268 1988 310 litigantium

1254 321 1446 354 indemnitas
1472 326 1502 353 et
1527 320 1655 364 publica
1676 310 1816 354 ‘oi-itura
1839 321 1880 353 sit
1903 319 1990 353 utili-

1253 377 1308 414 tas,
1327 379 1415 407 motu
1434 374 1568 417 proprio
1587 379 1619 407 et
1637 385 1673 407 ex
1692 375 1778 406 certa
1799 373 1934 406 scientia
1959 378 1989 406 et

1253 426 1452 469 apostolicae
1466 426 1637 470 potestatis
1653 426 1868 469 plenitudine,
1883 425 1990 458 omnia

1253 485 1283 510 et
1312 478 1439 520 singula
1465 478 1586 511 censita
1612 478 1797 521 praedicta,
1822 484 1854 511 et
1880 488 1989 511 eorum

1253 530 1428 572 quodlibet,
1450 530 1628 573 apostolica
1653 532 1860 570 auctoritate,
1877 535 1989 562 tenore

1253 583 1437 614 earumdem
1457 583 1686 624 praesentium,
1701 589 1856 625 perpetuo
1875 592 1991 625 appro-

1252 635 1366 667 bamus
1386 640 1417 667 et
1433 634 1670 676 confirmamus,
1687 645 1865 678 omnesque
1883 640 1913 667 et
1930 634 1991 666 sin-

1252 689 1346 729 gulos
1372 687 1537 726 desectus,
1564 687 1659 719 etiam
1687 687 1916 719 substantiales
1933 713 1940 727 ,
1963 686 1989 718 si

1253 739 1305 782 qui
1332 739 1362 771 in
1386 739 1431 772 eis
1450 739 1695 782 quomodolibet
1721 739 1990 779 interrvenerint,

1253 802 1310 824 seu
1333 792 1545 825 intervenisse
1571 792 1632 825 dici
1659 785 1771 835 possit,
1796 791 1990 825 auctoritate

1253 851 1408 888 motuque
1430 846 1548 878 nostris
1570 845 1762 889 praedictis,
1784 846 1989 888 supplemus:

1296 899 1311 941 ξ
1335 899 1364 931 Γ).
1390 898 1497 942 anue
1523 898 1562 931 ab
1588 898 1734 931 eiusdem
1760 897 1910 931 auditorii
1933 908 1992 930 no-

1255 951 1358 991 tariis,
1384 951 1537 994 illiusque
1563 961 1729 983 causarum
1764 951 1928 994 patronis,
1955 943 2187 989 aevandaeaquug
2225 964 2226 968 =

1253 1004 1285 1036 in
1320 1004 1435 1037 eodem
1474 1003 1635 1036 auditorio
1667 1003 1894 1046 litigantibus,
1930 985 2184 1036 srib⁰⁰²³⁰d³⁰vn¹⁰¹

1253 1056 1367 1099 poenis
1400 1055 1592 1098 praedictis,
1621 1056 1854 1088 inviolabiliter
1878 1056 1992 1088 obser-

1252 1109 1337 1149 vari,
1359 1114 1390 1141 et
1414 1109 1453 1141 ab
1479 1108 1524 1141 eis
1549 1109 1639 1141 nullo
1665 1119 1806 1152 unquam
1834 1113 1989 1152 tempore,

1253 1163 1311 1195 sub
1345 1162 1458 1205 quovis
1494 1166 1685 1204 praetextu,
1717 1162 1812 1194 titulo
1850 1167 1903 1194 aut
1938 1171 1992 1194 co-

1252 1215 1343 1255 lore,
1376 1219 1432 1247 aut
1463 1214 1574 1257 quavis
1605 1215 1719 1255 causa,
1745 1214 1877 1247 minime
1908 1214 1991 1247 resi-

1252 1268 1303 1301 liri
1330 1277 1437 1311 posse,
1456 1277 1583 1300 necnon
1612 1271 1801 1310 praesentes
1830 1271 1861 1299 et
1890 1266 1921 1299 in
1946 1266 1991 1299 eis

1253 1326 1405 1354 contenta
1423 1330 1660 1364 quaecumque,
1678 1319 1773 1353 etiam
1794 1330 1830 1353 ex
1849 1330 1887 1353 eo
1906 1319 1992 1363 quod

1254 1374 1451 1418 quicumque
1483 1373 1557 1413 alii,
1584 1373 1617 1406 in
1642 1373 1831 1416 praemissis
1857 1383 1914 1406 seu
1940 1382 1994 1406 eo-

1255 1439 1323 1460 rum
1356 1428 1464 1471 aliquo
1491 1427 1648 1460 interesse
1673 1427 1832 1460 habentes
1856 1437 1914 1459 seu
1940 1426 1994 1459 ha-

1253 1481 1330 1513 bere
1367 1480 1618 1524 quomodolibet
1655 1478 1992 1528 praetendenteffiad

1255 1533 1431 1576 praemissa
1456 1532 1588 1566 minime
1612 1532 1714 1566 vocati
1741 1537 1773 1566 et
1798 1532 1911 1573 auditi,
1939 1531 1995 1564 mi-

1255 1595 1381 1629 nusque
1418 1595 1534 1618 causae
1550 1611 1558 1625 ‚
1589 1590 1727 1629 propter
1752 1595 1831 1628 quas
1857 1584 1994 1617 eaedem

1254 1643 1444 1682 praesentes
1469 1638 1665 1678 emanarint,
1691 1638 1862 1678 adductae,
1887 1635 1994 1670 verisi-

1256 1697 1365 1732 catae,
1390 1700 1444 1724 seu
1471 1691 1548 1724 alias
1573 1691 1782 1733 sufficienter,
1806 1697 1861 1724 aut
1897 1690 1994 1724 etiam

1255 1744 1441 1777 nullatenus
1458 1742 1649 1787 iustificatae
1667 1743 1797 1784 suerint,
1822 1743 1913 1776 nullo
1933 1753 1995 1776 un·
2030 1739 2032 1742 ’

1256 1807 1351 1840 quam
1377 1802 1524 1840 tempore
1562 1797 1601 1829 de
1633 1795 1876 1839 subreptionis,
1901 1796 1996 1829 obre-

1256 1849 1390 1892 ptionis,
1414 1848 1879 1889 nullitatis,autinvaliditatis
1903 1848 1993 1888 vitio,

1256 1911 1313 1935 seu
1333 1899 1536 1941 intentionis,
1559 1905 1612 1933 aut
1637 1901 1699 1934 alio
1725 1900 1837 1944 quovis
1859 1900 1994 1941 defectu,

1257 1954 1352 1987 etiam
1379 1953 1586 1998 quantumvis
1611 1965 1752 1997 magno,
1778 1954 1994 1998 inexcogitato

1257 2013 1288 2041 et
1312 2007 1525 2048 substantiali,
1543 2007 1607 2040 sive
1634 2007 1729 2040 etiam
1754 2007 1879 2041 ratione
1904 2017 1996 2041 enor-

1257 2061 1337 2101 mis,
1364 2060 1607 2094 enormissimae
1634 2066 1665 2093 et
1689 2061 1796 2094 totalis
1821 2060 1992 2102 laesionis,

1257 2118 1311 2146 aut
1335 2122 1542 2157 quocumque
1567 2113 1630 2146 alio
1651 2118 1817 2156 praetextu
1844 2118 1898 2146 aut
1914 2112 1994 2153 iure,

1257 2166 1353 2199 etiam
1373 2165 1406 2198 in
1423 2176 1558 2209 corpore
1583 2165 1660 2198 iuris
1685 2167 1807 2207 clauso,
1823 2177 1880 2200 seu
1898 2166 1994 2199 etiam

1257 2218 1426 2252 occasione
1450 2219 1498 2251 vel
1525 2220 1640 2258 causa,
1667 2218 1764 2251 etiam
1790 2219 1995 2262 quantumvis

1258 2272 1354 2312 iusta,
1382 2271 1567 2304 rationabili
1594 2277 1625 2304 et
1648 2271 1874 2315 privilegiata,
1900 2272 1995 2305 etiam

1258 2325 1313 2357 tali
1347 2334 1430 2368 quae
1457 2325 1496 2357 ad
1529 2323 1678 2357 effectum
1703 2324 1878 2358 validitatis
1904 2335 1996 2368 prae-

1258 2377 1432 2410 missorum
1459 2377 1642 2410 necessario
1668 2377 1878 2420 exprimenda
1903 2377 1994 2417 soret,

1258 2430 1374 2470 notari,
1395 2430 1589 2473 impugnari,
1609 2430 1787 2470 invalidari,
1813 2430 1993 2471 retraetari,

1259 2483 1290 2515 in
1308 2483 1355 2516 ius
1374 2484 1422 2516 vel
1448 2483 1701 2516 controversiam
1721 2483 1864 2516 revocari
1890 2493 1996 2526 posse,

1258 2545 1364 2579 neque
1402 2536 1488 2579 ipsas
1520 2541 1707 2578 praesentes
1744 2537 1802 2569 sub
1827 2535 1994 2580 quibusvis

1259 2588 1410 2622 similium
1441 2589 1490 2622 vel
1518 2587 1720 2622 dissimilium
1746 2588 1995 2633 dispositionum

2058 907 2184 928 Praesentes

2002 933 2086 954 litterae
2112 934 2176 953 obser
2225 944 2226 949 =
