2232 3178
22 185 70 214 Λιι.
85 183 116 210 G.
136 181 203 210 1738

49 351 76 372 Se
91 350 114 370 iis
129 353 202 374 agare-

24 384 71 403 gare
80 393 86 402 ,
100 377 187 396 dilatare
198 390 202 397 ‚

23 404 120 426 auxilium
131 401 202 428 qnod-

24 436 109 456 cumquu
141 434 201 454 prae·

24 461 79 478 stare
94 453 200 475 cavetsub

24 483 90 510 poena
114 486 201 510 ‚exeom-

24 511 174 532 nutricationis.

36 2359 203 2386 ‘rramgrsssoms

26 2388 119 2412 pun-endi
159 2394 202 2413 opt-

24 2414 92 2439 scopis
113 2417 132 2434 et
153 2422 202 2435 cun·

26 2441 56 2459 tra
75 2440 202 2461 haereticam

26 2467 146 2491 pravitatem
173 2469 201 2488 in-

25 2493 158 2518 quixitoritms
167 2494 203 2515 dat

26 2521 155 2544 potestatem.

843 181 987 206 CLEMENS
1012 181 1059 206 xlx
1083 182 1135 206 Pr.

212 235 309 273 prout
326 230 491 274 praesenti
512 230 622 264 nostra
638 235 800 274 perpetuo
818 230 953 264 valitura

212 283 439 316 constitutione
463 284 652 316 damnamus
674 289 705 317 et
725 283 950 327 prohibemus.

255 338 270 380 ἓ
307 336 338 370 3.
373 336 532 375 Quocirca
566 337 718 369 omnibus
753 341 783 369 et
811 336 952 378 singulis

212 389 482 423 christifidelibus
504 389 735 433 cuiuscumque
757 395 866 428 status,
888 399 954 431 gra·
975 402 977 432 3

212 443 269 475 dus
286 469 293 481 ,
316 442 515 475 conditionis
533 469 540 482 ‚
569 442 717 482 ordinis,
741 441 906 484 diguitatis
925 446 955 474 et

211 496 493 540 praeeminentiae
512 523 518 535 ,
540 496 606 528 sive
628 495 716 528 laicis
738 496 787 528 vel
809 494 954 533 clericis,

212 556 276 582 tam
298 549 541 582 >saecularibus
581 559 675 592 quam
721 548 927 590 regularibus
945 575 952 588 ,
977 548 978 553 ’

213 603 308 636 etiam
326 601 477 645 specifica
499 607 530 634 et
551 602 717 634 individua
739 601 906 634 mentione
926 606 954 633 et

213 655 422 698 expressione
445 655 566 697 dignis,
599 655 745 687 districte
774 659 805 687 et
833 654 865 686 in
896 653 956 685 vir-

214 712 280 740 tute
301 712 429 740 sanctae
443 707 648 740 obedientiae
666 706 897 750 praecipimus,
916 716 955 738 ne

213 761 286 805 quis
310 761 370 793 sub
392 760 506 803 quovis
526 766 691 803 praetextu
725 766 779 793 aut
809 760 955 802 quaesito

213 815 325 847 colore
347 813 462 846 audeat
483 815 530 846 vel
565 818 746 855 praesumat
774 813 957 856 praedictas

213 867 385 900 societates
403 867 449 899 ἅθ’
464 867 559 899 liberi
580 866 754 906 nzuralori,
774 877 830 899 seu
847 868 957 909 francs

213 931 372 959 mossoux,
394 925 447 953 aut
467 920 544 952 alias
565 925 777 962 nuncupatas,
800 919 885 952 inire
906 920 955 952 vel

213 984 421 1017 propagare,
455 973 653 1012 confovere,
681 984 717 1005 ac
742 973 773 1005 in
807 973 873 1005 suis
907 983 957 1005 ae-

213 1027 309 1060 dibus
341 1037 399 1059 seu
426 1026 576 1059 dontibus
601 1027 649 1059 vel
684 1026 760 1059 alibi
790 1031 956 1069 receptare

214 1085 312 1123 atque
339 1080 523 1118 occultare,
544 1079 582 1111 iis
597 1079 748 1118 adscribi,
771 1080 953 1121 aggregari,

214 1138 270 1165 aut
295 1133 469 1173 interesse,
491 1133 540 1165 vel
567 1138 760 1175 potestatem
788 1143 842 1164 seu
870 1142 957 1165 com-

212 1185 401 1219 moditatem
429 1186 534 1218 facere
560 1192 595 1218 ut
627 1185 743 1218 alicubi
778 1195 957 1218 convocen-

214 1245 290 1281 tur,
329 1239 446 1272 iisdem
482 1239 603 1282 aliquid
641 1238 850 1277 ministrare,
889 1238 955 1271 sive

213 1292 293 1325 alias
318 1292 517 1331 consilium,
543 1291 696 1325 auxilium
724 1293 773 1325 vel
801 1292 952 1332 savorem,

212 1346 319 1389 palam
345 1349 399 1378 aut
423 1345 454 1377 in
481 1346 627 1385 occulto,
658 1346 778 1378 directe
803 1346 852 1378 vel
874 1345 956 1377 indi-

212 1404 325 1438 recte,
352 1408 412 1442 per
432 1409 467 1431 se
492 1399 542 1431 vel
575 1398 672 1438 alios,
700 1409 833 1441 quoquo
859 1398 955 1431 modo

212 1456 378 1495 praestare
397 1478 404 1491 ,
432 1461 559 1484 necnon
586 1451 665 1484 alios
690 1452 810 1484 hortari
831 1478 838 1491 ,
861 1451 956 1484 indu-

213 1515 286 1538 cere
305 1531 313 1545 ,
340 1515 519 1547 provocare
537 1531 544 1544 ,
572 1510 625 1537 aut
651 1505 790 1538 suadere
827 1511 860 1538 ut
896 1505 956 1537 hu-

212 1557 353 1591 iusmodi
378 1557 589 1590 societatibus
615 1558 867 1597 adscribantur,
905 1569 957 1591 an-

212 1615 432 1650 numerentur,
451 1621 506 1643 seu
526 1610 689 1652 intersint,
706 1612 756 1644 vel
774 1611 858 1654 ipsas
877 1622 956 1655 quo-

212 1663 394 1697 modolibet
411 1663 521 1696 iuvent
538 1674 574 1696 ac
591 1664 728 1704 foveant,
746 1664 804 1697 sed
823 1664 955 1698 omnino

213 1717 253 1750 ab
288 1716 403 1749 iisdem
432 1716 668 1756 societatibus,
703 1716 862 1757 coetibus,
882 1727 956 1750 con-

213 1771 387 1810 ventibus,
426 1769 685 1810 collectionibus,
717 1771 957 1813 aggregationi-

212 1824 272 1856 bus
306 1833 362 1856 seu
391 1823 627 1855 conventiculis
643 1833 773 1866 prorsus
791 1824 956 1857 abstinere

213 1887 248 1909 se
283 1877 450 1915 debcant,
483 1876 541 1908 sub
571 1879 676 1919 poena
702 1877 957 1910 excommunica-

212 1929 310 1962 tionis
342 1939 401 1972 per
440 1939 555 1962 omnes
593 1935 628 1961 ut
660 1940 759 1973 supra
794 1931 956 1963 contrafa-

213 1983 334 2016 cientes
367 1983 439 2026 ipso
473 1983 555 2016 sacto
588 1984 712 2027 absque
745 1984 810 2017 ulla
851 1984 979 2020 decla-t

212 2036 339 2070 ratione
371 2036 591 2076 inauri-enan,
624 2048 641 2069 a
674 2047 736 2080 qua
765 2048 863 2070 nemo
897 2048 956 2081 per

213 2100 428 2133 quemquam,
451 2089 511 2122 nisi
534 2100 591 2133 per
616 2100 674 2123 nos
697 2100 753 2123 seu
775 2090 955 2123 Romanum

213 2142 404 2176 Pontificem
442 2154 499 2186 pro
537 2148 684 2186 tempore
725 2143 919 2178 existentem
947 2172 954 2185 ‚

213 2201 443 2239 praeterquam
473 2196 505 2228 in
535 2196 670 2229 articulo
701 2197 813 2230 mortis
843 2198 957 2230 consti·

215 2254 300 2282 tutus
321 2275 328 2289 ,
366 2249 579 2282 absolutionis
618 2249 814 2283 beneficium
855 2250 956 2283 valeat

214 2302 375 2337 obtinere.

257 2357 271 2399 ἓ
303 2356 335 2388 4.
373 2356 523 2389 Volumus
553 2356 689 2400 insuper
706 2363 736 2389 et
754 2358 954 2397 mandamus,

213 2414 248 2441 ut
281 2415 343 2442 tam
374 2409 518 2453 episcopi
552 2415 584 2442 et
602 2410 735 2452 praelati
755 2411 954 2453 superiores,

214 2461 333 2506 aliique
354 2463 500 2495 locorum
518 2462 680 2495 Ordinarii
699 2490 705 2499 ,
734 2474 828 2506 quam
847 2464 956 2497 haerc-

215 2515 296 2549 ticae
314 2515 478 2558 pravitatis
498 2515 620 2559 ubique
640 2517 785 2549 locorum
810 2517 956 2560 deputati

215 2568 428 2617 inquisitores
444 2596 452 2610 ,
488 2569 642 2603 adversus
677 2575 955 2612 transgressores,

1635 170 1700 206 367
1746 179 1796 207 An.
1817 180 1846 207 c.
1865 179 1931 208 ¹738

997 229 1230 274 cuiuscumque
1259 231 1321 264 sint
1355 235 1457 263 status
1476 258 1483 271 ,
1513 230 1640 273 gradus
1668 241 1740 263 con-

997 283 1154 325 ditionis,
1180 284 1329 325 ordinis,
1362 284 1529 326 dignitatis
1561 284 1608 316 vel
1646 294 1740 326 prae-

975 357 977 373 ,
998 336 1202 376 eminentiae,
1221 337 1401 380 procedant
1418 343 1447 369 et
1465 336 1643 379 inquirant,
1666 347 1740 369 eos-

999 400 1060 432 que
1093 396 1254 433 tamquam
1284 391 1323 424 de
1362 391 1491 424 haeresi
1524 391 1740 423 vehementer

999 447 1168 484 suspectos
1182 443 1352 486 condignis
1368 443 1479 487 poenis
1494 443 1628 486 puniant
1642 448 1740 486 atque

976 497 1200 543 *coerceant3
1229 496 1267 528 iis
1293 497 1378 529 enim
1405 502 1436 529 et
1461 507 1573 529 eorum
1608 495 1742 529 cuilibet

999 553 1109 580 contra
1134 549 1267 581 eosdem
1295 554 1550 591 transgressores
1565 549 1742 592 proceden-

1000 601 1031 632 di
1058 605 1087 633 et
1113 600 1326 643 inquirendi,
1353 613 1389 634 ac
1422 602 1592 643 condignis
1625 602 1741 644 poenis

1000 654 1170 686 coercendi
1197 660 1228 687 et
1255 655 1412 697 puniendi
1434 682 1440 694 ,
1473 655 1622 687 invocato
1645 655 1741 687 etiam

1001 706 1039 739 ad
1066 706 1146 746 hoc,
1172 707 1197 739 si
1228 717 1310 750 opus
1338 708 1457 747 suerit,
1483 707 1609 739 brachii
1636 718 1742 740 saecu-

1001 760 1078 792 laris
1115 760 1263 799 auxilio,
1299 760 1436 793 liberam
1471 761 1656 793 facultatem
1692 759 1743 792 tri-

1001 813 1127 846 buimus
1158 819 1189 846 et
1220 814 1435 857 impartimur.

1045 866 1116 909 §5
1151 867 1302 900 Volumus
1341 872 1449 899 autem
1484 872 1518 899 ut
1554 868 1743 900 earumdem
1795 877 1939 897 intumi-an-

1002 920 1222 962 praesentium
1250 920 1469 964 transumptis,
1489 920 1584 953 etiam
1609 907 1843 964 iinpres-wwm
1859 904 1926 924 ’ΝΜ

1001 973 1052 1013 sis,
1076 984 1172 1006 manu
1199 974 1336 1007 alicuius
1366 974 1483 1007 notarii
1516 974 1640 1017 publici
1671 974 1745 1006 sub-

1001 1028 1130 1070 scriptis
1157 1033 1187 1060 et
1211 1028 1318 1070 sigillo
1344 1038 1502 1071 personae
1528 1028 1559 1060 in
1586 1027 1744 1070 dignitate

1001 1081 1221 1114 ecclesiastiea
1247 1082 1441 1115 constitutae
1468 1082 1610 1122 munitis,
1631 1082 1744 1114 eadem

1002 1134 1080 1167 [ides
1105 1145 1240 1177 prorsus
1267 1135 1469 1174 adhibeatur,
1496 1146 1579 1178 quae
1604 1135 1682 1178 ipsis
1705 1145 1742 1167 o-

1002 1187 1199 1229 riginalibus
1226 1188 1341 1221 litteris
1360 1189 1570 1221 adhiberetur
1587 1188 1612 1220 si
1639 1189 1748 1221 forent

1001 1240 1166 1274 exhibitae
1193 1242 1243 1274 vel
1271 1246 1434 1275 ostensae.

1045 1295 1059 1338 ἓ
1085 1294 1116 1327 6.
1144 1294 1230 1328 Nulli
1258 1306 1337 1338 ergo
1364 1295 1498 1328 omnino
1518 1295 1688 1329 hominum
1713 1296 1747 1329 li-

1001 1353 1072 1380 ceat
1104 1348 1189 1380 hanc
1222 1348 1372 1391 paginam
1399 1355 1528 1382 nostrae
1555 1349 1748 1382 declaratio-

1001 1398 1061 1438 nis,
1079 1399 1313 1439 damnationiS,
1332 1401 1486 1441 mandati,
1513 1400 1747 1443 prohibitionis

1001 1459 1033 1485 et
1058 1452 1302 1486 interdictionis
1329 1454 1520 1497 infringere,
1540 1455 1588 1487 vel
1615 1454 1643 1486 ei
1671 1465 1747 1487 ausu

1002 1506 1179 1539 temerario
1206 1507 1370 1540 contraire
1388 1519 1394 1547 ;
1423 1507 1448 1539 si
1468 1508 1539 1550 quis
1558 1513 1665 1540 autem
1684 1508 1749 1540 hoc

1001 1565 1161 1592 attentare
1188 1561 1458 1603 praesumpserit,
1487 1561 1747 1604 indignationem

1000 1612 1235 1656 omnipotentis
1261 1613 1315 1646 Dei
1343 1624 1378 1646 ac
1405 1615 1573 1647 beatorum
1605 1615 1692 1647 Petri
1718 1620 1749 1648 et

1002 1666 1091 1698 Pauli
1119 1667 1344 1709 apostolorum
1371 1667 1439 1700 eius
1477 1678 1511 1700 se
1545 1668 1670 1701 noverit
1700 1668 1749 1701 in-

1001 1729 1181 1752 cursurum.

1046 1773 1162 1805 Datum
1188 1773 1321 1813 Romae,
1353 1775 1437 1817 apud
1464 1775 1495 1807 S.
1524 1775 1653 1808 Mariam
1686 1775 1749 1808 Ma-

1002 1825 1116 1865 iorem,
1158 1836 1244 1859 anno
1284 1827 1520 1860 Incarnationis
1562 1827 1747 1861 dominicae

1000 1889 1221 1919 ainccxxxviu,
1247 1890 1279 1913 1v
1306 1881 1461 1914 katendas
1493 1881 1581 1921 maii,
1618 1882 1748 1925 pontiti-

1001 1937 1090 1965 catus
1112 1933 1215 1965 nostri
1243 1944 1329 1966 anno
1357 1944 1425 1967 vui.

1829 1301 1940 1322 Clawulao

1758 1328 1866 1354 poenales.

1037 1995 1094 2021 Dat.
1117 1995 1160 2021 die
1180 1995 1214 2022 23
1235 1996 1328 2030 aprilis
1352 1997 1435 2030 1738,
1458 1997 1552 2031 pontis.
1575 2005 1644 2023 anuo
1666 2004 1722 2023 vui.

1297 2060 1331 2091 Α.
1359 2059 1449 2092 card.
1478 2059 1698 2103 prodatarius.

1084 2121 1148 2151 Visa
1171 2122 1202 2152 de
1228 2121 1325 2152 Curta.

1444 2172 1480 2205 N.
1501 2173 1728 2206 ANToNELLus.

1446 2226 1466 2258 l.
1485 2227 1519 2259 B.
1540 2226 1712 2260 EucEMus.

1301 2386 1444 2419 CCXXX.

1004 2465 1216 2507 Confirmatio
1241 2466 1360 2499 clemeli
1382 2467 1649 2509 &affirmationis
1672 2478 1747 2511 par-

1048 2519 1199 2551 ticularis
1216 2530 1234 2551 α
1250 2519 1462 2551 ,S'ancle'ssz'mo
1488 2519 1669 2562 deputante,
1689 2531 1747 2564 per

1045 2571 1133 2615 quod
1159 2572 1346 2605 decernitur
1373 2572 1459 2616 quod
1481 2577 1674 2616 procurator
1697 2585 1746 2618 ye-
