2232 3178
41 224 89 250 Αιι.
109 221 138 248 C.
157 221 224 248 ¹735

234 376 403 409 facultates
418 381 450 409 et
468 375 709 409 iurisdictiones
725 375 823 408 etiam
839 375 877 407 de
894 386 977 408 novo

233 428 442 461 concedimus
479 433 511 461 et
550 428 760 471 indulgemus
781 454 788 466 ,
830 427 976 471 aliasque

233 481 377 514 eiusdem
399 481 494 514 oflicii
508 482 608 515 nostri
627 487 736 525 partes
756 481 978 514 favorabiliter
998 496 999 499 ¹

233 534 492 578 interponimus,
515 540 622 579 prout,
645 546 771 574 rerum,
795 540 975 578 temporum

233 592 264 620 et
283 598 507 630 personarum,
527 587 657 621 illarum
678 588 871 631 praesertim
899 599 976 631 quas

233 640 263 673 in
289 646 414 684 partem
441 641 637 685 apostolicae
655 640 885 674 sollicitudinis
905 651 976 673 evo-

233 693 316 726 cavit
336 693 530 734 Altissimus,
554 693 710 737 qualitate
737 695 882 737 pensata,
900 704 975 726 con-

231 746 385 790 spicimus
412 747 442 779 in
457 747 593 780 Domino
612 747 788 779 salubriter
804 747 972 790 expedire.
996 770 997 779 1

230 800 326 838 Sane,
344 810 427 840 cum,
443 799 527 833 sicut
548 800 750 843 accepimus,
774 800 853 833 alias
873 800 975 833 felicis

230 853 466 886 recordationis
480 852 690 886 lnnocentius
705 853 790 897 Papa
805 853 870 887 Xlll
888 864 976 897 prae-
995 875 996 879 =

230 906 383 939 decessor
411 911 523 939 noster
548 906 688 939 officium
721 906 893 940 vicariatus
927 908 974 940 al-

230 969 300 992 mae
326 958 420 991 Urbis
446 964 588 997 nostrae,
617 964 692 992 tunc
717 970 802 999 suae,
829 965 861 992 et
886 960 973 993 illius

229 1011 463 1045 suburbiorum
490 1018 522 1045 et
548 1012 714 1046 districtus
740 1013 850 1057 (quod
877 1013 973 1046 ctiam

228 1066 309 1099 alias
347 1065 419 1109 piae
456 1066 632 1099 memoriae
671 1067 786 1100 Paulus
821 1067 906 1110 Papa
938 1068 973 1100 tv

229 1119 327 1153 etiam
353 1119 587 1162 praedecessor
612 1126 726 1153 noster
749 1131 811 1164 pro
838 1131 902 1154 uno
936 1131 972 1153 ex

228 1173 258 1207 S.
280 1174 317 1207 R.
337 1174 371 1207 E.
399 1174 629 1214 cardinalibus,
649 1174 703 1218 qui
729 1173 808 1207 illud
835 1184 893 1217 per
913 1184 973 1217 pro

230 1235 377 1273 tempore
403 1229 596 1262 existentem
622 1228 802 1261 Romanum
841 1227 972 1261 Pontifi-

228 1294 297 1317 cem
322 1283 382 1316 sibi
412 1282 621 1316 concessum*
651 1283 774 1326 absque
805 1282 972 1326 dispensa-

229 1336 315 1370 tione
334 1337 511 1380 apostolica
531 1336 570 1369 ad
597 1335 665 1368 eius
683 1335 778 1368 vitam
798 1335 971 1374 obtineret,

228 1397 260 1425 et
284 1401 344 1434 per
369 1402 403 1424 se
430 1391 533 1434 ipsum
550 1417 558 1430 ,
585 1400 641 1423 seu
667 1390 706 1422 ab
732 1399 770 1422 eo
797 1389 972 1432 deputatos

228 1446 482 1489 vicesgerentem
519 1450 551 1477 et
581 1442 845 1485 suffraganeum,
879 1452 915 1475 ac
941 1441 972 1474 in

228 1499 376 1533 civilibus
403 1505 435 1532 et
458 1497 682 1531 criminalibus
700 1498 970 1535 locumtenentcs,

228 1557 417 1593 exerceret,
449 1552 488 1585 de
515 1552 648 1584 fratrum
673 1560 805 1584 suorum
832 1549 971 1582 consilio

228 1613 260 1641 et
284 1605 445 1641 communi
468 1615 629 1639 consensu
651 1603 754 1637 erexit
771 1609 801 1636 et
822 1602 971 1642 instituit,

227 1666 324 1705 prout
348 1660 381 1693 in
407 1658 575 1692 erectione
605 1663 637 1690 et
672 1656 877 1690 institutione
914 1656 972 1688 hu-

230 1713 377 1754 iusmodi,
400 1719 431 1746 et
455 1723 510 1745 seu
529 1712 635 1745 forsan
654 1711 796 1755 desuper
815 1709 971 1743 confectis

228 1767 345 1801 litteris
370 1766 498 1810 plenius
535 1766 732 1805 continetur,
759 1764 914 1808 quodque
939 1775 972 1796 a-

228 1821 288 1854 lias
312 1821 417 1854 bonae
435 1819 613 1852 memoriae
627 1819 766 1852 Ioannes
785 1817 971 1851 Dominicus

230 1874 313 1907 tituli
338 1873 370 1906 S.
389 1872 548 1906 Anastasii
574 1872 720 1906 eiusdem
735 1871 766 1904 S.
782 1871 862 1904 RE.
884 1881 971 1914 pres-

228 1928 321 1972 byter
353 1927 526 1961 cardinalis
560 1926 772 1960 Parracianus
803 1935 969 1968 nuncupa-

229 1987 345 2025 patus,
370 1981 466 2014 etiam
493 1981 568 2013 dum
595 1979 737 2018 viveret,
764 1978 969 2021 obtinebat),

229 2045 288 2079 per
312 2035 435 2069 obitum
462 2034 540 2068 dicti
565 2034 693 2067 Ioannis
719 2033 877 2066 Dominici
901 2042 970 2065 car-

230 2089 368 2130 dinalis,
396 2088 450 2132 qui
476 2088 561 2132 apud
594 2087 710 2121 Sedem
749 2086 969 2130 Apostolicam

232 2141 373 2175 debitum
391 2146 525 2175 naturae
550 2142 762 2186 persolverat,
784 2150 910 2180 vacans,
931 2139 969 2172 ad

232 2204 420 2238 prosperum
433 2201 464 2228 et
480 2195 607 2228 felicem
623 2198 741 2227 statum
757 2193 860 2227 dictae
874 2193 969 2226 Urbis

234 2246 264 2278 in
285 2248 503 2290 spiritualibus
520 2248 725 2292 dirigendum
743 2247 891 2281 sollicitis
910 2250 970 2281 stu-

235 2299 296 2333 diis
321 2300 501 2342 intendens,
523 2303 563 2336 ad
589 2303 811 2336 venerabilem
837 2301 968 2334 fratrem

235 2358 397 2394 nostrum,
415 2359 490 2388 tunc
505 2365 611 2396 suum,
629 2355 805 2388 Fabritium
824 2355 970 2388 eiusdem

234 2406 546 2442 S.R.E.cardinalem
557 2409 737 2442 Paulutium
748 2414 970 2452 nuncupatum

235 2465 307 2492 tunc
325 2460 512 2504 episcopum
528 2461 754 2502 Albanensem,
775 2462 816 2495 ob
835 2462 970 2496 eximiae

234 2513 535 2557 circumspectionis
560 2515 771 2556 industriam,
806 2516 969 2559 cognitam

234 2566 428 2607 bonitatem,
453 2567 650 2610 singularem
675 2568 905 2613 integritatem,
925 2575 971 2603 at·
1014 2586 1129 2614 iuribus
1148 2586 1192 2620 (ῃ,
1206 2584 1244 2618 Τ,)

271 2629 279 2654 1
304 2627 374 2655 Edit.
394 2627 475 2656 Main.
496 2628 562 2664 legit
580 2638 739 2658 concessam
758 2631 799 2667 (n.
814 2632 864 2667 τ.).

289 2682 373 2710 Bun.
389 2682 475 2712 Rom.
495 2699 530 2706 —
552 2684 617 2713 Vol.
637 2684 738 2714 XXIV.
884 2685 917 2714 13

845 220 986 243 ctssittzus
1012 220 1056 243 xu
1082 221 1129 245 Pr.

234 268 350 312 partim
379 278 465 308 vero,
494 268 565 301 aliis
592 268 683 301 iustis
709 268 815 302 causis
840 268 883 301 ita
908 278 979 301 sua-

235 322 403 362 dentibus,
428 324 605 356 altcramus
631 328 663 356 et
689 323 915 361 immutamus,
942 333 979 355 ac

1687 217 1728 250 97
1775 227 1864 254 Aac
1894 228 1960 255 12⁶5

1024 279 1086 311 que
1105 270 1323 313 prudentiam,
1345 271 1416 305 fidei
1435 283 1471 305 ac
1491 272 1628 306 iustitiae
1647 276 1761 314 zelum,

1024 326 1055 353 ct
1075 322 1104 354 in
1120 323 1243 365 magnis
1262 329 1292 356 et
1313 324 1423 357 arduis
1439 326 1601 369 praefatae
1619 327 1647 360 S.
1664 327 1699 360 R.
1716 328 1763 368 E„

1022 374 1113 407 euius
1140 375 1334 410 honorabile
1360 379 1539 411 membrum
1566 380 1682 419 existit,
1711 392 1763 413 ne-

1022 427 1117 470 gotiis
1143 430 1378 472 experientiam
1404 432 1666 474 comprobatam,
1694 445 1763 467 nec-

1022 491 1087 513 non
1121 482 1184 515 alia
1215 483 1442 528 multiplicium
1473 485 1626 519 virtutum
1653 488 1761 527 bona,

1022 534 1140 577 quibus
1165 536 1234 568 eius
1259 547 1429 580 personam
1464 539 1591 572 illarum
1627 541 1762 583 largitor

1022 587 1208 621 Altissimus
1234 589 1419 632 insignivit,
1446 592 1619 625 direxerit¹
1646 595 1760 627 oculos

1021 650 1096 672 suae
1115 641 1242 682 mentis,
1261 648 1380 676 certam
1402 644 1434 676 in
1450 645 1585 679 Domino
1600 657 1689 689 spem
1706 647 1762 679 lia-

1020 692 1101 725 bens
1128 694 1214 737 quod
1251 695 1337 728 idem
1372 696 1532 730 Fabritius
1564 699 1759 739 cardinalis,

1020 746 1123 787 gratia
1136 747 1164 779 ei
1181 748 1355 781 assistente
1371 749 1486 788 divina,
1498 751 1639 783 officium
1655 752 1759 795 ipsum

1020 802 1144 832 summa
1169 812 1240 833 eum
1266 802 1453 844 prudentia,
1480 803 1633 838 fidelitate
1661 812 1692 838 et
1718 807 1761 839 di-

1021 852 1154 896 ligentia
1181 855 1390 896 exercuisset,
1418 862 1505 889 motu
1532 868 1590 891 suo
1615 860 1760 903 proprio,

1020 917 1083 939 non
1110 907 1148 939 ad
1175 907 1320 941 eiusdem
1347 909 1476 943 Fabritii
1509 911 1684 946 cardinalis
1710 915 1759 947 vel

1020 959 1154 992 alterius
1181 971 1238 1004 pro
1265 972 1303 994 eo
1329 962 1434 995 eidem
1457 964 1642 999 Innocentio
1669 977 1761 1010 prae-

1020 1013 1184 1047 decessori
1211 1025 1309 1058 super
1335 1016 1396 1049 lioc
1429 1017 1555 1051 oblatae
1592 1019 1761 1062 petitionis

1019 1065 1225 1108 instantiam,
1243 1069 1300 1101 sed
1327 1080 1364 1102 ex
1392 1072 1478 1103 certa
1506 1071 1641 1105 scientia
1660 1075 1761 1106 mera-

1018 1130 1080 1163 que
1096 1120 1332 1155 deliberatione
1348 1123 1424 1163 suis,
1442 1123 1545 1167 deque
1560 1126 1760 1168 apostolicae

1018 1174 1187 1216 potestatis
1214 1175 1441 1217 plenitudine,
1467 1177 1609 1211 officium
1636 1181 1760 1222 praefa-

1019 1230 1099 1267 tum,
1117 1227 1163 1259 sic
1179 1238 1305 1268 vacans,
1327 1229 1431 1262 eidem
1448 1230 1588 1264 Fabritio
1603 1233 1760 1266 cardinali

1017 1289 1075 1322 per
1100 1290 1188 1320 eum,
1208 1282 1314 1323 quoad
1340 1282 1472 1324 viveret,
1492 1290 1546 1317 aut
1561 1285 1762 1329 vicesgcren-

1019 1338 1082 1366 tem
1109 1339 1141 1366 et
1165 1333 1425 1377 suffraganeum,
1453 1347 1580 1370 necnon
1606 1339 1762 1373 locumte-

1017 1390 1147 1420 nentem
1163 1398 1220 1420 seu
1236 1388 1496 1422 locumtenentes
1510 1401 1605 1425 suum
1620 1393 1668 1425 vel
1683 1404 1760 1427 suos

1017 1440 1236 1473 exercendum
1253 1467 1260 1479 ‚
1285 1452 1358 1474 cum
1390 1442 1539 1476 omnibus
1565 1449 1597 1477 et
1621 1445 1760 1488 singulis

1017 1493 1215 1536 privilegiis,
1251 1495 1474 1538 facultatibus,
1508 1500 1761 1541 praerogativis,

1016 1547 1285 1590 praeeminentiis
1300 1575 1308 1588 ,
1335 1548 1595 1584 immunitatibus
1612 1579 1619 1592 ,
1647 1563 1757 1586 exem-

1017 1600 1183 1643 ptionibus
1219 1606 1252 1634 et
1288 1601 1592 1644 iurisdictionibus,
1634 1616 1759 1640 necnon

1017 1655 1196 1688 honoribus
1222 1660 1252 1688 et
1276 1656 1443 1697 oneribus,
1459 1657 1602 1692 iuribus²
1620 1665 1651 1693 et
1671 1671 1760 1694 emo-

1016 1708 1167 1742 lumentis
1208 1709 1312 1742 solitis
1348 1719 1380 1743 et
1419 1712 1605 1754 consuetis,
1639 1714 1758 1758 quibus

1015 1762 1079 1801 alii,
1099 1762 1172 1806 qui³
1198 1763 1229 1795 in
1256 1763 1340 1796 dicta
1365 1763 1462 1805 Urbe,
1484 1766 1649 1800 suburbiis
1667 1773 1699 1800 et
1716 1768 1760 1800 di-

1016 1816 1127 1848 strictu
1147 1816 1322 1860 praedictis
1341 1817 1449 1850 vicarii
1476 1819 1507 1851 in
1534 1820 1757 1863 spiritualibus

1016 1869 1233 1902 Romanorum
1252 1869 1444 1903 Pontificum
1466 1873 1757 1914 praedecessorum

1014 1933 1074 1966 pro
1100 1928 1248 1966 tempore
1274 1923 1410 1964 fuerant,
1436 1925 1491 1965 uti,
1506 1926 1615 1969 potiri,
1641 1927 1702 1959 frui
1726 1932 1757 1960 et

1015 1977 1158 2019 gaudere
1177 1982 1363 2020 potuerunt,
1377 1988 1432 2011 seu
1450 1979 1545 2011 etiam
1564 1979 1755 2021 debuerunt,

1014 2030 1204 2063 auctoritate
1230 2031 1409 2074 apostolica
1433 2033 1628 2066 concesserit
1653 2040 1683 2067 et
1707 2045 1756 2067 as-

1014 2083 1208 2126 signaverit,
1232 2089 1264 2117 et
1288 2084 1377 2124 alias,
1399 2090 1497 2129 prout
1514 2085 1546 2118 in
1567 2086 1642 2120 dicti
1661 2087 1755 2121 Inno-

1014 2136 1109 2170 centii
1144 2138 1407 2181 praedecessoris
1443 2138 1475 2171 in
1510 2139 1612 2172 forma
1645 2140 1754 2174 Brevis

1013 2191 1072 2223 sub
1097 2191 1219 2224 annulo
1245 2191 1417 2225 Piscatoris
1439 2192 1580 2236 desuper
1597 2194 1754 2237 expeditis

1014 2245 1132 2278 litteris
1173 2246 1270 2279 etiam
1310 2246 1440 2289 plenius
1480 2247 1684 2280 continetur:
1724 2253 1755 2281 et

1013 2299 1171 2340 subinde,
1196 2299 1398 2342 singularum
1438 2299 1594 2334 dictarum
1632 2301 1753 2334 littera-

1015 2363 1085 2385 rum
1111 2352 1315 2396 aliorumque
1341 2353 1594 2396 praemissorum
1622 2360 1752 2388 tenores

1015 2406 1111 2440 ctiam
1147 2406 1294 2439 veriores
1327 2417 1363 2439 ac
1398 2406 1510 2444 datas,
1549 2417 1676 2440 necnon
1713 2418 1749 2440 a-

1052 2497 1062 2522 1
1086 2494 1124 2522 Ex
1143 2494 1262 2530 syntaxis
1281 2494 1386 2521 ratione
1415 2494 1467 2529 leg.
1489 2495 1615 2529 di'ri'yens
1634 2498 1671 2527 (u.
1688 2496 1737 2530 T.).

1049 2541 1065 2567 2
1087 2540 1205 2567 Pessime
1233 2539 1298 2566 edit.
1328 2538 1408 2565 Μαίη.
1439 2539 1503 2574 legit
1532 2539 1674 2568 iudicibus
1703 2550 1752 2577 pro

1049 2630 1066 2658 3
1085 2631 1185 2658 Vocem
1205 2629 1257 2665 qui
1276 2637 1326 2657 nos
1345 2627 1470 2656 addimus
1488 2628 1531 2664 (n.
1551 2629 1600 2664 τ.).
