2232 3178
0 1721 3 1728 .
0 1630 10 1677 ..,..
0 1536 4 1595 -„
0 1457 5 1513 *w-

38 231 85 260 An.
99 228 127 257 C.
149 227 219 257 1739

226 277 261 307 ad
283 277 454 317 episcopum
476 277 665 308 Terulensem
688 278 857 308 facultatem
879 275 966 305 hene-

227 326 344 357 dicendi
366 326 531 366 scapularia
544 336 595 356 seu
613 336 716 366 parvos
732 325 849 356 habitus
865 325 894 355 B.
911 325 968 354 Ma-

226 376 286 405 riae
308 375 437 414 Virginis
459 376 494 405 de
520 376 616 405 Monte
647 375 789 411 Carmelo,
825 384 883 404 non
919 373 968 403 ob-

227 429 322 454 stante
345 424 569 461 consuetudine,
593 429 622 454 et
645 423 793 462 aggregati
814 426 968 452 recurrant

227 474 262 503 ad
275 473 442 513 superiores
458 473 575 504 Ordinis
592 483 643 512 pro
658 474 735 502 nova
750 471 966 510 aggregatione.

227 523 257 552 L.
282 521 438 560 episcopus
471 521 647 551 Albanensis
680 520 836 550 cardinalis
869 519 967 555 Picus,

228 571 404 608 praefectus.
429 570 497 599 Loco
518 572 537 605 †
559 570 658 607 styllli.
683 569 705 598 l.
729 568 971 607 archiepiscopus

227 618 391 656 Tarsensis,
415 617 604 648 secretarius.

73 709 218 732 Proeuratoris
273 695 287 738 ἓ
312 695 342 728 ⁶2.
371 695 448 729 Cum
474 700 595 735 autem,
615 694 698 727 sicut
723 694 861 727 dilectus
889 692 971 725 filius

41 737 140 765 generalis
157 736 218 757 Ordi-

40 771 70 786 ωε
84 764 156 790 petitio
180 769 218 789 pm
228 749 415 782 Vincentius
431 760 448 782 a
465 749 695 792 Conceptione,
709 747 882 780 modernus
897 757 970 789 pro-

40 790 219 838 tlffllflss⁰'0²ss'n‘ss¹33
229 808 357 836 curator
375 803 538 845 generalis
553 801 680 834 Ordinis
701 801 892 834 eorumdem
912 800 972 832 sra-

39 845 138 894 litigii&
155 848 218 890 qiiiffl
229 859 313 888 trum
340 856 375 888 B.
396 855 513 888 Mariae
539 854 577 888 de
603 854 710 888 Monte
735 853 881 887 Carmelo
907 852 974 885 Dis-

41 901 104 918 meus.
229 909 448 942 calceatorum
486 913 748 951 nuncupatorum
788 906 973 948 Congreget-

229 962 328 995 tionis
352 961 528 1005 Hispaniae
545 987 552 1001 ‚
580 961 674 994 nobis
712 970 817 1003 nuper
853 959 972 1002 exponi

228 1015 330 1055 fecit,
358 1015 428 1058 ipse
454 1024 520 1047 non
546 1015 648 1047 solum
676 1014 841 1047 decretum
868 1012 975 1044 liuius-

228 1068 330 1107 modi,
358 1079 421 1112 quo
447 1067 572 1100 firmius
597 1066 751 1100 subsistat
777 1071 808 1099 et
826 1070 975 1098 servetur

231 1121 384 1161 exactius,
409 1121 609 1164 apostolicae
636 1119 890 1153 confirmationis
917 1129 975 1151 no-

230 1181 314 1208 strae
340 1174 522 1218 patrocinio
549 1173 762 1215 communiri,
781 1173 837 1206 sed
864 1171 971 1211 etiam,

231 1228 269 1260 ad
290 1237 531 1271 quamcumque
550 1226 788 1259 dubitationem
810 1236 891 1268 quae
911 1225 975 1257 sor-

231 1287 317 1314 tasse
354 1280 467 1313 suturis
505 1279 709 1323 temporibus
745 1289 844 1322 super
878 1279 974 1311 sacul-

231 1339 295 1367 tate
321 1339 353 1367 et
377 1333 625 1378 participatione
652 1331 839 1365 huiusmodi
875 1342 973 1375 prae-

231 1388 401 1422 cidendam
428 1387 547 1420 exoriri
574 1392 605 1419 et
630 1386 761 1419 excitari
788 1386 903 1429 possit,
932 1385 975 1418 sa-

231 1442 384 1476 cultatem
401 1440 618 1474 benedicendi
634 1450 749 1484 parvos
767 1439 896 1472 habitus
911 1439 975 1473 sive

231 1494 435 1538 scapularia,
461 1504 545 1537 quae
571 1492 841 1526 christifidelibus
871 1492 975 1525 distri-

231 1547 387 1586 buuntur,
409 1552 440 1579 et
465 1547 504 1579 ab
530 1546 624 1589 ipsis¹
644 1547 684 1579 ad
710 1546 806 1578 tinem
824 1545 973 1579 lucrandi

232 1606 263 1634 et
288 1600 502 1644 participandi
529 1600 744 1642 indulgentias
769 1610 786 1632 a
823 1599 975 1632 Romanis

232 1653 443 1686 Pontificibus
469 1653 777 1696 praedecessoribus
802 1653 922 1685 nostris
939 1652 977 1685 il-

232 1707 282 1739 los
308 1711 340 1738 et
365 1706 419 1738 illa
445 1716 562 1748 gerere
588 1706 693 1739 solitis
720 1716 910 1745 concessas,
937 1705 974 1737 ad

233 1758 422 1802 superiores
447 1759 577 1791 Ordinis
615 1759 804 1792 huiusmodi
830 1763 977 1802 spectare

234 1818 265 1846 et
280 1813 458 1855 pertinere,
472 1823 531 1855 per
549 1823 606 1846 nos
625 1812 782 1845 declarari
802 1812 977 1855 plurimum

234 1865 416 1899 desideret:
436 1876 505 1905 nos,
524 1866 700 1909 specialem
727 1866 786 1909 ipsi
809 1865 977 1898 Vincentio

233 1918 435 1963 procuratori
462 1920 605 1962 generali
632 1920 769 1963 gratiam
797 1920 899 1952 facere
924 1929 974 1952 vo-

233 1973 350 2013 lentes,
379 1977 411 2005 et
435 1983 452 2004 a
478 1972 646 2016 quibusvis
672 1972 979 2005 excommunicatio-

234 2025 304 2064 nis,
329 2025 557 2068 suspensionis
582 2031 614 2058 et
639 2025 814 2066 interdicti,
841 2025 978 2069 aliisque

235 2079 460 2113 ecclesiasticis
486 2079 670 2120 sententiis,
698 2079 845 2113 censuris
860 2084 980 2123 etpoe-

235 2132 304 2173 nis,
330 2143 347 2165 a
379 2133 448 2166 iure
475 2133 522 2166 vel
549 2133 587 2165 ab
614 2133 765 2174 homine,
792 2133 902 2176 quavis
928 2144 981 2166 oc-

235 2185 366 2218 casione
391 2187 439 2218 vel
466 2188 561 2218 causa
586 2186 682 2228 latis,
709 2187 734 2219 si
760 2186 876 2230 quibus
907 2197 981 2230 quo-

236 2239 415 2272 modolibet
439 2239 615 2273 innodatus
642 2240 758 2280 existit,
774 2241 812 2273 ad
832 2240 980 2273 ellectum

236 2293 460 2336 praesentium
492 2293 657 2325 dumtaxat
694 2294 979 2336 consequendum,

238 2346 352 2378 haruin
379 2345 463 2378 serie
490 2345 696 2378 absolventes
727 2352 759 2378 et
796 2347 980 2379 absolutum

238 2400 308 2431 sore
348 2403 540 2438 censentes,
579 2398 874 2441 supplicationibus
912 2399 981 2432 eius

237 2451 369 2485 nomine
396 2451 490 2483 nobis
515 2461 614 2494 super
639 2451 702 2484 boc
726 2451 893 2485 humiliter
910 2463 982 2495 por—

239 2505 336 2538 rectis
362 2504 521 2544 inclinati,
542 2505 707 2537 decretum
730 2506 980 2548 praeinsertum‚

239 2557 432 2591 auctoritate
458 2557 651 2600 apostolica,
680 2563 793 2591 tenore
826 2569 980 2602 praesen-

276 2622 286 2647 1
310 2619 390 2648 Deest
409 2622 562 2655 qeslantur
581 2622 627 2647 aut
646 2618 733 2647 siinile
753 2620 791 2655 (a.
808 2620 859 2655 r.).

839 225 983 252 CLEMENS
1007 224 1054 249 xli
1080 224 1130 249 PP.

1654 214 1718 248 ¹5ss7

1013 274 1101 314 tium,
1125 274 1346 317 approbamus
1374 279 1404 306 et
1429 273 1672 315 confirmamus,
1692 273 1757 307 illi-

1013 338 1075 370 que
1099 326 1294 360 inviolabilis
1313 327 1510 370 apostolicae
1530 327 1689 360 firmitatis
1706 337 1756 360 ro-

1012 380 1072 412 bur
1097 379 1278 413 adiicimus.

1057 432 1128 475 55.
1165 433 1209 465 Ac
1244 433 1390 476 insuper,
1426 433 1465 466 ad
1503 433 1758 476 praecidendam

1765 225 1813 250 Au.
1832 225 1860 250 C.
1889 225 1954 251 1739

1820 445 1941 465 neclan-aiio
1953 462 1957 466 .

1014 496 1252 529 quamcumque
1279 486 1513 519 dubitationem
1541 487 1654 519 suturis
1683 473 1957 523 tem-3l⁴1111⁴32¹¹¹⁰ssl1¹l35

1014 539 1148 582 poribus
1165 540 1303 572 sortasse
1321 540 1530 572 exoriendam
1549 528 1956 572 excitandam-¹135.⁹1.„,„;‘l.‘.⁴3{.'5.¹.‘5

1015 602 1077 634 que
1103 602 1203 634 super
1227 592 1378 625 facultate
1400 592 1615 625 benedicendi
1647 603 1761 635 parvos
1773 579 1926 604 ⁵⁰‘'¹'⁰'⁴'⁴¹⁰m'

1016 643 1146 676 habitus
1167 654 1221 676 seu
1240 645 1421 688 scapularia
1439 645 1623 678 huiusmodi
1650 656 1667 678 a
1692 655 1764 678 con-

1017 696 1171 729 fratribus
1202 697 1503 730 confraternitatum
1540 698 1598 730 suh
1634 698 1765 732 invoca-

1017 749 1106 783 tione
1132 751 1167 783 B.
1195 750 1310 783 Mariae
1344 751 1383 784 de
1418 751 1524 784 Monte
1550 751 1697 785 Carmelo
1731 752 1763 784 in

1016 815 1220 847 quacumque
1258 805 1369 837 mundi
1407 810 1498 847 parte
1525 810 1709 838 erectarum
1734 811 1765 838 et

1017 857 1243 898 erigendarum
1256 855 1274 897 ¹,
1304 867 1340 889 ac
1371 857 1622 900 participatione
1657 857 1765 891 indul-

1017 910 1199 951 gentiarum
1214 910 1456 953 gratiarumque
1471 911 1691 953 spiritualium
1708 922 1766 954 per

1018 963 1179 996 Romanos
1212 963 1383 996 Pontifices
1414 964 1684 1006 praedecessores
1709 975 1766 997 no-

1018 1021 1101 1048 stros
1136 1016 1300 1059 quibusvis
1328 1016 1594 1050 christifidelibus
1620 1017 1765 1050 habitum

1018 1079 1075 1101 seu
1114 1071 1283 1112 scapulare
1324 1070 1511 1102 huiusmodi
1560 1071 1764 1112 gestantibus

1018 1132 1259 1161 concessarum,
1280 1123 1317 1155 ad
1339 1123 1524 1165 superiores
1548 1123 1678 1156 Ordinis
1704 1124 1766 1156 sra-

1019 1179 1101 1207 trum
1128 1175 1162 1207 B.
1183 1175 1301 1208 Mariae
1328 1175 1367 1207 de
1393 1176 1500 1208 Monte
1520 1175 1681 1215 (jamnem,
1706 1187 1765 1209 seu

1018 1228 1057 1260 ad
1090 1228 1171 1261 alios
1198 1229 1236 1260 ab
1263 1228 1326 1261 illis
1364 1229 1584 1270 deputandos,
1611 1229 1766 1272 privative

1019 1284 1168 1323 spectare
1195 1286 1227 1313 et
1247 1280 1419 1324 pertinere,
1446 1281 1637 1315 auctoritate
1664 1287 1695 1315 et
1720 1287 1766 1315 te-

1018 1343 1099 1366 nore
1126 1333 1310 1377 praedictis
1330 1334 1536 1367 decernimus
1562 1339 1594 1368 et
1619 1336 1767 1368 declara-

1019 1396 1104 1419 mus:
1123 1386 1210 1419 salva
1227 1391 1334 1419 tamen
1361 1397 1491 1430 semper
1517 1387 1548 1419 in
1573 1388 1764 1431 praemissis

1019 1439 1210 1473 auctoritate
1258 1445 1454 1474 memoratae
1498 1440 1766 1484 Congregationis

1020 1493 1248 1527 cardinalium.

1063 1547 1077 1590 ξ
1102 1547 1134 1579 6.
1161 1547 1390 1586 Decernentes,
1419 1553 1607 1590 praesentes
1643 1548 1765 1582 litteras
1802 1558 1960 1582 ‹ilausnlawrn

1020 1605 1051 1633 et
1082 1600 1114 1632 in
1152 1600 1197 1633 eis
1229 1605 1379 1633 contenta
1405 1611 1631 1645 ‹piaecumque
1659 1584 1961 1642 lirina,&inille-hum*

1020 1653 1124 1686 valida
1144 1659 1175 1685 et
1200 1653 1343 1686 efficacia
1368 1654 1504 1686 existere
1529 1660 1560 1687 et
1585 1655 1663 1696 sore,
1682 1666 1768 1688 suos-

1021 1717 1083 1749 que
1108 1707 1271 1749 plenarios
1290 1713 1322 1739 et
1346 1707 1490 1750 integros
1509 1707 1639 1741 effectus
1657 1709 1767 1741 sortiri

1022 1766 1053 1793 et
1079 1760 1238 1800 obtinere,
1266 1771 1301 1793 ac
1326 1760 1401 1800 illis,
1417 1761 1456 1793 ad
1482 1771 1563 1804 quos
1588 1766 1712 1805 spectat
1737 1768 1769 1795 et

1021 1823 1080 1857 pro
1107 1819 1252 1855 tempore
1284 1813 1552 1856 quandocumque
1590 1815 1764 1857 spectabit,

1021 1865 1211 1909 plenissime
1229 1865 1409 1908 suffragari,
1425 1871 1455 1898 et
1470 1866 1509 1898 ab
1525 1866 1570 1898 eis
1588 1867 1767 1910 respective

1022 1919 1253 1952 inviolabiliter
1277 1919 1462 1960 observari,
1490 1919 1601 1963 sicque
1623 1920 1653 1953 in
1677 1931 1768 1964 prae-

1022 1972 1126 2005 missis
1150 1982 1209 2016 per
1235 1982 1458 2016 quoscumque
1483 1972 1607 2006 iudices
1641 1974 1769 2007 ordina-

1022 2025 1086 2059 rios
1107 2030 1137 2058 ct
1155 2026 1332 2068 delegatos,
1351 2026 1446 2059 etiam
1465 2036 1632 2059 causarum
1657 2026 1767 2071 palatii

1023 2079 1192 2123 apostolici
1218 2079 1395 2120 auditores,
1420 2079 1556 2112 iudicari
1583 2085 1615 2113 et
1641 2079 1768 2114 definiri

1024 2134 1164 2174 debere,
1191 2145 1228 2167 ac
1253 2134 1382 2167 irritum
1413 2140 1444 2167 et
1474 2134 1590 2175 inane,
1617 2134 1643 2168 si
1677 2145 1770 2168 secus

1024 2198 1121 2231 super
1147 2187 1197 2219 liis
1223 2198 1241 2220 a
1266 2198 1453 2231 quoquam,
1481 2187 1593 2230 quavis
1630 2188 1770 2221 auctori-

1026 2246 1097 2281 tate,
1123 2241 1263 2274 scienter
1288 2242 1337 2274 vel
1363 2241 1566 2284 ignoranter,
1597 2240 1770 2283 contigerit

1025 2294 1188 2328 attentari.

1069 2348 1083 2391 ἕ
1110 2347 1141 2380 7.
1168 2347 1237 2379 Non
1263 2347 1469 2380 obstantibus
1487 2347 1769 2381 constitutionibus
1781 2351 1964 2399 [Jgjjssffifgfss‘011-

1026 2405 1058 2433 et
1083 2400 1344 2434 ordinationibus
1369 2400 1568 2443 apostolicis⁷
1594 2411 1639 2440 ac,
1661 2406 1771 2444 quate·

1024 2465 1083 2487 nus
1110 2464 1191 2497 opus
1216 2453 1268 2493 sit,
1295 2453 1424 2485 Ordinis
1449 2458 1480 2485 ct
1504 2453 1766 2496 Congregationi-

1024 2507 1084 2539 bus
1112 2506 1317 2546 huiusmodi,
1345 2505 1439 2538 etiam
1477 2506 1667 2545 iuramento,
1693 2516 1769 2539 con-

1025 2559 1208 2592 firmatione
1234 2558 1433 2601 apostolica,
1459 2559 1508 2591 vel
1535 2559 1645 2601 quavis
1672 2558 1769 2592 sirmi-

1062 2622 1072 2647 1
1096 2620 1207 2648 Videtur
1227 2621 1324 2648 deesse
1343 2621 1453 2655 gestari
1472 2620 1558 2649 solita
1578 2621 1615 2656 (R.
1631 2622 1679 2657 13).
