2232 3178
263 247 312 274 An.
329 246 358 275 C.
381 246 447 275 {738
493 238 558 272 438

456 295 510 333 las,
534 300 562 325 et
584 295 713 334 quinque
737 294 801 324 illos
828 294 993 331 eligibiles,
1021 294 1070 333 qui
1099 295 1196 334 plures

456 353 540 374 voces
563 344 722 373 habuerint
738 344 765 372 in
781 343 937 382 praedictis
954 342 1096 372 vocalium
1113 343 1196 372 sche-

456 392 544 429 dulis,
567 392 711 430 eligibiles
734 392 901 427 declarare,
925 396 953 421 et
975 391 1109 421 omnibus
1132 401 1196 429 gre-

457 441 593 470 mialibus
605 450 672 470 suae
689 440 815 470 familiae
832 441 1017 470 manifestare
1035 440 1193 478 tenebitur,

457 490 633 519 ostendendo
667 490 725 519 illis
757 489 946 525 schedulam,
985 498 1072 519 mann
1110 490 1218 519 unius⁴

456 538 627 568 scrutatoris
649 538 799 577 scriptam,
836 537 1034 577 subscriptam
1072 537 1107 567 ab
1139 538 1195 567 alio

457 591 619 616 scrutatore
636 611 643 624 ,
669 590 697 616 et
719 586 863 624 signatam
887 595 900 616 a
925 596 954 616 se
977 587 1040 626 ipso
1064 587 1195 626 praeside

458 635 598 671 familiae3
624 639 652 664 et
674 635 770 664 statim
795 635 869 665 hanc
901 644 970 665 suae
1003 635 1195 673 regulationis

457 683 625 713 schedulam
660 683 749 713 totius
778 683 900 722 capituli
933 684 1059 723 praesidi
1083 684 1195 713 tradere

457 731 620 762 tenebitur:
638 741 754 771 praeses
769 732 908 769 familiae,
923 742 957 762 ex
974 742 1029 772 qua
1046 742 1196 762 assumen-

457 780 510 811 dus
542 786 586 811 est
609 781 741 810 minister
763 781 909 819 generalis
924 805 931 819 ‚
957 785 987 811 ut
1009 791 1126 820 praeses
1150 790 1197 811 ca-

457 829 554 868 pituli,
579 833 639 860 toto
661 830 788 870 capitulo
811 831 978 860 manifestet
994 839 1056 860 eam
1079 834 1145 860 ante
1168 839 1196 859 e-

457 878 624 909 lectionem.

496 936 534 957 IV.
559 928 667 957 Eadem
690 928 764 958 feria
782 937 809 958 Vt
831 928 926 958 simile
944 929 991 958 fiet
1007 928 1194 964 scrutinium,

456 976 486 1006 in
509 986 565 1016 quo
588 978 791 1017 unusquisque
814 979 957 1008 vocalium
981 978 1100 1014 scribat,
1130 977 1197 1007 seli-

457 1026 550 1063 gendo
574 1036 606 1056 ex
631 1027 761 1064 catalogo
784 1027 862 1056 inter
890 1031 972 1066 aptos
1002 1027 1036 1056 ad
1065 1026 1198 1055 definito-

457 1075 497 1104 ris
519 1074 647 1104 officium
681 1084 732 1113 pro
754 1076 807 1104 sua
829 1075 937 1104 familia
960 1075 1132 1111 duodecim,
1166 1079 1197 1104 ut

458 1132 492 1153 ex
515 1122 651 1153 omnibus
674 1123 821 1153 schedulis
839 1146 846 1160 ,
870 1123 1022 1153 duodecim
1049 1123 1198 1153 continen-

458 1172 535 1202 tibus
553 1195 560 1209 ,
585 1181 598 1201 a
622 1171 833 1202 scrutatoribus
866 1177 894 1202 et
917 1173 1049 1211 praeside
1071 1172 1198 1201 familiae

458 1221 597 1259 regulatis
621 1221 750 1259 vocibus,
772 1221 936 1259 duodecim,
959 1221 1008 1260 qui
1033 1222 1132 1260 plures
1152 1231 1199 1251 vo-

458 1279 506 1300 ces
528 1279 615 1309 quam
638 1270 727 1300 ceteri
751 1270 887 1308 habeant,
912 1270 1078 1300 scribantur
1095 1271 1124 1299 in
1142 1270 1199 1299 alia

459 1319 600 1349 schedula
621 1320 705 1348 modo
728 1319 816 1357 (licto,
841 1324 869 1349 et
891 1319 1029 1349 similiter
1051 1319 1197 1358 publicata

459 1372 606 1407 postrema
637 1367 774 1397 schedula
805 1372 837 1398 ut
867 1368 902 1397 de
932 1368 1062 1407 proxime
1085 1367 1199 1405 eligibi-

459 1415 537 1446 libus
559 1419 692 1451 constet,
718 1416 847 1446 tradatur
869 1416 1006 1455 praesidi.
1040 1415 1069 1445 Si
1103 1420 1198 1445 autem

460 1465 614 1503 contigerit
649 1465 724 1504 quod
760 1465 789 1494 in
826 1464 1019 1502 eligibilitatis
1058 1464 1199 1494 scrutinio

460 1514 516 1543 duo
538 1514 584 1544 vel
607 1518 665 1544 tres
688 1514 839 1553 aequalem
868 1522 1025 1543 numerum
1047 1513 1201 1552 suffragio-

459 1572 523 1593 rum
557 1572 608 1593 seu
632 1572 734 1592 vocum
757 1562 904 1599 habeant,
928 1562 970 1592 illi
991 1571 1092 1592 omnes
1114 1572 1201 1601 repu-

460 1615 560 1642 tentur
581 1611 737 1650 eligibiles.
761 1611 790 1641 Si
813 1621 882 1641 vero
905 1611 1072 1641 huiusmodi
1095 1621 1201 1650 aequa-

459 1660 526 1690 litas
548 1661 714 1700 reperiatur
731 1683 738 1697 ,
762 1660 876 1700 quando
899 1660 954 1690 iam
989 1660 1023 1690 ad
1044 1669 1199 1690 numerum

460 1709 635 1748 eligibilium
658 1709 751 1739 solum
775 1709 911 1739 deficiant
934 1718 1009 1739 unus
1024 1733 1031 1747 ,
1066 1709 1123 1738 duo
1156 1709 1200 1738 vel

461 1762 537 1796 tres,
562 1762 632 1788 tunc
654 1758 834 1797 antiquiores
864 1758 893 1787 in
917 1758 1096 1797 professione
1120 1757 1202 1796 eligi-

460 1806 533 1836 biles
566 1810 749 1846 reputentur.
784 1806 940 1843 Ceterum,
964 1806 988 1835 si
1010 1806 1070 1835 fere
1102 1815 1202 1835 omnes

461 1864 546 1885 voces
569 1855 751 1893 singulorum
768 1855 912 1885 vocalium
936 1864 988 1894 pro
1007 1854 1130 1891 duobus,
1152 1855 1203 1884 tri-

461 1903 516 1934 bus
538 1908 588 1934 aut
610 1908 736 1943 quatuor
757 1903 937 1942 eligibilibus
960 1903 1158 1942 reperiantur,
1175 1908 1203 1933 et

462 1953 644 1991 singularis¹
669 1962 720 1992 pro
744 1953 809 1982 aliis
836 1953 886 1983 fiat
912 1953 1073 1983 secundum
1100 1953 1203 1983 scruti-

463 2001 545 2031 nium
562 2001 596 2031 ad
617 2001 833 2039 eligibilitatem
857 2001 973 2031 illorum
996 2001 1045 2040 qui
1063 2011 1154 2040 usque
1169 2000 1203 2030 ad

463 2059 618 2080 numerum
643 2050 775 2089 proxime
797 2050 971 2088 eligibilium
993 2050 1150 2080 defuerint.
1174 2050 1202 2080 Si

463 2099 529 2138 quis
551 2103 647 2128 autem
670 2099 806 2128 inventus
829 2099 927 2132 fuerit,
951 2108 981 2128 se
998 2099 1093 2138 ipsum
1110 2099 1204 2128 nomi-

463 2157 548 2178 nasse
570 2148 600 2177 in
623 2148 764 2177 schedula
785 2148 952 2178 selectionis
980 2148 1015 2177 ad
1037 2147 1205 2185 eligibilita-

464 2196 500 2226 tis
535 2196 737 2233 scrutinium,
771 2205 804 2226 eo
840 2197 903 2236 ipso
935 2196 1108 2234 ineligibilis
1141 2196 1202 2232 sit,

464 2245 609 2284 quamvis,
633 2245 749 2275 seclusa
773 2255 842 2275 voce
864 2245 955 2281 illius,
976 2250 1088 2275 ceteras
1104 2254 1205 2275 omnes

464 2294 569 2324 haheat
592 2304 643 2334 pro
665 2304 706 2324 se.
731 2295 875 2324 Caveatur
897 2295 997 2324 stricte
1029 2304 1065 2324 ne
1094 2299 1204 2324 scruta-

465 2347 543 2373 tores
564 2343 617 2373 ulli
638 2343 784 2373 vocalium
806 2343 935 2373 revelare
958 2343 1084 2372 audeant
1103 2351 1205 2372 nume-

465 2401 531 2422 rum
555 2401 670 2430 vocum,
695 2401 766 2431 quas
788 2391 930 2422 habuerat
953 2392 1070 2431 aliquis,
1089 2392 1138 2431 qui
1155 2391 1205 2421 eli-

466 2441 564 2479 gibilis
588 2441 765 2480 publicatur.

506 2499 534 2519 v.
558 2490 655 2520 Factis
677 2490 713 2520 ab
731 2490 907 2529 unthuaque
923 2488 1034 2519 familia
1050 2488 1206 2528 praedictis

467 2539 629 2575 scrutiniis,
653 2539 818 2578 traditaque
841 2538 966 2578 praesidi
989 2538 1109 2578 capituli
1126 2539 1207 2568 sche-

468 2588 538 2619 dula
559 2587 744 2626 eligibilium,
767 2588 852 2618 modo
874 2588 952 2618 dicto
975 2587 1127 2618 efformata
1157 2597 1207 2628 pro

507 2644 516 2670 1
541 2642 580 2668 An
601 2646 674 2669 recta
695 2641 774 2670 lectio
795 2641 898 2669 iudicet
916 2641 988 2669 scius
1006 2643 1044 2677 (n.
1060 2642 1108 2677 T.)-

1034 246 1214 271 BULLARIUM
1238 245 1394 271 ROMANUM

1239 294 1417 332 eligibilibus
1449 303 1519 324 suae
1550 294 1699 330 familiae,
1733 303 1853 334 praeses
1887 294 1975 325 totius

1239 342 1359 381 capituli
1383 342 1521 372 familiam
1545 343 1701 381 generaliS,
1721 343 1770 382 qui
1793 343 1894 382 spirat,
1913 352 1976 373 cer-

1240 390 1343 420 tiorem
1378 391 1465 420 faciat
1497 391 1532 420 de
1565 391 1748 429 eligibilitate
1771 391 1827 421 sibi
1850 392 1919 421 nota.
1941 391 1975 421 ad

1239 439 1396 468 electiones
1429 439 1560 478 proxime
1593 440 1707 470 futuras
1729 449 1744 470 a
1767 444 1825 470 toto
1848 439 1976 479 capitulo

1239 487 1396 517 faciendas.

1279 544 1317 565 vi.
1340 536 1369 565 δί
1392 536 1420 565 in
1437 536 1534 575 aliquo
1550 538 1689 567 scrutinio
1708 537 1913 576 eligibilitatis‚
1932 537 1976 567 vel

1239 593 1326 623 supra
1344 593 1387 620 eo,
1405 585 1520 624 aliquae
1542 586 1726 615 difficultates
1748 589 1913 623 occurrant,
1929 585 1979 615 de-

1240 633 1444 663 terminandae
1467 638 1534 664 sunt
1556 643 1570 663 a
1593 634 1757 664 definitorio
1786 634 1915 672 generali
1947 643 1977 663 e-

1239 681 1351 711 iusdem
1375 682 1514 719 familiae,
1539 683 1622 712 cuius
1644 683 1817 713 resolutioni
1840 682 1977 713 standum

1239 730 1295 760 erit
1318 730 1370 760 sub
1394 732 1487 770 poena
1509 731 1544 761 ad
1566 731 1719 762 arbitrium
1752 731 1844 771 ipsius
1876 731 1979 761 defini-

1240 779 1317 809 torii.

1279 837 1325 858 vu.
1349 829 1399 859 llis
1421 829 1556 859 omnibus
1572 829 1673 859 eadem
1689 829 1763 859 feria
1778 838 1806 859 ri
1822 829 1977 869 expeditis,

1241 878 1374 917 sequenti
1397 878 1454 916 die,
1478 878 1599 908 sabbato
1625 887 1741 918 nempe,
1759 883 1786 909 et
1803 878 1915 918 prima¹
1938 878 1980 908 di-

1218 952 1220 957 .
1240 927 1337 956 luculo
1361 932 1504 965 cantetur,
1529 927 1733 957 assistentibus
1755 927 1890 957 omnibus
1913 927 1981 957 reli-

1240 976 1341 1014 giosis,
1376 976 1461 1005 missa
1494 976 1632 1005 solemnis
1667 976 1702 1006 de
1734 976 1845 1015 Spiritu
1874 976 1980 1006 Sancto

1241 1033 1307 1054 cum
1330 1025 1609 1054 commemoratione
1631 1025 1662 1055 B.
1681 1025 1810 1062 Virginis
1825 1024 1933 1054 Mariae
1952 1028 1981 1054 et

1241 1077 1411 1103 sanctorum
1435 1078 1600 1103 nostrorum
1625 1073 1870 1113 patriarcharum.
1889 1073 1980 1103 Idem-

1241 1132 1297 1162 que
1320 1123 1407 1152 etiam
1432 1123 1481 1152 fiat
1514 1123 1542 1152 in
1578 1122 1714 1152 omnibus
1739 1122 1931 1152 conventibus
1953 1126 1981 1152 et

1242 1172 1373 1209 collegiis
1395 1171 1513 1201 Ordinis
1536 1181 1588 1210 pro
1612 1172 1687 1201 felici
1711 1171 1833 1210 capituli
1861 1175 1978 1201 eventu.

1243 1221 1282 1250 Ac
1299 1225 1448 1260 praeterea
1466 1221 1495 1250 in
1513 1221 1648 1251 omnibus
1666 1221 1811 1257 domibus,
1829 1225 1888 1251 toto
1908 1224 1981 1250 tem-

1243 1279 1311 1309 pore
1333 1270 1464 1309 capituli,
1484 1270 1648 1300 communis
1670 1274 1697 1300 et
1722 1270 1908 1309 particularis
1932 1270 1981 1300 fiat

1243 1319 1335 1349 oratio
1359 1324 1389 1348 ut
1412 1319 1487 1349 Deus
1510 1319 1656 1349 illuminet
1671 1319 1849 1358 capitulares
1870 1319 1904 1349 ad
1927 1319 1982 1348 hoc

1243 1372 1274 1398 ut
1297 1369 1489 1398 conformiter
1511 1368 1608 1398 omnia
1631 1368 1740 1398 faciant
1767 1372 1796 1398 et
1823 1372 1982 1407 operentur

1243 1417 1278 1446 ad
1302 1417 1442 1447 maiorem
1466 1417 1584 1447 Domini
1614 1417 1736 1455 gloriam
1770 1420 1798 1447 et
1829 1416 1982 1455 religionis

1245 1466 1399 1495 utilitatem
1424 1469 1451 1495 et
1473 1466 1698 1496 incrementum.

1283 1522 1341 1544 vm.
1359 1514 1453 1543 Finita
1471 1513 1569 1551 missa,
1588 1524 1705 1553 praeses
1721 1514 1840 1554 capituli
1853 1513 1983 1553 (etiamsi

1245 1563 1318 1592 forte
1351 1562 1456 1601 aliquis
1489 1563 1534 1592 vel
1567 1563 1656 1602 aliqui
1685 1572 1723 1592 ex
1751 1563 1901 1593 vocalibus
1923 1572 1982 1593 non

1245 1611 1454 1650 pervenerint)
1477 1610 1576 1640 iubeat
1599 1611 1663 1641 sieri
1685 1612 1801 1650 signum
1817 1621 1882 1642 cum
1906 1621 1984 1651 cym-

1222 1671 1224 1676 ·
1245 1659 1309 1689 balo
1332 1660 1367 1689 ad
1390 1660 1549 1699 capitulum
1579 1660 1734 1698 generale3
1769 1665 1797 1691 et
1828 1665 1982 1700 postquam

1245 1718 1349 1738 omnes
1372 1709 1529 1747 gremiales
1551 1713 1768 1748 congregentur
1790 1711 1820 1740 in
1843 1710 1912 1740 aula
1939 1720 1984 1740 ca-

1246 1758 1379 1797 pitulari,
1403 1758 1482 1788 illico
1504 1767 1600 1788 coram
1618 1758 1754 1788 omnibus
1770 1768 1886 1798 praeses
1908 1759 1984 1799 capi-

1247 1807 1298 1836 tuli
1321 1807 1491 1836 concionem
1514 1806 1620 1837 haheat
1642 1807 1823 1846 spiritualem
1846 1807 1984 1838 idiomate

1246 1855 1382 1885 omnibus
1405 1856 1569 1892 communi,
1595 1856 1738 1886 hortando
1767 1857 1881 1886 vocales
1899 1860 1931 1887 ut
1952 1857 1983 1887 in

1246 1903 1382 1933 omnibus
1405 1904 1569 1934 actionibus
1585 1909 1612 1934 et
1627 1904 1819 1935 electionibus
1833 1914 1902 1944 prae
1917 1914 1985 1936 ocu-

1247 1952 1281 1981 lis
1304 1952 1429 1982 habeant
1463 1952 1601 1982 maiorem
1630 1953 1680 1983 Dei
1710 1953 1832 1991 gloriam
1862 1957 1890 1983 et
1918 1953 1985 1984 reli-

1247 2000 1342 2039 gionis
1365 2001 1591 2031 incrementum.

1286 2059 1326 2080 1x.
1351 2050 1560 2080 Exhortatione
1583 2050 1676 2088 finita,
1700 2054 1731 2080 ut
1752 2051 1816 2081 sine
1846 2050 1984 2090 scrupulo

1248 2099 1281 2129 ad
1306 2099 1463 2129 electiones
1487 2100 1673 2138 procedatur,
1697 2100 1862 2138 genuflexis
1891 2099 1985 2130 omni-

1248 2147 1321 2185 bus,
1350 2157 1468 2187 praeses
1491 2148 1525 2178 ad
1547 2149 1690 2178 cautelam
1714 2149 1780 2178 illos
1802 2148 1932 2178 absolvat
1949 2147 1985 2178 ab

1248 2197 1384 2226 omnibus
1407 2201 1434 2227 et
1457 2197 1689 2236 quibuscumque
1717 2198 1867 2234 censuris,
1891 2197 1986 2228 forma

1249 2247 1394 2285 sequenti.
1415 2246 1522 2276 Omnes
1544 2246 1641 2276 dicent
1663 2247 1876 2276 confessionem
1899 2255 1987 2285 gene·

1248 2295 1357 2333 ralem,
1382 2299 1410 2325 et
1434 2304 1549 2334 praeses
1578 2295 1698 2334 capituli
1722 2299 1917 2334 prosequatur
1943 2295 1986 2325 di-

1249 2352 1332 2374 cens:
1348 2344 1514 2373 illiserealztr
1528 2345 1617 2378 vestri,
1633 2348 1686 2373 etc.
1705 2343 1915 2381 Indulgentzam,
1930 2347 1985 2374 etc.

1249 2393 1280 2424 Si
1301 2393 1431 2422 tenemini
1453 2393 1545 2431 aliquo
1566 2392 1610 2422 vel
1631 2392 1768 2431 aliquibus
1794 2392 1912 2422 vinculis
1938 2401 1986 2421 eec-

1249 2442 1520 2478 commum'cationis,
1552 2443 1739 2480 suspensionis
1761 2446 1808 2471 aut
1829 2441 1984 2475 interdicti,

1251 2493 1276 2521 ιἰι
1300 2495 1432 2530 quantum
1454 2500 1480 2519 se
1502 2491 1650 2519 emendant
1663 2490 1785 2529 qralz'ae2
1800 2494 1825 2520 et
1837 2490 1986 2529 privilegia

1252 2539 1354 2570 Orclini
1376 2543 1466 2569 nostro
1488 2539 1595 2568 indulta
1618 2539 1686 2569 mihi
1707 2540 1848 2569 commissa
1869 2542 1895 2568 et
1913 2537 1986 2568 nobis

1288 2599 1297 2624 1
1322 2597 1423 2625 Forsan
1440 2597 1540 2632 primo
1559 2599 1599 2631 (u.
1614 2597 1666 2630 Τ.).

1285 2641 1302 2669 2
1322 2641 1391 2670 Edit.
1414 2641 1494 2670 Μαίη.
1516 2640 1581 2677 legit
1599 2641 1700 2676 qratia
1719 2641 1758 2677 (n.
1774 2641 1823 2676 ¹12).

1981 236 2079 276 Anfc.
2098 249 2160 281 1⁷³8
