2232 3178
295 215 345 244 An.
365 213 393 241 c.
418 214 484 241 ¹740
528 205 592 239 646

487 264 588 303 spiritu
612 273 654 292 ros
670 263 798 301 gubernet
821 264 898 293 furtu
922 268 1026 294 nostrus
1052 265 1224 294 consuetudi-

488 322 542 349 nes,
565 314 768 342 constitutiones
790 317 815 342 et
837 313 979 351 reginum,-
1002 314 1126 352 quocirca
1148 323 1225 342 mun-

487 361 583 389 damus
605 361 675 389 vobis
698 362 725 390 t'u
747 362 850 391 virtute
872 366 979 390 sanctae
997 362 1172 399 obedientiae,
1197 366 1225 390 ut

489 409 572 437 eidem
595 409 739 437 secumlmn
764 414 871 438 nostrae
899 411 1113 448 conyremtionis
1145 420 1224 448 reflu-

489 456 542 484 luni
570 458 709 495 pareatis,
743 467 858 496 eumque
889 458 1009 487 abbatem
1040 469 1088 487 seu
1118 463 1225 497 putrem

489 508 613 534 nostrum
648 506 808 544 appelletis,
845 508 953 545 ipsique
988 507 1071 536 ueluti
1104 507 1225 543 lefst'tt'nte

485 553 641 591 praeposito
663 558 748 583 restro
780 554 897 583 delutum
930 555 1122 593 obedientium,
1146 556 1225 584 liono-

486 612 542 630 rem
566 607 645 640 atque
666 604 849 633 reuerentiam
871 604 1030 633 exhibeatis.
1053 604 1085 633 St'
1106 606 1167 642 qujs
1183 604 1226 633 itti

486 649 592 678 subesse
614 650 752 686 noluerit,
777 653 880 680 nouerit
901 662 927 680 se
959 662 1071 681 suorum
1101 656 1225 681 votorum

487 701 713 736 transgressorem
729 700 805 736 sore.
828 699 986 729 Benedictio
1008 701 1042 729 sit
1064 710 1146 739 super
1167 700 1225 729 obe-

486 747 599 776 dientes.
623 747 725 776 Datum
746 748 775 777 in
791 749 953 777 monasterio
974 748 1008 778 N.
1026 749 1069 777 die
1084 748 1119 778 N.
1136 758 1226 778 meuse

487 795 520 826 N.
540 805 611 824 anno
632 795 666 826 N.
686 813 720 817 —
745 796 924 834 congregatio
947 797 1170 835 lte-q'umenorum.
1187 814 1225 819 -

486 843 615 882 Sigillum
630 846 648 881 †
661 845 798 883 generalis
812 849 836 874 ct
855 845 1076 883 tzeyumenorum.
1098 845 1166 876 Cum
1182 846 1225 876 di-

487 897 548 921 ctae
571 892 685 922 litterae
707 893 740 922 ad
764 893 971 923 monasterium
989 894 1132 932 venerint,
1151 903 1225 924 unus

486 949 521 969 ex
538 940 684 976 fratribus,
703 941 823 980 reliquis
840 941 1036 979 audientibus,
1054 942 1083 972 in
1102 942 1223 972 ecclesia

487 988 531 1017 vel
555 989 721 1027 refectorio,
745 989 849 1019 abbate
865 990 956 1020 electo
973 994 1136 1029 praesente,
1160 991 1224 1020 illas

487 1035 578 1074 legat:
602 1037 743 1076 finitaque
776 1038 921 1074 lectione,
955 1039 1094 1068 continuo
1127 1039 1224 1068 abbati

486 1085 578 1115 electo
600 1086 645 1115 vel
668 1086 855 1124 confirmato,
879 1096 980 1116 omnes
1009 1088 1223 1125 genuflectant3

486 1134 574 1163 abbas
597 1144 665 1164 vero
687 1135 723 1164 iis
745 1134 909 1172 benedicat,
933 1136 1051 1166 dicens:
1075 1136 1225 1166 Benedicat

486 1192 531 1211 vos
562 1185 731 1222 omnipotens
764 1183 837 1213 Deus
852 1208 859 1221 ‚
883 1184 969 1214 Pater
997 1189 1021 1213 et
1048 1184 1138 1214 Filius
1160 1186 1178 1221 †
1200 1189 1225 1213 et

486 1230 608 1268 Spiritus
640 1230 767 1260 Sanctus.
792 1231 826 1261 Et
858 1233 1044 1271 respondent,
1067 1233 1165 1262 Amen.
1189 1233 1225 1263 Et

486 1283 623 1317 surgunt,
647 1280 768 1319 eiusque
791 1289 908 1310 manum
925 1282 1105 1311 osculantur.
1128 1281 1225 1312 Abbas

488 1336 557 1357 suae
589 1327 741 1358 electionis
777 1333 907 1367 patentes
939 1329 1052 1359 litteras
1085 1330 1161 1369 apud
1195 1339 1225 1359 se

486 1376 646 1413 custodiam
670 1386 794 1416 cumque
816 1382 923 1408 statuto
942 1382 1070 1418 tempore
1092 1383 1227 1409 exaucto-

486 1429 578 1462 ratus,
602 1425 646 1455 vel
678 1425 868 1456 confirmatus
896 1427 996 1466 fuerit,
1020 1427 1115 1458 abbati
1139 1437 1225 1466 gene-

485 1472 541 1502 rali
563 1473 628 1503 illas
661 1474 808 1504 restituet.
832 1474 1014 1506 Secretarius
1046 1480 1142 1506 autem
1166 1486 1226 1506 mo-

485 1521 606 1550 nasterii
629 1531 677 1551 eas
699 1522 733 1552 de
753 1521 843 1552 verbo
865 1523 900 1552 ad
928 1523 1048 1553 verbum
1081 1523 1226 1554 describat

485 1571 514 1598 et
536 1568 565 1598 in
589 1569 706 1599 archivo
728 1574 860 1609 reponat.
884 1571 1079 1610 Sequentibus
1094 1581 1142 1602 sex
1166 1572 1227 1602 die-

486 1616 539 1647 bus
567 1618 597 1647 in
625 1619 849 1657 congregatione
872 1620 1102 1658 hegumenorum
1125 1621 1160 1651 de
1181 1630 1226 1651 re-

486 1666 542 1696 bus
577 1667 612 1696 ad
648 1668 822 1697 universum
861 1668 994 1699 ordinem
1025 1670 1226 1709 spectantibus

486 1718 599 1753 agetur.

527 1773 554 1792 v.
578 1764 607 1793 Si
631 1773 697 1794 vero
712 1766 899 1804 congregatio
915 1765 1147 1805 hegumenorum
1167 1777 1224 1798 non

487 1816 550 1852 post
571 1814 826 1852 congregationem
859 1816 1043 1854 generalem,
1068 1816 1119 1846 sed
1143 1826 1226 1855 prae-

486 1861 596 1891 stitutis
616 1862 798 1901 temporibus
819 1863 880 1893 suis
902 1864 962 1901 siat,
985 1865 1080 1904 primo
1113 1865 1160 1895 die
1191 1866 1226 1895 de

486 1911 668 1949 gravioribus
690 1912 816 1950 negotiis
838 1913 982 1951 agendum
1011 1914 1075 1951 erit,
1100 1918 1227 1954 postmo-

486 1960 555 1989 dum
577 1960 688 1999 reliqua
711 1960 897 1991 deliniantur.

525 2017 564 2038 vi.
586 2008 756 2039 Terminata
778 2010 1013 2050 congregatione,
1031 2011 1155 2042 describi
1177 2021 1227 2043 cu-

486 2060 552 2086 rent
584 2066 599 2086 a
633 2057 790 2087 secretario
822 2062 885 2088 acta
918 2059 1034 2098 omnia,
1068 2060 1226 2090 electiones

487 2105 656 2135 officialium
678 2109 706 2135 et
728 2106 968 2144 constitutiones,
991 2108 1015 2138 si
1038 2117 1111 2147 quae
1134 2109 1226 2139 sactae

488 2153 613 2191 fuerint3
636 2153 790 2194 sigilloque
813 2159 841 2185 et
864 2156 985 2195 propria
1006 2157 1154 2195 generalis
1187 2161 1227 2187 at-

488 2210 545 2241 que
568 2202 800 2240 liegumenorum
823 2203 1037 2243 subscriptione
1061 2205 1225 2243 firmentur,

487 2254 516 2279 et
537 2250 566 2279 in
589 2250 706 2280 archivo
729 2256 919 2290 reponantur.
943 2252 1020 2287 Quae
1036 2263 1105 2283 vero
1127 2263 1227 2284 mona-

487 2296 550 2326 chis
580 2297 772 2334 significanda
805 2303 892 2337 sunt,
915 2308 947 2328 ea
980 2309 1031 2338 per
1064 2301 1226 2340 encyclicas

488 2345 599 2375 litteras
619 2356 634 2375 a
657 2347 785 2384 generali
807 2350 836 2377 et
858 2347 1028 2386 hegumenis
1046 2349 1225 2388 subscriptas

489 2394 702 2432 significentur.
731 2395 902 2435 Exemplum
936 2400 1032 2426 autem
1060 2397 1225 2428 litterarum

489 2443 632 2481 omnium,
656 2453 729 2483 quae
745 2444 864 2474 nomine
880 2446 1117 2484 congregationis
1140 2447 1226 2476 huius

489 2492 654 2531 mittentur,
679 2501 694 2522 a
718 2493 875 2523 secretario
904 2493 1035 2524 eiusdem
1067 2504 1226 2533 congrega-

490 2541 577 2570 tionis
599 2541 777 2580 descriptum
801 2546 916 2571 maneat
941 2542 969 2572 in
1002 2542 1077 2572 libro
1098 2547 1226 2581 regesto-

489 2597 566 2628 rum,
590 2589 639 2628 qui
662 2589 691 2619 in
707 2590 932 2628 congregatione
948 2591 1077 2629 generali
1094 2593 1225 2622 tradatur

1070 215 1253 241 BULLARIUM
1277 216 1435 241 ROMANUM

1268 275 1341 295 novo
1363 265 1458 296 abbati
1481 266 1610 304 generali
1632 270 1659 296 et
1682 267 1768 297 novis
1791 267 1961 306 hegumenis
1976 266 2006 297 in

1267 315 1386 344 archivo
1408 315 1603 353 reponendus.

1307 372 1326 392 1.
1351 363 1544 402 Congrcgatio
1561 363 1727 402 provinciae
1743 373 1918 404 unoquoque
1930 373 2006 395 anno
2060 380 2109 400 cst,
2123 380 2161 402 ιν,

1268 421 1320 451 per
1342 412 1472 441 triduum
1508 412 1674 442 celebretur
1708 412 1743 442 ab
1767 413 1868 443 abbate
1891 413 2007 452 provin·
2017 432 2039 451 ῃ,

1268 461 1330 490 ciac
1352 465 1380 490 et
1403 460 1557 490 abbatibus
1587 461 1832 491 monasteriorum
1864 460 2201 506 subiecto-fgssssrffmssfflss·

1268 517 1349 545 rum;
1384 509 1574 546 congregatio
1597 518 1667 538 vero
1701 509 1945 539 monasteriorum
1974 509 2006 539 fit

1268 556 1398 595 quolibet
1421 566 1519 586 mense
1555 566 1606 595 per
1635 566 1724 586 unum
1748 557 1825 586 diem
1847 556 1882 586 ab
1904 557 2007 587 abbate

1268 605 1437 634 monasterii
1461 609 1489 634 et
1512 605 1664 635 monachis
1696 605 1831 635 omnibus
1854 605 2003 644 professis.

1267 653 1395 682 Primam
1432 658 1529 682 autem
1564 653 1666 683 indicit
1703 653 1792 683 abbas
1826 653 2005 692 provinciae,

1267 701 1389 730 alteram
1411 701 1499 731 abbas
1526 701 1712 731 monasterii:
1747 705 1775 731 et
1807 701 1856 731 illa
1889 701 2006 741 quidem

1268 759 1326 779 uno
1349 749 1452 779 saltem
1477 759 1574 780 mense
1604 754 1669 780 ante
1702 750 1894 780 constitutum
1929 749 2006 780 diem

1268 797 1427 836 significari
1460 797 1592 828 debebit:
1631 799 1701 829 haec
1724 807 1793 828 vero
1826 798 1919 828 tribus
1941 802 2007 828 ante

1268 846 1380 877 diebus.

1307 905 1337 925 n.
1361 895 1421 931 Quo
1448 905 1546 926 mense
1576 895 1704 926 facienda
1734 895 1791 925 erit
1818 894 2007 934 congregatio

1268 944 1445 983 provinciae,
1464 944 1676 983 praemittenda
1693 948 1736 974 est
1751 948 1915 983 opportuno
1935 947 2008 974 tem-

1268 1001 1338 1031 pore
1360 992 1548 1030 congregatio
1571 992 1803 1032 uniuscuiusque
1825 992 2005 1031 monasterii,

1267 1045 1299 1070 ut
1320 1041 1348 1070 in
1373 1045 1508 1080 promptu
1531 1040 1636 1070 habeat
1651 1040 1751 1078 abbas,
1768 1041 1792 1070 si
1807 1041 1877 1080 quid
1892 1041 1926 1071 ad
1943 1050 2006 1071 eam

1267 1089 1520 1127 congregationem
1555 1089 1741 1118 referendum
1782 1089 1830 1118 sit.
1866 1088 2008 1118 Similiter

1267 1146 1324 1176 quo
1342 1145 1418 1166 anno
1433 1136 1629 1166 celebrabitur
1644 1137 1833 1174 congregatio
1848 1136 2005 1175 generalis,

1268 1190 1432 1224 opportune
1455 1185 1660 1224 praemittatur
1681 1185 1867 1223 congregatio
1888 1185 2006 1224 provin-

1268 1233 1340 1263 ciae.

1307 1291 1348 1311 111.
1372 1281 1595 1320 Congregationi
1623 1281 1802 1321 provinciae,
1820 1284 1936 1320 praeter
1957 1280 2008 1311 ab·

1267 1329 1348 1360 bates
1362 1330 1619 1368 monasteriorum,
1636 1330 1771 1360 intererit
1786 1330 1882 1360 socius
1895 1329 2007 1360 abbatis

1268 1380 1498 1420 uniuscuiusque
1531 1380 1702 1410 monasterii
1734 1389 1749 1409 a
1782 1379 2007 1418 congregatione

1268 1429 1477 1459 monachorum
1501 1429 1664 1467 eligendus.
1695 1428 1763 1458 Eius
1785 1432 1881 1458 autem
1904 1428 2007 1459 electio

1268 1477 1331 1507 sieri
1355 1477 1441 1508 debet
1470 1477 1563 1507 tribus
1591 1477 1693 1507 saltem
1723 1476 1825 1507 diebus
1850 1481 2007 1516 antequam

1268 1525 1303 1555 ad
1335 1525 1591 1564 congregationem
1623 1524 1790 1564 provinciae
1820 1525 2004 1564 procedatur,

1268 1578 1299 1604 ut
1318 1574 1467 1604 sussiciens
1490 1577 1604 1613 tempus
1636 1573 1739 1604 habeat
1771 1573 1806 1603 ad
1833 1573 2006 1604 sumendum

1268 1622 1503 1653 informationem
1536 1622 1571 1652 de
1602 1626 1678 1652 statu
1711 1622 1891 1660 monasterii,
1914 1622 2007 1661 deque

1268 1672 1395 1711 querelis
1429 1676 1457 1702 et
1488 1672 1584 1701 causis
1606 1672 1838 1702 monachorum:
1860 1671 1937 1702 idem
1963 1671 2007 1700 di-

1268 1721 1393 1750 cendum
1409 1720 1444 1750 de
1462 1720 1534 1750 socii
1549 1719 1686 1750 abbatum
1702 1720 1737 1750 ad
1753 1720 2006 1758 congregationem

1268 1768 1435 1807 generalem
1471 1768 1612 1798 discessu.
1646 1767 1749 1798 Omnia
1784 1771 1897 1806 autem,
1931 1776 2006 1807 quae

1269 1817 1366 1847 socius
1388 1816 1607 1854 congregationi
1623 1815 1753 1854 generali
1772 1815 1817 1845 vel
1836 1815 2009 1855 provinciali

1269 1866 1388 1895 nomine
1418 1864 1627 1895 monachorum
1657 1863 1872 1903 praesentabit,
1899 1863 2008 1894 debent

1269 1922 1332 1943 esse
1354 1912 1407 1943 sub
1429 1912 1525 1951 sigillo
1548 1912 1720 1943 monasterii
1745 1912 1844 1942 clausa
1865 1916 1894 1943 et
1914 1912 1950 1943 ab
1971 1912 2008 1942 iis

1269 1961 1443 2001 subscripta.

1308 2019 1348 2040 lv.
1371 2009 1403 2040 In
1426 2010 1551 2049 utraque
1580 2009 1806 2049 congregatione
1835 2009 1911 2040 idem
1938 2008 2007 2040 ordo

1269 2062 1413 2096 servetur,
1441 2058 1476 2088 de
1509 2067 1566 2097 quo
1599 2067 1687 2097 supra
1719 2058 1749 2087 in
1781 2058 2008 2097 congregatione

1269 2108 1502 2146 hegumenorum
1535 2106 1646 2137 dictum
1678 2111 1721 2137 est
1752 2116 1834 2137 num.
1857 2116 1887 2137 111
1918 2111 1946 2138 et
1966 2115 2005 2137 vi.

1268 2155 1451 2186 Secretarius
1485 2159 1582 2186 autem
1597 2179 1604 2193 ‚
1628 2155 1762 2186 aedituus
1783 2160 1811 2186 et
1832 2156 1941 2186 ianitor
1972 2155 2007 2186 ah

1268 2204 1372 2234 abbate
1404 2204 1572 2243 eligantur;
1609 2204 1666 2234 duo
1701 2213 1769 2234 vero
1804 2203 2007 2243 suffragiorum

1269 2253 1432 2290 cognitores
1461 2262 1477 2282 a
1509 2252 1658 2282 monachis
1689 2252 1724 2282 ad
1753 2252 2008 2291 congregationem

1269 2301 1448 2330 convocatis.

1308 2358 1335 2379 v.
1357 2349 1509 2387 Agendum
1532 2359 1617 2389 porro
1644 2350 1700 2379 erit
1732 2349 1825 2389 primo
1854 2349 1889 2380 de
1917 2349 2007 2380 rebus

1269 2398 1472 2438 spiritualibus
1487 2398 1522 2428 ad
1539 2399 1700 2437 profectum
1719 2398 1927 2428 monachorum
1943 2407 2009 2437 spe-

1269 2447 1428 2484 ctantibus,
1448 2447 1716 2486 inquirendumque
1738 2447 1766 2476 in
1790 2456 1885 2477 mores
1906 2447 2009 2477 unius-

1269 2496 1421 2534 cuiusque,
1441 2496 1464 2526 si
1488 2496 1557 2535 quid
1580 2500 1678 2526 contra
1701 2496 1845 2535 regulam,
1869 2496 2008 2527 constitu-

1270 2544 1364 2574 tiones
1386 2548 1414 2575 et
1436 2544 1664 2574 consuetudines
1686 2550 1847 2584 peccetur3
1880 2544 2008 2575 secundo

1269 2592 1304 2622 de
1344 2592 1486 2631 regimine
1527 2593 1711 2632 superiorum
1747 2597 1775 2624 et
1810 2592 2007 2624 subiectorum

2040 406 2070 426 De
2085 412 2200 432 congrega·
2225 406 2226 411 ¹

2015 218 2063 245 An.
2079 218 2110 246 C.
2130 217 2198 248 17⁴0

2042 438 2075 452 une
2116 433 2200 458 provin·
