2232 3178
47 213 97 240 An.
118 212 149 240 C.
169 212 239 239 1735

47 510 144 532 melli-nlo
191 515 229 534 pu-

47 537 125 559 mendi.

240 258 337 292 liares
371 258 532 292 dictorum
558 259 889 302 archiepiscoporum,
916 259 982 302 epi-

241 320 418 352 scoporum
443 314 476 342 et
501 309 756 349 Ordinariorum,
775 319 811 341 ac
828 309 982 342 officiales

241 362 416 396 necessarii
442 362 539 395 curiis
565 362 793 396 ecclesiasticis
813 372 924 395 verum
951 368 982 395 et

240 416 365 449 actuale
385 415 553 448 servitium
578 419 790 459 praestantes.

284 469 299 513 ς
324 468 356 502 9.
376 469 524 512 Insuper,
543 469 617 512 quia
643 479 679 501 ex
706 468 769 501 illis
796 467 904 507 etiam,
926 467 980 510 qui

240 522 272 555 in
298 527 419 555 sortem
445 522 573 555 Domini
607 521 709 555 vocati
743 525 831 561 sunt,
860 521 981 564 quique

240 575 311 608 aliis
337 575 638 618 irreprehensibilis
659 580 690 607 et
714 574 753 607 ab
771 574 858 607 omni
886 575 981 617 culpa

241 634 272 661 et
296 630 424 662 macuta
447 628 602 661 immunis
640 628 722 660 vitae
759 638 796 660 ac
827 627 980 660 virtutum

241 682 393 724 exemplo
430 682 622 724 praelucere
659 681 838 720 deberent,
882 679 980 723 aliqui

239 735 405 768 interdum
423 735 635 778 reperiuntur
652 735 733 768 adeo
751 744 827 767 suae
844 733 982 767 vocatio-

240 787 290 820 nis
316 787 604 829 immemores,ut‚
630 787 820 831 impellente
847 787 980 820 humani

240 840 372 883 generis
404 841 517 881 hoste,
546 840 695 884 pluribus
721 840 817 873 etiam
844 839 982 873 homici-

240 894 300 927 diis
326 904 441 927 manus
466 904 539 927 suas
566 899 740 927 cruentare
758 904 823 927 non
843 894 981 937 perhor-

241 951 384 980 rescant:
411 957 478 987 nos,
497 956 728 990 perversorum
754 957 980 990 quorumcum-

240 1010 304 1043 que
329 998 471 1032 malitiae
500 999 697 1032 obviandum
723 1010 808 1041 esse,
835 1011 900 1033 non
933 1000 981 1032 in-

240 1054 451 1097 dulgendum,
469 1054 572 1097 probe
590 1054 826 1097 intelligentes,
846 1055 884 1087 ad
905 1054 982 1087 isto-

240 1118 311 1141 rum
350 1117 481 1151 quoque
517 1107 728 1140 fraenandam
765 1107 980 1150 pervicaciam

240 1168 400 1206 perpetuo
426 1161 538 1194 itidem
565 1161 749 1202 statuimus,
777 1162 864 1204 quod
887 1161 982 1195 cleri-

240 1226 293 1248 cus
318 1215 443 1259 primae
470 1220 622 1248 tonsurae
643 1215 768 1248 nullum
786 1214 981 1248 beneficium

240 1269 496 1303 ecclesiasticum
521 1268 684 1308 obtinens,
710 1269 839 1302 tametsi
873 1269 983 1302 condi-

241 1324 348 1357 tiones
367 1322 493 1356 clericis
512 1321 699 1356 huiusmodi
720 1333 737 1355 a
752 1322 897 1356 Concilio
915 1322 983 1355 Tri-

240 1377 376 1411 dentino
390 1376 608 1420 praescriptas
626 1376 801 1410 servaverit
819 1387 855 1409 ac
869 1382 981 1417 servet,

240 1441 299 1475 pro
317 1430 442 1464 duobus
460 1434 567 1463 tamen
586 1429 782 1470 homicidiis,
802 1429 909 1463 animo
929 1430 984 1463 de-

240 1485 378 1518 liberato
397 1489 428 1517 et
444 1483 678 1527 praemeditato
695 1493 755 1527 per
776 1494 850 1516 eum
876 1489 982 1527 patra-

242 1538 291 1579 tis,
309 1537 482 1582 privilegio
507 1536 568 1570 sori
595 1542 627 1570 et
653 1537 796 1577 canonis,
815 1537 846 1569 in
872 1537 980 1570 odium

240 1592 320 1625 tanti
346 1601 505 1631 excessus
528 1596 559 1624 et
584 1591 623 1624 ad
649 1590 783 1624 aliorum
811 1595 982 1631 terrorem,

241 1650 386 1684 exuatur,
401 1650 433 1678 et
448 1643 494 1677 uti
511 1643 742 1686 incorrigibilis
761 1643 895 1677 omnino
914 1654 982 1677 sae-

241 1698 344 1732 culari
369 1697 522 1742 potestati
549 1697 752 1738 subiiciatur,
779 1697 818 1730 ab
845 1699 881 1730 ea
906 1702 982 1731 tam-

241 1763 337 1796 quam
353 1751 454 1785 laicus
467 1751 620 1795 legitimis
634 1752 750 1795 poenis
764 1751 955 1795 plectendus
972 1763 979 1793 ;

241 1806 379 1839 clericus
404 1816 532 1849 quoque
551 1805 583 1837 in
602 1805 785 1838 minoribus
810 1805 980 1838 ordinibus

241 1859 444 1899 constitutus,
463 1869 524 1891 nec
540 1858 664 1902 pariter
680 1857 901 1898 beneficiatus,
921 1869 982 1891 nec

240 1913 441 1957 praescripta
478 1922 495 1944 a
519 1911 662 1945 Concilio
688 1912 878 1945 Tridentino
914 1923 982 1945 ser-

240 1978 328 2007 vans,
353 1972 417 1999 tam
443 1965 573 1999 coelebs
599 1976 694 2009 quam
720 1966 923 2008 coniugatus,
950 1966 981 1998 in

242 2020 346 2054 causis
383 2019 553 2053 homicidii
591 2019 676 2052 dicto
713 2018 883 2062 privilegio
920 2019 981 2051 sori

242 2084 307 2107 non
331 2073 482 2117 gaudeat,
510 2083 614 2116 eoque
639 2074 781 2116 privatus
806 2078 982 2112 remaneat,

243 2137 350 2170 neque
366 2138 383 2160 a
400 2127 534 2170 proprio
553 2127 709 2170 episeopo
736 2136 791 2159 seu
810 2125 981 2159 Ordinario

245 2178 370 2221 repeti,
395 2177 566 2221 minusque
604 2177 751 2211 habitum
777 2177 980 2217 clericalem,

245 2240 341 2272 quem
366 2230 499 2273 indigne
523 2230 654 2270 abiecit,
678 2241 881 2264 reassumere
907 2241 983 2274 pos-

245 2284 294 2323 sit,
320 2283 380 2316 nisi
406 2289 480 2327 post
504 2285 647 2318 totaliter
671 2285 829 2328 expiatam
849 2285 982 2318 admissi

246 2335 354 2369 delicti
390 2346 546 2379 poenam:
588 2337 762 2371 declaratio
798 2343 906 2372 autem
943 2349 982 2371 an

245 2400 319 2422 reus
343 2393 417 2422 ante
443 2394 602 2432 patratum
634 2391 844 2424 homicidium
879 2391 984 2435 requi-

244 2441 302 2476 sita
326 2452 343 2474 a
366 2442 507 2475 Concilio
528 2442 714 2477 Tridentino
740 2444 924 2485 servaverit,
945 2444 982 2477 ad

243 2495 433 2539 episcopum
459 2495 595 2528 aliumve
628 2496 688 2530 loci
714 2497 917 2530 Ordinarium
950 2508 984 2531 0-

243 2548 354 2582 mnino
390 2553 531 2592 spectet,
558 2559 621 2582 non
655 2551 818 2584 retardata
853 2551 982 2585 interim

243 2601 465 2646 delinquentis
478 2603 716 2637 assecuratione
728 2604 871 2638 facienda
887 2605 982 2639 etiam

294 2664 374 2693 Bull.
394 2664 474 2695 Rom.
494 2680 528 2685 -—
551 2665 610 2694 Vol.
629 2666 731 2696 XXIV.
904 2667 921 2693 5

864 210 1006 234 CLEMENS
1033 210 1078 234 ΧΠ
1104 211 1153 234 rr.
1689 202 1731 235 33
1778 212 1826 237 An.
1846 212 1963 240 (3.1735

1024 269 1084 302 per
1109 259 1250 292 iudicem
1283 260 1399 293 laicum
1432 260 1562 293 nomine
1589 260 1766 300 Ecclesiae,

1025 312 1079 355 qui
1106 311 1198 346 illum
1224 313 1347 355 pariter
1372 313 1539 346 Ecclesiae
1565 313 1697 346 nomine
1730 314 1768 346 ad

1025 365 1111 398 illius
1138 365 1388 408 dispositionem
1425 365 1569 398 retinere
1606 366 1709 408 possit
1735 377 1770 398 ac

1025 418 1152 458 debeat,
1172 419 1275 451 donec
1292 419 1378 452 dicta
1394 419 1570 452 declaratio
1589 419 1767 462 prodierit:

1026 481 1231 514 quacumque
1257 471 1383 504 diversa
1409 483 1446 504 ac
1472 472 1568 505 etiam
1605 472 1770 505 contraria

1026 523 1104 556 iuris
1137 524 1283 557 canonici
1310 530 1341 557 et
1366 525 1619 568 apostolicarum
1651 526 1770 558 consti·

1026 577 1185 610 tutionum
1226 577 1441 621 dispositione
1482 588 1536 611 seu
1577 578 1771 622 interpreta-

1027 631 1112 664 tione
1130 641 1258 664 necnon
1285 631 1523 664 consuetudine
1556 632 1644 664 haud
1669 633 1769 666 refra-

1026 689 1136 726 gante.

1069 737 1083 780 g
1112 736 1164 770 10.
1191 737 1314 777 Porro,
1341 748 1412 770 cum
1450 738 1536 770 idem
1576 738 1770 772 Benedictus
1819 748 1964 769 Ecclesmsuni

1026 790 1267 833 praedecessor,
1292 790 1555 824 animadvertens
1594 776 1967 827 homicidia21⁰l¹¹f¹femssd⁰÷l3iss

1026 843 1213 876 huiusmodi
1240 854 1298 876 suo
1325 844 1422 877 etiam
1441 848 1588 886 tempore
1605 828 1967 885 increbre-giffieffi'i‘ffii’effii

1025 907 1135 937 scere,
1162 906 1222 929 nec
1253 896 1362 929 minus
1396 907 1494 940 quam
1521 896 1583 929 alia
1609 881 1966 937 facinora,irissss'i'mfi'ffefec'issl

1025 950 1056 983 in
1072 949 1194 983 celebri
1209 949 1439 983 constitutione
1455 949 1530 983 dicti
1546 949 1691 992 Gregorii
1707 949 1770 983 XIV
1783 936 1878 954 mmm

1025 1003 1120 1036 etiam
1145 1002 1428 1046 praedecessoris,
1455 1013 1537 1046 quae
1556 1002 1671 1045 incipit
1690 1002 1770 1036 Cum

1024 1056 1121 1097 elicis,
1148 1060 1219 1096 etc„
1244 1056 1415 1096 recensita,
1434 1056 1584 1100 publicae
1605 1055 1704 1099 quieti
1723 1057 1771 1088 ol-

1026 1110 1147 1150 ficere,
1176 1121 1236 1153 pro
1262 1110 1425 1143 commissi
1451 1109 1512 1143 sibi
1538 1109 1707 1154 apostolici
1724 1110 1770 1142 os-

1025 1163 1088 1196 ficii
1114 1163 1223 1196 debito
1247 1173 1306 1206 per
1332 1163 1531 1206 praedictam
1558 1173 1649 1195 suam
1684 1173 1770 1196 anno

1025 1216 1261 1249 Incarnationis
1288 1216 1472 1249 dominicae
1499 1225 1657 1255 niuccxxV,
1682 1221 1770 1249 sexto

1025 1270 1097 1303 idus
1123 1270 1225 1310 iunii,
1253 1268 1301 1302 cui
1328 1269 1455 1302 initium
1481 1274 1530 1302 est
1560 1269 1610 1302 Ea:
1627 1279 1690 1312 quo
1720 1269 1770 1301 cli-

1025 1323 1117 1364 vz‘na,
1134 1328 1200 1363 etc„
1220 1323 1401 1365 evulgatam
1420 1322 1697 1362 constitutionem,
1713 1322 1770 1355 lai-

1027 1387 1080 1409 cos
1106 1376 1214 1410 animo
1244 1376 1481 1420 praemeditato
1517 1386 1552 1408 ac
1585 1375 1769 1409 deliberato

1026 1430 1210 1473 proximum
1236 1440 1329 1462 suum
1355 1428 1590 1462 interficientes
1613 1429 1652 1461 ab
1672 1429 1769 1461 eccle·

1026 1483 1175 1516 siasticae
1201 1482 1413 1515 immunitatis
1437 1481 1597 1515 beneficio
1626 1482 1770 1514 excluse-

1028 1535 1068 1568 rit
1093 1541 1124 1569 et
1149 1536 1332 1579 repulerit,
1359 1545 1395 1567 ac
1420 1545 1480 1578 pro
1509 1534 1646 1567 exclusis
1673 1539 1770 1577 atque

1027 1589 1167 1632 repulsis
1187 1588 1299 1622 haberi
1316 1589 1467 1621 voluerit:
1485 1598 1554 1627 nos,
1574 1586 1614 1620 ob
1633 1588 1770 1630 gliscen-

1026 1648 1091 1676 tem
1117 1643 1150 1676 in
1181 1642 1249 1675 dies
1286 1642 1501 1686 quorumdam
1537 1640 1771 1674 ecelesiastico-

1026 1707 1097 1730 rum
1122 1696 1314 1741 nequitiam,
1335 1696 1403 1739 qui,
1424 1696 1512 1728 nulla
1530 1695 1655 1738 proprii
1670 1699 1770 1728 status

1028 1750 1137 1783 hahita
1162 1750 1289 1783 ratione
1307 1776 1314 1790 ,
1340 1759 1407 1782 non
1432 1759 1505 1782 raro
1531 1749 1563 1781 in
1595 1748 1677 1782 adeo
1715 1759 1771 1781 ne-

1026 1804 1140 1837 farium
1181 1802 1472 1846 detestandumque
1509 1801 1632 1835 crimen
1661 1802 1770 1844 prela-

1026 1857 1145 1889 lmntur
1164 1884 1171 1897 ,
1199 1857 1346 1899 ipsorum
1371 1855 1518 1898 Gregorii
1546 1859 1577 1888 et
1598 1855 1768 1888 Benedicti

1026 1910 1319 1953 praedecessorum
1345 1908 1661 1949 constitutionibus,
1690 1919 1770 1952 quas

1026 1973 1121 2006 supra
1142 1961 1400 1996 confirmavimus
1420 1967 1516 2006 atque
1535 1961 1767 2002 innovavimus,

1026 2017 1244 2056 inhaerentes,
1270 2021 1315 2056 et,
1343 2021 1501 2060 quatenus
1527 2025 1608 2059 opus
1633 2016 1685 2055 sit,
1713 2017 1771 2048 eri-

1026 2072 1151 2104 minum
1177 2071 1209 2104 in
1235 2070 1299 2104 illis
1325 2074 1535 2114 exceptorum
1562 2079 1635 2103 reos
1656 2070 1769 2103 immu-

1026 2125 1126 2157 nitate
1167 2123 1385 2158 ceelesiastica
1423 2133 1630 2167 nequaquam
1668 2123 1769 2156 iuvari

1026 2178 1143 2211 iterum
1177 2178 1419 2217 decernentes,
1453 2177 1601 2210 eamdem
1634 2176 1771 2210 Benedi-

1027 2231 1067 2264 cti
1088 2230 1352 2275 praedecessoris
1371 2229 1649 2269 constitutioncm,
1671 2228 1770 2262 laicos

1027 2284 1134 2318 animo
1159 2283 1395 2327 praemeditato
1429 2293 1464 2316 ac
1490 2282 1668 2316 deliberato
1698 2293 1771 2325 pro-

1027 2339 1147 2371 ximum
1172 2348 1285 2376 suum,
1314 2337 1397 2369 sicut
1417 2335 1653 2379 praemittitur,
1673 2336 1771 2368 inter-

1026 2391 1172 2424 ficientes
1198 2401 1216 2423 a
1241 2389 1405 2423 beneficio
1433 2388 1642 2421 immunitatis
1669 2389 1771 2421 eccle-

1027 2445 1178 2478 siasticae
1203 2444 1446 2481 excludentem,
1473 2442 1511 2475 ad
1546 2442 1633 2484 ipsos
1669 2442 1771 2475 eccle-

1026 2498 1175 2531 siasticos
1203 2497 1433 2539 cuiuscumque
1454 2495 1571 2538 gradus
1594 2499 1624 2527 et
1648 2494 1771 2528 ordinis

1027 2551 1166 2585 existant
1200 2551 1232 2583 in
1267 2550 1351 2583 Urbe
1388 2560 1424 2582 ae
1461 2548 1611 2581 universa
1648 2548 1770 2582 ditione

1026 2605 1121 2638 nobis
1149 2609 1180 2638 et
1204 2603 1279 2637 Sedi
1305 2602 1515 2646 Apostolicae
1546 2601 1686 2636 mediate
1719 2603 1768 2637 vel
