<?xml version="1.0" encoding="UTF-8"?>
<!DOCTYPE html PUBLIC "-//W3C//DTD XHTML 1.0 Transitional//EN"
    "http://www.w3.org/TR/xhtml1/DTD/xhtml1-transitional.dtd">
<html xmlns="http://www.w3.org/1999/xhtml" xml:lang="en" lang="en">
 <head>
  <title>
</title>
<meta http-equiv="Content-Type" content="text/html;charset=utf-8" />
  <meta name='ocr-system' content='tesseract 3.04.00' />
  <meta name='ocr-capabilities' content='ocr_page ocr_carea ocr_par ocr_line ocrx_word'/>
</head>
<body>
  <div class='ocr_page' id='page_1' title='image "./bullarumdiplomat24cath_0098.png"; bbox 0 0 2232 3178; ppageno 0'>
   <div class='ocr_carea' id='block_1_1' title="bbox 1001 226 2201 341">
    <p class='ocr_par' dir='ltr' id='par_1_1' title="bbox 1001 226 2201 341">
     <span class='ocr_line' id='line_1_1' title="bbox 1001 226 2201 287; baseline -0.001 -9"><span class='ocrx_word' id='word_1_1' title='bbox 1001 253 1183 279; x_wconf 71' lang='lat' dir='ltr'>BULLARIUM</span> <span class='ocrx_word' id='word_1_2' title='bbox 1209 252 1364 277; x_wconf 74' lang='lat' dir='ltr'><strong>ROMANUM</strong></span> <span class='ocrx_word' id='word_1_3' title='bbox 1952 250 2002 277; x_wconf 77' lang='lat' dir='ltr'>An.</span> <span class='ocrx_word' id='word_1_4' title='bbox 2024 249 2054 278; x_wconf 88' lang='lat' dir='ltr'>C.</span> <span class='ocrx_word' id='word_1_5' title='bbox 2073 249 2140 277; x_wconf 78' lang='lat'><strong>¹735</strong></span> <span class='ocrx_word' id='word_1_6' title='bbox 2192 226 2201 287; x_wconf 18' lang='grc' dir='ltr'>γέ</span> 
     </span>
     <span class='ocr_line' id='line_1_2' title="bbox 1203 288 2201 341; baseline -0.002 -10"><span class='ocrx_word' id='word_1_7' title='bbox 1203 305 1290 341; x_wconf 85' lang='lat' dir='ltr'>atque</span> <span class='ocrx_word' id='word_1_8' title='bbox 1312 300 1512 340; x_wconf 80' lang='lat' dir='ltr'><strong>exequendam</strong></span> <span class='ocrx_word' id='word_1_9' title='bbox 1528 308 1591 330; x_wconf 86' lang='lat' dir='ltr'>esse</span> <span class='ocrx_word' id='word_1_10' title='bbox 1607 302 1785 331; x_wconf 86' lang='lat' dir='ltr'>censuerunt</span> <span class='ocrx_word' id='word_1_11' title='bbox 1800 309 1805 329; x_wconf 91' lang='lat'>:</span> <span class='ocrx_word' id='word_1_12' title='bbox 1823 299 1946 339; x_wconf 81' lang='lat' dir='ltr'>ideoque</span> <span class='ocrx_word' id='word_1_13' title='bbox 2198 288 2201 297; x_wconf 52' lang='lat'><strong><em>‘</em></strong></span> 
     </span>
    </p>
   </div>
   <div class='ocr_carea' id='block_1_2' title="bbox 1203 348 1991 678">
    <p class='ocr_par' dir='ltr' id='par_1_2' title="bbox 1203 348 1991 678">
     <span class='ocr_line' id='line_1_3' title="bbox 1203 348 1946 389; baseline -0.001 -9"><span class='ocrx_word' id='word_1_14' title='bbox 1203 359 1291 389; x_wconf 88' lang='lat' dir='ltr'>super</span> <span class='ocrx_word' id='word_1_15' title='bbox 1314 353 1469 389; x_wconf 88' lang='lat' dir='ltr'>praetenso</span> <span class='ocrx_word' id='word_1_16' title='bbox 1486 349 1549 379; x_wconf 91' lang='lat' dir='ltr'>iure</span> <span class='ocrx_word' id='word_1_17' title='bbox 1567 348 1783 388; x_wconf 86' lang='lat' dir='ltr'>metropolitico</span> <span class='ocrx_word' id='word_1_18' title='bbox 1805 349 1946 379; x_wconf 88' lang='lat' dir='ltr'>adversus</span> 
     </span>
     <span class='ocr_line' id='line_1_4' title="bbox 1203 395 1947 426; baseline -0.001 0"><span class='ocrx_word' id='word_1_19' title='bbox 1203 397 1308 426; x_wconf 87' lang='lat' dir='ltr'>dictam</span> <span class='ocrx_word' id='word_1_20' title='bbox 1332 396 1485 426; x_wconf 87' lang='lat' dir='ltr'>ecclesiam</span> <span class='ocrx_word' id='word_1_21' title='bbox 1509 396 1726 425; x_wconf 84' lang='lat' dir='ltr'>Ferrariensem</span> <span class='ocrx_word' id='word_1_22' title='bbox 1751 399 1808 425; x_wconf 89' lang='lat' dir='ltr'>tam</span> <span class='ocrx_word' id='word_1_23' title='bbox 1833 395 1947 425; x_wconf 85' lang='lat' dir='ltr'>archie-</span> 
     </span>
     <span class='ocr_line' id='line_1_5' title="bbox 1204 443 1946 485; baseline 0 -11"><span class='ocrx_word' id='word_1_24' title='bbox 1204 445 1322 485; x_wconf 85' lang='lat' dir='ltr'>piscopo</span> <span class='ocrx_word' id='word_1_25' title='bbox 1339 443 1552 474; x_wconf 84' lang='lat' dir='ltr'>Ravennatensi</span> <span class='ocrx_word' id='word_1_26' title='bbox 1569 452 1656 483; x_wconf 85' lang='lat' dir='ltr'>quam</span> <span class='ocrx_word' id='word_1_27' title='bbox 1672 443 1847 484; x_wconf 90' lang='lat' dir='ltr'>cuicumque</span> <span class='ocrx_word' id='word_1_28' title='bbox 1862 443 1946 474; x_wconf 84' lang='lat' dir='ltr'>alteri</span> 
     </span>
     <span class='ocr_line' id='line_1_6' title="bbox 1205 491 1991 532; baseline -0.003 -9"><span class='ocrx_word' id='word_1_29' title='bbox 1205 502 1255 532; x_wconf 90' lang='lat' dir='ltr'>per</span> <span class='ocrx_word' id='word_1_30' title='bbox 1287 494 1362 523; x_wconf 88' lang='lat' dir='ltr'>hanc</span> <span class='ocrx_word' id='word_1_31' title='bbox 1394 496 1526 522; x_wconf 89' lang='lat' dir='ltr'>nostram</span> <span class='ocrx_word' id='word_1_32' title='bbox 1560 491 1740 521; x_wconf 83' lang='lat' dir='ltr'>definitivam</span> <span class='ocrx_word' id='word_1_33' title='bbox 1769 492 1946 522; x_wconf 79' lang='lat' dir='ltr'>sententiam</span> <span class='ocrx_word' id='word_1_34' title='bbox 1988 522 1991 524; x_wconf 82' lang='grc'>,</span> 
     </span>
     <span class='ocr_line' id='line_1_7' title="bbox 1205 540 1949 580; baseline -0.001 -9"><span class='ocrx_word' id='word_1_35' title='bbox 1205 545 1378 580; x_wconf 81' lang='lat' dir='ltr'>perpetuum</span> <span class='ocrx_word' id='word_1_36' title='bbox 1412 541 1560 570; x_wconf 89' lang='lat' dir='ltr'>silentium</span> <span class='ocrx_word' id='word_1_37' title='bbox 1593 540 1803 579; x_wconf 87' lang='lat' dir='ltr'>imponendum</span> <span class='ocrx_word' id='word_1_38' title='bbox 1836 541 1898 570; x_wconf 85' lang='lat' dir='ltr'>sore</span> <span class='ocrx_word' id='word_1_39' title='bbox 1920 544 1949 570; x_wconf 88' lang='lat' dir='ltr'>et</span> 
     </span>
     <span class='ocr_line' id='line_1_8' title="bbox 1204 589 1947 629; baseline -0.003 -9"><span class='ocrx_word' id='word_1_40' title='bbox 1204 600 1267 620; x_wconf 88' lang='lat' dir='ltr'>esse</span> <span class='ocrx_word' id='word_1_41' title='bbox 1289 590 1438 628; x_wconf 81' lang='lat' dir='ltr'>duximus,</span> <span class='ocrx_word' id='word_1_42' title='bbox 1463 594 1548 629; x_wconf 85' lang='lat' dir='ltr'>prout</span> <span class='ocrx_word' id='word_1_43' title='bbox 1570 589 1758 628; x_wconf 82' lang='lat' dir='ltr'>imponimus,</span> <span class='ocrx_word' id='word_1_44' title='bbox 1776 593 1804 619; x_wconf 90' lang='lat' dir='ltr'>et</span> <span class='ocrx_word' id='word_1_45' title='bbox 1826 598 1878 629; x_wconf 88' lang='lat' dir='ltr'>pro</span> <span class='ocrx_word' id='word_1_46' title='bbox 1893 589 1947 618; x_wconf 92' lang='lat' dir='ltr'>im-</span> 
     </span>
     <span class='ocr_line' id='line_1_9' title="bbox 1205 637 1947 678; baseline -0.001 -10"><span class='ocrx_word' id='word_1_47' title='bbox 1205 639 1298 678; x_wconf 90' lang='lat' dir='ltr'>posito</span> <span class='ocrx_word' id='word_1_48' title='bbox 1320 638 1421 668; x_wconf 90' lang='lat' dir='ltr'>haberi</span> <span class='ocrx_word' id='word_1_49' title='bbox 1444 638 1578 668; x_wconf 89' lang='lat' dir='ltr'>volumus</span> <span class='ocrx_word' id='word_1_50' title='bbox 1601 641 1631 667; x_wconf 86' lang='lat' dir='ltr'>et</span> <span class='ocrx_word' id='word_1_51' title='bbox 1652 638 1846 668; x_wconf 84' lang='lat' dir='ltr'>mandamus:</span> <span class='ocrx_word' id='word_1_52' title='bbox 1863 643 1892 668; x_wconf 85' lang='lat' dir='ltr'>et</span> <span class='ocrx_word' id='word_1_53' title='bbox 1907 637 1947 667; x_wconf 91' lang='lat' dir='ltr'>ita</span> 
     </span>
    </p>
   </div>
   <div class='ocr_carea' id='block_1_3' title="bbox 1204 686 2142 924">
    <p class='ocr_par' dir='ltr' id='par_1_3' title="bbox 1204 686 2142 924">
     <span class='ocr_line' id='line_1_10' title="bbox 1204 686 1949 726; baseline 0 -10"><span class='ocrx_word' id='word_1_54' title='bbox 1204 687 1340 725; x_wconf 82' lang='lat' dir='ltr'><strong>dicimus,</strong></span> <span class='ocrx_word' id='word_1_55' title='bbox 1369 687 1610 726; x_wconf 81' lang='lat' dir='ltr'>pronunciamus,</span> <span class='ocrx_word' id='word_1_56' title='bbox 1634 686 1830 723; x_wconf 89' lang='lat' dir='ltr'>decernimus,</span> <span class='ocrx_word' id='word_1_57' title='bbox 1853 686 1949 716; x_wconf 91' lang='lat' dir='ltr'>decla-</span> 
     </span>
     <span class='ocr_line' id='line_1_11' title="bbox 1205 731 1948 771; baseline -0.003 -9"><span class='ocrx_word' id='word_1_58' title='bbox 1205 742 1315 771; x_wconf 84' lang='lat' dir='ltr'>ramus,</span> <span class='ocrx_word' id='word_1_59' title='bbox 1330 732 1519 763; x_wconf 88' lang='lat' dir='ltr'>etdefinitive</span> <span class='ocrx_word' id='word_1_60' title='bbox 1535 732 1758 770; x_wconf 89' lang='lat' dir='ltr'>sententiamus,</span> <span class='ocrx_word' id='word_1_61' title='bbox 1778 741 1835 762; x_wconf 90' lang='lat' dir='ltr'>non</span> <span class='ocrx_word' id='word_1_62' title='bbox 1854 731 1948 761; x_wconf 87' lang='lat' dir='ltr'>solum</span> 
     </span>
     <span class='ocr_line' id='line_1_12' title="bbox 1206 778 1946 818; baseline -0.001 -10"><span class='ocrx_word' id='word_1_63' title='bbox 1206 779 1364 818; x_wconf 86' lang='lat' dir='ltr'>praedicto,</span> <span class='ocrx_word' id='word_1_64' title='bbox 1382 779 1432 809; x_wconf 90' lang='lat' dir='ltr'>sed</span> <span class='ocrx_word' id='word_1_65' title='bbox 1449 783 1477 809; x_wconf 89' lang='lat' dir='ltr'>et</span> <span class='ocrx_word' id='word_1_66' title='bbox 1492 780 1499 796; x_wconf 86' lang='lat'><em>¹</em></span> <span class='ocrx_word' id='word_1_67' title='bbox 1522 779 1601 809; x_wconf 88' lang='lat' dir='ltr'>omni</span> <span class='ocrx_word' id='word_1_68' title='bbox 1617 779 1674 809; x_wconf 91' lang='lat' dir='ltr'>alio</span> <span class='ocrx_word' id='word_1_69' title='bbox 1690 778 1805 809; x_wconf 88' lang='lat' dir='ltr'>meliori</span> <span class='ocrx_word' id='word_1_70' title='bbox 1821 778 1905 808; x_wconf 90' lang='lat' dir='ltr'>modo</span> <span class='ocrx_word' id='word_1_71' title='bbox 1916 787 1946 815; x_wconf 71' lang='lat' dir='ltr'>a;</span> 
     </span>
     <span class='ocr_line' id='line_1_13' title="bbox 1249 826 2141 871; baseline 0 -10"><span class='ocrx_word' id='word_1_72' title='bbox 1249 829 1264 871; x_wconf 62' lang='grc' dir='ltr'><strong>ἓ</strong></span> <span class='ocrx_word' id='word_1_73' title='bbox 1288 829 1319 861; x_wconf 80' lang='lat'>3.</span> <span class='ocrx_word' id='word_1_74' title='bbox 1347 829 1458 862; x_wconf 88' lang='lat' dir='ltr'>Civitas</span> <span class='ocrx_word' id='word_1_75' title='bbox 1495 839 1571 862; x_wconf 85' lang='lat' dir='ltr'>vero</span> <span class='ocrx_word' id='word_1_76' title='bbox 1603 833 1711 862; x_wconf 83' lang='lat' dir='ltr'>nostra</span> <span class='ocrx_word' id='word_1_77' title='bbox 1736 826 1949 861; x_wconf 87' lang='lat' dir='ltr'>Ferrariensis</span> <span class='ocrx_word' id='word_1_78' title='bbox 2008 844 2082 871; x_wconf 66' lang='lat' dir='ltr'>popu„</span> <span class='ocrx_word' id='word_1_79' title='bbox 2101 844 2141 866; x_wconf 59' lang='lat' dir='ltr'>m.</span> 
     </span>
     <span class='ocr_line' id='line_1_14' title="bbox 1206 871 2142 924; baseline 0.001 -11"><span class='ocrx_word' id='word_1_80' title='bbox 1206 881 1365 924; x_wconf 83' lang='lat' dir='ltr'>praefata,</span> <span class='ocrx_word' id='word_1_81' title='bbox 1390 881 1506 915; x_wconf 75' lang='lat' dir='ltr'>illustri</span> <span class='ocrx_word' id='word_1_82' title='bbox 1531 886 1707 921; x_wconf 83' lang='lat' dir='ltr'>vetustate,</span> <span class='ocrx_word' id='word_1_83' title='bbox 1734 881 1814 914; x_wconf 76' lang='lat' dir='ltr'>situs</span> <span class='ocrx_word' id='word_1_84' title='bbox 1838 871 2142 924; x_wconf 49' lang='lat' dir='ltr'>ampli-gflgsssseffissg</span> 
     </span>
    </p>
   </div>
   <div class='ocr_carea' id='block_1_4' title="bbox 1207 923 2142 976">
    <p class='ocr_par' dir='ltr' id='par_1_4' title="bbox 1207 923 2142 976">
     <span class='ocr_line' id='line_1_15' title="bbox 1207 923 2142 976; baseline -0.001 -9"><span class='ocrx_word' id='word_1_85' title='bbox 1207 934 1327 976; x_wconf 87' lang='lat' dir='ltr'>tudine,</span> <span class='ocrx_word' id='word_1_86' title='bbox 1353 935 1459 968; x_wconf 86' lang='lat' dir='ltr'>valido</span> <span class='ocrx_word' id='word_1_87' title='bbox 1484 935 1645 968; x_wconf 91' lang='lat' dir='ltr'>moenium</span> <span class='ocrx_word' id='word_1_88' title='bbox 1672 933 1862 974; x_wconf 86' lang='lat' dir='ltr'>munimine,</span> <span class='ocrx_word' id='word_1_89' title='bbox 1888 923 2142 972; x_wconf 54' lang='lat' dir='ltr'>se1·-}{²s23122{1122ff¹¹⁵</span> 
     </span>
    </p>
   </div>
   <div class='ocr_carea' id='block_1_5' title="bbox 233 250 1164 977">
    <p class='ocr_par' dir='ltr' id='par_1_5' title="bbox 233 250 1164 977">
     <span class='ocr_line' id='line_1_16' title="bbox 233 250 503 290; baseline -0.022 -2"><span class='ocrx_word' id='word_1_90' title='bbox 233 263 280 290; x_wconf 80' lang='grc' dir='ltr'>Αη.</span> <span class='ocrx_word' id='word_1_91' title='bbox 301 260 329 288; x_wconf 90' lang='lat' dir='ltr'>c.</span> <span class='ocrx_word' id='word_1_92' title='bbox 349 261 415 288; x_wconf 78' lang='lat'>1735</span> <span class='ocrx_word' id='word_1_93' title='bbox 461 250 503 283; x_wconf 71' lang='lat' dir='ltr'>Gli</span> 
     </span>
     <span class='ocr_line' id='line_1_17' title="bbox 422 302 1159 349; baseline -0.009 -10"><span class='ocrx_word' id='word_1_94' title='bbox 422 308 538 349; x_wconf 85' lang='lat' dir='ltr'>proprio</span> <span class='ocrx_word' id='word_1_95' title='bbox 555 312 583 338; x_wconf 87' lang='lat' dir='ltr'>et</span> <span class='ocrx_word' id='word_1_96' title='bbox 602 316 658 337; x_wconf 86' lang='lat' dir='ltr'>non</span> <span class='ocrx_word' id='word_1_97' title='bbox 682 307 716 337; x_wconf 81' lang='lat' dir='ltr'>ad</span> <span class='ocrx_word' id='word_1_98' title='bbox 741 305 851 336; x_wconf 88' lang='lat' dir='ltr'>ullius¹</span> <span class='ocrx_word' id='word_1_99' title='bbox 877 303 969 344; x_wconf 90' lang='lat' dir='ltr'>partis</span> <span class='ocrx_word' id='word_1_100' title='bbox 991 302 1159 333; x_wconf 77' lang='lat' dir='ltr'>instantiam</span> 
     </span>
     <span class='ocr_line' id='line_1_18' title="bbox 419 351 1160 396; baseline -0.009 -8"><span class='ocrx_word' id='word_1_101' title='bbox 419 364 449 391; x_wconf 88' lang='lat' dir='ltr'>et</span> <span class='ocrx_word' id='word_1_102' title='bbox 478 357 514 387; x_wconf 86' lang='lat' dir='ltr'>dc</span> <span class='ocrx_word' id='word_1_103' title='bbox 546 355 696 396; x_wconf 85' lang='lat' dir='ltr'>potcstatis</span> <span class='ocrx_word' id='word_1_104' title='bbox 724 353 905 394; x_wconf 74' lang='lat' dir='ltr'>plenitudine</span> <span class='ocrx_word' id='word_1_105' title='bbox 934 362 948 382; x_wconf 83' lang='lat' dir='ltr'>a</span> <span class='ocrx_word' id='word_1_106' title='bbox 977 351 1160 381; x_wconf 88' lang='lat' dir='ltr'>sanctissimo</span> 
     </span>
     <span class='ocr_line' id='line_1_19' title="bbox 420 400 1160 441; baseline -0.016 -1"><span class='ocrx_word' id='word_1_107' title='bbox 420 409 540 440; x_wconf 90' lang='lat' dir='ltr'>domino</span> <span class='ocrx_word' id='word_1_108' title='bbox 563 410 661 436; x_wconf 89' lang='lat' dir='ltr'>nostro</span> <span class='ocrx_word' id='word_1_109' title='bbox 680 403 836 434; x_wconf 86' lang='lat' dir='ltr'>Benedicto</span> <span class='ocrx_word' id='word_1_110' title='bbox 851 402 927 441; x_wconf 85' lang='lat' dir='ltr'>Papa</span> <span class='ocrx_word' id='word_1_111' title='bbox 944 400 1006 430; x_wconf 84' lang='lat' dir='ltr'>XIII</span> <span class='ocrx_word' id='word_1_112' title='bbox 1029 400 1160 438; x_wconf 76' lang='lat' dir='ltr'>signatae</span> 
     </span>
     <span class='ocr_line' id='line_1_20' title="bbox 419 449 1160 491; baseline -0.015 -3"><span class='ocrx_word' id='word_1_113' title='bbox 419 468 452 487; x_wconf 91' lang='lat' dir='ltr'>ac</span> <span class='ocrx_word' id='word_1_114' title='bbox 468 457 594 487; x_wconf 79' lang='lat' dir='ltr'>directae</span> <span class='ocrx_word' id='word_1_115' title='bbox 611 462 694 483; x_wconf 89' lang='lat' dir='ltr'>sacro</span> <span class='ocrx_word' id='word_1_116' title='bbox 710 450 855 491; x_wconf 80' lang='lat' dir='ltr'>praesenti</span> <span class='ocrx_word' id='word_1_117' title='bbox 871 449 999 480; x_wconf 88' lang='lat' dir='ltr'>Concilio</span> <span class='ocrx_word' id='word_1_118' title='bbox 1011 449 1160 479; x_wconf 86' lang='lat' dir='ltr'>Romanoo</span> 
     </span>
     <span class='ocr_line' id='line_1_21' title="bbox 419 497 1162 538; baseline -0.013 -3"><span class='ocrx_word' id='word_1_119' title='bbox 419 515 485 535; x_wconf 89' lang='lat' dir='ltr'>cum</span> <span class='ocrx_word' id='word_1_120' title='bbox 510 503 644 534; x_wconf 77' lang='lat' dir='ltr'>facultate</span> <span class='ocrx_word' id='word_1_121' title='bbox 666 499 793 538; x_wconf 77' lang='lat' dir='ltr'>eligendi</span> <span class='ocrx_word' id='word_1_122' title='bbox 812 503 840 529; x_wconf 89' lang='lat' dir='ltr'>et</span> <span class='ocrx_word' id='word_1_123' title='bbox 856 497 1015 537; x_wconf 81' lang='lat' dir='ltr'>deputandi</span> <span class='ocrx_word' id='word_1_124' title='bbox 1037 497 1162 526; x_wconf 90' lang='lat' dir='ltr'>nonnul-</span> 
     </span>
     <span class='ocr_line' id='line_1_22' title="bbox 419 545 1162 585; baseline -0.013 -1"><span class='ocrx_word' id='word_1_125' title='bbox 419 555 461 583; x_wconf 84' lang='lat' dir='ltr'>los</span> <span class='ocrx_word' id='word_1_126' title='bbox 477 554 506 583; x_wconf 86' lang='lat' dir='ltr'>S.</span> <span class='ocrx_word' id='word_1_127' title='bbox 524 553 558 582; x_wconf 77' lang='lat' dir='ltr'>R.</span> <span class='ocrx_word' id='word_1_128' title='bbox 578 551 607 580; x_wconf 86' lang='lat' dir='ltr'>E.</span> <span class='ocrx_word' id='word_1_129' title='bbox 626 548 806 585; x_wconf 80' lang='lat' dir='ltr'>cardinales,</span> <span class='ocrx_word' id='word_1_130' title='bbox 830 546 1079 585; x_wconf 81' lang='lat' dir='ltr'>archiepiscopos,</span> <span class='ocrx_word' id='word_1_131' title='bbox 1103 545 1162 584; x_wconf 84' lang='lat' dir='ltr'>epi-</span> 
     </span>
     <span class='ocr_line' id='line_1_23' title="bbox 419 593 1160 640; baseline -0.012 -9"><span class='ocrx_word' id='word_1_132' title='bbox 419 610 542 640; x_wconf 84' lang='lat' dir='ltr'>scopos,</span> <span class='ocrx_word' id='word_1_133' title='bbox 563 599 693 636; x_wconf 81' lang='lat' dir='ltr'>aliosque</span> <span class='ocrx_word' id='word_1_134' title='bbox 716 600 812 635; x_wconf 90' lang='lat' dir='ltr'>patres</span> <span class='ocrx_word' id='word_1_135' title='bbox 835 595 965 624; x_wconf 87' lang='lat' dir='ltr'>eiusdem</span> <span class='ocrx_word' id='word_1_136' title='bbox 988 593 1109 623; x_wconf 88' lang='lat' dir='ltr'>Concilii</span> <span class='ocrx_word' id='word_1_137' title='bbox 1132 593 1160 622; x_wconf 91' lang='lat' dir='ltr'>in</span> 
     </span>
     <span class='ocr_line' id='line_1_24' title="bbox 419 641 1161 684; baseline -0.012 -5"><span class='ocrx_word' id='word_1_138' title='bbox 419 651 504 679; x_wconf 68' lang='lat' dir='ltr'>sacra</span> <span class='ocrx_word' id='word_1_139' title='bbox 534 646 676 684; x_wconf 74' lang='lat' dir='ltr'>theologia</span> <span class='ocrx_word' id='word_1_140' title='bbox 707 644 861 682; x_wconf 81' lang='lat' dir='ltr'>magistros</span> <span class='ocrx_word' id='word_1_141' title='bbox 889 647 918 672; x_wconf 90' lang='lat' dir='ltr'>et</span> <span class='ocrx_word' id='word_1_142' title='bbox 947 641 1109 680; x_wconf 86' lang='lat' dir='ltr'>respective</span> <span class='ocrx_word' id='word_1_143' title='bbox 1132 641 1161 671; x_wconf 92' lang='lat' dir='ltr'>in</span> 
     </span>
     <span class='ocr_line' id='line_1_25' title="bbox 419 689 1163 729; baseline -0.012 -2"><span class='ocrx_word' id='word_1_144' title='bbox 419 696 546 727; x_wconf 81' lang='lat' dir='ltr'>decretis</span> <span class='ocrx_word' id='word_1_145' title='bbox 570 695 716 729; x_wconf 86' lang='lat' dir='ltr'>doctores,</span> <span class='ocrx_word' id='word_1_146' title='bbox 740 701 853 722; x_wconf 83' lang='lat' dir='ltr'>necnon</span> <span class='ocrx_word' id='word_1_147' title='bbox 873 691 961 721; x_wconf 90' lang='lat' dir='ltr'>etiam</span> <span class='ocrx_word' id='word_1_148' title='bbox 984 698 1050 719; x_wconf 89' lang='lat' dir='ltr'>cum</span> <span class='ocrx_word' id='word_1_149' title='bbox 1073 689 1163 719; x_wconf 85' lang='lat' dir='ltr'>sacul-</span> 
     </span>
     <span class='ocr_line' id='line_1_26' title="bbox 421 737 1163 783; baseline -0.013 -8"><span class='ocrx_word' id='word_1_150' title='bbox 421 750 477 775; x_wconf 85' lang='lat' dir='ltr'>tate</span> <span class='ocrx_word' id='word_1_151' title='bbox 500 742 675 783; x_wconf 82' lang='lat' dir='ltr'>procedendi</span> <span class='ocrx_word' id='word_1_152' title='bbox 699 741 762 771; x_wconf 88' lang='lat' dir='ltr'>sine</span> <span class='ocrx_word' id='word_1_153' title='bbox 784 739 910 779; x_wconf 90' lang='lat' dir='ltr'>strepitu</span> <span class='ocrx_word' id='word_1_154' title='bbox 942 742 971 768; x_wconf 87' lang='lat' dir='ltr'>et</span> <span class='ocrx_word' id='word_1_155' title='bbox 1003 738 1097 776; x_wconf 70' lang='lat' dir='ltr'>figura</span> <span class='ocrx_word' id='word_1_156' title='bbox 1120 737 1163 766; x_wconf 91' lang='lat' dir='ltr'>iu-</span> 
     </span>
     <span class='ocr_line' id='line_1_27' title="bbox 419 785 1162 829; baseline -0.013 -5"><span class='ocrx_word' id='word_1_157' title='bbox 419 793 506 829; x_wconf 89' lang='lat' dir='ltr'>dicii,</span> <span class='ocrx_word' id='word_1_158' title='bbox 531 796 559 822; x_wconf 89' lang='lat' dir='ltr'>et</span> <span class='ocrx_word' id='word_1_159' title='bbox 580 791 644 821; x_wconf 70' lang='lat' dir='ltr'>sola</span> <span class='ocrx_word' id='word_1_160' title='bbox 666 789 734 819; x_wconf 87' lang='lat' dir='ltr'>sacti</span> <span class='ocrx_word' id='word_1_161' title='bbox 764 788 886 818; x_wconf 80' lang='lat' dir='ltr'>veritate</span> <span class='ocrx_word' id='word_1_162' title='bbox 909 787 1059 826; x_wconf 74' lang='lat' dir='ltr'>inspecta,</span> <span class='ocrx_word' id='word_1_163' title='bbox 1083 785 1162 815; x_wconf 90' lang='lat' dir='ltr'>omni</span> 
     </span>
     <span class='ocr_line' id='line_1_28' title="bbox 419 835 1163 881; baseline -0.013 -9"><span class='ocrx_word' id='word_1_164' title='bbox 419 847 447 872; x_wconf 86' lang='lat' dir='ltr'>et</span> <span class='ocrx_word' id='word_1_165' title='bbox 469 848 654 881; x_wconf 88' lang='lat' dir='ltr'>quocumque</span> <span class='ocrx_word' id='word_1_166' title='bbox 670 847 791 868; x_wconf 87' lang='lat' dir='ltr'>recursu</span> <span class='ocrx_word' id='word_1_167' title='bbox 809 841 837 867; x_wconf 87' lang='lat' dir='ltr'>et</span> <span class='ocrx_word' id='word_1_168' title='bbox 853 835 1049 875; x_wconf 84' lang='lat' dir='ltr'>appellatione</span> <span class='ocrx_word' id='word_1_169' title='bbox 1070 843 1163 863; x_wconf 91' lang='lat' dir='ltr'>remo-</span> 
     </span>
     <span class='ocr_line' id='line_1_29' title="bbox 421 882 1162 926; baseline -0.013 -6"><span class='ocrx_word' id='word_1_170' title='bbox 421 891 468 926; x_wconf 90' lang='lat' dir='ltr'>tis,</span> <span class='ocrx_word' id='word_1_171' title='bbox 487 890 564 919; x_wconf 89' lang='lat' dir='ltr'>intcr</span> <span class='ocrx_word' id='word_1_172' title='bbox 580 886 811 917; x_wconf 88' lang='lat' dir='ltr'>illustrissimum</span> <span class='ocrx_word' id='word_1_173' title='bbox 834 888 862 914; x_wconf 92' lang='lat' dir='ltr'>et</span> <span class='ocrx_word' id='word_1_174' title='bbox 884 882 1162 914; x_wconf 84' lang='lat' dir='ltr'>reverendissimum</span> 
     </span>
     <span class='ocr_line' id='line_1_30' title="bbox 420 929 1164 977; baseline -0.013 -9"><span class='ocrx_word' id='word_1_175' title='bbox 420 937 673 977; x_wconf 87' lang='lat' dir='ltr'>archiepiscopum</span> <span class='ocrx_word' id='word_1_176' title='bbox 697 934 950 964; x_wconf 84' lang='lat' dir='ltr'>Ravennatensem</span> <span class='ocrx_word' id='word_1_177' title='bbox 983 935 1011 961; x_wconf 86' lang='lat' dir='ltr'>et</span> <span class='ocrx_word' id='word_1_178' title='bbox 1033 929 1164 960; x_wconf 89' lang='lat' dir='ltr'>eminen-</span> 
     </span>
    </p>
   </div>
   <div class='ocr_carea' id='block_1_6' title="bbox 419 979 1171 2481">
    <p class='ocr_par' dir='ltr' id='par_1_6' title="bbox 419 979 1171 2481">
     <span class='ocr_line' id='line_1_31' title="bbox 421 979 1162 1018; baseline -0.012 -2"><span class='ocrx_word' id='word_1_179' title='bbox 421 986 565 1016; x_wconf 85' lang='lat' dir='ltr'>tissimum</span> <span class='ocrx_word' id='word_1_180' title='bbox 602 988 629 1013; x_wconf 90' lang='lat' dir='ltr'>et</span> <span class='ocrx_word' id='word_1_181' title='bbox 670 981 951 1012; x_wconf 87' lang='lat' dir='ltr'>reverendissimum</span> <span class='ocrx_word' id='word_1_182' title='bbox 994 979 1162 1018; x_wconf 81' lang='lat' dir='ltr'>episcopum</span> 
     </span>
     <span class='ocr_line' id='line_1_32' title="bbox 419 1026 1164 1070; baseline -0.013 -5"><span class='ocrx_word' id='word_1_183' title='bbox 419 1034 637 1065; x_wconf 85' lang='lat' dir='ltr'>Ferrariensem</span> <span class='ocrx_word' id='word_1_184' title='bbox 660 1032 825 1070; x_wconf 88' lang='lat' dir='ltr'>dictamque</span> <span class='ocrx_word' id='word_1_185' title='bbox 847 1030 996 1059; x_wconf 88' lang='lat' dir='ltr'>civitatem</span> <span class='ocrx_word' id='word_1_186' title='bbox 1011 1029 1021 1044; x_wconf 80' lang='lat'>2</span> <span class='ocrx_word' id='word_1_187' title='bbox 1043 1032 1071 1057; x_wconf 89' lang='lat' dir='ltr'>et</span> <span class='ocrx_word' id='word_1_188' title='bbox 1087 1026 1164 1056; x_wconf 91' lang='lat' dir='ltr'>cives</span> 
     </span>
     <span class='ocr_line' id='line_1_33' title="bbox 420 1075 1165 1123; baseline -0.012 -10"><span class='ocrx_word' id='word_1_189' title='bbox 420 1092 507 1123; x_wconf 89' lang='lat' dir='ltr'>super</span> <span class='ocrx_word' id='word_1_190' title='bbox 547 1082 704 1121; x_wconf 69' lang='lat' dir='ltr'>praetensa</span> <span class='ocrx_word' id='word_1_191' title='bbox 742 1078 982 1117; x_wconf 76' lang='lat' dir='ltr'>suffraganeitate</span> <span class='ocrx_word' id='word_1_192' title='bbox 1024 1075 1165 1106; x_wconf 87' lang='lat' dir='ltr'>ecclesiae</span> 
     </span>
     <span class='ocr_line' id='line_1_34' title="bbox 421 1126 1164 1169; baseline -0.013 -6"><span class='ocrx_word' id='word_1_193' title='bbox 421 1131 616 1163; x_wconf 73' lang='lat' dir='ltr'>Ferraricnsis</span> <span class='ocrx_word' id='word_1_194' title='bbox 650 1130 779 1169; x_wconf 78' lang='lat' dir='ltr'>praefato</span> <span class='ocrx_word' id='word_1_195' title='bbox 808 1127 1030 1167; x_wconf 86' lang='lat' dir='ltr'>archiepiscopo</span> <span class='ocrx_word' id='word_1_196' title='bbox 1052 1126 1164 1155; x_wconf 81' lang='lat' dir='ltr'>Raven-</span> 
     </span>
     <span class='ocr_line' id='line_1_35' title="bbox 421 1176 1164 1217; baseline -0.009 -7"><span class='ocrx_word' id='word_1_197' title='bbox 421 1181 547 1217; x_wconf 88' lang='lat' dir='ltr'>natensi‚</span> <span class='ocrx_word' id='word_1_198' title='bbox 572 1179 718 1217; x_wconf 81' lang='lat' dir='ltr'>rebusque</span> <span class='ocrx_word' id='word_1_199' title='bbox 746 1178 812 1207; x_wconf 89' lang='lat' dir='ltr'>aliis</span> <span class='ocrx_word' id='word_1_200' title='bbox 841 1177 870 1207; x_wconf 92' lang='lat' dir='ltr'>in</span> <span class='ocrx_word' id='word_1_201' title='bbox 900 1176 973 1206; x_wconf 83' lang='lat' dir='ltr'>actis</span> <span class='ocrx_word' id='word_1_202' title='bbox 1002 1184 1108 1205; x_wconf 87' lang='lat' dir='ltr'>causae</span> <span class='ocrx_word' id='word_1_203' title='bbox 1137 1178 1164 1204; x_wconf 86' lang='lat' dir='ltr'>et</span> 
     </span>
     <span class='ocr_line' id='line_1_36' title="bbox 421 1223 1166 1261; baseline -0.009 -2"><span class='ocrx_word' id='word_1_204' title='bbox 421 1238 577 1259; x_wconf 87' lang='lat' dir='ltr'>causarum</span> <span class='ocrx_word' id='word_1_205' title='bbox 587 1226 754 1258; x_wconf 88' lang='lat' dir='ltr'>huiusmodi</span> <span class='ocrx_word' id='word_1_206' title='bbox 767 1226 854 1256; x_wconf 87' lang='lat' dir='ltr'>latius</span> <span class='ocrx_word' id='word_1_207' title='bbox 864 1226 1007 1261; x_wconf 82' lang='lat' dir='ltr'>deductis,</span> <span class='ocrx_word' id='word_1_208' title='bbox 1017 1228 1085 1259; x_wconf 87' lang='lat' dir='ltr'>etc.‚</span> <span class='ocrx_word' id='word_1_209' title='bbox 1094 1223 1166 1253; x_wconf 89' lang='lat' dir='ltr'>dici-</span> 
     </span>
     <span class='ocr_line' id='line_1_37' title="bbox 423 1273 1165 1318; baseline -0.011 -10"><span class='ocrx_word' id='word_1_210' title='bbox 423 1288 496 1316; x_wconf 79' lang='lat' dir='ltr'>muS‚</span> <span class='ocrx_word' id='word_1_211' title='bbox 511 1277 752 1318; x_wconf 84' lang='lat' dir='ltr'>pronunciamus,</span> <span class='ocrx_word' id='word_1_212' title='bbox 765 1274 961 1312; x_wconf 76' lang='lat' dir='ltr'>decernimus,</span> <span class='ocrx_word' id='word_1_213' title='bbox 974 1273 1165 1308; x_wconf 38' lang='lat' dir='ltr'>declaramus</span> 
     </span>
     <span class='ocr_line' id='line_1_38' title="bbox 422 1321 1166 1361; baseline -0.011 -3"><span class='ocrx_word' id='word_1_214' title='bbox 422 1337 455 1358; x_wconf 87' lang='lat' dir='ltr'>ac</span> <span class='ocrx_word' id='word_1_215' title='bbox 476 1326 626 1357; x_wconf 81' lang='lat' dir='ltr'>definitive</span> <span class='ocrx_word' id='word_1_216' title='bbox 649 1324 871 1361; x_wconf 86' lang='lat' dir='ltr'>sententiamus,</span> <span class='ocrx_word' id='word_1_217' title='bbox 891 1324 989 1361; x_wconf 87' lang='lat' dir='ltr'>vigore</span> <span class='ocrx_word' id='word_1_218' title='bbox 1012 1321 1166 1351; x_wconf 88' lang='lat' dir='ltr'>resolutio-</span> 
     </span>
     <span class='ocr_line' id='line_1_39' title="bbox 422 1370 1166 1415; baseline -0.011 -9"><span class='ocrx_word' id='word_1_219' title='bbox 422 1376 468 1406; x_wconf 89' lang='lat' dir='ltr'>nis</span> <span class='ocrx_word' id='word_1_220' title='bbox 491 1379 592 1415; x_wconf 89' lang='lat' dir='ltr'>captae</span> <span class='ocrx_word' id='word_1_221' title='bbox 614 1374 644 1404; x_wconf 90' lang='lat' dir='ltr'>in</span> <span class='ocrx_word' id='word_1_222' title='bbox 667 1372 893 1411; x_wconf 80' lang='lat' dir='ltr'>congregatione</span> <span class='ocrx_word' id='word_1_223' title='bbox 923 1370 1092 1410; x_wconf 84' lang='lat' dir='ltr'>particulari</span> <span class='ocrx_word' id='word_1_224' title='bbox 1117 1370 1166 1399; x_wconf 88' lang='lat' dir='ltr'>ba-</span> 
     </span>
     <span class='ocr_line' id='line_1_40' title="bbox 423 1418 1165 1457; baseline -0.009 -2"><span class='ocrx_word' id='word_1_225' title='bbox 423 1425 485 1455; x_wconf 72' lang='lat' dir='ltr'>hita</span> <span class='ocrx_word' id='word_1_226' title='bbox 516 1424 563 1454; x_wconf 89' lang='lat' dir='ltr'>die</span> <span class='ocrx_word' id='word_1_227' title='bbox 592 1432 639 1453; x_wconf 84' lang='lat' dir='ltr'>xxl</span> <span class='ocrx_word' id='word_1_228' title='bbox 671 1422 740 1451; x_wconf 89' lang='lat' dir='ltr'>maii</span> <span class='ocrx_word' id='word_1_229' title='bbox 770 1421 931 1457; x_wconf 82' lang='lat' dir='ltr'>currentis,</span> <span class='ocrx_word' id='word_1_230' title='bbox 962 1424 1098 1449; x_wconf 84' lang='lat' dir='ltr'>constare</span> <span class='ocrx_word' id='word_1_231' title='bbox 1130 1418 1165 1448; x_wconf 91' lang='lat' dir='ltr'>dc</span> 
     </span>
     <span class='ocr_line' id='line_1_41' title="bbox 423 1467 1166 1503; baseline -0.008 0"><span class='ocrx_word' id='word_1_232' title='bbox 423 1473 589 1503; x_wconf 72' lang='lat' dir='ltr'>immediata</span> <span class='ocrx_word' id='word_1_233' title='bbox 612 1471 795 1502; x_wconf 89' lang='lat' dir='ltr'>subiectione</span> <span class='ocrx_word' id='word_1_234' title='bbox 811 1469 952 1500; x_wconf 88' lang='lat' dir='ltr'>ecclesiae</span> <span class='ocrx_word' id='word_1_235' title='bbox 968 1467 1166 1498; x_wconf 90' lang='lat' dir='ltr'>Ferrariensis</span> 
     </span>
     <span class='ocr_line' id='line_1_42' title="bbox 423 1517 1165 1559; baseline -0.009 -7"><span class='ocrx_word' id='word_1_236' title='bbox 423 1526 541 1552; x_wconf 84' lang='lat' dir='ltr'>sanctae</span> <span class='ocrx_word' id='word_1_237' title='bbox 564 1521 629 1551; x_wconf 82' lang='lat' dir='ltr'>Sedi</span> <span class='ocrx_word' id='word_1_238' title='bbox 656 1519 854 1559; x_wconf 85' lang='lat' dir='ltr'>Apostolicae,</span> <span class='ocrx_word' id='word_1_239' title='bbox 878 1526 973 1557; x_wconf 88' lang='lat' dir='ltr'>neque</span> <span class='ocrx_word' id='word_1_240' title='bbox 996 1517 1075 1547; x_wconf 87' lang='lat' dir='ltr'>illam</span> <span class='ocrx_word' id='word_1_241' title='bbox 1100 1525 1165 1545; x_wconf 91' lang='lat' dir='ltr'>esse</span> 
     </span>
     <span class='ocr_line' id='line_1_43' title="bbox 424 1564 1166 1608; baseline -0.009 -8"><span class='ocrx_word' id='word_1_242' title='bbox 424 1570 635 1608; x_wconf 79' lang='lat' dir='ltr'>suffraganeam</span> <span class='ocrx_word' id='word_1_243' title='bbox 657 1568 709 1598; x_wconf 91' lang='lat' dir='ltr'>ulli</span> <span class='ocrx_word' id='word_1_244' title='bbox 732 1566 967 1605; x_wconf 77' lang='lat' dir='ltr'>metropolitano,</span> <span class='ocrx_word' id='word_1_245' title='bbox 985 1564 1166 1604; x_wconf 85' lang='lat' dir='ltr'>proindeque</span> 
     </span>
     <span class='ocr_line' id='line_1_44' title="bbox 424 1614 1166 1655; baseline -0.009 -6"><span class='ocrx_word' id='word_1_246' title='bbox 424 1620 536 1649; x_wconf 90' lang='lat' dir='ltr'>nullum</span> <span class='ocrx_word' id='word_1_247' title='bbox 558 1618 605 1647; x_wconf 92' lang='lat' dir='ltr'>ius</span> <span class='ocrx_word' id='word_1_248' title='bbox 636 1615 883 1655; x_wconf 87' lang='lat' dir='ltr'>metropoliticum</span> <span class='ocrx_word' id='word_1_249' title='bbox 907 1614 1092 1653; x_wconf 86' lang='lat' dir='ltr'>competiisse</span> <span class='ocrx_word' id='word_1_250' title='bbox 1115 1623 1166 1643; x_wconf 88' lang='lat' dir='ltr'>ne-</span> 
     </span>
     <span class='ocr_line' id='line_1_45' title="bbox 424 1663 1166 1708; baseline -0.008 -10"><span class='ocrx_word' id='word_1_251' title='bbox 424 1678 480 1708; x_wconf 89' lang='lat' dir='ltr'>que</span> <span class='ocrx_word' id='word_1_252' title='bbox 503 1670 670 1706; x_wconf 85' lang='lat' dir='ltr'>competere</span> <span class='ocrx_word' id='word_1_253' title='bbox 702 1664 922 1703; x_wconf 86' lang='lat' dir='ltr'>archiepiscopo</span> <span class='ocrx_word' id='word_1_254' title='bbox 949 1663 1166 1693; x_wconf 80' lang='lat' dir='ltr'>Ravennatensi</span> 
     </span>
     <span class='ocr_line' id='line_1_46' title="bbox 424 1712 1166 1756; baseline -0.008 -9"><span class='ocrx_word' id='word_1_255' title='bbox 424 1725 519 1756; x_wconf 88' lang='lat' dir='ltr'>neque</span> <span class='ocrx_word' id='word_1_256' title='bbox 542 1715 594 1745; x_wconf 92' lang='lat' dir='ltr'>ulli</span> <span class='ocrx_word' id='word_1_257' title='bbox 617 1714 701 1744; x_wconf 86' lang='lat' dir='ltr'>alteri</span> <span class='ocrx_word' id='word_1_258' title='bbox 724 1723 812 1752; x_wconf 88' lang='lat' dir='ltr'>super</span> <span class='ocrx_word' id='word_1_259' title='bbox 834 1713 907 1742; x_wconf 77' lang='lat' dir='ltr'>dicta</span> <span class='ocrx_word' id='word_1_260' title='bbox 941 1712 1066 1742; x_wconf 72' lang='lat' dir='ltr'>ecclesia</span> <span class='ocrx_word' id='word_1_261' title='bbox 1098 1712 1166 1742; x_wconf 88' lang='lat' dir='ltr'>Fer-</span> 
     </span>
     <span class='ocr_line' id='line_1_47' title="bbox 425 1760 1164 1802; baseline -0.008 -7"><span class='ocrx_word' id='word_1_262' title='bbox 425 1765 570 1802; x_wconf 88' lang='lat' dir='ltr'>rariensi;</span> <span class='ocrx_word' id='word_1_263' title='bbox 593 1763 642 1793; x_wconf 87' lang='lat' dir='ltr'>sed</span> <span class='ocrx_word' id='word_1_264' title='bbox 666 1763 745 1792; x_wconf 88' lang='lat' dir='ltr'>illam</span> <span class='ocrx_word' id='word_1_265' title='bbox 768 1761 857 1791; x_wconf 83' lang='lat' dir='ltr'>fuisse</span> <span class='ocrx_word' id='word_1_266' title='bbox 879 1765 906 1790; x_wconf 88' lang='lat' dir='ltr'>et</span> <span class='ocrx_word' id='word_1_267' title='bbox 935 1770 998 1790; x_wconf 91' lang='lat' dir='ltr'>esse</span> <span class='ocrx_word' id='word_1_268' title='bbox 1025 1760 1164 1798; x_wconf 88' lang='lat' dir='ltr'>liberam,</span> 
     </span>
     <span class='ocr_line' id='line_1_48' title="bbox 425 1809 1167 1853; baseline -0.008 -9"><span class='ocrx_word' id='word_1_269' title='bbox 425 1817 588 1853; x_wconf 81' lang='lat' dir='ltr'>exemptam</span> <span class='ocrx_word' id='word_1_270' title='bbox 612 1816 640 1842; x_wconf 89' lang='lat' dir='ltr'>et</span> <span class='ocrx_word' id='word_1_271' title='bbox 662 1811 828 1841; x_wconf 87' lang='lat' dir='ltr'>immediate</span> <span class='ocrx_word' id='word_1_272' title='bbox 861 1809 1022 1839; x_wconf 86' lang='lat' dir='ltr'>subiectam</span> <span class='ocrx_word' id='word_1_273' title='bbox 1049 1813 1167 1839; x_wconf 83' lang='lat' dir='ltr'>sanctae</span> 
     </span>
     <span class='ocr_line' id='line_1_49' title="bbox 425 1858 1168 1900; baseline -0.008 -8"><span class='ocrx_word' id='word_1_274' title='bbox 425 1862 491 1892; x_wconf 80' lang='lat' dir='ltr'>Sodi</span> <span class='ocrx_word' id='word_1_275' title='bbox 514 1860 708 1900; x_wconf 81' lang='lat' dir='ltr'>Apostolicae,</span> <span class='ocrx_word' id='word_1_276' title='bbox 732 1862 819 1898; x_wconf 76' lang='lat' dir='ltr'>prout</span> <span class='ocrx_word' id='word_1_277' title='bbox 841 1858 928 1888; x_wconf 82' lang='lat' dir='ltr'>talem</span> <span class='ocrx_word' id='word_1_278' title='bbox 951 1867 1014 1887; x_wconf 89' lang='lat' dir='ltr'>esse</span> <span class='ocrx_word' id='word_1_279' title='bbox 1037 1866 1168 1897; x_wconf 89' lang='lat' dir='ltr'>pronun—</span> 
     </span>
     <span class='ocr_line' id='line_1_50' title="bbox 425 1907 1168 1948; baseline -0.005 -8"><span class='ocrx_word' id='word_1_280' title='bbox 425 1911 547 1948; x_wconf 89' lang='lat' dir='ltr'>ciamus,</span> <span class='ocrx_word' id='word_1_281' title='bbox 572 1909 754 1939; x_wconf 80' lang='lat' dir='ltr'>declaramus</span> <span class='ocrx_word' id='word_1_282' title='bbox 777 1912 805 1937; x_wconf 88' lang='lat' dir='ltr'>et</span> <span class='ocrx_word' id='word_1_283' title='bbox 831 1907 1042 1937; x_wconf 85' lang='lat' dir='ltr'>sententiamus</span> <span class='ocrx_word' id='word_1_284' title='bbox 1058 1931 1065 1945; x_wconf 94' lang='lat'>‚</span> <span class='ocrx_word' id='word_1_285' title='bbox 1093 1907 1168 1937; x_wconf 68' lang='lat' dir='ltr'>sacta</span> 
     </span>
     <span class='ocr_line' id='line_1_51' title="bbox 426 1956 1167 1998; baseline -0.005 -9"><span class='ocrx_word' id='word_1_286' title='bbox 426 1959 514 1989; x_wconf 86' lang='lat' dir='ltr'>etiam</span> <span class='ocrx_word' id='word_1_287' title='bbox 553 1958 632 1998; x_wconf 87' lang='lat' dir='ltr'>prius</span> <span class='ocrx_word' id='word_1_288' title='bbox 669 1956 811 1992; x_wconf 65' lang='lat' dir='ltr'>relatione</span> <span class='ocrx_word' id='word_1_289' title='bbox 846 1956 941 1986; x_wconf 89' lang='lat' dir='ltr'>dictae</span> <span class='ocrx_word' id='word_1_290' title='bbox 977 1956 1167 1986; x_wconf 87' lang='lat' dir='ltr'>resolutionis</span> 
     </span>
     <span class='ocr_line' id='line_1_52' title="bbox 428 2005 1169 2047; baseline -0.005 -9"><span class='ocrx_word' id='word_1_291' title='bbox 428 2007 635 2047; x_wconf 87' lang='lat' dir='ltr'>praecedenter</span> <span class='ocrx_word' id='word_1_292' title='bbox 656 2010 757 2045; x_wconf 83' lang='lat' dir='ltr'>captae</span> <span class='ocrx_word' id='word_1_293' title='bbox 779 2005 966 2035; x_wconf 88' lang='lat' dir='ltr'>sanctissimo</span> <span class='ocrx_word' id='word_1_294' title='bbox 984 2005 1102 2035; x_wconf 90' lang='lat' dir='ltr'>domino</span> <span class='ocrx_word' id='word_1_295' title='bbox 1118 2014 1169 2034; x_wconf 92' lang='lat' dir='ltr'>no-</span> 
     </span>
     <span class='ocr_line' id='line_1_53' title="bbox 427 2053 1169 2093; baseline -0.005 -6"><span class='ocrx_word' id='word_1_296' title='bbox 427 2061 488 2087; x_wconf 86' lang='lat' dir='ltr'>stro</span> <span class='ocrx_word' id='word_1_297' title='bbox 511 2061 539 2086; x_wconf 87' lang='lat' dir='ltr'>et</span> <span class='ocrx_word' id='word_1_298' title='bbox 561 2054 696 2085; x_wconf 87' lang='lat' dir='ltr'>omnibus</span> <span class='ocrx_word' id='word_1_299' title='bbox 719 2054 974 2084; x_wconf 87' lang='lat' dir='ltr'>reverendissimis</span> <span class='ocrx_word' id='word_1_300' title='bbox 991 2053 1124 2093; x_wconf 85' lang='lat' dir='ltr'>patribus</span> <span class='ocrx_word' id='word_1_301' title='bbox 1140 2054 1169 2083; x_wconf 92' lang='lat' dir='ltr'>in</span> 
     </span>
     <span class='ocr_line' id='line_1_54' title="bbox 427 2102 1168 2141; baseline -0.007 -5"><span class='ocrx_word' id='word_1_302' title='bbox 427 2105 556 2136; x_wconf 87' lang='lat' dir='ltr'>Concilio</span> <span class='ocrx_word' id='word_1_303' title='bbox 573 2105 703 2134; x_wconf 83' lang='lat' dir='ltr'>Romano</span> <span class='ocrx_word' id='word_1_304' title='bbox 718 2102 972 2141; x_wconf 76' lang='lat' dir='ltr'>iiiteresseiitihuS‚</span> <span class='ocrx_word' id='word_1_305' title='bbox 992 2102 1040 2141; x_wconf 92' lang='lat' dir='ltr'>qui</span> <span class='ocrx_word' id='word_1_306' title='bbox 1056 2111 1168 2140; x_wconf 89' lang='lat' dir='ltr'>omnes,</span> 
     </span>
     <span class='ocr_line' id='line_1_55' title="bbox 428 2151 1171 2192; baseline -0.007 -8"><span class='ocrx_word' id='word_1_307' title='bbox 428 2153 599 2192; x_wconf 80' lang='lat' dir='ltr'>denegando</span> <span class='ocrx_word' id='word_1_308' title='bbox 622 2161 726 2182; x_wconf 90' lang='lat' dir='ltr'>novam</span> <span class='ocrx_word' id='word_1_309' title='bbox 749 2151 928 2181; x_wconf 85' lang='lat' dir='ltr'>audientiam</span> <span class='ocrx_word' id='word_1_310' title='bbox 961 2151 997 2180; x_wconf 90' lang='lat' dir='ltr'>ab</span> <span class='ocrx_word' id='word_1_311' title='bbox 1027 2151 1171 2190; x_wconf 86' lang='lat' dir='ltr'>archiepi-</span> 
     </span>
     <span class='ocr_line' id='line_1_56' title="bbox 428 2199 1170 2243; baseline -0.004 -10"><span class='ocrx_word' id='word_1_312' title='bbox 428 2213 514 2243; x_wconf 87' lang='lat' dir='ltr'>scopo</span> <span class='ocrx_word' id='word_1_313' title='bbox 537 2201 753 2233; x_wconf 75' lang='lat' dir='ltr'>Ravennatensi</span> <span class='ocrx_word' id='word_1_314' title='bbox 776 2201 805 2230; x_wconf 93' lang='lat' dir='ltr'>in</span> <span class='ocrx_word' id='word_1_315' title='bbox 835 2200 949 2239; x_wconf 85' lang='lat' dir='ltr'>publico</span> <span class='ocrx_word' id='word_1_316' title='bbox 971 2199 1099 2230; x_wconf 90' lang='lat' dir='ltr'>Concilio</span> <span class='ocrx_word' id='word_1_317' title='bbox 1122 2209 1170 2239; x_wconf 87' lang='lat' dir='ltr'>pe-</span> 
     </span>
     <span class='ocr_line' id='line_1_57' title="bbox 429 2249 1170 2287; baseline -0.005 -6"><span class='ocrx_word' id='word_1_318' title='bbox 429 2252 512 2282; x_wconf 89' lang='lat' dir='ltr'>titam</span> <span class='ocrx_word' id='word_1_319' title='bbox 543 2251 589 2280; x_wconf 90' lang='lat' dir='ltr'>die</span> <span class='ocrx_word' id='word_1_320' title='bbox 612 2259 669 2279; x_wconf 81' lang='lat' dir='ltr'>xxii</span> <span class='ocrx_word' id='word_1_321' title='bbox 693 2249 771 2285; x_wconf 86' lang='lat' dir='ltr'>maii,</span> <span class='ocrx_word' id='word_1_322' title='bbox 796 2249 1004 2278; x_wconf 87' lang='lat' dir='ltr'>resolutionem</span> <span class='ocrx_word' id='word_1_323' title='bbox 1028 2252 1060 2278; x_wconf 93' lang='lat' dir='ltr'>ut</span> <span class='ocrx_word' id='word_1_324' title='bbox 1081 2257 1170 2287; x_wconf 86' lang='lat' dir='ltr'>supra</span> 
     </span>
     <span class='ocr_line' id='line_1_58' title="bbox 429 2295 1170 2338; baseline -0.007 -10"><span class='ocrx_word' id='word_1_325' title='bbox 429 2302 543 2338; x_wconf 87' lang='lat' dir='ltr'>captam</span> <span class='ocrx_word' id='word_1_326' title='bbox 567 2297 595 2326; x_wconf 93' lang='lat' dir='ltr'>in</span> <span class='ocrx_word' id='word_1_327' title='bbox 619 2297 697 2326; x_wconf 68' lang='lat' dir='ltr'>dicta</span> <span class='ocrx_word' id='word_1_328' title='bbox 719 2296 803 2325; x_wconf 71' lang='lat' dir='ltr'>sacra</span> <span class='ocrx_word' id='word_1_329' title='bbox 831 2295 1057 2333; x_wconf 84' lang='lat' dir='ltr'>congregatione</span> <span class='ocrx_word' id='word_1_330' title='bbox 1080 2295 1170 2334; x_wconf 90' lang='lat' dir='ltr'>parti-</span> 
     </span>
     <span class='ocr_line' id='line_1_59' title="bbox 430 2344 1171 2385; baseline -0.007 -8"><span class='ocrx_word' id='word_1_331' title='bbox 430 2347 535 2384; x_wconf 85' lang='lat' dir='ltr'>culari,</span> <span class='ocrx_word' id='word_1_332' title='bbox 548 2350 694 2385; x_wconf 89' lang='lat' dir='ltr'>tamquam</span> <span class='ocrx_word' id='word_1_333' title='bbox 708 2345 766 2375; x_wconf 87' lang='lat' dir='ltr'>iuri</span> <span class='ocrx_word' id='word_1_334' title='bbox 779 2353 949 2380; x_wconf 90' lang='lat' dir='ltr'>consonam,</span> <span class='ocrx_word' id='word_1_335' title='bbox 966 2344 995 2373; x_wconf 89' lang='lat' dir='ltr'>in</span> <span class='ocrx_word' id='word_1_336' title='bbox 1012 2353 1171 2382; x_wconf 84' lang='lat' dir='ltr'>congrega-</span> 
     </span>
     <span class='ocr_line' id='line_1_60' title="bbox 432 2391 1170 2434; baseline -0.005 -9"><span class='ocrx_word' id='word_1_337' title='bbox 432 2396 508 2425; x_wconf 88' lang='lat' dir='ltr'>tione</span> <span class='ocrx_word' id='word_1_338' title='bbox 532 2393 732 2434; x_wconf 79' lang='lat' dir='ltr'>praesynodali</span> <span class='ocrx_word' id='word_1_339' title='bbox 746 2393 756 2409; x_wconf 74' lang='lat'>³</span> <span class='ocrx_word' id='word_1_340' title='bbox 778 2391 879 2422; x_wconf 68' lang='lat' dir='ltr'>habita</span> <span class='ocrx_word' id='word_1_341' title='bbox 901 2392 947 2422; x_wconf 90' lang='lat' dir='ltr'>die</span> <span class='ocrx_word' id='word_1_342' title='bbox 963 2401 1019 2421; x_wconf 86' lang='lat' dir='ltr'>xxv</span> <span class='ocrx_word' id='word_1_343' title='bbox 1041 2392 1170 2422; x_wconf 85' lang='lat' dir='ltr'>eiusdem</span> 
     </span>
     <span class='ocr_line' id='line_1_61' title="bbox 432 2440 1169 2481; baseline -0.004 -8"><span class='ocrx_word' id='word_1_344' title='bbox 432 2444 544 2474; x_wconf 85' lang='lat' dir='ltr'>mensis</span> <span class='ocrx_word' id='word_1_345' title='bbox 573 2442 641 2472; x_wconf 87' lang='lat' dir='ltr'>maii</span> <span class='ocrx_word' id='word_1_346' title='bbox 669 2441 892 2481; x_wconf 73' lang='lat' dir='ltr'>approbarunt*</span> <span class='ocrx_word' id='word_1_347' title='bbox 915 2445 943 2471; x_wconf 90' lang='lat' dir='ltr'>et</span> <span class='ocrx_word' id='word_1_348' title='bbox 965 2440 1169 2480; x_wconf 87' lang='lat' dir='ltr'>publicandam</span> 
     </span>
    </p>
   </div>
   <div class='ocr_carea' id='block_1_7' title="bbox 467 2507 1171 2677">
    <p class='ocr_par' dir='ltr' id='par_1_7' title="bbox 467 2507 1171 2587">
     <span class='ocr_line' id='line_1_62' title="bbox 471 2507 1171 2542; baseline -0.003 -6"><span class='ocrx_word' id='word_1_349' title='bbox 471 2511 478 2536; x_wconf 88' lang='grc'>1</span> <span class='ocrx_word' id='word_1_350' title='bbox 498 2509 564 2536; x_wconf 87' lang='lat' dir='ltr'>Male</span> <span class='ocrx_word' id='word_1_351' title='bbox 580 2509 625 2535; x_wconf 88' lang='lat' dir='ltr'>ed.</span> <span class='ocrx_word' id='word_1_352' title='bbox 643 2508 723 2535; x_wconf 83' lang='lat' dir='ltr'>Main.</span> <span class='ocrx_word' id='word_1_353' title='bbox 741 2507 807 2541; x_wconf 83' lang='lat' dir='ltr'>legit</span> <span class='ocrx_word' id='word_1_354' title='bbox 820 2507 903 2534; x_wconf 77' lang='lat' dir='ltr'>illius</span> <span class='ocrx_word' id='word_1_355' title='bbox 916 2515 964 2542; x_wconf 88' lang='lat' dir='ltr'>pro</span> <span class='ocrx_word' id='word_1_356' title='bbox 980 2507 1171 2541; x_wconf 74' lang='lat' dir='ltr'>ullius(n.·1·.).</span> 
     </span>
     <span class='ocr_line' id='line_1_63' title="bbox 467 2551 1043 2587; baseline -0.005 -7"><span class='ocrx_word' id='word_1_357' title='bbox 467 2554 483 2580; x_wconf 74' lang='lat'><strong>2</strong></span> <span class='ocrx_word' id='word_1_358' title='bbox 503 2552 574 2579; x_wconf 84' lang='lat' dir='ltr'>Edit.</span> <span class='ocrx_word' id='word_1_359' title='bbox 596 2552 680 2579; x_wconf 84' lang='lat' dir='ltr'>Main.</span> <span class='ocrx_word' id='word_1_360' title='bbox 700 2552 769 2587; x_wconf 88' lang='lat' dir='ltr'>legit</span> <span class='ocrx_word' id='word_1_361' title='bbox 786 2551 918 2579; x_wconf 69' lang='lat' dir='ltr'>civitates</span> <span class='ocrx_word' id='word_1_362' title='bbox 935 2553 976 2584; x_wconf 75' lang='lat' dir='ltr'>(fl.</span> <span class='ocrx_word' id='word_1_363' title='bbox 992 2552 1043 2584; x_wconf 83' lang='grc' dir='ltr'>Τ.).</span> 
     </span>
    </p>

    <p class='ocr_par' dir='ltr' id='par_1_8' title="bbox 468 2595 1101 2631">
     <span class='ocr_line' id='line_1_64' title="bbox 468 2595 1101 2631; baseline -0.002 -8"><span class='ocrx_word' id='word_1_364' title='bbox 468 2598 484 2624; x_wconf 86' lang='grc'><strong>3</strong></span> <span class='ocrx_word' id='word_1_365' title='bbox 504 2597 574 2623; x_wconf 90' lang='lat' dir='ltr'>Edit.</span> <span class='ocrx_word' id='word_1_366' title='bbox 596 2596 675 2624; x_wconf 82' lang='lat' dir='ltr'>Main.</span> <span class='ocrx_word' id='word_1_367' title='bbox 697 2596 770 2631; x_wconf 87' lang='lat' dir='ltr'>legit.</span> <span class='ocrx_word' id='word_1_368' title='bbox 788 2595 975 2631; x_wconf 77' lang='lat' dir='ltr'>prosynodali</span> <span class='ocrx_word' id='word_1_369' title='bbox 993 2596 1033 2630; x_wconf 77' lang='lat' dir='ltr'>(R.</span> <span class='ocrx_word' id='word_1_370' title='bbox 1050 2595 1101 2630; x_wconf 82' lang='grc' dir='ltr'><strong>Τ.).</strong></span> 
     </span>
    </p>

    <p class='ocr_par' dir='ltr' id='par_1_9' title="bbox 470 2640 1135 2677">
     <span class='ocr_line' id='line_1_65' title="bbox 470 2640 1135 2677; baseline -0.002 -8"><span class='ocrx_word' id='word_1_371' title='bbox 470 2642 484 2669; x_wconf 71' lang='grc' dir='ltr'><strong>Δ</strong></span> <span class='ocrx_word' id='word_1_372' title='bbox 505 2641 577 2669; x_wconf 85' lang='lat' dir='ltr'>Edit.</span> <span class='ocrx_word' id='word_1_373' title='bbox 599 2641 678 2669; x_wconf 87' lang='lat' dir='ltr'>Main.</span> <span class='ocrx_word' id='word_1_374' title='bbox 699 2641 765 2677; x_wconf 84' lang='lat' dir='ltr'>legit</span> <span class='ocrx_word' id='word_1_375' title='bbox 783 2640 1006 2677; x_wconf 73' lang='lat' dir='ltr'>approbandam</span> <span class='ocrx_word' id='word_1_376' title='bbox 1025 2640 1066 2676; x_wconf 82' lang='lat' dir='ltr'>(n.</span> <span class='ocrx_word' id='word_1_377' title='bbox 1086 2640 1135 2675; x_wconf 81' lang='lat' dir='ltr'><strong>T.).</strong></span> 
     </span>
    </p>
   </div>
   <div class='ocr_carea' id='block_1_8' title="bbox 1206 987 1954 2681">
    <p class='ocr_par' dir='ltr' id='par_1_10' title="bbox 1206 987 1954 2622">
     <span class='ocr_line' id='line_1_66' title="bbox 1207 987 1950 1030; baseline -0.001 -11"><span class='ocrx_word' id='word_1_378' title='bbox 1207 987 1250 1019; x_wconf 88' lang='lat' dir='ltr'>tili</span> <span class='ocrx_word' id='word_1_379' title='bbox 1276 987 1337 1020; x_wconf 85' lang='lat' dir='ltr'>soli</span> <span class='ocrx_word' id='word_1_380' title='bbox 1362 987 1567 1027; x_wconf 83' lang='lat' dir='ltr'>amoenitate,</span> <span class='ocrx_word' id='word_1_381' title='bbox 1594 987 1727 1030; x_wconf 87' lang='lat' dir='ltr'>copioso</span> <span class='ocrx_word' id='word_1_382' title='bbox 1761 991 1826 1019; x_wconf 86' lang='lat' dir='ltr'>tum</span> <span class='ocrx_word' id='word_1_383' title='bbox 1852 995 1950 1028; x_wconf 84' lang='lat' dir='ltr'>gene-</span> 
     </span>
     <span class='ocr_line' id='line_1_67' title="bbox 1206 1039 1950 1082; baseline -0.001 -10"><span class='ocrx_word' id='word_1_384' title='bbox 1206 1040 1250 1072; x_wconf 88' lang='lat' dir='ltr'>ris</span> <span class='ocrx_word' id='word_1_385' title='bbox 1274 1039 1440 1072; x_wconf 87' lang='lat' dir='ltr'>nobilitate</span> <span class='ocrx_word' id='word_1_386' title='bbox 1472 1039 1686 1082; x_wconf 84' lang='lat' dir='ltr'>pollentium,</span> <span class='ocrx_word' id='word_1_387' title='bbox 1711 1044 1777 1072; x_wconf 91' lang='lat' dir='ltr'>tum</span> <span class='ocrx_word' id='word_1_388' title='bbox 1803 1039 1950 1072; x_wconf 85' lang='lat' dir='ltr'>scientia-</span> 
     </span>
     <span class='ocr_line' id='line_1_68' title="bbox 1207 1091 1950 1135; baseline -0.003 -9"><span class='ocrx_word' id='word_1_389' title='bbox 1207 1104 1278 1126; x_wconf 89' lang='lat' dir='ltr'>rum</span> <span class='ocrx_word' id='word_1_390' title='bbox 1313 1103 1541 1135; x_wconf 85' lang='lat' dir='ltr'>armorumque</span> <span class='ocrx_word' id='word_1_391' title='bbox 1576 1092 1692 1124; x_wconf 88' lang='lat' dir='ltr'>virtute</span> <span class='ocrx_word' id='word_1_392' title='bbox 1730 1091 1950 1135; x_wconf 89' lang='lat' dir='ltr'>praeditorum</span> 
     </span>
     <span class='ocr_line' id='line_1_69' title="bbox 1207 1144 1949 1187; baseline -0.001 -9"><span class='ocrx_word' id='word_1_393' title='bbox 1207 1146 1322 1178; x_wconf 88' lang='lat' dir='ltr'>civium</span> <span class='ocrx_word' id='word_1_394' title='bbox 1361 1155 1520 1186; x_wconf 84' lang='lat' dir='ltr'>numero,</span> <span class='ocrx_word' id='word_1_395' title='bbox 1561 1145 1668 1178; x_wconf 84' lang='lat' dir='ltr'>studio</span> <span class='ocrx_word' id='word_1_396' title='bbox 1704 1144 1870 1187; x_wconf 76' lang='lat' dir='ltr'>generali,</span> <span class='ocrx_word' id='word_1_397' title='bbox 1911 1155 1949 1178; x_wconf 89' lang='lat' dir='ltr'>ex</span> 
     </span>
     <span class='ocr_line' id='line_1_70' title="bbox 1208 1198 1951 1242; baseline 0.001 -12"><span class='ocrx_word' id='word_1_398' title='bbox 1208 1210 1272 1242; x_wconf 84' lang='lat' dir='ltr'>qno</span> <span class='ocrx_word' id='word_1_399' title='bbox 1309 1199 1515 1242; x_wconf 86' lang='lat' dir='ltr'>quamplures</span> <span class='ocrx_word' id='word_1_400' title='bbox 1550 1198 1610 1230; x_wconf 88' lang='lat' dir='ltr'>viri</span> <span class='ocrx_word' id='word_1_401' title='bbox 1647 1198 1824 1231; x_wconf 81' lang='lat' dir='ltr'>litterarum</span> <span class='ocrx_word' id='word_1_402' title='bbox 1850 1198 1951 1232; x_wconf 91' lang='lat' dir='ltr'>scien-</span> 
     </span>
     <span class='ocr_line' id='line_1_71' title="bbox 1208 1251 1951 1295; baseline -0.001 -11"><span class='ocrx_word' id='word_1_403' title='bbox 1208 1253 1250 1285; x_wconf 74' lang='lat' dir='ltr'>tia</span> <span class='ocrx_word' id='word_1_404' title='bbox 1273 1252 1453 1294; x_wconf 85' lang='lat' dir='ltr'>artiumque</span> <span class='ocrx_word' id='word_1_405' title='bbox 1488 1251 1671 1283; x_wconf 88' lang='lat' dir='ltr'>liberalium</span> <span class='ocrx_word' id='word_1_406' title='bbox 1706 1251 1820 1293; x_wconf 87' lang='lat' dir='ltr'>insigni</span> <span class='ocrx_word' id='word_1_407' title='bbox 1854 1261 1951 1295; x_wconf 84' lang='lat' dir='ltr'>expe-</span> 
     </span>
     <span class='ocr_line' id='line_1_72' title="bbox 1207 1304 1951 1346; baseline -0.001 -9"><span class='ocrx_word' id='word_1_408' title='bbox 1207 1305 1320 1338; x_wconf 77' lang='lat' dir='ltr'>rientia</span> <span class='ocrx_word' id='word_1_409' title='bbox 1345 1304 1490 1337; x_wconf 90' lang='lat' dir='ltr'>celebres</span> <span class='ocrx_word' id='word_1_410' title='bbox 1514 1304 1715 1346; x_wconf 90' lang='lat' dir='ltr'>prodierunt,</span> <span class='ocrx_word' id='word_1_411' title='bbox 1734 1309 1765 1336; x_wconf 86' lang='lat' dir='ltr'>et</span> <span class='ocrx_word' id='word_1_412' title='bbox 1788 1304 1951 1346; x_wconf 88' lang='lat' dir='ltr'>prodeunt</span> 
     </span>
     <span class='ocr_line' id='line_1_73' title="bbox 1208 1357 1951 1398; baseline 0 -8"><span class='ocrx_word' id='word_1_413' title='bbox 1208 1358 1238 1390; x_wconf 91' lang='lat' dir='ltr'>in</span> <span class='ocrx_word' id='word_1_414' title='bbox 1265 1358 1344 1398; x_wconf 79' lang='lat' dir='ltr'>dies,</span> <span class='ocrx_word' id='word_1_415' title='bbox 1376 1367 1435 1390; x_wconf 90' lang='lat' dir='ltr'>nec</span> <span class='ocrx_word' id='word_1_416' title='bbox 1461 1366 1525 1389; x_wconf 91' lang='lat' dir='ltr'>non</span> <span class='ocrx_word' id='word_1_417' title='bbox 1563 1357 1714 1389; x_wconf 81' lang='lat' dir='ltr'>tribunali</span> <span class='ocrx_word' id='word_1_418' title='bbox 1751 1367 1808 1390; x_wconf 88' lang='lat' dir='ltr'>seu</span> <span class='ocrx_word' id='word_1_419' title='bbox 1844 1367 1951 1390; x_wconf 87' lang='lat' dir='ltr'>causa-</span> 
     </span>
     <span class='ocr_line' id='line_1_74' title="bbox 1208 1410 1950 1454; baseline 0.001 -11"><span class='ocrx_word' id='word_1_420' title='bbox 1208 1422 1278 1443; x_wconf 86' lang='lat' dir='ltr'>rum</span> <span class='ocrx_word' id='word_1_421' title='bbox 1305 1411 1473 1451; x_wconf 71' lang='lat' dir='ltr'>audientia,</span> <span class='ocrx_word' id='word_1_422' title='bbox 1500 1411 1580 1444; x_wconf 72' lang='lat' dir='ltr'>Rota</span> <span class='ocrx_word' id='word_1_423' title='bbox 1606 1411 1796 1454; x_wconf 79' lang='lat' dir='ltr'>nuncupata,</span> <span class='ocrx_word' id='word_1_424' title='bbox 1822 1410 1871 1443; x_wconf 87' lang='lat' dir='ltr'>cui</span> <span class='ocrx_word' id='word_1_425' title='bbox 1905 1410 1950 1444; x_wconf 90' lang='lat' dir='ltr'>iu-</span> 
     </span>
     <span class='ocr_line' id='line_1_75' title="bbox 1208 1463 1950 1507; baseline 0.001 -11"><span class='ocrx_word' id='word_1_426' title='bbox 1208 1464 1250 1497; x_wconf 90' lang='lat' dir='ltr'>ris</span> <span class='ocrx_word' id='word_1_427' title='bbox 1275 1464 1445 1507; x_wconf 90' lang='lat' dir='ltr'>utriusque</span> <span class='ocrx_word' id='word_1_428' title='bbox 1479 1464 1629 1497; x_wconf 89' lang='lat' dir='ltr'>doctores</span> <span class='ocrx_word' id='word_1_429' title='bbox 1659 1463 1796 1496; x_wconf 89' lang='lat' dir='ltr'>iustitiae</span> <span class='ocrx_word' id='word_1_430' title='bbox 1822 1468 1852 1497; x_wconf 90' lang='lat' dir='ltr'>et</span> <span class='ocrx_word' id='word_1_431' title='bbox 1875 1474 1950 1507; x_wconf 88' lang='lat' dir='ltr'>pro-</span> 
     </span>
     <span class='ocr_line' id='line_1_76' title="bbox 1208 1516 1950 1560; baseline 0.001 -11"><span class='ocrx_word' id='word_1_432' title='bbox 1208 1517 1315 1551; x_wconf 86' lang='lat' dir='ltr'>bitatis</span> <span class='ocrx_word' id='word_1_433' title='bbox 1340 1518 1482 1550; x_wconf 87' lang='lat' dir='ltr'>asseclae</span> <span class='ocrx_word' id='word_1_434' title='bbox 1506 1522 1670 1560; x_wconf 85' lang='lat' dir='ltr'>praesunt,</span> <span class='ocrx_word' id='word_1_435' title='bbox 1688 1516 1894 1560; x_wconf 87' lang='lat' dir='ltr'>Concilioque</span> <span class='ocrx_word' id='word_1_436' title='bbox 1918 1517 1950 1550; x_wconf 90' lang='lat' dir='ltr'>in</span> 
     </span>
     <span class='ocr_line' id='line_1_77' title="bbox 1209 1569 1951 1614; baseline 0 -11"><span class='ocrx_word' id='word_1_437' title='bbox 1209 1572 1245 1603; x_wconf 73' lang='lat' dir='ltr'>ea</span> <span class='ocrx_word' id='word_1_438' title='bbox 1281 1581 1298 1603; x_wconf 88' lang='lat' dir='ltr'>a</span> <span class='ocrx_word' id='word_1_439' title='bbox 1332 1570 1476 1614; x_wconf 81' lang='lat' dir='ltr'>praefato</span> <span class='ocrx_word' id='word_1_440' title='bbox 1513 1569 1654 1612; x_wconf 76' lang='lat' dir='ltr'>Eugenio</span> <span class='ocrx_word' id='word_1_441' title='bbox 1678 1570 1714 1602; x_wconf 94' lang='lat' dir='ltr'>IV</span> <span class='ocrx_word' id='word_1_442' title='bbox 1750 1570 1882 1610; x_wconf 86' lang='lat' dir='ltr'>habito,</span> <span class='ocrx_word' id='word_1_443' title='bbox 1920 1575 1951 1603; x_wconf 87' lang='lat' dir='ltr'>et</span> 
     </span>
     <span class='ocr_line' id='line_1_78' title="bbox 1209 1621 1951 1666; baseline -0.001 -11"><span class='ocrx_word' id='word_1_444' title='bbox 1209 1622 1336 1662; x_wconf 82' lang='lat' dir='ltr'>deinde,</span> <span class='ocrx_word' id='word_1_445' title='bbox 1361 1627 1433 1666; x_wconf 89' lang='lat' dir='ltr'>post</span> <span class='ocrx_word' id='word_1_446' title='bbox 1456 1622 1638 1665; x_wconf 87' lang='lat' dir='ltr'>quindecim</span> <span class='ocrx_word' id='word_1_447' title='bbox 1656 1621 1800 1655; x_wconf 89' lang='lat' dir='ltr'>eiusdem</span> <span class='ocrx_word' id='word_1_448' title='bbox 1818 1621 1951 1655; x_wconf 89' lang='lat' dir='ltr'>Concilii</span> 
     </span>
     <span class='ocr_line' id='line_1_79' title="bbox 1209 1675 1952 1714; baseline 0 -6"><span class='ocrx_word' id='word_1_449' title='bbox 1209 1675 1367 1708; x_wconf 87' lang='lat' dir='ltr'>sessiones</span> <span class='ocrx_word' id='word_1_450' title='bbox 1386 1675 1463 1707; x_wconf 88' lang='lat' dir='ltr'>inibi</span> <span class='ocrx_word' id='word_1_451' title='bbox 1482 1675 1618 1714; x_wconf 85' lang='lat' dir='ltr'>habitas,</span> <span class='ocrx_word' id='word_1_452' title='bbox 1636 1675 1831 1708; x_wconf 85' lang='lat' dir='ltr'>Florentiam</span> <span class='ocrx_word' id='word_1_453' title='bbox 1852 1679 1952 1708; x_wconf 85' lang='lat' dir='ltr'>trans-</span> 
     </span>
     <span class='ocr_line' id='line_1_80' title="bbox 1209 1729 1950 1772; baseline 0 -11"><span class='ocrx_word' id='word_1_454' title='bbox 1209 1730 1282 1767; x_wconf 87' lang='lat' dir='ltr'>lato,</span> <span class='ocrx_word' id='word_1_455' title='bbox 1308 1734 1405 1772; x_wconf 86' lang='lat' dir='ltr'>prout</span> <span class='ocrx_word' id='word_1_456' title='bbox 1429 1733 1537 1761; x_wconf 88' lang='lat' dir='ltr'>vetera</span> <span class='ocrx_word' id='word_1_457' title='bbox 1562 1729 1705 1761; x_wconf 82' lang='lat' dir='ltr'>referunt</span> <span class='ocrx_word' id='word_1_458' title='bbox 1729 1733 1950 1768; x_wconf 83' lang='lat' dir='ltr'>monumenta,</span> 
     </span>
     <span class='ocr_line' id='line_1_81' title="bbox 1209 1780 1952 1814; baseline 0.001 -1"><span class='ocrx_word' id='word_1_459' title='bbox 1209 1786 1336 1813; x_wconf 88' lang='lat' dir='ltr'>centum</span> <span class='ocrx_word' id='word_1_460' title='bbox 1362 1781 1572 1814; x_wconf 87' lang='lat' dir='ltr'>ecclesiarum</span> <span class='ocrx_word' id='word_1_461' title='bbox 1596 1780 1628 1812; x_wconf 90' lang='lat' dir='ltr'>in</span> <span class='ocrx_word' id='word_1_462' title='bbox 1647 1781 1714 1813; x_wconf 88' lang='lat' dir='ltr'>eius</span> <span class='ocrx_word' id='word_1_463' title='bbox 1739 1780 1872 1813; x_wconf 90' lang='lat' dir='ltr'>circuitu</span> <span class='ocrx_word' id='word_1_464' title='bbox 1898 1791 1952 1814; x_wconf 82' lang='lat' dir='ltr'>ex-</span> 
     </span>
     <span class='ocr_line' id='line_1_82' title="bbox 1209 1833 1951 1877; baseline 0 -11"><span class='ocrx_word' id='word_1_465' title='bbox 1209 1834 1392 1874; x_wconf 85' lang='lat' dir='ltr'>istentium,</span> <span class='ocrx_word' id='word_1_466' title='bbox 1417 1834 1529 1866; x_wconf 87' lang='lat' dir='ltr'>annuis</span> <span class='ocrx_word' id='word_1_467' title='bbox 1561 1833 1741 1866; x_wconf 89' lang='lat' dir='ltr'>redditibus</span> <span class='ocrx_word' id='word_1_468' title='bbox 1777 1833 1951 1877; x_wconf 85' lang='lat' dir='ltr'>divinoque</span> 
     </span>
     <span class='ocr_line' id='line_1_83' title="bbox 1210 1886 1948 1930; baseline -0.003 -10"><span class='ocrx_word' id='word_1_469' title='bbox 1210 1888 1344 1921; x_wconf 85' lang='lat' dir='ltr'>servitio</span> <span class='ocrx_word' id='word_1_470' title='bbox 1381 1887 1602 1930; x_wconf 90' lang='lat' dir='ltr'>locupletum,</span> <span class='ocrx_word' id='word_1_471' title='bbox 1629 1886 1869 1929; x_wconf 89' lang='lat' dir='ltr'>quamplurium</span> <span class='ocrx_word' id='word_1_472' title='bbox 1901 1886 1948 1919; x_wconf 90' lang='lat' dir='ltr'>vi-</span> 
     </span>
     <span class='ocr_line' id='line_1_84' title="bbox 1210 1940 1953 1982; baseline -0.001 -8"><span class='ocrx_word' id='word_1_473' title='bbox 1210 1951 1318 1974; x_wconf 88' lang='lat' dir='ltr'>rorum</span> <span class='ocrx_word' id='word_1_474' title='bbox 1345 1946 1376 1973; x_wconf 88' lang='lat' dir='ltr'>et</span> <span class='ocrx_word' id='word_1_475' title='bbox 1406 1951 1566 1974; x_wconf 87' lang='lat' dir='ltr'>sacrarum</span> <span class='ocrx_word' id='word_1_476' title='bbox 1601 1940 1758 1982; x_wconf 85' lang='lat' dir='ltr'>virginum</span> <span class='ocrx_word' id='word_1_477' title='bbox 1792 1944 1953 1973; x_wconf 85' lang='lat' dir='ltr'>monaste·</span> 
     </span>
     <span class='ocr_line' id='line_1_85' title="bbox 1212 1991 1952 2036; baseline -0.001 -10"><span class='ocrx_word' id='word_1_478' title='bbox 1212 1994 1345 2034; x_wconf 86' lang='lat' dir='ltr'>riorum,</span> <span class='ocrx_word' id='word_1_479' title='bbox 1372 1999 1403 2026; x_wconf 90' lang='lat' dir='ltr'>et</span> <span class='ocrx_word' id='word_1_480' title='bbox 1427 1993 1458 2026; x_wconf 92' lang='lat' dir='ltr'>in</span> <span class='ocrx_word' id='word_1_481' title='bbox 1485 1993 1553 2026; x_wconf 88' lang='lat' dir='ltr'>eius</span> <span class='ocrx_word' id='word_1_482' title='bbox 1583 1993 1660 2026; x_wconf 88' lang='lat' dir='ltr'>satis</span> <span class='ocrx_word' id='word_1_483' title='bbox 1684 1993 1788 2036; x_wconf 77' lang='lat' dir='ltr'>ampla</span> <span class='ocrx_word' id='word_1_484' title='bbox 1813 1991 1952 2026; x_wconf 89' lang='lat' dir='ltr'>dioecesi</span> 
     </span>
     <span class='ocr_line' id='line_1_86' title="bbox 1211 2046 1952 2090; baseline 0 -10"><span class='ocrx_word' id='word_1_485' title='bbox 1211 2053 1339 2080; x_wconf 86' lang='lat' dir='ltr'>centum</span> <span class='ocrx_word' id='word_1_486' title='bbox 1366 2046 1502 2080; x_wconf 88' lang='lat' dir='ltr'>millium</span> <span class='ocrx_word' id='word_1_487' title='bbox 1526 2046 1704 2079; x_wconf 87' lang='lat' dir='ltr'>animarum</span> <span class='ocrx_word' id='word_1_488' title='bbox 1737 2046 1952 2090; x_wconf 86' lang='lat' dir='ltr'>parochiano-</span> 
     </span>
     <span class='ocr_line' id='line_1_87' title="bbox 1212 2099 1952 2133; baseline 0 0"><span class='ocrx_word' id='word_1_489' title='bbox 1212 2111 1282 2133; x_wconf 89' lang='lat' dir='ltr'>rum</span> <span class='ocrx_word' id='word_1_490' title='bbox 1301 2100 1382 2133; x_wconf 89' lang='lat' dir='ltr'>inter</span> <span class='ocrx_word' id='word_1_491' title='bbox 1400 2106 1527 2133; x_wconf 88' lang='lat' dir='ltr'>centum</span> <span class='ocrx_word' id='word_1_492' title='bbox 1550 2104 1582 2132; x_wconf 88' lang='lat' dir='ltr'>et</span> <span class='ocrx_word' id='word_1_493' title='bbox 1598 2101 1682 2132; x_wconf 89' lang='lat' dir='ltr'>ultra</span> <span class='ocrx_word' id='word_1_494' title='bbox 1703 2099 1849 2132; x_wconf 88' lang='lat' dir='ltr'>eiusdem</span> <span class='ocrx_word' id='word_1_495' title='bbox 1869 2099 1952 2133; x_wconf 89' lang='lat' dir='ltr'>dioe-</span> 
     </span>
     <span class='ocr_line' id='line_1_88' title="bbox 1212 2151 1952 2196; baseline -0.001 -10"><span class='ocrx_word' id='word_1_496' title='bbox 1212 2153 1294 2188; x_wconf 89' lang='lat' dir='ltr'>cesis</span> <span class='ocrx_word' id='word_1_497' title='bbox 1333 2152 1553 2196; x_wconf 81' lang='lat' dir='ltr'>parrochiales</span> <span class='ocrx_word' id='word_1_498' title='bbox 1587 2152 1740 2185; x_wconf 82' lang='lat' dir='ltr'>ecclesias</span> <span class='ocrx_word' id='word_1_499' title='bbox 1780 2151 1952 2185; x_wconf 90' lang='lat' dir='ltr'>divisarum</span> 
     </span>
     <span class='ocr_line' id='line_1_89' title="bbox 1212 2205 1953 2247; baseline -0.004 -7"><span class='ocrx_word' id='word_1_500' title='bbox 1212 2217 1347 2240; x_wconf 89' lang='lat' dir='ltr'>numero</span> <span class='ocrx_word' id='word_1_501' title='bbox 1373 2207 1502 2247; x_wconf 78' lang='lat' dir='ltr'>referta,</span> <span class='ocrx_word' id='word_1_502' title='bbox 1518 2215 1581 2238; x_wconf 89' lang='lat' dir='ltr'>una</span> <span class='ocrx_word' id='word_1_503' title='bbox 1599 2216 1635 2238; x_wconf 88' lang='lat' dir='ltr'>ex</span> <span class='ocrx_word' id='word_1_504' title='bbox 1653 2205 1884 2247; x_wconf 85' lang='lat' dir='ltr'>insignioribus</span> <span class='ocrx_word' id='word_1_505' title='bbox 1907 2210 1953 2238; x_wconf 90' lang='lat' dir='ltr'>to-</span> 
     </span>
     <span class='ocr_line' id='line_1_90' title="bbox 1213 2258 1953 2301; baseline 0.001 -9"><span class='ocrx_word' id='word_1_506' title='bbox 1213 2260 1275 2292; x_wconf 92' lang='lat' dir='ltr'>tius</span> <span class='ocrx_word' id='word_1_507' title='bbox 1300 2260 1408 2293; x_wconf 80' lang='lat' dir='ltr'>Italiae</span> <span class='ocrx_word' id='word_1_508' title='bbox 1433 2259 1611 2292; x_wconf 82' lang='lat' dir='ltr'>civitatibus</span> <span class='ocrx_word' id='word_1_509' title='bbox 1636 2258 1771 2299; x_wconf 86' lang='lat' dir='ltr'>existat,</span> <span class='ocrx_word' id='word_1_510' title='bbox 1798 2258 1953 2301; x_wconf 85' lang='lat' dir='ltr'>illiusque</span> 
     </span>
     <span class='ocr_line' id='line_1_91' title="bbox 1214 2311 1954 2356; baseline 0 -11"><span class='ocrx_word' id='word_1_511' title='bbox 1214 2314 1245 2345; x_wconf 93' lang='lat' dir='ltr'>in</span> <span class='ocrx_word' id='word_1_512' title='bbox 1271 2312 1503 2356; x_wconf 86' lang='lat' dir='ltr'>temporalibus</span> <span class='ocrx_word' id='word_1_513' title='bbox 1529 2311 1687 2354; x_wconf 85' lang='lat' dir='ltr'>gubernio</span> <span class='ocrx_word' id='word_1_514' title='bbox 1713 2321 1795 2344; x_wconf 89' lang='lat' dir='ltr'>unus</span> <span class='ocrx_word' id='word_1_515' title='bbox 1816 2321 1853 2344; x_wconf 80' lang='lat' dir='ltr'>ex</span> <span class='ocrx_word' id='word_1_516' title='bbox 1872 2311 1954 2345; x_wconf 85' lang='lat' dir='ltr'>eius-</span> 
     </span>
     <span class='ocr_line' id='line_1_92' title="bbox 1214 2364 1953 2399; baseline -0.003 -1"><span class='ocrx_word' id='word_1_517' title='bbox 1214 2367 1287 2399; x_wconf 91' lang='lat' dir='ltr'>dem</span> <span class='ocrx_word' id='word_1_518' title='bbox 1312 2366 1341 2399; x_wconf 87' lang='lat' dir='ltr'>S.</span> <span class='ocrx_word' id='word_1_519' title='bbox 1374 2366 1410 2398; x_wconf 87' lang='lat' dir='ltr'>R.</span> <span class='ocrx_word' id='word_1_520' title='bbox 1442 2365 1478 2398; x_wconf 88' lang='lat' dir='ltr'>E.</span> <span class='ocrx_word' id='word_1_521' title='bbox 1505 2364 1721 2398; x_wconf 85' lang='lat' dir='ltr'>cardinalibus</span> <span class='ocrx_word' id='word_1_522' title='bbox 1755 2374 1828 2397; x_wconf 87' lang='lat' dir='ltr'>curn</span> <span class='ocrx_word' id='word_1_523' title='bbox 1852 2364 1953 2397; x_wconf 83' lang='lat' dir='ltr'>facul-</span> 
     </span>
     <span class='ocr_line' id='line_1_93' title="bbox 1215 2415 1953 2461; baseline -0.004 -9"><span class='ocrx_word' id='word_1_524' title='bbox 1215 2425 1279 2452; x_wconf 83' lang='lat' dir='ltr'>tate</span> <span class='ocrx_word' id='word_1_525' title='bbox 1310 2418 1414 2452; x_wconf 83' lang='lat' dir='ltr'>nostri</span> <span class='ocrx_word' id='word_1_526' title='bbox 1447 2423 1479 2451; x_wconf 90' lang='lat' dir='ltr'>et</span> <span class='ocrx_word' id='word_1_527' title='bbox 1509 2428 1570 2461; x_wconf 90' lang='lat' dir='ltr'>pro</span> <span class='ocrx_word' id='word_1_528' title='bbox 1603 2423 1752 2460; x_wconf 90' lang='lat' dir='ltr'>tempore</span> <span class='ocrx_word' id='word_1_529' title='bbox 1791 2415 1953 2450; x_wconf 85' lang='lat' dir='ltr'>existentis</span> 
     </span>
     <span class='ocr_line' id='line_1_94' title="bbox 1214 2469 1954 2513; baseline -0.004 -8"><span class='ocrx_word' id='word_1_530' title='bbox 1214 2473 1346 2506; x_wconf 87' lang='lat' dir='ltr'>Romani</span> <span class='ocrx_word' id='word_1_531' title='bbox 1370 2470 1533 2505; x_wconf 79' lang='lat' dir='ltr'>Pontificis</span> <span class='ocrx_word' id='word_1_532' title='bbox 1559 2471 1598 2504; x_wconf 89' lang='lat' dir='ltr'>de</span> <span class='ocrx_word' id='word_1_533' title='bbox 1617 2470 1717 2503; x_wconf 87' lang='lat' dir='ltr'>latere</span> <span class='ocrx_word' id='word_1_534' title='bbox 1741 2469 1838 2513; x_wconf 85' lang='lat' dir='ltr'>legati</span> <span class='ocrx_word' id='word_1_535' title='bbox 1862 2479 1954 2513; x_wconf 87' lang='lat' dir='ltr'>prae-</span> 
     </span>
     <span class='ocr_line' id='line_1_95' title="bbox 1214 2523 1952 2568; baseline -0.004 -9"><span class='ocrx_word' id='word_1_536' title='bbox 1214 2526 1337 2565; x_wconf 86' lang='lat' dir='ltr'>sideat;</span> <span class='ocrx_word' id='word_1_537' title='bbox 1371 2535 1407 2557; x_wconf 89' lang='lat' dir='ltr'>ac</span> <span class='ocrx_word' id='word_1_538' title='bbox 1446 2525 1580 2568; x_wconf 89' lang='lat' dir='ltr'>insuper</span> <span class='ocrx_word' id='word_1_539' title='bbox 1616 2524 1777 2567; x_wconf 80' lang='lat' dir='ltr'>praefatus</span> <span class='ocrx_word' id='word_1_540' title='bbox 1814 2523 1952 2556; x_wconf 88' lang='lat' dir='ltr'>Thomas</span> 
     </span>
     <span class='ocr_line' id='line_1_96' title="bbox 1215 2575 1953 2622; baseline -0.005 -10"><span class='ocrx_word' id='word_1_541' title='bbox 1215 2578 1387 2612; x_wconf 87' lang='lat' dir='ltr'>cardinalis</span> <span class='ocrx_word' id='word_1_542' title='bbox 1408 2582 1440 2611; x_wconf 94' lang='lat' dir='ltr'>et</span> <span class='ocrx_word' id='word_1_543' title='bbox 1457 2577 1629 2622; x_wconf 89' lang='lat' dir='ltr'>episcopus</span> <span class='ocrx_word' id='word_1_544' title='bbox 1653 2575 1889 2618; x_wconf 86' lang='lat' dir='ltr'>Praenestinus,</span> <span class='ocrx_word' id='word_1_545' title='bbox 1910 2575 1953 2609; x_wconf 88' lang='lat' dir='ltr'>ob</span> 
     </span>
    </p>

    <p class='ocr_par' dir='ltr' id='par_1_11' title="bbox 1251 2629 1951 2681">
     <span class='ocr_line' id='line_1_97' title="bbox 1251 2629 1951 2681; baseline -0.004 -14"><span class='ocrx_word' id='word_1_546' title='bbox 1251 2642 1261 2667; x_wconf 90' lang='lat'><strong>1</strong></span> <span class='ocrx_word' id='word_1_547' title='bbox 1275 2629 1415 2668; x_wconf 80' lang='lat' dir='ltr'>Coniunct.</span> <span class='ocrx_word' id='word_1_548' title='bbox 1427 2642 1454 2669; x_wconf 77' lang='lat' dir='ltr'>ec</span> <span class='ocrx_word' id='word_1_549' title='bbox 1466 2638 1649 2681; x_wconf 50' lang='lat' dir='ltr'>nosqdimus</span> <span class='ocrx_word' id='word_1_550' title='bbox 1660 2645 1692 2666; x_wconf 88' lang='lat' dir='ltr'>ex</span> <span class='ocrx_word' id='word_1_551' title='bbox 1703 2639 1759 2666; x_wconf 75' lang='lat' dir='ltr'>aut.</span> <span class='ocrx_word' id='word_1_552' title='bbox 1771 2636 1790 2665; x_wconf 83' lang='lat' dir='ltr'>F</span> <span class='ocrx_word' id='word_1_553' title='bbox 1792 2644 1846 2665; x_wconf 83' lang='lat' dir='ltr'>err.</span> <span class='ocrx_word' id='word_1_554' title='bbox 1859 2637 1951 2675; x_wconf 58' lang='lat' dir='ltr'>(niu),</span> 
     </span>
    </p>
   </div>
   <div class='ocr_carea' id='block_1_9' title="bbox 2158 0 2232 3178">
    <p class='ocr_par' dir='ltr' id='par_1_12' title="bbox 2158 0 2232 3178">
     <span class='ocr_line' id='line_1_98' title="bbox 2158 0 2232 3178; baseline 0 0"><span class='ocrx_word' id='word_1_555' title='bbox 2158 0 2232 3178; x_wconf 95' lang='lat' dir='ltr'> </span> 
     </span>
    </p>
   </div>
  </div>
 </body>
</html>
