2232 3178
266 217 313 242 Αη.
331 216 360 241 c.
385 215 452 240 1737
499 205 562 236 ‚⁶3ssss

325 278 347 298 R«
358 278 447 297 nui-own

267 305 399 331 postmodum
427 310 438 323 ιι

267 338 302 351 ssu
319 336 380 357 tetuli·
392 338 406 350 ri

267 359 333 381 otilo.

288 1812 373 1832 Fratres
387 1812 457 1837 itaque

274 1842 345 1863 patres
380 1839 457 1864 suppli-

274 1868 323 1886 cant
346 1871 383 1890 pro
403 1872 428 1885 uu

275 1895 382 1912 eret-tinne
410 1897 456 1918 pro-

275 1924 366 1938 Vlss‘lldfl.

504 264 518 306 ἓ
544 263 574 296 a.
603 263 744 306 Denique
771 263 809 295 ad
837 262 970 305 propria
997 261 1145 300 reversi,
1172 265 1202 292 et

411 314 490 350 iinssin
518 317 604 357 dies,
634 317 695 349 Deo
729 315 890 359 propitio,
918 319 1114 353 crescentes,
1141 314 1201 347 sul)

461 372 535 402 cura
573 376 603 402 et
628 369 745 402 auxilio
783 367 967 410 provinciae
1005 368 1201 400 reformatae

460 422 618 454 'l'uroniae
637 421 771 463 praefati
790 420 918 453 Ordinis
936 421 1081 459 suerunt,
1105 430 1121 451 a
1140 430 1202 463 qua

461 474 636 518 praeclaris
662 473 818 505 carissimi
845 473 876 505 in
903 473 1032 505 Christo
1063 473 1118 505 titii
1148 483 1202 506 no-

461 527 516 559 stri
544 527 648 559 lacobi
676 527 712 558 lll
746 537 881 568 magnae
907 526 1090 558 Britanniae
1117 526 1202 568 regis

463 579 607 617 illustriS,
634 584 665 611 ct
690 579 798 611 dilecti
825 578 936 610 itidem
963 578 1017 610 lilii
1040 578 1140 610 nostri
1160 578 1204 610 lo-

462 631 555 674 seplii
584 631 709 670 Reman,
735 630 808 663 dum
834 631 965 670 viveret,
983 630 1066 663 tituli
1085 630 1204 662 S.Lau-

462 685 557 717 rentii
584 684 616 716 in
643 684 762 716 Lucina
788 682 985 726 presbyteri¹
1004 683 1118 716 S.tt.E.
1137 694 1204 716 car-

463 737 580 769 dinalis
606 736 768 779 lmperiali
796 736 994 779 nuncupati,
1028 736 1203 768 Hiberniae

463 791 546 833 apud
574 800 633 822 nos
661 796 693 822 et
718 790 803 822 lianc
824 790 973 822 Sanctam
995 789 1111 822 Sedem
1133 800 1204 832 pro-

465 844 608 881 tectoris,
634 842 747 875 studiis
773 848 803 874 ct
829 844 927 885 opera
946 842 1102 884 separatis
1120 852 1204 874 anno

463 906 627 930 tincexxix
662 906 744 927 unus
772 895 935 937 generalis
961 895 1204 927 commissarius

465 955 497 982 et
521 949 661 982 vicarius
688 960 723 981 ex
750 949 897 991 ipsismet
916 949 1068 981 trau-ibus
1088 948 1206 981 consti-

466 1008 551 1038 tutus
588 1003 746 1046 datusque
783 1002 862 1042 suit,
905 1003 964 1034 sub
1003 1013 1065 1045 quo
1103 1012 1206 1044 usque

465 1057 504 1089 ad
531 1056 702 1089 duodecim
721 1061 898 1088 conventus
917 1055 1099 1098 recuperati
1119 1061 1204 1088 sunt.

465 1110 496 1142 In
530 1109 784 1151 congregatione
822 1119 897 1141 vero
931 1109 1122 1141 eorumdem
1156 1109 1207 1141 die

464 1173 545 1196 xxm
570 1163 766 1206 septembris
792 1162 939 1205 proxime
963 1162 1063 1204 clapsi
1087 1161 1210 1194 incon-

464 1222 561 1249 ventu
581 1215 771 1248 Dublinensi
794 1216 966 1255 celebrata,
985 1226 1086 1248 novos
1105 1220 1208 1248 recto-

465 1280 517 1302 res
541 1271 712 1302 domorum
738 1269 897 1310 eligentes
923 1274 954 1301 et
979 1267 1207 1310 sull'ragantes,

465 1334 549 1366 pene
571 1333 683 1356 omnes
709 1322 741 1354 in
768 1322 909 1354 savorem
937 1322 1098 1364 generalis
1124 1333 1210 1354 com-

466 1376 603 1408 missarii
638 1381 669 1407 ct
701 1375 810 1407 vicarii
839 1375 957 1408 dilecto
995 1375 1116 1416 pariter
1143 1374 1208 1407 tilio

466 1430 626 1462 moderno
663 1429 764 1471 priori
802 1428 945 1470 generali
986 1429 1082 1460 totins
1116 1439 1209 1470 prae-

467 1483 543 1515 dicti
584 1482 713 1514 Ordinis
756 1492 870 1524 preces
912 1482 1128 1519 obtulerunt,
1154 1487 1210 1520 ut,

467 1535 612 1578 qnauixis
648 1535 715 1567 sola
752 1535 829 1576 ipsis
864 1534 997 1567 facultas
1033 1545 1086 1566 sex
1114 1534 1209 1566 simul

467 1589 570 1622 eidem
593 1588 736 1630 generali
757 1588 856 1629 priori
877 1587 1106 1630 praesentandi
1126 1587 1210 1620 ines-

468 1648 525 1682 set,
553 1648 657 1674 tamen
677 1641 796 1673 dictum
816 1642 1001 1683 generalem
1021 1641 1209 1673 commissa-

469 1696 550 1728 rium
583 1701 614 1727 et
647 1695 798 1727 vicarium
816 1694 876 1726 sibi
899 1694 1104 1737 superiorem
1125 1694 1210 1727 desi-

469 1759 568 1791 gnare
587 1754 618 1780 et
636 1748 825 1781 confirmare
849 1749 971 1780 mallet.

513 1804 527 1846 g
551 1802 581 1835 lt.
609 1802 685 1834 Cum
711 1808 838 1840 autem,
866 1802 949 1834 sicut
975 1802 1089 1834 eadem
1112 1812 1211 1844 expo-

435 1872 450 1883 »ι
470 1857 544 1889 sitio
570 1855 796 1898 subiungebat,
822 1855 962 1899 praefati
983 1856 1109 1894 fratres,
1138 1865 1213 1898 pro-

470 1910 576 1953 prium
611 1908 866 1941 mendicantium
903 1908 1085 1940 institutum
1112 1907 1212 1940 adim-

471 1964 606 2005 plentes,
626 1962 664 1993 ad
687 1962 847 2004 pastorale
867 1960 1045 1992 animarum
1068 1960 1213 1993 ministe-

469 2016 551 2048 rium
577 2015 763 2048 obeundum
788 2014 827 2046 ab
853 2014 931 2056 ipsis
957 2014 1211 2057 archiepiscopis

471 2074 502 2101 et
520 2067 684 2111 episcopis
709 2077 817 2099 secum
839 2066 961 2099 ibidem
982 2067 1212 2106 adhibeantur,

470 2127 567 2163 atque
594 2121 675 2152 adeo
701 2121 740 2152 ab
767 2120 882 2152 iisdem
904 2131 1033 2162 quoqne
1055 2120 1213 2163 praesuli-

470 2175 531 2206 bus
557 2173 837 2212 commendentur,
864 2178 914 2211 ut,
940 2173 1212 2216 quemadmodum

472 2226 570 2259 ceteri
597 2225 851 2258 mendicantium
878 2225 1017 2258 Ordines
1040 2225 1160 2257 ibidem
1183 2231 1214 2258 et

471 2279 547 2312 alibi
574 2278 738 2321 propriam
765 2278 966 2320 provinciam
992 2278 1152 2317 obtinent,
1173 2279 1213 2311 ita

472 2332 551 2375 ipsis
577 2332 674 2364 etiam
701 2341 793 2363 suam
828 2331 1029 2373 provinciam
1064 2331 1209 2371 habere,

472 2385 706 2430 provincialem
726 2384 858 2427 eligere,
878 2384 1025 2428 aliosque
1047 2384 1213 2418 ministros

473 2446 504 2472 et
531 2439 687 2472 officiales
714 2438 894 2481 deputare,
919 2443 950 2470 et
976 2437 1104 2479 omnia,
1131 2437 1214 2470 sicut

474 2498 567 2526 antea
592 2492 623 2524 in
651 2502 742 2524 more
770 2491 909 2535 positum
937 2496 1015 2529 erat,
1042 2492 1146 2524 facere
1183 2497 1214 2524 et

474 2546 671 2578 constituere
690 2545 802 2585 liceat3
823 2550 918 2588 atque
937 2544 1032 2576 huius
1052 2544 1098 2577 rei
1121 2547 1213 2577 causa

511 2609 520 2633 1
545 2606 614 2633 Edit.
637 2606 717 2633 illain.
738 2605 801 2641 legit
818 2606 969 2641 presbyter
987 2607 1028 2642 (n.
1044 2606 1093 2640 Τ.).

1039 212 1174 235 notitiam
1183 211 1222 234 Ulli
1250 211 1357 234 ROMA),
1366 212 1404 234 ΕΜ

1245 264 1440 292 memoratus
1458 260 1549 302 prior
1571 260 1733 302 generalis
1752 259 1908 303 praedicti
1926 259 1984 292 Or-

1245 312 1328 344 dinis
1366 312 1506 356 desuper
1542 312 1729 355 praemissis
1755 313 1984 355 expostulatus,

1246 365 1462 398 assistentiam
1490 366 1623 408 quidem
1649 376 1738 398 suam
1765 365 1958 409 promittens
1976 392 1984 405 ,

1247 418 1432 451 huiusmodi
1460 429 1536 451 vero
1561 418 1744 452 facultatem
1770 429 1787 451 a
1812 418 1905 451 nobis
1926 418 1986 451 sibi

1247 481 1319 504 esse
1358 471 1594 514 impetrandam
1633 471 1859 515 responderit:
1895 471 1987 504 nobis

1248 530 1424 567 propterea
1449 524 1608 557 antistites
1645 530 1676 557 et
1713 525 1825 557 fratres
1851 524 1987 567 praefati

1249 577 1416 609 humiliter
1441 577 1618 620 supplicari
1637 578 1784 610 fecerunt
1809 583 1843 609 ut
1868 586 1989 619 oppor-

1248 635 1322 662 tune
1348 630 1407 662 sibi
1435 630 1468 662 in
1493 630 1683 673 praemissis
1703 629 1877 673 providere
1904 635 1935 662 et
1954 634 1990 662 ut

1248 682 1331 715 infra
1346 683 1518 725 indulgere
1538 683 1577 715 de
1593 683 1769 726 apostolica
1788 682 1988 724 benignitate

1248 735 1468 777 dignaremur.

1291 789 1306 831 ἓ
1331 788 1362 821 5.
1390 789 1451 821 Nos
1478 789 1585 831 igitur,
1613 789 1745 822 eosdem
1773 789 1933 822 antistites
1959 794 1990 822 et

1250 843 1366 876 fratres
1393 843 1589 886 specialibus
1615 843 1776 876 favoribus
1814 849 1844 876 et
1879 843 1990 886 gratiis

1249 897 1402 940 prosequi
1429 897 1588 936 volentes,
1616 896 1799 930 huiusmodi
1826 896 1990 940 supplica-

1251 949 1392 982 tionibus
1418 949 1585 989 inclinati,
1612 955 1643 982 et
1669 960 1780 983 eorum
1806 949 1991 992 singulares

1250 1013 1410 1045 personas
1428 1013 1444 1034 a
1459 1002 1624 1046 quibusvis
1639 1002 1990 1044 excommunicationis,

1250 1056 1473 1099 suspensionis
1500 1061 1532 1088 et
1557 1055 1749 1095 interdicti,
1778 1056 1914 1099 aliisque
1939 1067 1991 1089 ec-

1251 1109 1452 1148 clesiasticis,
1467 1109 1646 1149 sententiis,
1659 1109 1805 1142 censuris
1824 1109 1990 1152 etpoenis‚

1251 1173 1267 1194 a
1294 1163 1361 1196 iure
1387 1164 1435 1195 vel
1462 1162 1501 1195 ab
1528 1163 1670 1201 homine,
1693 1162 1803 1206 quavis
1821 1163 1992 1196 occasione

1252 1217 1300 1248 vel
1327 1218 1422 1248 causa
1448 1215 1534 1254 latis,
1561 1215 1586 1247 si
1609 1216 1726 1258 quibus
1746 1215 1994 1259 quomodolibet

1252 1268 1425 1301 innodatae
1453 1268 1611 1307 existunt,
1637 1268 1676 1300 ad
1714 1267 1862 1301 ellectum
1898 1279 1994 1312 prae-

1253 1322 1393 1354 sentium
1420 1322 1586 1354 dumtaxat
1610 1322 1879 1364 consequendum
1897 1349 1904 1362 ,
1935 1322 1993 1356 ha-

1255 1386 1322 1407 rum
1350 1375 1433 1408 serie
1461 1376 1669 1408 absolventes
1696 1380 1727 1407 et
1744 1376 1908 1408 absolutas
1925 1375 1993 1409 sore

1253 1434 1445 1468 censentes,
1479 1428 1666 1461 huiusmodi
1704 1429 1993 1472 supplicationibus

1254 1482 1427 1520 inclinati,
1463 1482 1592 1514 attentis
1629 1483 1790 1523 narratis,
1816 1487 1848 1515 et
1882 1482 1994 1517 audito

1254 1535 1371 1567 dilecto
1398 1534 1508 1567 itidem
1535 1534 1601 1567 tilio
1626 1540 1738 1568 nostro
1764 1535 1861 1568 Nerio
1876 1535 1991 1569 S.R.E.

1255 1588 1416 1631 praefatae
1436 1588 1570 1620 diacono
1588 1588 1744 1621 cardinali
1764 1588 1897 1622 Corsino
1917 1599 1995 1621 nun-

1255 1647 1383 1684 cupato,
1398 1647 1508 1673 nostro
1522 1641 1700 1673 secundum
1719 1651 1846 1674 carnem
1865 1647 1995 1684 nepote,

1254 1695 1338 1738 apud
1365 1704 1424 1726 nos
1451 1699 1482 1728 et
1507 1694 1624 1728 Sedem
1650 1695 1825 1737 praefatam
1850 1694 1995 1727 eiusdem

1258 1748 1350 1791 regni
1385 1748 1557 1781 Hiberniae
1594 1748 1750 1780 moderno
1786 1752 1994 1791 protectore,

1255 1801 1305 1833 cui
1338 1801 1401 1834 boc
1434 1801 1601 1843 negotium
1628 1799 1873 1840 commisimus,
1899 1810 1998 1842 snper

1257 1854 1390 1886 veritate
1415 1853 1558 1886 omnium
1584 1863 1679 1896 supra
1704 1852 1924 1896 expositorum
1950 1852 1996 1885 in-

1257 1907 1436 1948 formante,
1462 1905 1659 1950 provinciam
1685 1905 1856 1939 strictioris
1881 1907 1996 1940 obser-

1256 1960 1380 1992 vantiae
1420 1959 1555 2002 praefati
1597 1958 1725 1991 Ordinis
1768 1958 1863 1992 totius
1907 1958 1997 2001 regni

1257 2013 1429 2046 Hiberniae
1456 2013 1643 2056 saepedicti,
1660 2023 1731 2045 cum
1752 2012 1901 2045 omnibus
1920 2023 1998 2046 con-

1258 2067 1409 2099 ventibus
1435 2077 1521 2099 nunc
1547 2065 1762 2098 existentibus
1788 2066 1872 2098 etin
1892 2071 1999 2108 poste-

1257 2130 1325 2152 rum
1361 2118 1620 2162 recuperandis,
1649 2118 1833 2161 ceterisque
1865 2118 1998 2151 annexis

1257 2178 1287 2204 et
1314 2173 1484 2209 connexis,
1512 2171 1543 2203 in
1569 2171 1743 2214 pristinum
1768 2176 1898 2211 statum,
1925 2181 1997 2204 cum

1258 2225 1461 2257 facultatibus
1488 2224 1630 2266 eligendi
1668 2223 1836 2267 proprium
1872 2224 2001 2266 provin-

1257 2277 1383 2315 cialem,
1410 2277 1642 2315 definitorum,
1667 2276 1815 2319 aliosque
1842 2276 1998 2310 officiales

1258 2335 1289 2362 et
1313 2330 1480 2362 ministros
1507 2330 1695 2372 deputandi,
1714 2329 1905 2362 auctoritate
1922 2340 2001 2373 apo-

1257 2384 1371 2417 stotiea
1398 2390 1511 2417 tenore
1536 2383 1757 2427 praesentium
1785 2383 1999 2423 restituimus,

1257 2448 1292 2470 ac
1318 2438 1357 2470 de
1383 2448 1464 2470 novo
1482 2464 1489 2476 ,
1517 2442 1676 2480 quatenus
1704 2447 1786 2479 opus
1812 2435 1876 2475 sit,
1903 2436 2001 2479 erigi-

1258 2500 1327 2522 mus
1354 2497 1384 2522 et
1409 2490 1647 2530 constituimus,
1668 2489 1795 2533 ipsttque
1814 2489 2000 2532 provinciae

1257 2544 1303 2576 sic
1329 2543 1498 2576 restitutae
1524 2553 1559 2575 ae
1585 2543 1623 2575 de
1648 2552 1731 2575 novo
1769 2547 1898 2575 erectae
1923 2552 2001 2575 con-

1258 2602 1386 2630 ventum
1404 2596 1615 2640 Edemburgss
1634 2597 1710 2630 olim
1725 2595 1911 2641 provinciae
1928 2595 2001 2630 Seo-

1990 210 2042 237 An.
2058 209 2087 237 c.
2107 211 2173 240 1737
2209 204 2211 258 ᾖ

2081 800 2180 822 Concedit

1966 843 1971 849 .
2001 826 2103 847 cumcns.
