2232 3178
2162 0 2232 152 i

2189 167 2193 188 l
2223 182 2225 186 i

241 223 336 251 Amo,
361 223 425 249 17:30
472 215 536 249 540
1030 222 1210 247 BULLARIUM
1236 222 1390 246 nonarum
1961 223 2008 248 An.
2025 222 2054 249 c.
2078 223 2143 259 ¹739
2189 233 2194 246 ι
2216 227 2232 254 τ

432 284 517 305 anno
550 282 693 306 iincxxlii
729 272 848 305 editam
885 282 939 315 per
974 272 1079 304 clarae
1104 282 1172 304 rne-

432 330 552 359 moriae
578 325 608 359 S.
646 326 682 358 R.
721 325 755 357 E.
794 325 991 359 cardinalem
1027 324 1170 357 Saulium

432 385 678 423 nuncupatum,
705 385 779 411 tunc
815 379 897 411 sacri
935 378 1169 411 venerabilium

433 432 565 464 fratrum
584 437 766 464 nostrorum
784 431 928 464 eiusdem
947 431 977 464 S.
992 431 1028 463 R.
1046 431 1080 463 Ε.
1103 441 1171 464 car-

432 485 587 517 dinalium
613 483 740 525 collegii
767 484 939 524 decanum,
961 484 1087 524 saetam,
1107 495 1170 527 qua

431 542 583 569 statutum
609 537 709 568 suerat
727 563 734 574 ,
769 537 857 579 quod
884 537 999 570 electio
1026 537 1169 570 omnium

431 590 609 622 officiorum
625 590 825 631 generalium
840 590 878 622 ad
900 590 1077 632 capitulum
1097 601 1171 632 pro-

430 643 569 674 vinciale
603 647 766 685 spectaret
801 648 832 675 et
870 643 1075 685 pertineret,
1112 653 1170 675 no-

430 705 504 726 vum
540 694 673 727 dubium
709 694 794 727 inter
829 696 956 728 vocales
992 695 1169 738 supradicti

431 748 562 791 capituli
589 748 706 780 exoriri
734 755 897 792 coeperat,
923 759 961 781 an
986 749 1100 781 electio
1119 759 1170 781 re-

431 801 536 842 gentis
561 800 779 844 provincIalis,
806 802 892 835 iuxta
919 802 1168 844 intelligentiam

430 864 531 897 usque
553 860 626 886 tunc
645 858 813 894 retentam,
838 855 876 887 ad
903 854 1056 886 vicarium
1077 864 1170 896 gene-

431 909 530 940 ralem
552 918 611 951 pro
631 913 777 951 tempore
796 908 992 940 existentem
1012 909 1076 940 una
1097 918 1169 940 cum

431 960 657 994 definitoribus
683 961 901 1004 generalibus,
928 972 987 994 seu
1011 960 1120 1004 potius
1139 960 1171 993 in

429 1013 491 1045 vim
517 1013 744 1046 declarationis
770 1016 833 1046 una
857 1025 928 1046 cum
948 1013 1170 1047 definitoribus

429 1067 631 1108 provinciae,
657 1066 712 1099 ubi
738 1067 859 1100 vacatio
886 1066 1078 1109 contigeret,
1098 1076 1171 1109 spe-

430 1124 515 1151 ctare
549 1119 701 1152 deberet:
739 1130 810 1151 cum
847 1125 955 1152 autem
981 1119 1169 1152 huiusmodi

430 1171 561 1203 dubium
580 1182 746 1214 nunquam
765 1173 945 1205 resolutum
965 1172 1087 1211 suisset,
1110 1171 1168 1213 ipsi

430 1230 631 1267 exponentes
657 1225 695 1256 ad
721 1225 912 1257 auferendas
938 1225 968 1257 in
1001 1230 1168 1268 posterum
1191 1250 1193 1254 .

428 1277 599 1309 ulteriores
626 1277 832 1320 quaestiones
852 1283 883 1310 et
905 1277 1067 1316 scissuras,
1087 1288 1169 1320 quae

430 1340 466 1362 ex
493 1330 626 1363 diversis
652 1331 876 1373 intelligentiis
896 1331 1015 1363 exoriri
1034 1336 1171 1373 possent

429 1436 473 1468 ris
519 1437 606 1469 bono
649 1436 798 1479 regimini
837 1437 875 1470 de
911 1442 1021 1470 cetero
1055 1448 1170 1480 parum

429 1489 603 1532 proficuas,
632 1495 662 1522 ct
687 1490 770 1523 nihil
795 1490 1027 1533 congruentius
1054 1496 1085 1524 et
1116 1502 1170 1524 so-

429 1543 527 1576 lidius
552 1543 583 1575 in
610 1543 793 1576 huiusmodi
819 1543 1047 1586 contingentiis
1073 1555 1171 1587 agno-

429 1601 567 1636 scentes,
596 1606 691 1639 quam
717 1596 813 1628 huius
837 1596 974 1629 Sanctae
992 1596 1082 1629 Sedis
1096 1607 1169 1630 ora-

430 1650 536 1682 culum
561 1650 751 1692 postulare,
789 1649 962 1692 plurimum
998 1649 1172 1693 cupiebant

429 1713 488 1745 per
516 1702 810 1745 Congregationem
846 1703 1035 1736 eorumdem
1068 1704 1171 1737 cardi-

428 1756 552 1788 nalium
570 1755 727 1789 declarari
749 1756 882 1789 dubium
901 1756 933 1789 in
959 1757 1069 1789 eadem
1088 1757 1170 1791 Con-

431 1809 622 1851 gregatione
648 1809 852 1852 propositum
869 1836 877 1850 ,
906 1820 1046 1853 nempe,
1072 1820 1110 1842 an
1137 1810 1169 1843 in
1191 1852 1192 1856 Ἰ

431 1862 574 1902 casibus,
603 1866 637 1894 ut
661 1862 859 1905 praefertur,
885 1862 1002 1906 quibus
1027 1863 1170 1906 aliquem

432 1925 468 1948 cx
494 1915 658 1958 prioribus
683 1915 961 1958 provincialibus,
993 1916 1061 1949 sive
1087 1916 1170 1950 Con-

431 1968 640 2011 gregationis,
658 1979 718 2012 per
736 1974 872 2002 mortem
898 1968 1024 2002 civilem
1041 1980 1098 2003 seu
1117 1980 1169 2002 na-

432 2023 567 2055 turalem
587 2022 729 2056 deficere
748 2022 951 2065 contigisset,
978 2023 1094 2056 electio
1120 2033 1170 2057 re-

432 2077 535 2119 gentis
560 2076 780 2120 provincialis,
812 2077 864 2120 qui
894 2077 925 2109 in
955 2077 1042 2110 illius
1063 2078 1169 2111 locum

431 2130 613 2163 subintrare
639 2131 785 2170 deberet,
799 2130 945 2163 facienda
959 2130 1001 2163 sit
1018 2142 1035 2163 a
1050 2130 1169 2164 vicario

432 2183 575 2226 generali
601 2194 659 2226 pro
680 2188 825 2227 tempore
845 2184 1001 2217 existente
1019 2186 1081 2216 una
1099 2194 1169 2216 cum

431 2247 489 2269 suo
515 2236 697 2270 definitorio
723 2237 878 2279 generali,
898 2248 955 2270 seu
974 2237 1079 2280 potius
1097 2248 1169 2270 cum

432 2289 660 2322 definitoribus
678 2290 863 2332 provinciae
882 2289 935 2322 ubi
954 2289 1075 2322 vacatio
1094 2300 1171 2322 con-

432 2343 568 2385 tigisset,
592 2349 628 2375 ut
650 2344 865 2386 imposterum
883 2343 1005 2385 absque
1022 2343 1168 2376 ulteriori

430 2396 646 2429 haesitatione
682 2396 714 2428 in
747 2396 932 2429 huiusmodi
965 2396 1090 2429 casibus
1128 2396 1170 2429 ita

431 2449 568 2482 firmiter
593 2455 623 2482 et
648 2449 881 2482 inviolabiliter
912 2449 953 2482 sit
984 2449 1171 2492 proceden-

1215 270 1428 303 cardinaliuin
1454 271 1614 303 emanavit
1638 271 1801 305 decretum
1830 270 1952 304 tenoris

1215 323 1269 366 qui
1295 323 1450 367 sequitur,
1477 323 1643 356 videlicet:

1253 385 1340 414 Sacra
1362 385 1555 423 Congregatio
1588 384 1888 415 eminentissimorum
1924 389 1953 415 et

1215 434 1527 464 reverendissimorum
1563 434 1592 464 S.
1627 434 1661 464 R.
1691 434 1723 464 E.
1757 434 1951 464 cardinalium

1215 483 1339 520 negotiis
1362 487 1389 512 et
1411 482 1675 512 consultationibus
1698 482 1901 521 episcoporum
1923 486 1952 511 et

1215 531 1394 569 regularium
1418 532 1596 570 praeposita,
1625 531 1660 560 ad
1683 540 1770 570 quam
1804 530 1954 560 sanctissi-

1214 588 1278 608 mus
1314 580 1449 609 dominus
1489 584 1587 609 noster
1623 579 1783 618 supplicem
1820 579 1952 609 libellum

1214 627 1338 665 remisit,
1362 628 1483 658 attentis
1506 627 1699 658 relationibus
1725 626 1953 657 eminentissimi

1214 676 1314 705 Firrao
1336 676 1413 715 apud
1436 676 1574 706 Sanctam
1597 676 1700 706 Sedem
1723 676 1896 715 protectoris
1918 684 1953 705 ac

1216 725 1306 763 patris
1323 725 1520 764 procuratoris
1535 725 1690 762 generalis,
1715 724 1842 754 decrevit
1857 733 1889 753 ac
1906 723 1954 753 de-

1214 773 1355 803 claravit:
1390 774 1563 804 electionem
1599 773 1728 811 regentis
1761 772 1953 812 provincialis
2001 765 2007 777 ²

1214 832 1277 852 esse
1299 822 1329 852 in
1352 823 1398 852 liis
1421 822 1537 852 casibus
1561 822 1721 852 faciendam
1744 831 1759 851 a
1776 821 1884 851 vicario
1906 830 1955 859 ge·

1215 871 1307 900 nerali
1329 872 1385 901 una
1410 881 1475 901 cum
1498 871 1701 901 definitoribus
1725 869 1954 910 provincialibus

1215 920 1249 949 ad
1272 920 1394 949 sormam
1417 919 1625 949 declarationis
1647 919 1771 958 praefati
1794 918 1954 948 cardinalis

1214 968 1305 998 Sauli.
1330 968 1448 1006 Romae,
1473 977 1541 998 xxm
1564 968 1690 998 ianuarii
1711 976 1892 997 moccxxxlx.
1916 983 1955 990 —

1214 1017 1236 1046 I.
1262 1017 1342 1046 card.
1377 1017 1489 1046 rumino
1524 1033 1557 1037 —
1581 1016 1611 1046 C.
1635 1017 1765 1056 archiep.
1799 1017 1954 1046 Dammae

1213 1084 1252 1089 —
1275 1066 1341 1095 Loco
1362 1068 1380 1102 †
1403 1066 1501 1104 sigilli.

1259 1121 1272 1163 ἓ
1297 1119 1328 1153 3.
1356 1119 1433 1153 Cum
1460 1119 1535 1152 dicti
1561 1125 1689 1159 autem,
1724 1120 1830 1153 sicut¹
1856 1132 1955 1165 expo·

1214 1176 1328 1205 nentes
1355 1173 1449 1205 nobis
1474 1172 1614 1205 subinde
1638 1174 1757 1216 exponi
1783 1174 1951 1215 fecerunt,

1215 1226 1273 1268 ipsi
1307 1226 1471 1258 decretum
1501 1226 1709 1266 huiusmodi,
1736 1237 1798 1269 quo
1829 1227 1952 1261 firmius

1214 1278 1384 1319 subsistat,
1405 1279 1605 1322 apostolicae
1623 1279 1880 1313 confirmationis
1897 1291 1956 1313 no-

1191 1351 1193 1370 ,
1213 1337 1296 1365 strae
1314 1332 1495 1375 patrocinio
1521 1332 1717 1365 communiri
1743 1343 1953 1377 summopere

430 1383 460 1415 in
488 1384 635 1416 subiecta
661 1384 794 1416 materia
826 1383 1015 1427 disciplinae
1045 1385 1192 1426 regula-2

1214 1385 1428 1418 desiderent:

1258 1439 1274 1480 ξ
1292 1438 1324 1471 4.
1340 1438 1413 1478 Nos,
1433 1438 1520 1482 ipsos
1536 1444 1737 1483 exponentes
1757 1439 1955 1483 specialibus

1214 1491 1376 1525 favoribus
1402 1498 1433 1525 ct
1457 1492 1567 1534 gratiis
1594 1492 1751 1536 prosequi
1781 1493 1927 1527 volentes
1946 1520 1953 1534 ‚

1214 1550 1246 1577 et
1270 1550 1383 1578 eorum
1409 1545 1591 1587 singulares
1616 1556 1771 1588 personas
1788 1556 1805 1579 a
1823 1546 1957 1589 quibus-

1214 1598 1258 1630 vis
1284 1598 1650 1638 excommunicationis,
1677 1599 1906 1641 suspensionis
1925 1604 1957 1632 et

1214 1650 1407 1690 interdicti,
1441 1650 1581 1694 aliisque
1618 1651 1850 1684 ecclesiasticis
1887 1662 1958 1684 sen-

1215 1703 1323 1735 tentiis
1343 1730 1350 1743 ,
1377 1703 1524 1736 censuris
1549 1708 1580 1735 et
1605 1703 1739 1745 poenis,
1766 1714 1783 1736 a
1808 1703 1879 1737 iure
1904 1705 1955 1737 vel

1214 1756 1253 1788 ab
1279 1756 1433 1796 homine,
1461 1755 1574 1799 quavis
1600 1756 1772 1789 occasione
1795 1758 1844 1789 vel
1858 1759 1957 1789 causa

1214 1810 1299 1849 latis,
1325 1809 1349 1842 si
1375 1809 1492 1853 quibus
1517 1809 1767 1852 quomodolibet
1783 1809 1957 1843 innodatae

1214 1861 1366 1901 existunt,
1393 1862 1432 1895 ad
1459 1861 1606 1894 efl'ectum
1626 1862 1846 1905 praesentium
1865 1863 1956 1895 dum-

1215 1920 1299 1948 taxat
1323 1915 1591 1958 consequendum
1609 1942 1616 1955 ,
1642 1915 1758 1948 harum
1785 1915 1869 1948 serie
1901 1915 1957 1948 ab-

1213 1969 1376 2002 solventes
1402 1973 1433 2001 et
1457 1968 1619 2001 absolutas
1646 1968 1715 2002 sore
1751 1973 1926 2002 censentes
1944 1995 1953 2010 ‚

1213 2021 1505 2066 supplicationibus
1542 2032 1656 2055 eorum
1691 2021 1823 2054 nomine
1860 2021 1955 2066 nobis

1214 2086 1313 2119 super
1338 2075 1401 2108 hoc
1426 2075 1595 2108 humiliter
1620 2075 1778 2118 porrectis
1799 2074 1955 2122 inclinati,

1214 2129 1379 2161 decretum
1404 2128 1658 2171 praeinsertum,
1677 2128 1865 2162 auctoritate
1879 2138 1957 2172 apo-

1214 2181 1336 2222 stolica,
1357 2185 1469 2215 tenore
1489 2182 1723 2224 praesentium,
1737 2182 1956 2224 approbamus

1214 2240 1245 2268 et
1279 2234 1533 2276 confirmamus,
1570 2234 1685 2277 illique
1721 2233 1957 2267 inviolabiliter

1213 2287 1411 2330 apostolicae
1438 2287 1597 2320 firmitatis
1622 2288 1724 2320 robur
1759 2286 1952 2320 adiicimus:

1213 2341 1300 2373 salva
1325 2346 1431 2373 tamen
1458 2351 1588 2383 semper
1613 2340 1645 2372 in
1670 2340 1858 2384 praemissis
1894 2350 1954 2373 au—

1214 2394 1362 2427 ctoritate
1397 2393 1665 2436 Congregationis
1702 2398 1956 2426 memoratorum

1213 2447 1442 2480 cardinalium.

2026 1448 2146 1474 Apostoliea
2193 1465 2202 1473 Ι

1966 1475 2106 1496 confirmatio.

433 2502 507 2535 dum
522 2514 528 2534 ἰ
1982 2505 2093 2526 Decretum
2106 2507 2143 2531 pro

476 2555 490 2598 ᾗ
515 2556 546 2587 2).
575 2555 621 2588 Ad
639 2556 826 2589 eorumdem
845 2555 1078 2599 exponentium
1099 2565 1172 2598 sup-

432 2608 643 2653 plicationem
685 2609 724 2643 ab
764 2610 876 2643 eadem
913 2608 1171 2653 Congregatione

1257 2501 1272 2544 ᾗ
1297 2500 1327 2533 5.
1356 2500 1586 2540 Decet-nentes,
1615 2500 1744 2534 easdem
1765 2504 2068 2558 praesentesperpeURIl
2107 2530 2144 2552 ob.
2218 2542 2219 2545 Ἴ

1213 2554 1341 2588 litteras
1367 2553 1486 2594 firmas,
1511 2553 1632 2586 validas
1658 2558 1690 2587 et
1715 2553 1862 2587 efficaces
1888 2553 1954 2588 exi·
1965 2557 2092 2581 servatione.
2218 2563 2220 2579 ¹

246 2563 420 2589 congregationis
2218 2585 2220 2598 Ι

238 2591 354 2614 decretum,

1250 2618 1261 2644 1
1285 2616 1383 2644 Vocem
1403 2617 1476 2645 sicut
1495 2624 1545 2644 nos
1565 2615 1690 2643 addimus
1708 2618 1747 2651 (n.
1763 2617 1812 2650 τ.).
