2232 3178
40 234 91 262 An.
111 233 143 260 G.
161 231 230 259 1735

38 399 120 420 fratres
134 397 221 419 Bethle-

39 426 138 447 hernia-mi
169 430 220 444 nnn-

37 452 106 472 mittas
119 453 219 471 conentu-

37 479 104 499 tiones
157 477 219 498 effor-

39 507 104 526 mant.

59 1659 88 1680 De
104 1661 215 1685 incon-*15:1-

32 1687 104 1708 binum
142 1687 215 1713 expul-

33 1719 100 1735 sione.

53 2243 82 2264 De
93 2244 212 2269 vire-aena-

32 2271 80 2291 rans
110 2271 211 2291 rac-irate

31 2297 157 2322 procedendi
165 2304 213 2318 con-

31 2324 63 2343 tra
77 2324 168 2345 eosdem.

232 291 304 313 curn
329 290 347 312 a
372 279 467 312 nobis
482 279 618 322 petitur,
638 279 854 321 adiungamus
879 277 977 310 firmi-

233 337 342 365 tatem.

274 386 346 429 §t
380 386 506 430 Exponi
543 385 703 429 siquidem
738 385 832 418 nobis
871 395 976 428 nuper

231 439 381 472 fecerunt
407 438 517 471 dilecti
544 438 601 471 filii
628 438 812 481 praefectus
851 448 888 469 ac
920 437 974 469 de—

228 492 376 525 finitores
413 492 586 534 generales
623 497 654 524 ct
690 492 806 523 fratres
846 490 976 523 Ordinis

230 545 543 579 Bethlehemitarum
579 544 757 587 nuncupati
796 544 828 576 in
865 543 974 585 regnis

228 598 396 632 Mexieano
420 610 456 631 ac
474 598 622 631 Peruano
646 597 848 640 reliquisque
876 596 974 629 lndiis

229 651 492 684 Occidentalibus
512 651 635 683 dudum
661 661 678 682 a
703 649 785 682 Sede
808 648 973 692 Apostoli—

229 706 266 736 czi
287 703 438 743 instituti,
458 704 546 747 quod
569 704 631 746 ipsi
657 703 688 735 in
716 701 894 735 novissimo
921 713 974 734 co-

228 767 299 789 rum
321 756 466 799 capitulo
486 756 629 798 generali
656 766 741 788 anno
768 764 915 788 nnccxxx
941 754 972 786 in

229 809 359 843 civitate
396 809 561 842 Mexicana
597 809 762 842 celebrato
795 808 971 840 nonnullas

229 874 325 897 novas
351 862 600 896 constitutiones
620 868 652 895 et
668 862 894 896 ordinationes
914 872 973 904 pro

227 916 350 949 salubri
376 927 412 949 ac
437 918 594 960 prospera
619 915 748 949 Ordinis
775 926 810 948 ac
836 916 970 947 fratrum

226 970 449 1013 praefatorum
469 970 649 1003 directione
666 968 894 1012 regularisque
912 968 972 1000 ibi-

228 1023 300 1056 dem
341 1023 534 1066 disciplinae
571 1022 795 1061 observantia,
834 1022 970 1065 praefati

228 1076 375 1109 eiusdem
401 1075 541 1116 Ordinis,
560 1076 626 1120 qui,
647 1082 681 1108 ut
697 1075 891 1119 accepimus,
910 1086 969 1108 ma-

227 1130 297 1162 iora
332 1129 364 1162 in
403 1129 483 1168 dies,
509 1130 727 1163 benedicente
762 1129 912 1168 Domino,
938 1129 970 1161 in

227 1182 265 1215 iis
291 1183 439 1225 partibus
465 1183 600 1226 suscipit
624 1182 849 1221 incrementa,
874 1182 970 1214 statui

227 1236 462 1270 convenientes
495 1242 526 1269 et
558 1237 798 1276 accomodatas,
829 1247 866 1268 ac
898 1246 972 1278 pro-

227 1296 341 1333 pterea
359 1290 399 1322 ab
417 1290 519 1332 ipsius
534 1290 662 1322 Ordinis
681 1289 971 1322 constitutionibus

226 1344 305 1377 alias
318 1344 509 1377 auctoritate
518 1344 696 1387 apostolica
706 1343 907 1377 confirmatis
917 1344 972 1376 ali—

226 1396 287 1440 qua
305 1408 342 1430 ex
360 1402 451 1440 parte
471 1396 706 1441 discrepantes
726 1397 775 1429 vel
794 1396 889 1430 etiam
910 1397 970 1430 for-

225 1461 283 1483 san
308 1450 371 1483 illis
388 1450 607 1489 adversantes,
634 1455 802 1483 reservato
830 1450 970 1493 desuper

226 1511 336 1538 nostro
362 1509 393 1537 et
419 1504 524 1537 dictae
548 1504 640 1537 Sedis
662 1504 882 1547 beneplacito,
905 1504 970 1537 cdi-

227 1559 354 1598 derunt,
385 1558 507 1591 tenoris
534 1558 588 1601 qui
617 1559 774 1601 seqnitur,
802 1558 967 1591 videlicet:

265 1652 284 1671 1.
309 1642 503 1682 Impostermn
528 1642 716 1681 expulsiones
732 1643 854 1672 fratrum
873 1642 969 1672 incor—

226 1691 399 1729 rigibilium,
425 1691 668 1731 quotiescumque
691 1701 776 1721 casus
798 1692 966 1730 eontigerit,

226 1740 297 1769 fiant
319 1740 477 1769 reservatis
494 1744 594 1769 exacte
610 1740 853 1779 dispositionibus
869 1740 969 1769 decre-

227 1793 320 1818 torum
354 1788 447 1818 felicis
479 1789 691 1818 recordationis
714 1789 874 1818 Clementis
894 1789 966 1826 Vlll,

225 1837 334 1867 Urbani
360 1837 420 1866 VllI
453 1841 481 1867 et
512 1837 675 1867 Innocentii
704 1837 752 1867 xll
786 1848 966 1868 summorum

224 1886 399 1916 Pontificum
423 1886 595 1916 Sanctitatis
620 1886 737 1916 Vestrae
761 1887 968 1925 praedecesso-

223 1945 303 1973 rum,
322 1935 437 1974 ipsique
453 1944 506 1974 pro
523 1940 653 1974 tempore
676 1936 790 1975 expulsi
813 1936 965 1966 certiorari

223 1989 249 2015 et
274 1984 426 2014 admoneri
448 1984 583 2021 debeant,
608 1985 687 2024 ipsos
710 1984 866 2015 obstrictos
889 1985 966 2015 nihi-

224 2034 351 2064 lominus
373 2042 526 2064 remanere
550 2034 624 2063 votis
647 2033 830 2064 solemnibus
853 2034 882 2063 in
906 2034 964 2063 vim

224 2092 293 2113 suae
322 2082 466 2122 regularis
494 2083 684 2122 professionis
712 2083 844 2121 emissis,
869 2083 963 2122 quoad

223 2142 255 2162 ea
279 2136 375 2162 tamen
398 2142 472 2172 quae
502 2141 568 2161 cum
591 2141 692 2162 eorum
727 2136 802 2161 statu
826 2132 965 2171 compati-

224 2181 293 2211 bilia
316 2185 413 2211 erunt.

264 2240 293 2260 11.
317 2231 387 2261 Cum
410 2230 549 2265 maxima,
574 2234 605 2260 nt
628 2235 727 2261 notum
752 2234 806 2267 est,
831 2230 908 2260 inter
930 2241 962 2260 u-

223 2280 356 2318 triusque
369 2281 449 2317 regni
464 2284 626 2309 conventus
638 2279 823 2316 distantia,et
836 2288 900 2308 rara
915 2279 964 2308 ad-

224 2329 340 2358 modum
364 2332 450 2367 atque
473 2328 644 2358 difficillima
662 2328 696 2358 ab
712 2338 770 2357 uno
787 2328 821 2357 ad
838 2329 962 2358 alterum

223 2379 260 2408 sit
277 2378 492 2408 transfretatio:
516 2378 727 2416 vicegeneralis
757 2387 809 2417 pro
832 2382 963 2417 tempore

222 2426 302 2456 illius
325 2426 419 2464 regni,
444 2426 471 2455 in
492 2435 549 2464 qno
566 2426 727 2464 praefectus
743 2426 889 2464 generalis
905 2436 961 2456 non

222 2476 341 2513 residet,
366 2479 467 2505 contra
490 2474 708 2513 incorrigibiles
724 2475 855 2515 aliosque
872 2475 964 2505 delin-

222 2529 345 2565 quentes
361 2533 448 2564 super
463 2524 698 2564 quibuscumque
715 2524 882 2554 excessibus
899 2534 964 2564 pro-

223 2574 338 2608 cedere,
363 2582 470 2612 eosque
493 2582 656 2611 carcerare,
675 2582 829 2612 processus
852 2573 961 2613 compi-

223 2623 296 2661 lare,
320 2626 359 2659 et,
383 2621 422 2651 ita
446 2621 633 2659 exigentibus
655 2630 756 2651 eorum
779 2621 962 2660 criminibus,

271 2680 351 2708 Ball.
373 2680 454 2708 Rom.
476 2694 509 2699 —-
531 2680 591 2707 Vol.
613 2679 717 2708 XXIV.
864 2680 896 2706 14

857 229 999 253 CLEMENS
1026 229 1072 252 XII
1098 229 1147 253 PP.

1019 285 1053 306 ex
1077 277 1171 316 capite
1194 277 1461 316 incorrigibilitatis
1485 278 1591 308 eiicere
1614 280 1705 318 possit
1733 284 1761 309 et

1020 326 1122 364 valeat,
1145 337 1211 356 cum
1234 327 1343 357 eisdem
1367 327 1554 358 facultatibus
1576 338 1648 367 quas
1675 328 1760 358 habet

1019 375 1141 414 ipsemet
1165 377 1330 414 praefectus
1352 376 1497 414 generalis
1521 377 1608 406 totins
1631 376 1758 411 Ordinis,

1018 423 1141 452 servatis
1165 428 1261 454 tamen
1289 424 1415 454 decretis
1445 429 1473 454 et
1501 426 1760 456 constitutionibus

1018 472 1187 511 apostolicis
1221 482 1308 512 supra
1342 474 1508 503 enunciatis
1523 499 1530 511 ,
1555 484 1608 504 nec
1631 475 1693 504 eius
1715 486 1759 504 as<

1018 530 1136 550 sensum
1171 525 1198 550 et
1232 522 1397 552 facultatem
1433 528 1585 563 expectare
1613 528 1758 558 teneatur,

1018 579 1054 598 ne
1073 569 1209 608 inquisiti
1238 570 1327 599 nimis
1359 571 1498 600 diuturno
1529 572 1639 601 carceri
1672 572 1760 602 subii-

1017 617 1142 646 ciantur.
1175 618 1268 657 thue
1301 618 1329 647 in
1364 628 1395 647 re
1429 621 1501 649 tanti
1536 620 1675 650 momenti
1703 621 1758 650 rite

1017 670 1154 705 recteque
1178 666 1355 705 procedatur
1378 668 1458 697 iuxta
1485 670 1612 707 praefata
1643 674 1758 709 aposto-

1019 715 1073 745 lica
1090 716 1204 746 decreta
1230 716 1257 745 in
1281 716 1406 754 singulis
1422 718 1557 756 capitulis
1573 719 1759 756 generalibus

1016 764 1167 794 duodecim
1205 774 1242 794 ex
1284 765 1467 803 gravioribus
1508 767 1654 805 religiosis
1690 768 1758 806 eligi

1016 813 1135 843 omnino
1168 813 1316 850 debeant,
1340 823 1393 843 sex
1416 814 1552 844 videlicet
1585 825 1636 854 pro
1670 826 1758 854 regno

1019 862 1113 891 Novae
1136 862 1304 901 Hispaniae,
1329 862 1509 902 totidemque
1540 874 1591 903 pro
1614 864 1755 900 Peruano,

1015 911 1050 940 de
1072 920 1196 950 quorum
1220 911 1344 941 consilio
1367 915 1394 941 ct
1416 921 1548 949 assensu,
1565 917 1620 942 tam
1644 924 1658 942 a
1678 924 1758 953 prae·

1015 960 1073 989 fato
1106 959 1236 998 generali
1271 959 1299 989 in
1333 969 1424 998 regno
1455 961 1485 990 in
1518 971 1575 1001 quo
1603 963 1755 1000 resederit,

1014 1017 1101 1047 quam
1122 1008 1150 1038 in
1170 1008 1263 1038 altero
1286 1018 1299 1037 a
1324 1008 1534 1048 vicepraefecto
1557 1010 1698 1048 generali,
1722 1012 1756 1041 ad

1014 1056 1259 1095 incorrigibilium
1273 1057 1476 1096 expulsionem
1490 1059 1670 1088 deveniatur.
1682 1059 1757 1095 Quo—

1014 1105 1067 1134 ties
1091 1115 1159 1135 vero
1182 1110 1314 1145 tempore
1338 1106 1511 1136 intermedio
1527 1108 1604 1137 inter
1623 1118 1712 1138 unum
1729 1113 1757 1138 et

1014 1154 1138 1184 alterum
1172 1154 1331 1193 capitulum
1366 1155 1502 1192 generale
1535 1156 1662 1195 aliquem
1696 1157 1756 1186 sive

1014 1203 1127 1242 aliquos
1160 1213 1192 1232 ex
1223 1204 1392 1233 memoratis
1425 1204 1578 1234 duodecim
1611 1206 1757 1244 religiosis

1013 1251 1048 1280 ab
1072 1252 1125 1281 hac
1153 1252 1212 1281 vita
1234 1252 1376 1289 migrare,
1402 1252 1445 1281 vel
1470 1252 1544 1281 ultra
1577 1258 1636 1282 tres
1664 1254 1756 1284 dietas

1014 1300 1150 1330 absentes
1169 1301 1212 1330 vel
1231 1300 1359 1338 legitime
1375 1299 1533 1340 impeditos
1550 1302 1672 1340 reperiri
1689 1313 1757 1333 con—

1014 1349 1129 1388 tingat,
1155 1354 1225 1379 tunc
1249 1350 1414 1388 praefectus
1436 1350 1582 1388 generalis
1607 1351 1638 1381 in
1667 1361 1756 1390 regno

1013 1399 1043 1429 in
1067 1408 1123 1438 quo
1146 1398 1277 1433 residet,
1301 1403 1329 1428 et
1350 1398 1380 1428 in
1408 1399 1501 1429 altero
1526 1399 1754 1437 vicegeneralis,

1013 1449 1102 1478 alium
1123 1448 1166 1478 vel
1190 1447 1262 1477 alios
1279 1447 1308 1477 in
1325 1447 1525 1478 deficientium
1542 1449 1648 1487 locum,
1667 1459 1757 1479 unus-

1013 1498 1138 1538 quisque
1171 1507 1237 1527 eum
1272 1502 1336 1527 roto
1373 1498 1557 1537 propriorum
1595 1499 1756 1537 respective

1012 1546 1222 1584 assistentium,
1241 1546 1276 1576 ad
1294 1546 1427 1576 eumdem
1451 1547 1585 1577 effectum
1605 1557 1754 1577 assumere

1012 1600 1040 1626 et
1062 1596 1223 1634 subrogare
1247 1595 1337 1635 possit
1359 1600 1386 1625 et
1410 1596 1523 1626 debeat.

1052 1654 1092 1674 111.
1118 1645 1147 1674 ln
1172 1644 1372 1674 celebratione
1404 1645 1600 1684 capitulorum
1634 1655 1755 1684 genera-

1012 1693 1082 1722 lium
1107 1703 1157 1732 pro
1180 1693 1322 1723 electione
1351 1694 1489 1732 praefecti
1513 1695 1658 1732 generalis
1685 1704 1755 1724 con-

1013 1751 1132 1771 currere
1156 1742 1281 1771 debeant
1304 1743 1498 1781 personaliter
1520 1743 1564 1772 vel
1583 1752 1635 1782 per
1651 1752 1754 1782 procu-

1012 1796 1138 1821 ratorem
1162 1801 1264 1821 omnes
1295 1791 1337 1821 illi
1368 1792 1483 1821 vocales
1506 1792 1555 1831 qui
1587 1793 1615 1822 in
1645 1793 1754 1822 consti·

1012 1840 1175 1870 tutionibus
1198 1840 1329 1878 Ordinis,
1353 1850 1415 1880 cap,
1439 1851 1479 1877 1x,
1505 1842 1518 1879 ᾗ
1541 1841 1568 1876 5,
1590 1846 1658 1871 sunt
1680 1841 1754 1871 desi-

1010 1889 1108 1927 gnati,
1132 1899 1165 1918 eo
1196 1889 1280 1919 modo
1303 1893 1331 1919 et
1353 1890 1446 1919 forma
1474 1890 1581 1929 quibus
1609 1890 1638 1920 in
1668 1891 1753 1920 dictis

1010 1938 1270 1968 constitutionibus
1294 1942 1322 1968 et
1343 1939 1450 1969 litteris
1472 1939 1640 1978 apostolicis
1667 1939 1753 1969 desu-

1010 1997 1060 2027 per
1082 1987 1225 2017 emanatis
1244 1988 1469 2027 praescribitur,
1494 1988 1649 2018 dummodo
1672 1998 1752 2028 prae-

1009 2037 1075 2066 fecti
1113 2040 1141 2066 et
1176 2036 1357 2075 antiquiores
1394 2036 1513 2067 discreti
1554 2041 1751 2067 conventuum

1007 2095 1086 2115 nunc
1108 2085 1297 2115 existentium
1321 2088 1349 2115 et
1371 2085 1562 2125 imposterum
1596 2086 1751 2116 aedifican-

1007 2135 1110 2165 dorum
1140 2134 1199 2164 sint
1228 2134 1343 2164 illarum
1367 2134 1520 2165 domorum
1542 2135 1603 2165 sive
1626 2145 1750 2165 conven-

1008 2188 1107 2221 tuum,
1131 2183 1181 2222 qui
1204 2183 1285 2223 prius
1316 2192 1330 2212 a
1360 2184 1505 2222 praesecto
1529 2184 1658 2222 generali
1683 2193 1748 2214 cum

1006 2242 1058 2262 suo
1081 2231 1247 2261 ‹lefinitorio
1281 2231 1418 2261 declarati
1454 2232 1563 2262 fuerint
1589 2236 1749 2261 conventus

1007 2281 1159 2317 formales3
1185 2290 1237 2310 nec
1261 2281 1333 2310 tales
1366 2281 1509 2310 declarari
1535 2280 1666 2319 possint,
1690 2280 1747 2309 nisi

1007 2329 1036 2359 in
1058 2329 1101 2359 eis
1123 2329 1261 2359 continuo
1290 2333 1537 2359 nianuteneantur
1560 2329 1659 2358 saltem
1683 2333 1747 2358 octo

1007 2378 1135 2416 religiosi
1159 2378 1302 2417 professi,
1336 2378 1510 2417 computatis
1541 2378 1626 2407 etiam
1652 2378 1748 2407 tertia-

1007 2426 1059 2456 riis
1082 2426 1230 2466 professis,
1248 2427 1334 2464 vulgo
1356 2427 1473 2456 donatis.
1498 2425 1622 2455 Praefati
1645 2434 1746 2455 omnes

1007 2485 1107 2505 vocem
1142 2475 1268 2505 habeant
1291 2475 1414 2505 activam
1445 2479 1472 2503 et
1495 2474 1662 2514 passivam,
1688 2474 1747 2503 dis—

1006 2524 1076 2554 creti
1102 2533 1170 2553 vero
1193 2528 1221 2553 et
1243 2523 1420 2553 novitiorum
1449 2523 1605 2561 magistri,
1630 2523 1679 2562 qni
1702 2532 1746 2552 sa-

1006 2573 1138 2603 cerdotes
1160 2572 1289 2609 fuerint,
1313 2572 1436 2602 activam
1461 2576 1584 2601 tantum.

1047 2631 1085 2652 iv.
1110 2621 1221 2652 Nedum
1244 2620 1444 2651 assistentium
1471 2620 1651 2659 generalium
1681 2629 1744 2651 mu-

1660 221 1724 254 105
1770 232 1819 257 An.
1839 234 1869 259 c.
1889 233 1954 260 1736

1793 1665 1822 1685 De
1838 1666 1947 1686 vocal-luis

1765 1693 1853 1716 capituti
1886 1698 1948 1718 gene·

1765 1719 1822 1738 ralis.

1791 2626 1938 2653 incompatibi-
