2232 3178
256 205 304 231 Αιι.
322 205 349 230 C.
375 204 440 231 1737
487 194 551 228 21⁶2
1026 202 1211 225 antemium

757 251 869 285 CXCII.

449 332 643 374 Prorosyalio
667 329 953 372 inslulqenuarum
985 339 1005 360 a
1036 328 1189 361 Romanis
1211 333 1213 349 ¹

493 384 705 425 Pontificibus
715 392 933 415 concessarum
951 386 1188 422 sacramentum

493 438 720 470 Eucharistiae
743 436 947 468 sumentibus
971 436 1003 466 in
1030 435 1188 475 ecclesiis,

493 490 550 522 ubi
573 501 592 521 α
616 489 766 532 palribus
791 489 958 522 Societalis
983 488 1056 521 Iesu
1079 488 1192 531 nyitur

493 543 675 575 communio
699 542 874 586 yeneralis.

654 624 792 651 Clemens
817 624 898 657 Papa
921 624 984 658 xu,

448 668 602 695 universis
612 668 867 696 christifidelibus
876 671 1058 702 praesentes
1069 669 1190 696 litteras

505 713 711 747 inspecturis,
733 714 866 740 salutem
887 716 918 740 et
939 714 1139 748 apostolicam

689 757 948 785 benedictionem.

293 848 439 895 mmmmm&
494 828 508 872 ἓ
532 829 564 861 1.
592 829 668 862 Cum
700 828 803 862 felicis
832 829 1072 862 recordationis
1099 829 1191 861 Inno-

255 877 281 894 ait
292 874 412 895 Innocentio

255 908 370 921 ,www
397 882 575 922 ausentius
599 882 657 915 [³1³.
685 882 710 915 X
737 883 972 926 praedecessor
997 888 1125 923 noster⁷
1152 883 1189 915 ad

255 928 379 948 cha-ruam
404 934 438 948 flu-

255 936 631 978 mmm„mwaugendam
671 935 814 969 fidelium
848 936 1043 978 religionem
1071 941 1101 969 et
1128 936 1191 968 ani-

255 981 325 1000 vtes-m
335 981 438 1007 inquibus

257 1014 268 1027 Β
285 1008 380 1033 ,mmm
401 999 575 1028 &piarum
616 989 750 1021 salutem
792 989 989 1021 caelestibus
1029 988 1190 1022 Ecclesiae

256 1035 374 1080 ξὲῖζὶἷζῖξῇηη
393 1034 438 1085 ¹22¹?
452 1041 612 1075 thesauris
638 1043 689 1086 pia
715 1042 872 1075 charitate
899 1041 1061 1083 intentus,
1088 1044 1190 1075 omni-

256 1088 333 1107 ¹¹⁸¹³¹¹³
349 1090 425 1113 ΨΜ·
450 1096 509 1128 bus
528 1095 696 1139 utriusque
715 1106 811 1129 sexus
830 1095 1100 1128 christifidelibus
1119 1107 1191 1139 poe-

450 1148 630 1182 nitentibus
671 1154 702 1181 et
741 1148 896 1181 confessis
913 1175 920 1189 ,
960 1149 1013 1192 qui
1047 1149 1188 1191 aliquam

448 1201 617 1234 Societatis
642 1201 712 1235 lesu
749 1203 798 1235 vel
837 1212 1072 1246 quamcumque
1097 1203 1189 1235 aliam

449 1257 649 1289 saecularem
685 1255 856 1289 ecclesiam
893 1256 1088 1300 ubicumque
1126 1257 1191 1289 exi—

449 1315 611 1351 stentem,
637 1312 701 1343 una
736 1321 772 1343 ex
811 1310 983 1343 dominicis
1016 1310 1192 1344 cuiuslibet

450 1364 586 1404 mensis,
613 1375 675 1407 qua
704 1364 888 1397 communio
913 1365 1075 1407 generalis
1101 1364 1191 1397 solli-

450 1417 594 1450 citudine
619 1417 811 1450 dilectorum
836 1417 975 1450 filiorum
997 1418 1189 1450 clericorum

450 1470 646 1512 regularium
673 1470 776 1504 dictae
802 1471 982 1512 Societatis,
1008 1477 1057 1510 et,
1083 1471 1190 1515 quoad

451 1523 606 1556 ecclesias
633 1525 828 1565 saeculares,
849 1525 887 1557 de
908 1524 1038 1557 licentia
1056 1524 1190 1558 Ordina-

450 1576 573 1610 riorum
609 1577 756 1610 locorum
793 1577 988 1621 illarumque
1026 1584 1189 1611 rectorum

450 1640 608 1663 consensu
635 1630 754 1663 ibidem
780 1636 943 1673 ageretur,
976 1631 1092 1664 devote
1119 1632 1192 1664 visi-

451 1689 582 1724 tassent‚
617 1689 649 1716 et
680 1683 795 1717 iisdem
827 1684 999 1717 dominicis
1025 1684 1056 1717 in
1084 1684 1192 1728 aliqua

450 1747 487 1770 ex
514 1737 688 1781 praedictis
712 1737 858 1771 ecclesiis
876 1738 1117 1771 sanctissimum
1134 1739 1192 1771 Eu-

450 1790 625 1824 charistiae
670 1796 908 1824 sacramentum
955 1791 1193 1834 sumpsissent,

450 1843 562 1888 ibique
602 1854 662 1887 pro
707 1844 959 1877 christianorum
1006 1844 1191 1888 principum

451 1897 651 1938 concordia,
679 1897 852 1930 haeresum
888 1897 1120 1941 extimatione,
1157 1908 1193 1931 ac

451 1949 483 1983 S.
503 1950 542 1983 M.
563 1950 597 1983 E.
619 1950 815 1984 exaltatione
836 1950 905 1995 pias
930 1951 969 1984 ad
995 1951 1093 1984 Deum
1119 1962 1193 1995 pre-

452 2013 505 2037 ces
530 2002 731 2045 ess'udissent‚
752 2004 932 2048 plenariam
951 2004 1097 2037 omnium
1124 2015 1193 2048 pec-

452 2062 596 2090 catorum
616 2067 749 2090 suorum
769 2057 1005 2101 indulgentiam
1024 2063 1055 2091 et
1072 2059 1191 2091 remis-

452 2110 585 2151 sionem,
606 2121 701 2154 quam
727 2111 896 2144 animabus
914 2111 1057 2144 fidelium
1084 2111 1195 2145 desun-

452 2169 587 2206 ciorum,
606 2175 687 2208 quae
705 2164 770 2198 Deo
784 2165 816 2197 in
830 2165 987 2198 charitate
1005 2166 1194 2199 coniunctae

452 2218 493 2251 ab
524 2218 585 2251 hac
608 2218 680 2251 luce
708 2218 955 2261 migravissent,
980 2230 1039 2262 per
1063 2219 1194 2252 modum

453 2270 597 2314 suffragii
624 2272 791 2315 applicare
817 2277 961 2315 possent,
980 2272 1197 2306 misericordi-

454 2329 504 2358 ter
539 2325 572 2358 in
608 2325 744 2358 Domino
784 2325 824 2358 ad
864 2325 1051 2369 quindecim
1091 2337 1195 2359 annos

453 2383 529 2412 tunc
553 2378 721 2422 proximos
747 2383 870 2412 tantum
892 2380 1113 2420 concesserit;

287 2440 302 2460 Α
316 2440 443 2460 succe—usmi-

498 2432 512 2475 ἓ
537 2431 568 2465 92.
595 2432 633 2465 Et
657 2432 794 2466 subinde
821 2433 1064 2466 concessionem
1091 2433 1198 2466 huius-

453 2486 541 2518 modi
558 2486 750 2519 recolendae
766 2486 941 2519 memoriae
956 2486 1138 2519 Alexander
1147 2485 1196 2519 VII

454 2538 550 2572 etiam
576 2538 615 2571 ad
641 2538 828 2582 quindecim
855 2549 971 2578 annos,
990 2549 1026 2572 ac
1044 2538 1198 2572 Innocen-

455 2592 518 2626 tius
542 2592 581 2626 >21
606 2592 729 2637 pariter
752 2592 792 2627 ad
818 2590 1006 2638 quindecim
1032 2603 1147 2635 annos,
1166 2597 1198 2627 et

260 2466 299 2487 tam
308 2469 444 2493 prorogatae.

1237 200 1394 224 ROMANUM

1235 248 1444 281 Innocentius
1460 248 1510 280 Xll
1527 248 1638 281 itidem
1654 248 1692 281 ad
1709 248 1842 281 lotidem
1861 258 1972 287 annos,

1235 307 1266 334 et
1291 301 1439 334 Clemens
1461 301 1498 333 XI
1536 312 1665 344 quoque
1699 301 1738 334 ad
1769 301 1848 334 alios
1881 301 1974 344 quin-

1235 355 1340 387 decim
1367 365 1482 393 annos,
1511 364 1635 387 necnon
1663 354 1868 387 Innocentius
1894 354 1972 393 XIII,

1236 408 1369 440 Romani
1387 407 1560 440 Pontifices
1581 408 1852 451 praedecessores
1879 408 1975 440 etiam

1236 461 1350 500 nostri,
1369 461 1408 493 ad
1433 460 1538 493 simile
1559 460 1712 504 temporis
1738 461 1875 504 spatium
1900 472 1977 505 pro-

1235 514 1442 557 rogaverint;
1471 519 1502 547 et
1528 514 1622 554 alias,
1649 521 1744 557 prout
1768 515 1801 547 in
1831 515 1975 558 ipsorum

1236 568 1415 600 Innocentii
1443 568 1466 600 X
1483 594 1490 607 ,
1515 568 1688 600 Alexandri
1718 568 1768 600 VII
1786 596 1793 610 ,
1819 568 1976 602 Innocen-

1236 621 1268 653 tii
1296 621 1354 662 XI,
1376 620 1557 653 Innocentii
1584 621 1656 660 XII,
1682 621 1855 654 Clementis
1881 622 1919 654 XI
1945 627 1976 654 et

1236 674 1417 707 Innocentii
1444 674 1510 706 XIII
1543 674 1833 716 praedecessorum
1859 675 1976 707 litteris

1237 727 1374 770 desuper
1399 727 1430 759 in
1458 727 1555 759 simili
1583 727 1684 760 forma
1711 727 1820 760 Brevis
1845 728 1976 770 expedi-

1237 781 1288 821 tis,
1317 791 1452 823 quarum
1492 785 1623 813 tenores
1662 780 1890 823 praesentibus
1916 791 1976 824 pro

1236 835 1332 876 plene
1351 838 1382 866 et
1399 833 1596 866 sufficienter
1622 834 1781 876 expressis
1799 839 1830 866 et
1849 833 1977 866 insertis

1236 886 1348 919 liaberi
1376 888 1542 926 volumus,
1568 886 1699 920 uberius
1726 887 1930 927 continetur;

1279 939 1349 983 ἓῧ.
1389 940 1475 972 Sicut
1513 945 1619 972 autem
1656 950 1717 983 pro
1743 945 1834 983 parte
1867 939 2169 996 dilectidffiss'mzqfflssi

1235 992 1291 1026 filii
1317 993 1540 1036 procuratoris
1566 993 1729 1036 generalis
1748 993 1851 1026 dictae
1871 993 2136 1027 socie-extenduntur.

1237 1046 1308 1079 tatis
1335 1046 1429 1079 nobIs
1454 1057 1560 1090 nuper
1585 1047 1764 1090 expositum
1791 1047 1864 1087 suit,
1885 1047 1978 1090 quin-

1236 1100 1339 1131 decim
1367 1110 1543 1139 annorum,
1573 1110 1589 1131 a
1616 1105 1793 1132 memorato
1820 1099 1998 1133 Innocen-⁴

1237 1153 1279 1185 tio
1306 1153 1370 1185 XIII
1408 1153 1682 1196 praedecessore,
1709 1159 1743 1185 ut
1767 1153 1952 1196 praefertur
1968 1180 1975 1193 ,

1236 1211 1510 1249 prorogatorum,
1538 1205 1610 1239 nnis
1648 1206 1766 1246 instet,
1801 1206 1976 1249 cupiatque

1236 1265 1411 1302 propterea
1429 1259 1513 1291 idem
1536 1265 1726 1302 procurator
1747 1259 1906 1301 generalis
1924 1270 1978 1303 op-

1236 1317 1374 1355 portune
1394 1312 1424 1344 in
1445 1312 1634 1355 praemissis
1656 1323 1673 1344 a
1697 1312 1792 1344 nobis
1810 1312 1976 1355 provideri

1236 1371 1268 1398 et
1294 1371 1328 1397 ut
1354 1366 1436 1397 infra
1463 1365 1647 1408 indulgeri:
1674 1376 1754 1405 nos,
1781 1365 1977 1398 christifide-

1236 1419 1314 1452 lium
1342 1419 1494 1461 pietatem
1518 1419 1703 1451 caelestium
1723 1429 1892 1451 munerum
1912 1419 1978 1451 dis-

1237 1471 1387 1514 positioni
1413 1477 1544 1504 nostrae
1570 1483 1587 1505 a
1617 1472 1753 1505 Domino
1779 1471 1978 1505 creditorum

1235 1525 1427 1567 elargitione
1446 1526 1567 1568 pariter
1586 1525 1693 1558 fovere
1721 1531 1816 1568 atque
1842 1525 1977 1558 incitare

1235 1579 1376 1621 dictique
1395 1579 1618 1621 procuratoris
1637 1579 1799 1621 generalis
1821 1578 1902 1612 votis
1919 1578 1979 1611 hac

1236 1631 1267 1663 in
1306 1642 1339 1663 re
1376 1631 1598 1664 favorabiliter
1634 1642 1779 1664 annuere
1818 1633 1978 1672 volentes,

1235 1695 1375 1728 eumque
1394 1695 1411 1717 a
1429 1684 1593 1728 quibusvis
1619 1685 1977 1726 excommunicationis,

1235 1738 1460 1781 suspensionis
1492 1743 1524 1771 et
1550 1738 1726 1778 interdicti,
1753 1738 1892 1782 aliisque
1921 1750 1976 1772 ec-

1236 1791 1426 1824 clesiasticis
1445 1791 1627 1831 sententiis,
1642 1791 1789 1825 censuris
1808 1797 1838 1824 et
1851 1793 1978 1835 poenis,

1236 1855 1252 1876 a
1276 1844 1346 1877 iure
1371 1844 1420 1877 vel
1450 1845 1488 1876 ab
1511 1844 1656 1885 homine,
1675 1845 1788 1888 quavis
1806 1845 1979 1879 occasione

1237 1899 1285 1931 vel
1309 1897 1403 1931 causa
1429 1898 1513 1938 latis,
1542 1898 1566 1931 si
1594 1898 1710 1942 quibus
1731 1898 1981 1942 quomodolibet

1237 1952 1411 1985 innodatus
1437 1951 1555 1992 existit,
1591 1952 1629 1984 ad
1656 1950 1804 1984 effectum
1829 1962 1980 1995 praesen-

1238 2005 1316 2037 tium
1351 2004 1515 2038 dumtaxat
1546 2005 1828 2048 consequendum,
1864 2005 1980 2039 harum

1237 2059 1320 2091 serie
1339 2058 1545 2092 absolventes
1565 2063 1596 2091 et
1614 2057 1798 2092 absolutum
1819 2059 1889 2092 sore
1907 2069 1981 2093 cen-

1238 2118 1363 2153 sentes,
1403 2112 1696 2156 supplicationibus
1737 2112 1807 2146 eius
1847 2113 1980 2146 nomine

1239 2166 1332 2199 nobis
1357 2176 1455 2210 super
1474 2166 1535 2199 lioc
1556 2165 1724 2199 humiliter
1748 2166 1907 2210 porrectis
1933 2165 1982 2199 in—

1240 2219 1361 2260 clinati,
1387 2219 1634 2253 concessionem
1670 2219 1837 2263 plenariae
1873 2219 1982 2252 indul-

1240 2272 1368 2315 gentiae
1401 2277 1433 2305 et
1463 2278 1674 2315 peccatorum
1707 2272 1925 2313 remissionis,
1964 2283 1982 2306 a

1239 2330 1417 2359 memorato
1449 2325 1641 2359 Innocentio
1668 2325 1692 2358 X
1725 2326 1980 2369 praedecessore

1239 2379 1277 2412 ad
1315 2379 1501 2422 quindecim
1537 2389 1652 2419 annos,
1691 2384 1723 2411 et
1760 2389 1776 2411 a
1805 2379 1980 2422 praedictis

1241 2433 1425 2466 Alexandro
1450 2432 1509 2472 vlt,
1536 2432 1726 2466 Innocentio
1752 2432 1802 2473 XI,
1827 2432 1983 2466 Innocen-

1242 2486 1284 2519 tio
1310 2486 1371 2526 XII,
1399 2487 1565 2520 Clemente
1583 2486 1622 2519 XI
1648 2491 1679 2519 et
1703 2486 1891 2520 Innocentio
1915 2486 1983 2520 XIII

1240 2539 1551 2583 praedecessoribus
1568 2540 1605 2573 ad
1625 2540 1705 2573 alios
1722 2539 1908 2583 quindecim
1925 2549 1983 2573 an-

1240 2603 1297 2628 nos
1322 2598 1531 2638 prorogatam
1556 2599 1590 2628 ut
1614 2593 1809 2638 praefertur,
1832 2593 1871 2628 ad
1889 2593 1982 2638 quin-

1985 200 2034 225 Ἁη.
2055 200 2081 227 C.
2100 201 2161 231 ¹735

2225 582 2232 696 ———.....
