2232 3178
17 195 66 224 An.
86 193 115 220 C.
135 191 204 219 ¹740

48 1910 98 1933 Car.
114 1911 168 1933 xvi.

43 1939 72 1959 Do
89 1940 185 1960 ianitore.

829 189 972 215 CLEMENS
994 189 1043 213 xit
1067 189 1118 213 PP-

248 249 287 270 lx.
312 239 474 270 Patientiae
498 244 525 270 et
548 239 701 270 charitatis
728 249 794 279 erga
817 243 952 278 aegrotos

209 289 386 319 meminerit.
411 289 504 325 Quare
527 288 660 326 curabit,
683 298 720 319 ne
742 288 839 319 debita
865 288 950 318 mini-

208 338 296 368 steria
319 338 447 376 aegrotis
469 338 578 368 desint.

249 397 276 416 x.
296 386 395 416 Morbo
411 387 645 425 ingravescente,
663 385 796 416 abbatem
822 390 951 422 moneat,

208 439 240 465 ut
256 439 407 473 aegrotuS,
425 440 581 474 antequam
603 435 705 465 iudicii
729 444 783 463 usu
806 434 950 473 privetur,

209 484 306 515 omnia
329 489 512 514 sacramenta
535 484 670 523 accipiat.
703 483 785 518 Quod
807 483 830 512 si
853 492 953 521 aegro-

210 538 256 563 tus
271 533 330 571 diu,
348 533 416 562 licet
438 533 502 562 sine
526 532 668 572 periculo,
687 530 852 567 decumbat,
870 536 952 561 curet

208 585 240 611 ut
255 586 356 611 octavo
368 590 484 620 quoque
497 581 543 611 die
554 580 762 618 communicet,
779 579 837 610 nisi
855 579 952 618 aliqua

209 629 284 659 ratio
306 630 415 660 iudicio
438 629 552 660 abbatis
575 629 726 669 impediat.

249 686 288 707 xi.
312 677 443 708 Instante
469 679 570 707 mortis
586 678 721 715 articulo,
742 677 803 707 sive
820 677 953 716 proximo

210 726 353 765 periculo,
378 725 511 756 abbatem
535 726 689 756 admoneat
712 729 744 755 ut
767 725 953 756 orationibus

209 775 340 804 omnium
358 775 481 804 fratrum
495 774 578 804 valde
591 773 790 814 peculiaribus
802 773 951 804 infirmum

208 822 303 852 iuvari
337 823 437 860 faciat,
461 827 547 862 atque
570 831 604 852 eo
635 822 745 860 magis,
775 831 832 861 quo
866 823 952 852 morti

209 871 451 911 propinquiorem
482 871 606 909 viderit,
631 874 660 900 et
683 875 714 901 ut
737 871 873 901 morienti
896 880 953 910 quo

209 920 310 960 plures
344 925 481 960 poterunt
510 930 544 950 ex
578 920 718 950 fratribus
750 920 868 959 adsint,
903 920 953 960 qui

209 969 452 999 convenientibus
471 969 513 998 illi
529 969 653 999 articulo
669 969 788 999 auxiliis
804 969 954 999 moribun-

209 1018 279 1048 dum
312 1019 424 1048 iuvent.
448 1018 482 1049 Et
504 1028 570 1048 cum
604 1019 730 1058 primum
754 1019 814 1049 vita
835 1019 953 1049 functus

209 1068 320 1105 fuerit,
345 1068 523 1107 praefectum
546 1067 687 1097 ecclesiae
720 1077 770 1097 seu
803 1067 952 1098 aedituum

209 1116 364 1146 admoneat
386 1120 417 1146 ut
439 1121 612 1147 consuetum
636 1117 752 1155 signum
777 1117 881 1156 pulset.

249 1174 298 1195 xu.
323 1166 479 1196 Provideat
495 1170 525 1196 ut
547 1170 729 1196 mortuorum
752 1166 875 1196 fratrum
891 1175 953 1196 cor-

210 1223 279 1254 pora
292 1215 326 1244 ad
339 1215 519 1254 sepulturam
535 1219 756 1254 praeparentur,
771 1219 798 1245 et
813 1219 844 1245 ut
860 1215 952 1254 spatio

210 1263 298 1293 unius
324 1263 381 1293 diei
404 1264 545 1294 naturalis
568 1264 707 1294 decenter
735 1273 823 1303 super
845 1268 951 1294 terram

210 1316 376 1342 teneantur.

249 1370 309 1392 xm.
333 1362 396 1392 Non
418 1361 545 1392 infirmis
568 1366 679 1392 tantum
703 1362 831 1402 praesit,
855 1366 887 1392 ut
909 1362 950 1392 di-

209 1414 288 1440 ctum
312 1414 375 1449 est,
400 1410 450 1441 sed
472 1420 610 1440 sanorum
633 1411 721 1441 etiam
744 1420 845 1441 curam
869 1415 952 1449 gerat

209 1459 239 1490 in
262 1460 298 1490 iis
314 1469 388 1499 quae
411 1460 444 1490 ad
469 1461 623 1491 sanitatem
640 1461 951 1500 conservandam'spe-

210 1513 300 1539 etant.
318 1509 412 1544 Quare
435 1510 499 1539 eius
517 1519 623 1540 munus
639 1514 682 1540 est
697 1509 865 1547 observare,
880 1519 950 1540 num

210 1558 276 1598 quis
299 1567 334 1588 ex
357 1558 449 1588 nimia
471 1559 639 1597 fatigatione
662 1559 795 1598 corporis
823 1564 872 1589 aut
894 1559 951 1598 spi-

209 1607 284 1636 ritus
308 1606 373 1645 plus
395 1616 489 1646 aequo
511 1606 635 1645 laboret,
660 1607 702 1637 vel
727 1607 782 1637 alia
806 1608 840 1637 de
863 1609 951 1638 causa

209 1655 303 1686 morbi
326 1656 457 1695 periculo
478 1665 509 1686 se
531 1660 667 1695 exponat.
691 1656 740 1693 Et,
765 1657 789 1686 si
811 1657 841 1687 in
858 1657 949 1695 cibis,

209 1707 288 1742 aere,
312 1704 431 1743 frigore,
455 1709 505 1735 aut
521 1705 579 1734 alia
596 1705 732 1745 quapiam
748 1705 777 1735 in
794 1715 825 1736 re
842 1705 951 1745 aliquid

210 1752 355 1792 probabili
377 1754 490 1783 ratione
513 1753 747 1793 animadvertat,
772 1754 850 1794 quod
874 1763 952 1784 com—

209 1801 291 1832 muni
303 1802 433 1832 omnium
446 1802 490 1832 vel
503 1802 628 1833 alicuius
641 1803 728 1833 saluti
738 1802 839 1834 obesse
848 1804 950 1843 possit,

209 1849 342 1881 abbatem
363 1851 528 1882 admoneat.

249 1909 269 1930 1.
294 1899 499 1931 Monasterium
525 1904 666 1941 perpetuo
682 1901 720 1932 sit
734 1901 878 1939 clausum,
895 1902 953 1932 cla-

208 1948 311 1988 visque
334 1949 364 1979 in
387 1951 470 1989 porta
504 1959 561 1979 non
584 1950 785 1990 relinquatur:
820 1960 852 1981 ac
885 1960 951 1991 pro-

209 2002 308 2038 pterea
330 1998 437 2029 ianitor
459 1998 494 2029 ab
517 1998 620 2030 abbate
638 2000 836 2030 constituatur
852 2009 951 2030 mona-

208 2047 281 2078 chus
297 2051 479 2086 mansuetus,
496 2047 629 2086 humiliS,
647 2049 759 2088 patiens
776 2052 803 2079 et
819 2049 951 2088 sedulus,

209 2096 259 2136 qui
292 2096 398 2127 ianuae
431 2097 641 2128 custodiendae
674 2107 791 2138 semper
818 2098 950 2135 assistat,

208 2154 332 2185 eamque
355 2145 468 2176 nemini
498 2147 708 2177 monachorum
739 2147 870 2187 aperiat,
894 2147 952 2177 nisi

208 2195 320 2226 socium
362 2200 390 2226 et
428 2196 553 2226 exeundi
591 2196 742 2227 licentiam
778 2196 949 2227 obtinuerit.

208 2244 311 2274 Nullus
333 2248 428 2274 autem
452 2253 467 2274 e
490 2245 667 2275 monasterio
690 2245 868 2284 egrediatur,
894 2245 950 2275 nisi

209 2302 275 2323 cum
298 2293 388 2331 socio,
413 2293 590 2333 licentiaque
613 2295 704 2333 petita
727 2303 760 2324 ac
782 2294 948 2333 impetrata,

209 2346 239 2371 et
259 2341 465 2372 benedictione
487 2344 608 2382 accepta
631 2342 666 2372 ab
688 2342 792 2372 abbate
824 2352 875 2373 seu
909 2343 951 2372 vi-

209 2390 299 2428 cario,
316 2394 377 2429 aut,
395 2391 425 2421 in
448 2391 553 2422 horum
576 2390 718 2430 absentia,
735 2390 770 2421 ab
786 2391 950 2431 antiquiore

209 2449 243 2470 ex
267 2439 417 2480 professis.

248 2497 278 2518 ιι.
302 2488 479 2519 Vocantibus
502 2489 559 2519 cito
581 2488 679 2527 adsit,
703 2492 730 2518 et
751 2488 947 2528 respondeat:

995 238 1116 267 nientis.
1140 236 1218 272 Quae
1248 237 1272 266 si
1302 236 1365 266 eius
1388 235 1566 266 conditionis
1596 235 1683 264 fuerit
1707 238 1738 264 ut

996 286 1096 325 paucis
1113 285 1209 316 verbis
1226 285 1411 325 expediatur,
1428 285 1457 315 id
1473 284 1559 314 faciat
1575 293 1640 314 cum
1657 282 1737 313 omni

995 335 1188 365 humanitate.
1213 334 1242 365 Si
1275 344 1344 365 vero
1376 334 1463 364 fuerit
1495 343 1616 373 persona
1640 332 1737 371 gravis

995 388 1044 413 aut
1057 384 1206 422 religiosa,
1225 388 1337 422 portam
1354 383 1476 422 aperiat,
1494 383 1656 420 interroget
1668 381 1738 421 quid

995 433 1081 469 velit,
1098 433 1132 462 ad
1156 433 1251 462 locum
1276 433 1431 462 honestum
1455 432 1489 462 ad
1513 432 1541 461 id
1561 432 1737 461 destinatum

996 481 1189 519 intromittat,
1214 485 1242 511 et
1264 481 1327 511 sine
1351 482 1433 511 mora
1455 481 1602 519 significet
1627 479 1736 509 abbati.

1035 539 1075 559 111.
1100 530 1252 560 Neminem
1277 530 1485 560 monachorum
1515 530 1578 559 sine
1602 529 1738 559 facultate

996 578 1110 608 abbatis
1133 579 1168 608 ad
1190 579 1307 608 ianuam
1331 584 1435 616 vocet,
1459 588 1511 609 nec
1526 603 1533 617 ,
1558 578 1613 608 nisi
1638 583 1739 616 urgeat

995 627 1166 664 necessitas,
1184 628 1292 657 ianitor
1308 628 1455 658 licentiam
1473 637 1525 667 pro
1541 627 1591 657 illo
1609 626 1739 657 vocando

996 675 1031 706 ah
1054 675 1158 706 abbate
1182 681 1271 715 petat,
1296 681 1345 706 aut
1369 677 1457 707 abbas
1480 677 1559 706 illam
1582 676 1650 713 det,
1673 685 1739 705 cum

996 728 1112 763 tempus
1134 725 1172 755 sit
1194 725 1286 755 divini
1309 725 1398 755 officii
1421 725 1450 755 in
1474 725 1563 755 choro
1578 749 1585 762 ‚
1610 724 1737 764 prandii,

996 782 1114 810 coenae,
1139 773 1260 811 silentii,
1285 778 1335 804 aut
1357 774 1602 812 congregationis.
1624 773 1681 803 Nec
1699 773 1740 803 fa-

996 822 1051 852 cile
1074 822 1150 852 idem
1167 822 1257 853 abbas
1273 823 1421 853 licentiam
1438 823 1517 854 dabit
1533 823 1738 853 introducendi

996 871 1161 901 saeculares
1183 872 1212 901 in
1235 872 1362 902 claustra
1387 872 1573 909 monasterii,
1597 877 1625 902 et
1648 871 1740 901 multo

996 920 1094 950 minus
1126 920 1155 950 in
1188 921 1394 951 dormitorium
1430 922 1570 960 fratrum,
1595 921 1651 951 nisi
1681 921 1739 950 sint

997 970 1093 1007 magni
1117 969 1187 1006 viri,
1211 973 1261 999 aut
1284 970 1418 1008 praelati.

1035 1025 1074 1046 ιν.
1099 1017 1265 1048 Monasterii
1290 1022 1387 1057 portas
1410 1023 1477 1048 ante
1492 1023 1605 1048 noctem
1623 1018 1740 1048 claudat

996 1065 1113 1095 ianitor.
1138 1066 1250 1095 Exinde
1273 1076 1341 1096 vero
1363 1076 1411 1096 eas
1433 1067 1544 1096 nullius
1566 1069 1655 1096 causa
1673 1076 1740 1106 ape-

996 1114 1063 1151 riat,
1087 1114 1254 1144 inconsulto
1277 1115 1393 1146 abbate.
1417 1116 1451 1145 Et
1475 1120 1632 1155 antequam
1656 1115 1739 1145 cubi-

996 1167 1057 1193 tum
1080 1168 1136 1202 eat,
1161 1164 1257 1193 claves
1279 1164 1373 1194 eidem
1396 1164 1525 1201 tradens,
1549 1165 1572 1194 si
1589 1165 1654 1204 quis
1670 1165 1740 1194 foris

995 1216 1132 1249 maneat,
1156 1212 1199 1242 illi
1232 1213 1430 1243 renunciabit.
1465 1213 1560 1243 Abbas
1594 1223 1662 1243 vero
1691 1217 1740 1244 aut

996 1261 1124 1290 vicarius
1146 1261 1321 1301 quandoque
1344 1262 1380 1292 de
1403 1267 1488 1292 nocte
1521 1271 1569 1292 eas
1592 1261 1738 1292 observet.

1035 1319 1062 1339 v.
1087 1310 1211 1340 Litteras
1233 1320 1335 1341 omnes
1357 1316 1386 1341 et
1408 1311 1577 1348 schedulas,
1601 1315 1629 1341 et
1652 1320 1740 1351 quae-

995 1368 1120 1399 cumque
1153 1359 1208 1389 alia
1242 1359 1410 1390 domesticis
1442 1360 1610 1397 mittuntur,
1643 1359 1740 1390 abbati

995 1407 1118 1447 reddat,
1143 1412 1174 1438 ut
1197 1418 1229 1438 ea
1253 1408 1363 1447 videat,
1388 1413 1416 1439 et
1445 1409 1479 1439 ad
1508 1419 1575 1447 eos,
1600 1409 1635 1439 ad
1667 1418 1741 1448 quos

995 1458 1176 1496 diriguntur,
1189 1459 1212 1488 si
1226 1458 1305 1496 velit,
1319 1459 1510 1489 transmittat.
1522 1459 1626 1489 Caveat
1639 1459 1738 1495 etiam,

995 1515 1031 1536 ne
1052 1506 1175 1537 alicuius
1202 1507 1355 1538 domestici
1380 1507 1505 1545 litteras,
1533 1512 1582 1537 aut
1607 1507 1676 1546 quid
1704 1507 1741 1536 si-

996 1555 1081 1593 mile,
1106 1556 1235 1586 externis
1256 1556 1304 1586 det
1327 1556 1408 1586 sine¹
1430 1556 1511 1586 iussu
1533 1556 1657 1586 abbatis.

1035 1613 1073 1634 vl.
1098 1604 1176 1635 Nihil
1198 1604 1421 1635 custodiendum
1443 1615 1458 1634 a
1481 1605 1620 1644 quopiam
1643 1608 1739 1634 extra-

995 1662 1050 1683 neo
1073 1653 1206 1693 recipiat,
1231 1653 1335 1683 abbate
1357 1653 1534 1683 inconsulto.

1035 1711 1082 1731 vn.
1105 1702 1134 1732 Si
1157 1711 1300 1741 pauperes
1328 1702 1364 1732 ad
1393 1702 1510 1732 ianuam
1540 1701 1740 1740 eleemosynae

996 1753 1085 1781 causa
1106 1752 1244 1782 accedere
1267 1751 1427 1789 contingat,
1451 1761 1517 1781 cum
1540 1751 1644 1780 iisdem
1659 1750 1741 1780 beni-

996 1809 1051 1838 gne
1074 1809 1104 1830 se
1127 1800 1250 1839 habeat,
1275 1805 1303 1830 et
1331 1800 1433 1830 sedulo
1462 1804 1584 1840 quaerat
1607 1799 1676 1839 quid
1698 1799 1740 1829 eis

995 1849 1108 1888 erogari
1132 1849 1234 1889 possit,
1258 1850 1338 1880 iuxta
1361 1849 1475 1879 abbatis
1497 1849 1665 1879 arbitrium.

1035 1907 1095 1929 viu.
1119 1898 1266 1937 Mulieres,
1291 1898 1315 1929 si
1337 1898 1454 1938 quando
1478 1898 1513 1928 ad
1533 1898 1639 1928 ostium
1659 1906 1739 1927 acce-

995 1948 1075 1985 dant,
1093 1947 1193 1987 paucis
1210 1947 1307 1978 verbis
1325 1947 1467 1985 dimittat;
1485 1952 1547 1983 aut,
1564 1947 1588 1977 si
1606 1946 1739 1986 pluribus

996 2007 1068 2037 opus
1091 2007 1153 2027 esse
1178 1997 1336 2035 videretur,
1361 1997 1391 2026 in
1414 1996 1586 2034 ecclesiam,
1610 1996 1634 2026 si
1656 2000 1738 2025 extra

996 2046 1165 2076 monasterii
1189 2046 1350 2076 claustrum
1373 2045 1431 2083 sit,
1456 2045 1490 2075 ad
1511 2045 1658 2075 aedituum
1691 2053 1739 2074 eas

996 2095 1101 2134 mittat,
1126 2095 1176 2125 ubi
1199 2095 1269 2135 ipsis
1292 2094 1463 2134 responderi
1488 2095 1605 2134 poterit,
1629 2098 1678 2124 aut
1694 2102 1739 2123 ae-

994 2144 1109 2174 dituum
1133 2153 1184 2175 seu
1209 2143 1343 2174 abbatem
1367 2148 1458 2180 vocet,
1482 2148 1514 2174 ut
1533 2152 1633 2174 earum
1653 2152 1739 2181 nego-

995 2194 1032 2223 tia
1055 2193 1222 2233 expediant,
1247 2197 1334 2232 prout
1356 2202 1403 2223 res
1425 2192 1626 2232 postulaverit.

1034 2253 1075 2273 ix.
1100 2243 1129 2273 Si
1146 2243 1212 2283 quis
1228 2243 1442 2282 eleemosynam
1459 2242 1493 2272 ad
1509 2243 1627 2272 ianuam
1646 2240 1735 2278 dabit,

994 2301 1057 2322 eam
1080 2301 1238 2323 oeconomo
1261 2292 1357 2322 statim
1382 2292 1487 2322 tradet.

1035 2351 1061 2371 x.
1085 2341 1158 2371 Loca
1181 2345 1279 2381 portae
1301 2341 1396 2371 vicina
1416 2340 1522 2370 munda
1539 2343 1645 2377 servet,
1663 2343 1692 2369 et
1707 2342 1739 2368 ut

994 2390 1076 2420 iuxta
1099 2391 1216 2420 ianuam
1240 2399 1341 2420 omnes
1363 2389 1510 2420 submissa
1532 2398 1600 2418 voce
1616 2388 1737 2427 loquan-

994 2442 1042 2469 tur
1064 2444 1157 2470 curet.

1033 2497 1072 2518 xi.
1096 2488 1133 2519 Ut
1164 2488 1273 2518 ianitor
1304 2487 1339 2517 ad
1368 2491 1480 2526 portam
1502 2486 1644 2517 sollicitus
1666 2485 1736 2516 assi-

208 2547 267 2568 non
291 2541 387 2568 tamen
410 2537 491 2577 prius
514 2542 627 2577 portam
650 2537 771 2577 aperiat,
795 2547 881 2577 quam
899 2547 949 2577 per
992 2541 1069 2568 stere
1092 2537 1200 2578 possit,
1225 2537 1318 2576 primo
1342 2540 1406 2575 post
1429 2536 1590 2576 persolutas
1619 2535 1736 2566 matuti-

208 2586 365 2618 fenestram
388 2586 484 2618 videat
506 2587 676 2627 qualitatem
699 2596 841 2627 personae
863 2587 948 2618 adve-

1029 2593 1039 2620 ¹
1064 2590 1134 2619 Edit.
1156 2590 1239 2618 Main.
1261 2590 1326 2626 legit
1345 2590 1376 2618 in
1397 2598 1446 2626 pro
1468 2590 1530 2618 sinc
1549 2590 1589 2625 (n.
1607 2589 1655 2625 r).

1632 177 1696 210 637
1742 185 1792 212 An.
1813 185 1843 212 c.
1862 185 1929 213 1740
