2232 3178
264 209 315 235 An.
333 207 360 235 C.
384 208 450 235 1738
495 199 560 232 5364

456 258 609 295 fecerant,
636 255 859 292 ministrandi,
885 264 920 287 ac
946 254 1040 287 eisin
1060 253 1196 287 articulo

455 309 569 342 mortis
595 309 774 352 plenariam
811 308 953 341 omnium
987 312 1195 350 peccatorum

455 372 588 395 suorum
621 361 858 403 indulgentiam
894 366 925 393 et
956 360 1194 399 remissionem,

457 414 582 447 etiamsi
609 424 694 446 mors
712 424 775 446 non
791 414 1055 456 subsequeretur,
1077 418 1108 446 et
1121 423 1198 455 quo-

457 468 515 500 ties
541 478 627 500 mors
652 467 845 506 immineret,
863 467 910 498 vel
928 466 959 499 in
979 466 1064 499 dicto
1083 466 1196 498 mortis

455 520 590 552 articulo
629 519 794 551 constituti
834 518 1033 558 viderentur,
1070 519 1197 562 impen-

456 572 566 612 dendi,
585 572 747 604 licentiam
766 570 1008 611 et'facultatem,
1025 571 1082 604 sub
1100 572 1196 604 certis

454 625 552 657 modo
580 629 611 656 et
637 625 741 657 forma
767 630 844 657 tunc
869 624 1031 668 expressis
1048 651 1055 663 ‚
1089 629 1197 657 aucto-

453 678 548 709 ritate
569 677 748 719 apostolica
766 682 974 710 concesserat
992 683 1022 710 et
1040 677 1195 720 elargitus

455 729 573 770 fuerat;
601 735 633 762 et
665 730 696 762 in
731 730 841 763 eadem
880 731 1085 774 expositione
1122 731 1196 763 sub-

455 782 566 815 iuncto
583 783 667 825 quod
688 783 854 815 facultates
870 794 887 815 a
901 789 1080 817 memorato
1098 784 1195 816 Paulo

453 835 705 878 praedecessore
737 846 796 879 per
833 835 958 869 litteras
994 836 1194 879 supradictas

455 888 530 920 dicti
549 888 721 930 hospitalis
744 889 951 921 confessariis
966 899 1147 929 concessas,
1162 894 1196 921 ut

453 941 657 983 praefertur,
685 941 780 973 etiam
807 942 845 974 ad
878 941 1015 974 aliorum
1053 942 1194 974 eiusdem

454 993 547 1026 Urbis
574 994 786 1038 hospitalium
813 995 1030 1028 confessarios
1064 995 1194 1027 extendi

454 1046 631 1088 plurimum
669 1047 891 1079 desiderabat:
929 1047 1014 1080 idem
1047 1047 1195 1080 Clemens

453 1098 698 1140 praedecessor,
715 1099 815 1142 ipsius
834 1099 966 1132 Fabritii
982 1100 1127 1143 episcopi
1146 1111 1195 1132 vo-

454 1151 493 1184 tis
508 1152 566 1184 hac
580 1152 612 1184 in
628 1162 662 1184 re
681 1152 902 1185 favorabiliter
915 1163 1059 1186 annuere
1074 1155 1194 1194 volens,

454 1205 747 1248 supplicationibus
782 1206 927 1239 eiusdem
963 1206 1093 1240 Fabritii
1128 1207 1196 1250 epi-

455 1259 542 1302 scopi
570 1259 701 1292 nomine
727 1259 788 1292 sibi
815 1270 914 1302 super
941 1260 1003 1293 hoc
1030 1260 1196 1293 humiliter

454 1312 615 1355 porrectis
631 1312 817 1353 inclinatus,
831 1313 990 1356 praefatas
1005 1314 1091 1346 Pauli
1106 1325 1196 1357 prae-

455 1366 638 1398 decessoris
664 1366 807 1406 litteras,
832 1376 891 1409 pro
928 1367 1015 1399 dieto
1041 1367 1193 1410 hospitali

455 1417 692 1451 Consolationis
729 1418 810 1451 sicut
839 1419 1058 1462 praemittitur
1090 1420 1192 1461 datas,

455 1472 648 1505 auctoritate
674 1472 852 1515 apostolica
878 1473 1068 1506 reformavit
1093 1479 1124 1506 ct
1141 1474 1194 1506 de-

454 1526 606 1566 claravit,
640 1525 719 1558 itaut
750 1526 883 1559 facultas
909 1526 940 1558 in
967 1527 1012 1559 eis
1037 1537 1195 1560 concessa

453 1578 696 1622 intelligeretur
721 1590 780 1622 pro
800 1580 869 1613 foro
886 1580 1107 1613 conscientiae
1128 1585 1195 1612 tan-

454 1637 522 1664 tum
542 1659 549 1671 ‚
576 1632 719 1676 exceptis
746 1633 872 1666 casibus
898 1633 929 1665 in
956 1633 1046 1666 ssutta
1075 1633 1196 1667 Coenae

453 1684 591 1718 Domini
607 1711 614 1725 ‚
653 1696 783 1718 necnon
823 1686 973 1729 publicae
1011 1686 1194 1719 violationis

454 1739 622 1771 clausurae
649 1738 839 1771 monialium
866 1739 905 1772 ad
930 1739 1051 1772 malum
1081 1738 1194 1779 finem,

454 1791 714 1835 presbytericidii
752 1792 896 1835 publici,
934 1803 970 1825 ac
1006 1803 1099 1826 casus
1137 1803 1195 1836 pu-

453 1845 529 1877 blici
552 1846 685 1879 violatae
711 1846 923 1879 immunitatis
940 1847 1190 1887 ecclesiasticae,

454 1897 518 1932 imo
543 1899 639 1931 ctiam
664 1899 782 1932 occulti
809 1899 841 1931 in
868 1899 1014 1932 terminis
1039 1900 1195 1933 constitu-

455 1952 552 1984 tionis
577 1952 649 1995 piae
675 1952 857 1985 momoriae
884 1952 1032 1995 Gregorii
1057 1953 1121 1985 XlV
1140 1963 1195 1996 pa-

453 2005 534 2038 riter
558 2006 817 2048 praedecessoris
843 2006 956 2047 nostri,
979 2017 1061 2050 quae
1080 2006 1196 2049 incipit

455 2057 534 2091 Cum
559 2058 644 2090 alifis
668 2058 859 2099 nonnullis,
887 2059 1013 2092 etiamsi
1037 2059 1193 2092 eiusmodi

453 2111 586 2144 violatio
612 2113 800 2145 auctoritate
826 2111 958 2155 publica
983 2118 1094 2144 secuta
1129 2112 1196 2145 fue·

454 2164 518 2205 rit,
545 2174 582 2197 ac
611 2165 692 2198 citra
716 2165 815 2197 ullam
842 2165 1027 2198 facultatem
1064 2164 1196 2207 dispen-

453 2217 547 2251 sandi
572 2228 671 2261 super
691 2217 946 2260 irregularitate3
969 2218 1195 2260 indultumqne

453 2271 649 2312 huiusmodi,
663 2271 707 2304 sic
722 2271 929 2304 reformatum
944 2276 975 2304 et
989 2271 1194 2312 declaratum,

454 2323 552 2356 etiam
577 2324 649 2357 aliis
664 2323 850 2366 praedictae
866 2323 960 2356 Urbis
978 2323 1195 2366 hospitalibus

454 2377 628 2417 concessit3
647 2382 678 2410 et
698 2376 788 2418 alias,
807 2382 905 2420 prout
923 2376 954 2409 in
974 2377 1061 2410 Pauli
1081 2381 1112 2409 et
1129 2376 1195 2410 Cle-

454 2430 571 2463 mentis
588 2430 877 2473 praedecessorum
895 2430 1135 2473 praedictorum
1148 2429 1196 2462 lit-

455 2483 531 2515 teris
568 2484 708 2527 desuper
745 2484 777 2516 in
813 2483 909 2516 simili
946 2485 1061 2516 norma
1085 2483 1195 2516 Brevis

455 2536 568 2569 diebus
591 2546 650 2570 inu
675 2537 757 2570 iunii
783 2546 924 2571 tthwa
949 2541 981 2570 et
1005 2545 1036 2569 xi
1061 2536 1195 2569 ianuarii

453 2598 592 2625 Muccxiv
611 2589 783 2634 expeditis,
802 2599 939 2634 quarum
955 2593 1083 2624 tenores
1105 2599 1196 2633 prae-

1041 204 1222 229 mJLLARtUM
1246 204 1401 229 ROMANUM

2176 90 2195 103 ,υ

2176 111 2194 139 {t

1984 204 2037 232 An.
2053 203 2081 233 e.
2101 195 2195 237 nasi

1239 253 1383 286 sentibus
1408 263 1467 296 pro
1489 254 1650 297 expressis
1666 259 1697 287 et
1713 254 1841 287 insertis
1862 252 1976 287 haberi

1239 307 1409 345 volumus,
1434 306 1566 339 uberius
1591 307 1789 340 continetur.

1283 360 1297 401 ξ
1321 359 1352 391 ⁶2.
1372 359 1448 392 Cum
1474 365 1591 399 autem,
1610 360 1692 392 sicut
1715 360 1826 393 eadem
1851 361 1977 403 exposi-
2041 363 2181 405 rraeepptqu

1240 413 1282 446 tio
1307 413 1526 455 subiungebat
1549 413 1744 445 venerabilis
1768 413 1865 446 frater
1879 414 1977 447 Anto·
1988 398 2163 455 §.fssssssftll'iftlii-

1240 466 1310 497 nius
1332 465 1427 497 Maria
1452 466 1715 508 archiepiscopus
1734 452 2164 509 Naupactensis‚32¹⁰La³32ss¹f=¹=¹⁰ih

1239 524 1435 551 memoratae
1460 518 1728 561 Congregationis
1757 503 2164 562 pro-secreta-ifi'iiiss'qiss‘ffl
2182 506 2229 565 ³⁸-ss

1239 571 1329 612 rius,
1355 582 1391 604 ac
1425 571 1692 615 archihospitalis
1716 571 1746 604 S.
1774 572 1911 615 Spiritus
1942 572 1975 604 in
1987 555 2183 609 agnti'srceiirifssz‘iae'*

1239 623 1330 656 Saxia
1356 624 1394 657 dc
1422 624 1533 657 eadem
1553 624 1636 657 Urbe
1662 630 1863 668 praeceptor,
1881 624 1974 658 nohis
1987 613 2034 654 335„
2050 608 2185 658 ἷιῗέἷὲιῗῗιωι-’ί
2207 647 2209 651 -

1240 687 1345 720 nuper
1371 677 1487 719 exponi
1515 677 1597 716 fecit,
1623 678 1694 720 ipse
1720 677 1892 720 acceperit,
1914 677 1976 710 fra·
1987 662 2163 713 ‘Xttffiiss'ssssiass'
2179 668 2190 707 ἶ

1239 733 1301 762 tres
1327 730 1556 773 cuiuscumque
1581 730 1709 763 Ordinis
1737 735 1768 763 et
1797 713 2055 773 Congrega-ssssf‘ffl‘
2077 714 2165 737 uem*
2182 723 2208 744 ¹*

1239 783 1335 815 tionis
1363 783 1401 816 de
1427 782 1511 816 Urbe
1537 783 1700 826 praefata,
1728 783 1781 826 qui
1819 783 1973 826 quotidie,

1239 835 1325 868 iuxta
1362 835 1508 868 ordinem
1549 847 1566 868 a
1603 836 1720 868 dilecto
1761 835 1827 868 filio
1865 841 1976 869 nostro

1238 889 1357 922 Ioanne
1383 890 1523 922 Antonio
1548 889 1579 922 S.
1607 890 1643 921 R.
1670 889 1704 922 E.
1726 889 1882 922 cardinali
1900 889 1979 922 Gua-

1239 942 1334 984 dagni
1360 946 1546 984 nuncupato
1573 942 1605 974 in
1632 942 1714 975 dicta
1743 941 1828 974 Urbe
1858 941 1977 974 vicario

1239 993 1269 1026 in
1296 993 1520 1036 spiritualibus
1546 994 1689 1036 generali
1726 994 1977 1038 praescriptum,

1239 1047 1277 1079 ad
1296 1047 1568 1089 archihospitalia
1589 1052 1620 1079 et
1641 1046 1816 1089 hospitalia
1833 1046 1979 1089 praefata

1238 1100 1390 1132 accedere
1426 1100 1567 1139 debent,
1608 1100 1728 1142 aliique
1770 1098 1978 1143 presbyteri¹

1238 1153 1439 1191 saeculares,
1458 1153 1512 1195 qui
1536 1153 1718 1185 devotionis
1743 1153 1838 1185 causa
1856 1152 1978 1185 ibidem

1238 1216 1298 1249 pro
1324 1206 1469 1238 eiusdem
1494 1205 1626 1248 pietatis
1662 1215 1760 1248 opere
1796 1205 1978 1238 exercendo

1239 1270 1309 1292 sese
1335 1260 1485 1292 conferre
1510 1260 1633 1298 solent,
1659 1259 1744 1291 dicta
1770 1259 1918 1291 facultate
1949 1263 1981 1292 et.

1238 1311 1367 1344 licentia
1391 1312 1582 1345 absolvendi
1608 1311 1773 1354 infirmos,
1799 1312 1830 1344 in
1858 1311 1980 1345 eisdem

1239 1365 1550 1408 archihospitalibus
1576 1370 1608 1397 et
1634 1365 1852 1408 hospitalibus
1886 1374 1980 1398 exce-

1239 1423 1321 1461 ptos,
1343 1429 1360 1451 a
1377 1419 1503 1451 casibus
1521 1419 1693 1452 reservatis
1715 1418 1903 1461 praedictis,
1921 1418 1980 1451 mi-

1239 1472 1323 1504 nime
1351 1472 1510 1514 gaudere,
1535 1483 1605 1505 cum
1639 1472 1822 1505 facultatem
1847 1472 1980 1516 praedi-

1238 1530 1321 1557 ctam
1343 1535 1403 1567 per
1420 1525 1619 1558 Clementem
1637 1525 1923 1568 praedecessorem
1939 1524 1980 1557 ad

1239 1577 1347 1610 omnia
1372 1578 1643 1621 archihospitalia
1667 1584 1698 1611 et
1725 1577 1900 1621 hospitalia
1926 1577 1981 1610 hu-

1238 1630 1378 1664 iusmodi
1401 1636 1564 1664 extensam
1584 1631 1787 1664 confessariis
1805 1630 1979 1664 ordinariis

1238 1693 1298 1726 per
1322 1684 1472 1717 custodes
1497 1694 1554 1717 seu
1574 1684 1850 1717 administratores
1868 1682 1980 1727 hospi-

1239 1736 1349 1769 talium
1375 1737 1619 1780 praedictorum
1650 1736 1811 1780 deputatis
1847 1745 1981 1769 conces-

1238 1800 1306 1822 sam
1333 1800 1404 1823 esse
1429 1790 1598 1830 videatur,
1626 1790 1695 1833 ipse
1719 1800 1798 1823 vero
1820 1789 1978 1823 Antonius

1238 1843 1334 1876 Maria
1358 1844 1617 1886 prosecretarius
1642 1849 1673 1877 et
1697 1848 1891 1887 praeceptor
1908 1870 1916 1884 ‚
1943 1847 1980 1875 ut

1238 1896 1419 1929 animarum
1445 1895 1646 1930 infirmorum
1672 1897 1712 1929 ad
1738 1896 1906 1940 praedicta
1930 1906 1981 1929 ar-

1238 1950 1472 1993 chihospitalia
1497 1955 1529 1983 et
1555 1950 1732 1994 hospitalia
1755 1949 1980 1984 accedentium
2228 1971 2232 1984 t

1239 2003 1334 2036 saluti
1372 2008 1402 2036 et
1426 2003 1644 2036 conscientiae
1670 2003 1770 2047 quieti
1790 2031 1797 2044 ,
1825 2008 1979 2048 quantum
2204 1994 2232 2042 ,⁴

1239 2056 1307 2088 fieri
1345 2061 1469 2099 potest,
1495 2062 1682 2101 opportune
1718 2057 1918 2098 consulatur,
1944 2056 1980 2090 li·
2229 2048 2232 2054 ¹

1239 2110 1378 2142 centiam
1401 2115 1433 2142 et
1450 2110 1633 2143 facultatem
1653 2121 1670 2144 a
1686 2115 1866 2144 memorato
1880 2111 1980 2144 Paulo

1239 2164 1492 2206 praedecessore
1520 2164 1726 2197 confessariis
1751 2164 1922 2208 hospitalis
1940 2164 1979 2198 de

1238 2216 1347 2249 Gratia
1372 2222 1403 2250 et
1426 2217 1656 2251 Consolatione
1693 2218 1882 2251 huiusmodi
1908 2227 1980 2251 con-

1239 2279 1377 2310 cessam,
1404 2275 1438 2303 ut
1469 2269 1658 2313 praefertur,
1685 2271 1724 2304 ad
1757 2281 1871 2304 omnes
1903 2281 1979 2304 con-

1240 2322 1389 2356 fessarios
1414 2323 1598 2357 ordinarios
1623 2324 1763 2357 aliorum
1782 2324 1977 2368 archihospi-

1241 2377 1354 2409 talium
1380 2382 1412 2410 et
1436 2377 1647 2420 hospitalium
1674 2378 1713 2410 de
1739 2378 1851 2411 eadem
1876 2377 1978 2417 Urbe.

1239 2440 1369 2463 necnon
1393 2431 1599 2474 presbyteros
1621 2431 1803 2464 saeculares
1830 2436 1861 2464 et
1885 2441 1979 2474 regu-

1238 2483 1323 2516 lares
1349 2483 1388 2516 ad
1413 2484 1478 2524 illa,
1497 2494 1597 2527 supra
1623 2484 1783 2527 expressis
1805 2484 1844 2517 de
1861 2483 1980 2525 causis,

1274 2599 1286 2624 1
1306 2597 1401 2626 Potius
1420 2598 1481 2634 lege
1500 2598 1631 2633 aliosque
1646 2598 1827 2634 presbyteros
1845 2599 1886 2634 (a.
1901 2598 1952 2633 τ.).
