2232 3178
873 176 970 201 mnex
995 175 1100 201 nanum
1650 164 1713 198 677

219 230 405 266 Carmelitae
422 230 606 264 Excalceati.
625 249 666 255 —
682 229 958 264 Confraternitates
979 232 1102 262 erectae
1126 227 1173 260 vel
1199 227 1368 269 erigendae
1389 226 1420 259 in
1440 226 1692 269 Congregatione
1709 226 1759 259 Hi-

306 284 435 327 spaniae
459 289 489 317 et
513 283 653 317 oratoria
686 283 805 316 ruralia
836 286 979 325 exempta
1003 292 1020 314 a
1045 280 1222 314 visitatione
1246 279 1507 319 Ordinariorum,
1532 278 1596 312 208
1622 290 1641 312 α
1670 283 1700 312 et
1727 279 1756 319 b;

305 337 449 370 Tertiarii
483 337 576 369 huius
607 336 731 370 Ordinis
764 342 794 369 et
825 335 1093 378 Congregationis,
1120 334 1189 366 aliis
1213 333 1384 367 Ordinibus
1420 332 1588 376 adscripti,
1617 332 1759 365 omnium

306 390 483 434 respective
508 389 659 423 Ordinurn
692 390 840 422 fruuntur
864 388 1084 430 indulgentiis,
1110 386 1174 419 555
1197 386 1214 418 b
1240 391 1270 418 et
1294 385 1358 418 593
1383 397 1401 418 [ι
1428 390 1458 418 et
1481 396 1561 428 seq.;
1587 390 1759 418 conventus

306 443 519 476 Varsaviensis
543 443 620 475 alias
644 442 812 476 attributus
827 441 1008 485 provinciae
1025 438 1184 472 Lituaniae
1208 438 1312 471 denuo
1337 438 1444 470 unitur
1469 437 1652 481 provinciae
1670 437 1760 470 Polo-

305 497 388 535 niae,
407 495 591 539 provinciae
608 505 682 528 vero
707 493 890 527 Lithuaniae
916 493 1094 535 assignatur
1112 497 1284 525 conventus
1301 490 1509 530 Lublinensis,
1527 489 1590 524 0288
1608 490 1624 522 b
1639 495 1669 522 et
1685 501 1758 533 seq,

306 559 387 582 nova
411 548 575 592 provincia
599 547 766 580 Hiberniae
791 545 909 579 dudum
935 545 1125 587 reviviscens
1150 550 1270 584 erecta,
1292 544 1341 576 cui
1367 548 1538 576 conventus
1563 552 1673 575 omnes
1697 542 1761 575 exi-

306 607 421 635 stentes
446 607 476 634 et
501 601 707 644 imposterum
733 598 943 643 recuperandi
963 598 1193 638 adiudicantur,
1219 596 1283 629 305
1308 607 1327 628 α
1352 601 1382 628 et
1406 606 1469 638 seq.

221 654 352 688 Carolus
379 653 556 687 Borbonius
580 653 804 696 Hispaniarum
828 652 948 691 Infans,
974 650 1037 684 382
1063 661 1100 689 c1;
1125 650 1215 692 regni
1238 649 1361 681 Siciliae
1387 659 1458 681 cum
1485 649 1547 680 tota
1574 650 1655 680 terra
1680 648 1759 681 citra

310 707 446 740 Pharum
472 716 571 750 usque
596 706 634 738 ad
659 705 795 738 confinia
820 709 977 737 terrarum
1003 703 1176 742 Ecclesiae,
1201 702 1296 735 armis
1321 712 1339 733 a
1363 700 1455 744 patre
1475 701 1621 745 Philippo
1648 702 1759 744 Hispa-

308 760 432 792 niarum
460 769 535 801 rege
559 758 617 791 sibi
643 758 765 790 traditis
790 763 820 790 et
844 757 976 799 donatis,
1003 756 1156 798 integram
1182 760 1212 788 et
1236 755 1399 798 pacificam
1425 754 1656 797 possessionem
1683 755 1761 788 obti-

307 812 392 853 nuit,
410 811 507 851 ibid,
523 811 600 854 petit
625 816 655 843 et
679 811 800 845 obtinet
825 811 1043 843 investituram
1068 809 1156 851 regni
1181 809 1347 850 utriusque
1371 807 1513 847 Siciliae,
1539 806 1603 840 383
1620 808 1636 839 b
1653 812 1759 851 etseq.

220 866 348 900 Carolus
371 865 500 899 Cerrius
524 864 651 897 auditor
678 865 782 897 minus
807 864 955 906 antiquus
980 863 1011 894 in
1036 861 1194 895 auditorio
1220 861 1249 894 S.
1276 861 1384 900 Rotae,
1410 860 1450 892 ‘12
1475 871 1511 899 (13
1538 860 1581 891 illi
1608 870 1671 892 non
1704 860 1762 892 fuit

308 918 505 951 adiudicatus
532 917 703 950 decanatus
733 916 880 950 auditorii
909 916 940 948 in
969 926 1127 949 concursu
1146 913 1285 957 Pompeii
1306 913 1498 946 Aldovrandi
1528 912 1761 956 archiepiscopi

309 970 597 1011 Neocaesariensis,
623 969 700 1003 ibid.

223 1025 352 1060 Carolus
369 1035 474 1058 eomes
492 1024 682 1057 Palatinatus
701 1023 800 1056 Rheni
818 1022 897 1067 petit
915 1028 945 1055 et
961 1021 1079 1055 obtinet
1093 1026 1126 1053 ut
1139 1020 1315 1061 haereticis,
1330 1019 1383 1063 qui
1402 1019 1440 1052 ad
1457 1019 1551 1052 fidem
1571 1019 1757 1052 catholicam

308 1083 548 1118 convertuntur,
573 1077 657 1110 bona
681 1077 903 1117 ecclesiastica,
929 1086 1011 1119 quae
1035 1066 1208 1118 possident,
1233 1073 1444 1112 dimittantur,
1469 1072 1510 1106 59
1536 1073 1552 1104 b
1577 1078 1607 1105 et
1631 1082 1693 1115 seq.

222 1130 352 1165 Carolus
374 1131 470 1164 Maria
494 1130 695 1174 Sacripantes
720 1129 935 1163 thesaurarius
959 1128 1116 1172 generalis
1140 1128 1290 1161 Gamerae
1314 1127 1533 1171 Apostolicae,
1557 1126 1600 1160 48
1624 1138 1656 1159 α.

220 1184 426 1218 Carthusiani.
451 1203 494 1207 —
518 1184 644 1216 Fratres
669 1184 761 1216 huius
785 1183 909 1216 Ordinis
933 1193 997 1215 non
1018 1183 1120 1215 solum
1146 1182 1269 1224 erigere
1289 1186 1422 1225 possunt
1440 1180 1579 1214 oratoria
1600 1185 1630 1213 et
1653 1180 1762 1226 altaria

310 1238 341 1270 in
365 1237 503 1280 granciis
528 1242 558 1269 et
579 1236 735 1278 domibus,
762 1237 792 1268 in
816 1236 930 1280 quibus
955 1236 1094 1268 resident
1118 1235 1297 1268 sacerdotes
1321 1235 1508 1274 saeculares,
1527 1233 1580 1266 sed
1606 1233 1698 1266 etiam
1724 1233 1763 1265 ad

308 1290 490 1323 huiusmodi
515 1289 658 1322 effectum
685 1289 809 1329 sufficit,
834 1289 918 1332 quod
943 1288 1026 1321 dicta
1051 1288 1190 1321 oratoria
1214 1293 1244 1320 et
1275 1287 1387 1321 domus
1420 1286 1584 1319 visitentur
1609 1296 1626 1318 a
1657 1286 1763 1318 visita-

308 1342 431 1376 toribus
455 1341 591 1382 Ordinis,
616 1341 673 1374 0291
705 1353 725 1375 a
749 1346 779 1375 ct
802 1353 866 1385 seq.

221 1395 431 1430 Cassinenses.
463 1414 507 1420 —-
538 1395 759 1429 Monasterium
790 1395 820 1428 S.
853 1395 1064 1429 Scholasticae
1097 1404 1233 1428 annuam
1267 1394 1536 1427 contributionem
1571 1392 1762 1426 monasterio

308 1448 394 1482 Sacri
418 1448 553 1492 Specus,
577 1459 641 1482 non
671 1448 702 1481 in
734 1459 835 1492 pane,
864 1448 958 1489 vino,
987 1448 1163 1492 ceterisque
1188 1448 1282 1480 huius
1307 1447 1454 1490 generis,
1483 1446 1537 1479 sed
1565 1446 1596 1479 in
1627 1446 1762 1490 pecunia

308 1505 472 1535 numerata
497 1503 600 1535 facere
624 1502 734 1542 debet,
759 1501 800 1534 37
826 1503 860 1541 b;
885 1502 939 1534 ubi
966 1502 1084 1534 fuerint
1110 1501 1300 1534 monasteria
1324 1500 1449 1534 Ordinis
1478 1500 1580 1541 huius,
1609 1510 1671 1532 non
1689 1510 1762 1533 con-

309 1555 457 1588 struenda
482 1555 620 1599 hospitia
643 1565 701 1598 pro
725 1554 873 1588 abbatum
899 1555 946 1587 vel
972 1554 1200 1587 monachorum
1227 1553 1442 1592 habitatione,
1472 1552 1536 1585 487
1564 1553 1597 1592 b3
1630 1553 1762 1596 praelati

308 1608 428 1652 absque
452 1609 594 1651 legitima
618 1610 713 1642 causa
737 1619 753 1641 a
779 1607 978 1641 monasteriis
1001 1607 1110 1640 abesse
1135 1617 1197 1640 non
1222 1606 1355 1647 debent,
1380 1605 1445 1638 488
1470 1616 1506 1645 α;
1533 1606 1762 1638 monachorum

308 1661 440 1695 mutatio
457 1661 495 1694 de
513 1662 706 1695 monasterio
730 1662 768 1694 ad
794 1661 1020 1694 monasterium
1045 1670 1108 1693 non
1133 1659 1290 1700 facienda,
1315 1658 1379 1692 488
1404 1660 1437 1699 Ι);
1463 1659 1623 1702 quomodo
1644 1664 1763 1702 tempo-

309 1715 387 1748 ralia
408 1725 464 1758 per
484 1715 613 1748 abbates
637 1715 676 1749 sit
700 1714 962 1758 administranda,
987 1713 1051 1747 489
1076 1714 1109 1754 b3
1134 1713 1172 1746 de
1197 1713 1412 1746 visitatoribus
1436 1716 1466 1746 et
1491 1712 1585 1745 modo
1610 1712 1762 1745 visitatio-

307 1768 356 1800 nis
381 1768 559 1809 faciendae,
584 1768 649 1801 490
673 1779 705 1801 α,

218 1820 415 1854 Catechismo
441 1821 702 1855 interessentibus
726 1821 857 1863 adultis,
882 1821 913 1854 in
938 1820 1036 1862 Urbe,
1061 1825 1130 1861 etc„
1156 1820 1371 1862 indulgentiae
1395 1818 1670 1852 communicantur
1699 1818 1761 1850 iam

310 1884 479 1908 concessae
501 1874 615 1907 adultis
639 1874 827 1908 docentibus
844 1880 874 1908 et
899 1874 1006 1918 pueris
1023 1873 1217 1907 discentibus
1235 1873 1413 1906 doctrinam
1431 1872 1645 1911 christianam,
1663 1871 1705 1904 45
1722 1881 1762 1909 α;

309 1927 520 1962 extenduntur
544 1928 701 1962 universis
725 1927 985 1962 christifidelibus
1009 1926 1202 1969 ubicumque
1227 1926 1370 1958 locorum
1396 1923 1620 1965 existentibus,
1646 1922 1710 1956 195
1731 1923 1760 1955 b.

219 1980 404 2015 Catlierinae
429 1982 487 2025 (S.)
512 1982 752 2015 confraternitas
776 1981 912 2014 nationis
936 1979 1122 2014 Senensium
1148 1979 1180 2011 in
1205 1979 1306 2021 Urbe,
1330 1979 1401 2011 ride
1425 1977 1679 2011 Confraternitas.

219 2034 434 2078 Chiapppinus
459 2035 574 2076 Vitelli,
598 2036 800 2078 florentinus,
825 2044 906 2068 unus
931 2044 948 2068 e
972 2032 1181 2067 familiaribus
1205 2032 1374 2065 Clementis
1399 2031 1455 2064 PP.
1480 2031 1552 2072 Xll,
1576 2030 1620 2064 74
1643 2030 1671 2062 b.

220 2086 388 2131 Chirurgia
412 2098 480 2129 ars,
504 2088 575 2121 vide
599 2088 780 2121 Medicinae.

220 2139 453 2174 Cistercienses.
487 2160 531 2164 —
563 2141 786 2174 Monasterium
821 2142 851 2175 S.
888 2140 1002 2174 Mariae
1038 2138 1197 2183 Sagittarii
1232 2138 1354 2171 unitum
1390 2136 1571 2182 provinciae
1606 2136 1762 2176 Tusciae,

309 2193 374 2225 ⁹220
399 2194 436 2235 l>;
472 2194 634 2228 monachis
669 2194 764 2228 huius
789 2194 914 2228 Ordinis
945 2203 1010 2227 non
1045 2194 1118 2226 licet
1153 2192 1287 2225 transire
1323 2191 1361 2224 ad
1397 2191 1493 2224 alium
1529 2198 1761 2233 quemcumque

308 2246 459 2279 Ordinem
483 2251 609 2290 praeter
633 2246 894 2287 Carthusianum,
918 2245 983 2279 356
1007 2246 1040 2286 b;
1068 2245 1289 2289 superioribus
1317 2244 1442 2278 Ordinis
1466 2244 1559 2276 huius
1584 2243 1762 2285 Congrega-

308 2299 402 2333 tionis
427 2300 639 2343 Portugalliae
662 2300 734 2333 data
757 2300 888 2334 facultas
912 2298 1089 2343 applicandi
1122 2298 1257 2341 collegio
1288 2296 1503 2331 universitatis
1527 2294 1762 2329 Colimbriensis

308 2352 408 2396 spolia
432 2353 662 2387 monachorum
693 2364 752 2397 pro
777 2352 978 2387 dissolvendo
1013 2362 1086 2385 aere
1117 2352 1238 2392 alieno,
1262 2351 1326 2384 498
1351 2362 1371 2384 α
1395 2355 1426 2383 et
1449 2350 1486 2391 b,
1516 2348 1641 2382 Ordinis
1665 2347 1760 2381 liuius

309 2405 480 2448 capitulum
505 2406 653 2449 generale
677 2406 819 2439 habitum
837 2406 997 2441 Cabillone
1017 2416 1098 2439 anno
1124 2415 1323 2447 nnccxxxix,
1341 2405 1504 2447 editaeque
1529 2403 1560 2436 in
1586 2413 1622 2436 eo
1648 2402 1759 2436 consti-

310 2459 445 2493 tutiones
469 2460 717 2502 confirmantur,
744 2460 807 2493 542
833 2472 852 2495 a
879 2465 909 2494 et
933 2461 960 2494 b.

219 2511 360 2547 Clemens
383 2512 447 2546 XII.
471 2531 513 2537 -—
537 2513 684 2547 Restituit
707 2524 822 2557 parvos
846 2518 1019 2548 conventus
1043 2513 1207 2556 regulares
1233 2513 1263 2545 in
1285 2510 1468 2545 vastissimis
1487 2509 1650 2543 Ainericae
1669 2507 1754 2541 Meri-

309 2565 443 2601 dionalis
467 2567 652 2611 regionibus
675 2567 751 2602 olim
775 2578 793 2602 a
817 2568 913 2602 Paulo
940 2568 961 2601 V
986 2577 1191 2611 suppressos,
1216 2566 1236 2599 :J
1261 2576 1301 2606 ιι;
1332 2564 1478 2609 providet
1503 2568 1672 2607 promptae
1703 2561 1757 2595 ad-
