2232 3178
34 178 86 205 Αη.
102 175 130 202 C.
153 175 220 202 1740

65 238 115 259 cn.
132 237 183 258 Xlll.
201 263 205 266 ῃ

71 266 99 285 De
125 266 216 284 eremiti<

34 294 53 313 et
70 291 162 311 inclusis,

846 175 989 201 CLEMENS
1014 175 1062 199 xil
1086 175 1135 200 PP.

267 233 286 254 1.
311 223 452 260 Quoniam
478 228 573 264 patres
596 225 687 255 nostri
717 234 774 254 non
797 225 881 254 modo
904 234 967 254 coe—

227 273 384 303 nobiticam
408 274 509 309 vitam,
533 274 582 304 sed
606 275 693 304 etiam
716 274 897 304 eremiticam
921 282 969 302 co-

226 322 323 359 luere,
361 322 503 362 nobisque
539 323 704 360 tradidere,
727 323 810 361 ideo,
836 322 967 360 vestigiis

226 379 327 400 eorum
356 371 558 408 inhaerentes,
596 371 796 408 decernimus,
833 371 874 400 sas
905 380 967 399 esse

226 420 386 459 unicuique
410 421 551 450 monacho
575 421 720 459 professo,
746 424 810 459 post
831 424 966 449 exactum

226 472 323 497 tamen
345 477 359 497 a
392 468 571 507 professione
604 469 768 498 monastica
801 468 967 507 quinquen-

225 517 319 554 nium,
344 520 372 546 et
395 518 487 556 petita
510 517 591 556 prius
608 517 786 556 obtentaque
809 517 844 546 ab
863 516 966 546 abbate

225 564 355 603 licentia,
374 566 403 595 in
426 565 530 595 cellam
553 576 567 595 a
591 566 738 596 communi
761 566 887 595 aliorum
906 575 968 595 mo-

226 614 387 644 nachorum
401 615 548 644 consortio
560 620 712 652 semotam,
729 615 856 644 claustro
869 619 966 644 tamen

227 663 382 702 munitam,
407 664 542 693 secedere
565 664 598 693 ad
623 669 737 703 tempus
760 663 803 693 vel
820 663 848 693 in
867 673 969 703 perpe-

226 715 307 741 tuum
341 716 426 751 prout
459 712 515 751 ipsi
552 712 649 742 abbati
683 717 711 742 et
743 712 966 750 congregationi

225 760 433 790 monachorum
457 761 551 790 visum
575 761 680 799 fuerit,
704 760 753 790 ubi
787 761 914 791 orationi
939 765 967 791 et

225 808 427 847 spiritualibus
460 808 722 838 exercitationibus
756 813 847 839 vacet.
878 809 912 839 Et
943 809 967 838 si

226 858 311 887 firmo
343 866 466 896 corpore
496 857 599 895 suerit,
635 857 747 896 agellus
778 858 803 887 ei
828 858 967 888 colendus

226 905 369 943 tradatur,
393 906 437 935 vel
461 906 533 936 illud
556 915 695 935 manuum
727 916 800 945 opus
833 910 968 936 exerceat

225 954 301 993 quod
324 954 394 984 utile
419 954 503 984 fuerit
525 959 553 984 et
576 955 767 984 conveniens.
792 954 901 984 Probet
917 964 966 984 au-

226 1009 282 1034 tem
307 1004 395 1034 abbas
419 1004 556 1043 spiritum
581 1005 727 1041 monachi,
751 1010 906 1044 antequam
925 1005 967 1035 illi

225 1054 331 1084 dictam
363 1054 512 1084 licentiam
546 1054 706 1091 concedat,
739 1064 776 1084 ne
805 1054 874 1093 quid
906 1054 968 1085 dia-

225 1102 336 1132 bolicae
359 1103 469 1132 fraudis
495 1103 525 1132 in
555 1103 721 1133 huiusmodi
752 1112 869 1133 secessu
899 1103 966 1133 sub-

225 1156 319 1191 repat.

265 1209 295 1230 11.
319 1200 413 1231 Minus
436 1210 521 1240 quam
549 1201 605 1231 duo
632 1211 688 1231 non
719 1201 777 1231 sint
805 1201 881 1240 apud
907 1211 968 1231 mo-

225 1250 384 1280 nasterium
409 1250 565 1287 eremitae,
590 1250 668 1289 iique
698 1251 727 1280 in
751 1250 864 1280 duabus
886 1251 967 1280 cellis

226 1299 387 1338 separatis,
412 1309 506 1338 neque
527 1299 591 1338 plus
611 1308 696 1338 quam
714 1304 781 1334 tres,
799 1300 828 1329 in
847 1299 967 1329 totidem

225 1347 320 1378 cellis.
338 1347 417 1383 Quod
441 1348 464 1377 si
487 1348 696 1377 monasterium
720 1348 857 1388 frequens
874 1348 922 1386 sit,
941 1352 968 1378 ot

225 1397 371 1427 voluerint
394 1398 493 1436 plures
515 1406 601 1436 quam
633 1401 691 1427 tres
720 1398 854 1427 monachi
879 1398 966 1427 vitam

225 1446 405 1476 eremiticam
428 1446 537 1484 colere,
561 1450 631 1476 tunc
652 1446 713 1476 bini
742 1446 804 1476 bini
827 1447 967 1476 eremitae

226 1495 382 1535 separatim
406 1494 441 1524 ab
465 1495 529 1524 aliis
552 1495 581 1524 in
604 1497 658 1524 sua
673 1495 797 1534 quisque
815 1496 891 1525 cella
909 1506 967 1525 ma-

226 1542 349 1581 nebunt,
373 1547 400 1573 et
423 1543 496 1572 alter
519 1543 602 1572 alteri
626 1545 749 1573 eremita
787 1544 968 1574 ministrabit

225 1593 256 1622 in
280 1592 367 1622 rebus
389 1592 594 1631 spiritualibus
617 1597 644 1622 et
668 1593 890 1632 temporalibus,
922 1596 968 1623 ea—

226 1641 292 1671 dem
316 1641 434 1671 omnino
456 1642 581 1678 ratione,
597 1651 671 1680 quae
694 1652 708 1671 a
732 1642 834 1680 regula
856 1647 884 1672 et
900 1652 968 1672 con-

226 1689 428 1720 stitutionibus
462 1690 674 1729 praescribitur
703 1690 866 1721 coenobitis
899 1701 966 1730 erga

226 1739 332 1769 socios:
358 1739 456 1779 idque,
481 1739 505 1768 si
528 1739 613 1769 ambo
637 1740 681 1769 vel
705 1749 780 1770 unus
803 1749 903 1770 eorum
922 1750 967 1770 sa-

226 1788 330 1818 cerdos
362 1788 469 1824 suerit,
504 1797 571 1817 nam
605 1797 717 1817 sacram
758 1788 906 1827 liturgiam
940 1792 968 1818 et

226 1840 407 1867 sacramenta
430 1836 622 1866 consessionis
641 1840 669 1866 et
688 1837 904 1867 communionis
920 1847 968 1867 eo-

226 1885 290 1915 dem
324 1885 409 1915 modo
438 1885 467 1915 in
500 1886 627 1915 oratorio
659 1885 773 1925 privato
802 1885 969 1925 frequenta-

226 1934 298 1964 bunt
320 1943 376 1974 quo
398 1933 624 1974 frequentantur
653 1944 666 1964 a
690 1934 842 1964 monachis
870 1935 899 1964 in
922 1944 969 1965 ec-

226 1984 316 2014 clesia
344 1983 523 2013 monasterii.
555 1984 584 2014 Si
619 1993 686 2014 vero
718 1983 803 2014 ambo
835 1993 893 2014 non
926 1994 969 2014 sa-

226 2032 358 2063 cerdotes
380 2032 508 2071 fuerint,
533 2032 561 2062 id
584 2037 734 2072 praestare
757 2032 905 2064 debebunt
938 2033 967 2063 in

226 2081 349 2110 ecclesia
382 2081 575 2119 monasterii,
608 2082 642 2112 ad
675 2091 759 2121 qqam
794 2091 847 2121 pro
880 2082 969 2112 rebus

226 2129 429 2169 spiritualibus
451 2131 627 2160 convenient
657 2132 744 2160 certis
767 2131 848 2161 horis
870 2131 970 2161 certis-

227 2188 284 2218 que
307 2179 426 2216 diebus3
458 2183 519 2209 tum
549 2180 583 2209 ad
613 2180 702 2210 cellas
734 2189 801 2210 suas
833 2180 968 2210 abibunt.

228 2228 258 2257 ln
283 2229 354 2258 sesto
383 2232 480 2257 autem
503 2228 651 2258 Paschatis
683 2229 917 2259 Resurrectionis
942 2233 971 2259 et

226 2277 256 2306 in
285 2277 357 2307 sesto
389 2277 555 2306 Nativitatis
587 2277 700 2307 Domini
731 2277 838 2307 debent
870 2287 970 2307 omnes

226 2326 366 2356 eremitae
395 2330 453 2356 tam
486 2326 653 2356 sacerdotes
675 2335 761 2366 quam
795 2335 852 2356 non
876 2336 971 2356 sacer-

227 2375 308 2404 dotes
340 2375 375 2405 ad
410 2375 564 2405 ecclesiam
603 2375 773 2405 monasterii
806 2375 969 2414 accedere,

227 2423 326 2462 ibique
353 2423 485 2454 divinum
509 2424 637 2454 osticium
662 2433 727 2454 cum
751 2424 902 2455 monachis
924 2434 971 2454 ce-

228 2472 354 2511 lebrare,
379 2476 406 2502 et
429 2473 547 2502 missam
569 2473 666 2503 dicere
687 2473 732 2502 vel
753 2473 872 2503 audire:
898 2479 969 2512 tum,

227 2522 251 2552 si
274 2522 419 2553 voluerint
434 2546 441 2559 ,
465 2527 603 2562 poterunt
625 2523 654 2553 in
678 2524 825 2553 communi
849 2524 971 2554 resecto-

228 2572 271 2603 rio
293 2572 390 2602 cibum
414 2582 544 2611 sumere;
569 2573 698 2612 alioquin
716 2597 722 2612 ‚
748 2573 873 2613 peractis
895 2574 969 2604 ‹livi-

1653 164 1715 197 69¹1

1010 224 1055 253 nis
1084 223 1205 261 officiis,
1237 227 1265 253 ct
1294 223 1418 254 salut-ito
1440 223 1574 261 altare¹,
1605 222 1634 252 in
1665 222 1753 251 cellas

1011 282 1077 303 suas
1101 276 1232 312 pergent.

1050 331 1090 352 111.
1108 322 1193 352 Curet
1209 321 1297 351 abbas
1320 322 1488 351 monasterii
1503 330 1576 361 quae
1593 321 1668 350 circa
1688 321 1752 350 illos

1010 375 1137 409 aguntur
1167 375 1317 410 perspecta
1345 370 1474 407 habere,
1505 375 1532 400 et
1559 370 1693 408 invigilet
1716 378 1752 399 ne

1011 424 1162 458 praetextu
1186 419 1353 449 eremiticae
1376 419 1450 448 vitae
1473 419 1530 449 otio
1553 428 1582 448 se
1605 419 1685 455 dent,
1705 423 1755 447 aut

1010 468 1089 497 aliud
1114 468 1240 506 faciant,
1265 477 1350 507 quam
1375 468 1451 506 quod
1476 467 1642 497 huiusmodi
1669 467 1754 496 insti-

1012 520 1105 546 tutum
1125 516 1260 556 postulat.
1279 516 1414 554 Assiguet
1438 520 1586 555 praeterea
1611 524 1700 544 uuum
1718 524 1754 543 ex

1011 566 1201 602 monasterio,
1219 567 1267 604 qui
1291 565 1471 604 temporibus
1487 565 1548 595 suis
1566 565 1684 602 victum,
1703 574 1752 603 po-

1010 618 1083 649 tum,
1108 614 1244 643 vestitum
1261 618 1288 643 et
1304 613 1400 643 onmia
1424 612 1590 643 necessaria
1614 612 1751 650 inclusis,

1010 662 1071 692 sive
1094 662 1225 692 eremitis
1248 662 1460 692 subministret.

1051 720 1088 740 iv.
1114 710 1209 740 Semel
1232 711 1261 740 iu
1285 720 1361 740 anno
1390 720 1442 750 per
1475 710 1575 740 decem
1609 714 1658 740 aut
1690 714 1753 739 octo

1011 760 1073 790 dies
1097 764 1234 790 tenentur
1256 759 1390 789 monachi
1413 769 1514 789 omnes
1534 759 1562 789 in
1579 759 1668 789 cellas
1687 768 1754 789 suas

1010 820 1024 839 a
1053 809 1202 839 communi
1236 809 1358 838 aliorum
1383 808 1530 838 consortio
1560 808 1695 838 secedere
1726 810 1754 837 et

1010 858 1212 898 spiritualibus
1235 857 1496 888 exercitationibus
1519 867 1637 887 vacare:
1667 857 1755 896 idque

988 927 990 937 ι
1011 908 1071 936 sive
1091 912 1157 937 ante
1181 907 1366 936 Nativitatem
1390 906 1515 943 Domini,
1540 907 1601 936 sive
1623 910 1689 935 ante
1705 906 1756 935 do-

1011 956 1147 986 minicam
1173 956 1350 985 palmarum.
1375 955 1529 985 Provideat
1551 959 1647 985 autem
1665 954 1755 984 abbas

1011 1010 1042 1035 ut
1064 998 1206 1035 secessus⁴
1228 1004 1395 1035 huiusmodi
1427 1005 1502 1034 inter
1525 1003 1683 1033 monachos
1713 1003 1756 1032 sic

1011 1054 1217 1091 distribuatur,
1236 1057 1266 1082 ut
1291 1053 1404 1082 nullum
1430 1053 1504 1082 vitae
1527 1051 1676 1082 communi
1707 1056 1757 1080 aut

1011 1102 1186 1132 necessariis
1211 1101 1380 1131 monasterii
1403 1101 1576 1131 ministeriis
1594 1100 1756 1130 detrimen-

1012 1156 1073 1181 tum
1092 1151 1245 1181 inseratur.

1050 1210 1069 1230 1.
1103 1199 1272 1229 Monialium
1309 1207 1409 1228 curam
1445 1198 1522 1228 Ordo
1558 1202 1656 1228 noster
1696 1207 1754 1227 non
1800 1214 1920 1235 (Ast-xlv,

1768 1241 1796 1262 Do
1812 1242 1951 1263 monialibus.

1010 1249 1164 1288 suscipiat.
1189 1248 1245 1278 nisi
1274 1247 1308 1277 de
1335 1256 1479 1277 consensu
1513 1245 1754 1276 reverendissimi

1010 1298 1120 1328 domini
1154 1296 1339 1337 patriarchae
1372 1300 1400 1326 et
1423 1296 1553 1335 episcopi
1587 1295 1753 1325 dioecesani

1009 1349 1040 1378 in
1064 1347 1183 1387 scriptis
1207 1345 1353 1383 habendo,
1378 1354 1470 1385 eoque
1493 1344 1602 1381 habito,
1621 1345 1754 1384 regimen

1011 1406 1110 1427 earum
1147 1396 1182 1425 ad
1219 1395 1353 1425 abbatem
1385 1395 1551 1433 generalem
1584 1394 1753 1424 immediate

1011 1445 1182 1485 pertinebit,
1198 1444 1247 1484 qui
1264 1444 1379 1474 illarum
1397 1448 1462 1483 post
1478 1443 1755 1474 reverendissimum

1011 1495 1162 1525 dominum
1181 1493 1377 1533 patriarcham
1394 1496 1422 1522 et
1437 1493 1606 1533 episcopum
1623 1493 1758 1522 visitator

1011 1543 1177 1573 ordinarius
1209 1542 1265 1572 erit
1298 1546 1326 1572 et
1359 1541 1539 1580 gubernator
1568 1546 1595 1571 et
1618 1541 1757 1578 director,

1011 1596 1039 1622 et
1063 1591 1097 1621 ad
1121 1599 1189 1621 eum
1212 1589 1357 1629 spectabit
1379 1590 1421 1619 eis
1445 1590 1599 1629 providere
1618 1589 1652 1619 de
1670 1589 1758 1629 patri-

1011 1640 1066 1670 bus
1089 1639 1293 1679 spiritualibus
1315 1648 1368 1667 seu
1391 1639 1590 1676 confessariis,
1621 1643 1677 1668 tam
1712 1648 1757 1668 or-

1011 1689 1136 1719 dinariis
1152 1697 1239 1728 quam
1258 1687 1519 1725 extraordinariis,
1539 1692 1567 1718 et
1589 1688 1652 1726 ipse
1668 1687 1757 1717 etiam

1012 1739 1120 1778 poterit
1153 1747 1254 1768 earum
1288 1737 1487 1767 consessiones
1520 1746 1572 1776 per
1601 1746 1632 1766 se
1660 1737 1756 1776 ipsum

1011 1787 1124 1825 audire,
1148 1787 1171 1817 si
1195 1787 1342 1825 voluerit,
1367 1791 1396 1816 et
1419 1786 1598 1816 visitatorem
1631 1785 1756 1825 aliquem

1011 1848 1044 1868 ex
1073 1837 1224 1867 monachis
1246 1840 1362 1867 nostrae
1385 1835 1625 1875 Congregationis
1651 1834 1759 1865 substi-

1013 1892 1107 1925 tuere,
1131 1886 1154 1916 si
1178 1886 1335 1926 impeditus
1358 1886 1458 1916 suerit.

1052 1945 1082 1966 ιι.
1100 1935 1128 1966 Si
1146 1936 1229 1975 plura
1247 1935 1355 1965 suerint
1375 1934 1545 1964 monialium
1566 1933 1755 1970 monasteria,

1012 1985 1124 2015 nullam
1141 1984 1176 2014 ab
1200 1985 1324 2015 invicem
1347 1984 1573 2023 dependentium
1596 1983 1756 2020 habebunt,

1013 2043 1067 2064 nec
1092 2034 1179 2064 unius
1205 2033 1350 2063 abbatissa
1373 2033 1458 2063 alteri
1482 2042 1616 2072 praeesse
1639 2032 1756 2072 poterit,

1014 2083 1063 2113 sed
1097 2083 1327 2122 unumquodque
1359 2092 1373 2112 a
1407 2084 1459 2112 sua
1488 2082 1636 2112 abbatissa
1668 2081 1759 2111 admi-

1014 2132 1203 2171 nistrabitur,
1227 2136 1255 2162 et
1278 2131 1415 2162 omnibus
1445 2131 1600 2162 abbatissis
1632 2131 1758 2170 praeerit

1014 2181 1105 2211 abbas
1128 2181 1284 2219 generalis,
1309 2185 1340 2211 ut
1361 2180 1447 2211 modo
1469 2181 1578 2211 dictum
1602 2184 1657 2210 est.
1676 2179 1757 2209 Pote-

1013 2235 1083 2261 runt
1103 2235 1199 2261 tamen
1224 2230 1365 2260 moniales
1388 2240 1423 2260 ex
1447 2240 1505 2260 uno
1528 2229 1706 2259 monasterio
1729 2229 1757 2257 in

1014 2279 1092 2309 aliud
1118 2279 1154 2310 ob
1178 2284 1331 2318 urgentem
1355 2280 1558 2310 necessitatem
1583 2276 1755 2310 transferri,

1014 2328 1102 2359 modo
1123 2329 1198 2359 adsit
1221 2338 1381 2359 consensus
1411 2328 1536 2358 duarum
1566 2327 1667 2356 saltem
1692 2334 1757 2365 par-

1014 2379 1086 2408 tium
1120 2378 1308 2415 monialium,
1345 2377 1379 2407 ad
1414 2387 1487 2417 quas
1520 2376 1706 2414 transfertur,
1731 2378 1759 2405 ct

1015 2427 1145 2467 episcopi
1169 2427 1247 2457 illius
1265 2427 1333 2457 loci.

1054 2485 1095 2506 ιιι.
1125 2476 1209 2506 Nulla
1245 2476 1324 2513 virgo
1357 2485 1372 2504 a
1406 2474 1578 2514 parentibus
1611 2477 1659 2503 aut
1692 2472 1756 2502 aliis

1053 2579 1060 2605 1
1086 2576 1205 2612 Legend.
1228 2575 1327 2610 altari,
1349 2575 1376 2602 ni
1398 2575 1486 2611 potius
1506 2575 1607 2603 abbate
1629 2576 1666 2611 (n.
1682 2577 1729 2609 T.)r

1768 174 1817 200 Αη.
1834 173 1860 199 C¹
1884 173 1950 201 1740
