2232 3178
258 208 307 235 An.
325 207 354 234 c,
380 207 446 235 1738
491 197 556 232 358

272 374 309 397 Oui
322 374 350 393 :ir
362 373 440 398 ubique

258 402 364 426 prarcipit
398 406 419 419 s·-

259 433 309 448 vasl-

267 1164 438 1189 Qutbnccumque

257 1197 297 1210 nun
337 1191 439 1210 obsianu-

257 1218 305 1237 bus.

297 2222 412 2248 Transump

260 2248 312 2270 fidon
327 2249 406 2271 danda.

1035 205 1219 231 BULLARIUM
1244 205 1401 231 ROMANUM

450 259 577 299 poena,
605 256 793 289 auctoritate
820 262 850 289 et
876 262 988 289 tenore
1013 254 1189 299 praedictis
1233 256 1346 288 eadem
1386 266 1520 298 prorsus
1551 255 1631 289 fides
1666 255 1788 298 ubique
1820 255 1967 287 locorum

452 309 673 341 interdiciu‘ius
699 314 729 341 et
754 308 956 351 proibemus.

496 361 510 404 ἓ
539 361 568 394 3.
595 362 823 400 Decerncntes
846 361 976 394 easdem
999 365 1189 404 praesentes

423 406 575 447 “litteras
595 424 724 457 semper
749 414 868 454 firmas,
887 414 1008 446 validas
1033 419 1064 447 et
1088 414 1190 446 effica-

451 477 503 500 ces
529 467 668 500 existere
694 472 726 499 et
751 467 827 507 sore,
855 477 999 510 suosque
1025 466 1188 510 plenarios

452 525 484 552 et
509 520 651 563 integros
679 519 812 553 effectus
837 520 946 554 sortiri
973 526 1004 553 et
1029 521 1188 557 obtinere,

451 582 486 604 ac
511 573 549 604 ab
566 573 717 605 omnibus
738 579 769 606 et
786 573 934 615 singulis,
952 573 989 606 ad
1015 582 1096 615 quos
1118 583 1191 615 spe-

451 631 515 657 ctat
540 630 572 658 et
587 636 646 668 pro
667 631 816 669 tempore
834 626 1104 668 quandocumque
1118 635 1191 668 spe-

451 679 562 718 ctabit,
589 678 819 712 inviolabiliter
833 679 1010 719 observari,
1029 679 1140 721 sicque
1158 678 1189 711 in

449 731 641 773 praemissis
670 743 729 775 per
755 742 978 776 quoscumque
1000 732 1123 765 iudices
1145 742 1191 764 or-

451 783 593 816 dinarios
622 789 652 817 et
684 785 871 827 delegatos,
899 785 995 818 etiam
1020 795 1190 817 causarum

448 836 558 878 palatii
592 837 765 879 apostolici
787 838 965 877 auditores,
992 847 1027 869 ac
1052 837 1084 870 S.
1106 837 1189 869 RE.

449 888 641 930 cardinales,
668 890 763 922 etiam
789 891 827 923 de
854 891 951 923 latere
978 891 1116 932 legium,
1144 890 1191 921 iu-

450 941 550 975 dicari
577 947 607 975 et
633 942 760 975 deliniri
788 943 920 982 debere,
947 953 983 975 ac
1007 943 1133 974 irritum
1160 947 1191 974 et

449 995 546 1028 inane
576 996 602 1028 si
631 1006 724 1029 secus
758 1006 857 1039 super
883 996 934 1028 his
966 1007 983 1028 a
1007 1007 1190 1039 quoquam,

450 1048 561 1091 quavis
588 1049 778 1082 auctoritate
790 1076 797 1090 ,
816 1049 959 1082 scienter
976 1050 1023 1082 vel
1039 1049 1191 1092 ignoran-

451 1107 515 1142 ter,
542 1103 718 1145 contigerit
741 1103 906 1136 attentari.

494 1155 508 1197 ἓ
533 1154 564 1188 4.
591 1154 661 1188 Non
689 1155 895 1188 obstantibus
920 1155 1118 1199 praemissis,
1155 1166 1190 1188 ac

450 1209 736 1242 constitutionibus
764 1214 795 1242 ct
830 1209 1090 1242 ordinationibus
1120 1220 1192 1252 apo-

451 1261 586 1303 stolicis,
614 1272 743 1294 necnon
769 1262 919 1295 omnibus
946 1267 977 1295 et
1002 1262 1138 1304 singulis
1159 1262 1192 1294 il-

451 1315 511 1355 lis,
539 1326 619 1359 quae
646 1315 729 1348 idem
769 1316 933 1358 Eugenius
960 1317 1191 1359 praedecessor

451 1368 483 1401 in
509 1369 574 1401 suis
600 1368 716 1402 litteris
743 1369 893 1412 praefatis
918 1369 1021 1402 voluit
1045 1379 1110 1401 non
1138 1369 1190 1402 ob-

452 1428 546 1462 stare,
573 1432 616 1460 ac,
637 1428 796 1465 quatenus
816 1433 897 1465 opus
916 1423 969 1461 sit,
989 1423 1092 1455 dictae
1110 1422 1190 1455 Con-

451 1475 659 1517 gregationis,
689 1475 785 1508 etiam
804 1475 994 1515 iuramento,
1021 1475 1191 1508 confirma-

452 1527 539 1560 tione
557 1527 734 1570 apostolica
754 1529 803 1560 vel
821 1529 932 1571 quavis
951 1528 1102 1561 firmitate
1128 1528 1190 1560 alia

451 1579 628 1619 roboratis,
659 1581 788 1612 statutis
813 1587 846 1613 et
881 1581 1187 1620 consuetudinibus,

451 1632 614 1676 pixilegiis
639 1643 782 1676 quoque,
809 1633 944 1666 indultis
970 1637 1001 1667 et
1018 1634 1133 1667 litteris
1160 1646 1190 1667 a-

452 1685 622 1729 postolicis
645 1685 677 1718 in
702 1687 902 1719 contrarium
934 1687 1190 1730 praemissorum

451 1738 698 1782 quomodolibet
731 1740 911 1778 concessis,
936 1739 1134 1772 confirmatis
1160 1745 1191 1772 et

451 1793 632 1833 innovatis,
659 1793 778 1837 quibus
804 1794 954 1827 omnibus
985 1799 1017 1827 et
1040 1794 1187 1836 singulis,

451 1846 581 1879 illorum
608 1851 735 1880 tenores
756 1847 983 1890 praesentibus
1008 1858 1066 1891 pro
1092 1849 1189 1890 plene

452 1899 691 1932 etsufficienter
708 1899 867 1942 expressis
886 1900 1055 1933 etinsertis
1073 1901 1190 1933 haben-

452 1957 522 1993 tes,
551 1952 614 1985 illis
640 1952 717 1986 alias
744 1953 777 1985 in
802 1963 862 1986 suo
895 1953 1016 1986 robore
1044 1964 1191 1997 perinan-

453 2006 544 2046 suris‚
560 2006 599 2039 ad
611 2006 857 2049 praemissorum
874 2006 1031 2048 effectum,
1047 2007 1107 2040 hac
1124 2008 1190 2040 vice

453 2059 633 2101 dumtaxat,
659 2059 845 2102 specialiter
868 2065 900 2093 et
925 2070 1076 2103 expresse
1102 2061 1191 2094 dero-

453 2122 598 2155 gamus,
637 2113 818 2156 ceterisque
855 2113 1026 2146 contrariis
1063 2114 1191 2157 quibus-

452 2176 602 2210 eumque.

417 2222 442 2243 ¹1⁵
492 2220 507 2262 ἓ
524 2218 555 2252 5.
569 2219 718 2253 Volumus
732 2224 839 2253 autem
856 2226 889 2253 ut
904 2221 1091 2254 earumdem
1102 2231 1193 2264 prae-

453 2272 594 2305 sentium
625 2272 805 2305 litterarum
839 2273 1061 2316 transumptis,
1095 2273 1192 2306 etiam

454 2324 638 2368 impressis,
655 2336 752 2359 manu
773 2326 908 2359 alicuius
928 2327 1045 2359 notarii
1068 2328 1190 2370 publici

454 2379 504 2411 vel
530 2378 652 2411 abbatis
678 2379 838 2421 generalis
874 2379 975 2412 dictae
1010 2379 1192 2423 Congrega-

456 2431 552 2465 tionis
588 2431 801 2475 subscriptis,
835 2437 867 2466 et
892 2432 1000 2475 sigillo
1032 2443 1192 2476 personae

454 2483 487 2515 in
513 2483 731 2516 ecclesiastica
749 2483 905 2526 dignitate
926 2483 1119 2517 constitutae
1140 2491 1194 2518 aut

454 2535 630 2579 supradicti
676 2536 801 2569 abbatis
841 2537 889 2570 vel
930 2537 1193 2580 Congregationis

455 2589 637 2632 praedictae
663 2589 828 2622 secretarii
854 2590 1012 2633 generalis
1036 2591 1170 2625 munitis
1185 2618 1193 2634 ,

1235 314 1295 340 tam
1322 309 1353 341 in
1388 308 1507 341 iudicio
1542 319 1635 351 quam
1669 313 1757 341 extra
1793 307 1967 346 habeatur,

1233 372 1314 404 quae
1348 362 1426 405 ipsis
1467 362 1693 405 praesentibus
1733 361 1914 394 haberetur
1941 360 1968 393 si

1234 416 1339 448 forent
1364 415 1526 448 exhibitae
1550 416 1601 448 vel
1621 420 1783 448 ostensae.

1276 467 1390 500 Datum
1413 467 1553 506 Romae,
1571 467 1657 510 apud
1679 466 1708 500 S.
1727 466 1857 499 Mariam
1874 466 1972 499 Maio-

1233 530 1320 559 rem,
1349 520 1408 553 sub
1434 521 1554 553 annulo
1581 519 1774 560 Piscatoris‚
1802 519 1854 552 die
1887 528 1972 552 xxvii

1234 574 1338 606 martii
1363 583 1591 614 unccxxxvin,
1617 572 1827 617 pontificatus
1865 571 1971 605 nostri

1235 637 1320 660 anno
1340 636 1411 661 viu.

1270 687 1330 715 Dat.
1354 688 1400 715 die
1420 687 1453 714 27
1475 687 1564 714 martii
1589 687 1666 722 1738,
1687 687 1792 722 pontif.
1813 694 1886 714 anno
1905 692 1961 714 vtu-

1535 830 1670 864 CCXXV.

1234 909 1404 941 Decretum
1428 913 1462 942 uc
1488 919 1586 941 novae
1606 908 1709 948 aedes,
1726 907 1769 940 ad
1786 910 1975 940 conventum

1278 962 1317 994 B.
1346 961 1390 994 M.
1418 961 1452 994 V.
1481 961 1517 994 cle
1541 961 1623 994 Nive
1647 961 1685 994 (le
1708 959 1884 994 Palazzola
1917 958 1976 993 Or-

1278 1015 1365 1047 dinis
1377 1015 1522 1057 fratrum
1535 1014 1570 1046 M
1572 1015 1701 1046 [norum
1713 1013 1750 1046 de
1765 1012 1977 1047 observantia

1278 1071 1485 1107 constructae,
1507 1067 1597 1099 nulli
1621 1067 1688 1099 alio
1713 1066 1789 1099 usui
1813 1065 1977 1109 applicari

1275 1121 1401 1164 possint
1426 1121 1493 1153 uisi
1517 1120 1558 1153 act
1589 1120 1768 1163 hospitium
1800 1119 1975 1163 benefacto-

1277 1183 1352 1206 rum
1377 1173 1519 1206 eiusdem
1544 1172 1693 1206 Ordinis.

1446 1254 1581 1281 Clemens
1603 1254 1682 1287 Papa
1697 1254 1760 1287 xn,

1375 1298 1411 1325 ad
1431 1298 1567 1325 futuram
1586 1298 1631 1325 rei
1650 1297 1833 1325 memoriam.

1279 1369 1292 1412 ᾗ
1321 1368 1352 1401 i.
1380 1368 1503 1412 Exponi
1530 1368 1624 1401 nobis
1651 1379 1757 1411 nuper
1791 1367 1866 1401 fecit
1900 1367 1976 1401 dile-

1233 1427 1302 1454 ctus
1330 1421 1412 1455 silius
1437 1422 1592 1464 Iosephus
1621 1421 1720 1453 Maria
1754 1420 1898 1454 Fonseca
1935 1421 1974 1453 ab

1232 1475 1352 1515 Ebora,
1379 1474 1582 1516 exgeneralis
1606 1473 1735 1507 Ordinis
1761 1474 1894 1506 fratrum
1920 1473 1975 1506 Mi-

1232 1538 1349 1560 norum
1374 1527 1406 1560 S.
1432 1526 1593 1559 Francisci
1613 1527 1651 1559 de
1669 1526 1881 1559 Observantia
1898 1536 1976 1558 nun-

1233 1586 1432 1624 cupatorum,
1455 1580 1553 1623 quod,
1573 1590 1645 1612 cum
1672 1580 1742 1623 ipse
1769 1591 1805 1613 ex
1828 1579 1975 1623 pecuniis

1232 1645 1291 1677 per
1321 1644 1395 1666 suos
1427 1633 1602 1675 religiosos
1635 1633 1813 1666 industrios
1845 1634 1974 1666 labores

1234 1698 1271 1719 ac
1297 1697 1355 1729 per
1380 1687 1600 1729 eleemosynas
1625 1696 1642 1718 a
1667 1685 1795 1728 piorum
1820 1684 1976 1718 christifi-

1234 1740 1354 1773 delium
1373 1739 1567 1782 elargitione
1586 1739 1647 1772 sibi
1668 1739 1850 1782 impertitas
1861 1737 1880 1780 ⁴,
1900 1738 1976 1772 insi-

1233 1793 1297 1826 mul
1316 1792 1355 1825 ad
1373 1803 1531 1825 summum
1550 1792 1616 1825 sere
1643 1792 1811 1835 octoginta
1836 1791 1974 1824 millium

1233 1851 1398 1879 scutorum
1424 1851 1576 1879 monetae
1612 1856 1766 1879 romanae
1799 1845 1976 1878 ascenden-

1235 1900 1318 1932 tibus
1334 1926 1341 1939 ,
1366 1905 1558 1932 conventum
1584 1899 1619 1932 B.
1646 1899 1761 1932 Mariae
1780 1899 1918 1942 Virginis
1936 1898 1975 1931 de

1233 1953 1308 1986 Nive
1335 1953 1374 1986 de
1400 1953 1566 1986 Palazzola
1591 1958 1814 1996 nuncupatum
1849 1951 1977 1995 provin-

1233 2007 1301 2040 ciae
1328 2006 1494 2039 Romanae
1532 2006 1679 2039 eiusdem
1716 2005 1845 2038 Ordinis
1881 2005 1976 2048 paulo

1234 2050 1309 2093 ante
1334 2059 1438 2099 refici,
1465 2059 1497 2091 in
1523 2069 1639 2102 eoque,
1657 2059 1742 2091 intra
1767 2060 1926 2098 claustra,
1945 2062 1977 2092 et

1234 2114 1266 2146 in
1304 2113 1389 2146 illius
1426 2113 1531 2156 planis
1568 2112 1800 2152 inferioribus,
1827 2116 1859 2144 et
1890 2117 1977 2145 extra

1234 2167 1336 2207 illud,
1362 2168 1535 2199 nonnullas
1572 2166 1669 2199 aedes
1696 2175 1753 2198 seu
1790 2165 1977 2198 mansiones

1234 2219 1379 2252 construi
1401 2219 1572 2259 curaverit,
1594 2219 1712 2262 quibus
1731 2219 1800 2262 ipse
1820 2218 1977 2262 Iosephus

1234 2273 1331 2305 Maria
1358 2273 1396 2305 de
1422 2272 1586 2316 praesenti
1613 2273 1650 2305 ad
1670 2272 1716 2304 sui
1737 2282 1830 2304 usum
1850 2278 1881 2305 et
1894 2282 1976 2305 com·

1235 2326 1423 2359 moditatem
1449 2326 1592 2368 potitur,
1630 2330 1665 2358 ut
1696 2330 1803 2357 autem
1840 2325 1978 2358 ecelesia

1235 2379 1370 2422 praefati
1397 2384 1591 2418 conventus,
1618 2384 1649 2412 et
1673 2378 1871 2422 praemissa,
1893 2388 1976 2422 quae

1235 2432 1432 2466 absolvenda
1457 2437 1550 2472 sunt,
1576 2431 1614 2464 ad
1641 2432 1877 2475 perfectionem
1902 2442 1978 2475 per-

1236 2486 1355 2519 ducere
1379 2486 1496 2525 valeat,
1523 2496 1616 2518 usum
1643 2491 1675 2518 et
1699 2485 1906 2518 commodum
1931 2485 1978 2518 di-

1236 2543 1358 2572 ctarum
1384 2538 1511 2571 aedium
1537 2548 1594 2571 seu
1624 2538 1829 2572 mansionum
1856 2538 1896 2571 ad
1926 2538 1975 2571 sui

1273 2603 1282 2627 l
1307 2600 1417 2628 Videtur
1436 2600 1532 2628 deesse
1551 2600 1675 2629 collectis
1694 2600 1733 2636 (n.
1754 2600 1805 2635 Τ.).

2033 1380 2114 1402 Causae
2127 1380 2163 1402 hu·

1986 1408 2044 1429 lusce
2073 1407 2164 1428 ductam

1987 1435 2063 1459 tionis,
2086 1433 2166 1456 scilieet

1985 1466 2040 1482 nova
2073 1462 2164 1482 constru-

1986 1488 2028 1508 ctio
2052 1488 2165 1508 conventu·

1986 1516 2007 1534 et.
2019 1513 2163 1536 nonnullarum

1985 1540 2070 1561 aed1urn
2091 1541 2112 1561 oi
2127 1545 2164 1562 aa·

1985 1572 2092 1588 noxarum.
