2232 3178
890 138 986 163 nvom
1012 138 1116 164 aenum
1661 130 1725 164 679

230 191 368 235 Collegia
389 210 431 215 —
456 190 631 235 Collegium
657 192 805 235 Lonqone
829 196 1056 235 nuncupatum,
1081 192 1245 226 Mediolani
1271 197 1428 235 erectum,
1452 192 1524 225 vide
1548 192 1707 235 Longone.

229 264 272 270 ——
297 244 470 288 Collegium
499 244 678 278 Sinensium
711 249 742 277 et
777 244 926 277 Indorum
952 245 1083 288 Neapoli
1107 250 1268 285 erectum,
1293 245 1356 278 1⁶23
1380 256 1400 277 α
1423 250 1454 278 et
1477 255 1559 289 seq.;
1584 245 1714 287 regulae
1738 249 1769 277 et

317 297 556 331 constitutiones
580 308 597 330 a
621 297 786 330 fundatore
811 296 974 336 conditae,
1000 297 1065 330 1024
1088 308 1108 330 ct
1136 302 1166 330 et
1188 309 1267 341 seq.;
1295 298 1383 341 prius
1407 309 1424 331 a
1449 297 1702 341 Congregatione
1727 297 1767 330 de

316 350 524 394 Propaganda
547 350 634 391 Fide,
650 350 851 394 postmodum
877 359 894 382 a
918 349 1076 382 Clemente
1093 350 1147 383 XII
1165 351 1382 391 confirmatae,
1400 350 1464 384 1180
1484 351 1516 391 b;
1542 351 1610 384 eius
1630 350 1766 383 alumnis

317 403 619 446 congregationique
643 403 675 435 in
698 403 759 435 hoc
785 402 918 445 collegio
943 407 1067 435 erectae
1091 402 1365 436 communicantur
1391 403 1567 446 privilegia,
1592 412 1768 446 praeroga-

318 456 406 497 tivae,
431 456 644 498 indulgentiae
668 460 698 488 et
722 455 939 498 exemptiones
964 455 1271 497 Congregationibus
1295 455 1431 489 Oratorii
1462 456 1493 489 S.
1521 455 1659 499 Philippi
1683 455 1768 489 Nerii

315 515 346 542 et
366 509 494 542 Piorum
520 509 746 552 Operariorum
772 518 951 547 concessae,
968 518 1003 540 ac
1023 518 1133 540 omnes
1157 513 1187 541 et
1212 508 1354 551 singulae
1379 508 1592 551 indulgentiae
1617 508 1769 541 ecclesiae

315 562 344 595 S.
361 561 477 594 Mariae
494 561 532 593 ad
550 561 700 605 Martyres
725 561 763 594 de
784 561 877 600 Urbe,
894 560 957 593 347
983 560 999 592 b
1024 564 1054 592 et
1076 571 1147 603 seq.;
1167 561 1241 594 item
1260 562 1408 605 praefatis
1426 562 1560 594 alumnis
1585 561 1769 594 conceditur

314 613 471 646 indultum
493 614 568 647 alias
593 613 631 646 ab
656 613 782 647 Urbano
800 613 864 646 VIII
882 612 1019 645 alumnis
1037 613 1162 655 collegii
1179 613 1216 646 de
1234 614 1440 657 Propaganda
1458 614 1533 646 Fide
1549 614 1655 646 datum
1673 624 1768 657 super

313 667 409 700 sacris
434 666 600 699 ordinibus
630 666 858 709 suscipiendis,
882 665 947 698 349
973 666 990 697 b
1016 670 1046 698 et
1069 676 1146 709 seq.;

224 719 434 753 Commendae
450 729 504 752 seu
522 719 759 762 praeceptoriae
784 718 948 762 hospitalis
968 719 998 752 S.
1016 718 1140 751 Ioannis
1161 718 1458 764 Hierosolymitani‚
1475 719 1635 763 quomodo
1660 730 1767 753 earum

314 772 454 806 smutitio
480 772 642 812 facienda,
666 772 736 805 vide
762 771 890 815 Equites
916 772 947 804 S.
974 771 1101 804 Ioannis
1126 771 1413 815 Ilierosolymitani.

225 824 400 859 Concordia
424 825 502 857 inita
525 824 608 857 inter
633 823 911 867 archiepiscopum
938 823 1167 857 Messanensem
1193 830 1225 857 et
1248 825 1531 858 archimandritam
1563 825 1767 859 commenda-

312 877 428 910 tarium
445 877 495 911 SS.
513 877 687 910 Salvatori's
712 877 750 909 de
767 876 889 919 Lingua
907 875 1012 918 Phari,
1032 876 1157 909 Ordinis
1182 878 1211 911 S.
1229 877 1344 918 Basilii,
1361 887 1458 921 super
1483 877 1615 910 diversis
1640 878 1767 921 punctis

310 930 615 964 iurisdictionalibus
640 930 787 970 refertur,
813 929 878 962 112
903 939 924 962 a
948 933 979 962 et
1003 940 1084 973 seq.;
1108 935 1139 962 et
1163 930 1382 971 confirmatur,
1409 930 1472 963 1020
1497 941 1518 963 a
1541 935 1572 963 et
1597 931 1624 963 b.

226 984 415 1018 Confessarii
440 995 480 1018 ne
505 984 670 1017 absolvere
687 984 809 1027 possint
830 982 992 1015 ministros
1013 982 1044 1015 S.
1063 982 1163 1016 Officii
1182 983 1401 1027 Inquisitionis
1421 983 1597 1016 revelantes
1618 987 1648 1016 et
1666 983 1770 1026 publi-

311 1041 417 1071 cantes
452 1037 536 1070 illius
571 1040 656 1077 aeta,
683 1041 816 1069 tractata
848 1040 878 1068 ct
911 1039 999 1079 gesta
1030 1035 1063 1068 in
1093 1036 1200 1078 regnis
1232 1036 1444 1079 Portugalliac
1477 1042 1507 1070 et
1537 1036 1765 1079 Algarhiorum

311 1088 377 1123 360
402 1100 421 1123 α
447 1095 478 1123 et
503 1100 566 1133 seq.

223 1142 428 1177 Confirmatio
452 1142 634 1186 apostolica.
659 1161 702 1166 —
727 1141 931 1176 Confirmatio
957 1142 1215 1176 constitutionum
1241 1143 1488 1186 apostolicarum
1505 1169 1513 1184 ,
1537 1143 1608 1176 vide
1638 1143 1765 1177 Consti-

313 1196 449 1230 tutiones
480 1195 674 1240 apostolicae
705 1196 936 1235 confirmatae;
970 1214 1012 1220 —
1036 1195 1238 1229 decretorum
1264 1205 1426 1229 sacrarum
1452 1195 1741 1239 Congregationum
1757 1224 1765 1237 ,

308 1249 379 1282 vide
402 1249 534 1282 Decreta
555 1247 857 1291 Congregationum.

221 1301 479 1336 Confraternitas.
503 1320 544 1325 —
561 1301 590 1335 S.
608 1301 794 1335 Catharinae
822 1299 958 1333 nationis
983 1299 1168 1334 Senensium
1189 1301 1429 1335 confraternitas
1445 1301 1483 1334 de
1502 1302 1584 1335 Urbe
1608 1302 1639 1335 in
1656 1302 1763 1335 archi-

309 1354 600 1388 consraternitatem
625 1358 746 1395 erecta,
773 1352 836 1386 198
862 1364 882 1385 α
906 1357 936 1385 et
959 1363 1037 1397 scq.;
1062 1353 1193 1387 facultas
1217 1354 1284 1388 eius
1307 1355 1493 1388 officialibus
1518 1355 1588 1388 data
1613 1355 1690 1389 alias
1710 1366 1765 1399 ag-

310 1407 462 1450 gregandi
487 1406 775 1446 confraternitates,
800 1406 877 1439 ibid.

221 1461 500 1494 Confraternitates
516 1460 742 1493 Tertiariorum
761 1460 880 1502 ubique
907 1459 1067 1502 erigendi,
1092 1461 1222 1494 facultas
1247 1461 1430 1495 conceditur
1452 1462 1596 1495 ministro
1621 1462 1761 1505 generali

310 1513 435 1547 Ordinis
459 1514 558 1547 sancti
586 1513 746 1547 Francisci
772 1512 1027 1556 Capuccinorum
1054 1512 1090 1546 6¹1
1120 1525 1140 1546 a
1165 1519 1194 1546 et
1218 1524 1278 1558 seq.

220 1567 433 1610 Congregatio
457 1567 665 1606 Cassinensis,
689 1567 761 1599 vide
784 1565 993 1600 Cassinenses.

220 1619 429 1663 Congregatio
454 1619 621 1654 Charitatis
646 1619 675 1652 S.
697 1618 875 1663 Hippolyti,
899 1619 971 1652 vide
994 1619 1154 1663 Hippolyti
1180 1620 1237 1663 (S.)
1262 1620 1471 1663 Congregatio
1497 1621 1667 1654 charitatis.

220 1673 430 1717 Congregatio
454 1672 623 1705 Doctrinae
648 1672 861 1711 Christianae,
886 1672 956 1705 vide
981 1672 1149 1706 Doctrinae
1174 1672 1368 1706 Christianae
1392 1674 1610 1716 Congregatio.

219 1726 428 1769 Congregatio
454 1725 626 1767 Missionis,
650 1725 721 1757 vide
745 1725 901 1758 Missionis
927 1725 1149 1768 Congregatio.

219 1778 430 1822 Congregatio
456 1778 485 1812 S.
512 1778 636 1811 loannis
660 1778 732 1819 Dei,
757 1778 829 1810 vide
854 1778 977 1810 Ioannis
1002 1778 1059 1821 (S.)
1084 1778 1137 1811 Dei
1163 1778 1382 1821 Congregatio.

222 1831 432 1875 Congregatio
457 1831 487 1864 S.
513 1831 683 1864 Salvatoris
712 1830 838 1864 Ordinis
863 1831 961 1863 sancti
987 1831 1173 1874 Augustini,
1198 1832 1269 1865 vide
1293 1832 1324 1865 S.
1343 1832 1512 1866 Salvatoris
1537 1834 1757 1878 Congregatio.

219 1884 489 1928 Congregationes
514 1884 742 1925 cardinalium,
766 1884 837 1918 vide
861 1884 993 1917 Decreta
1017 1884 1046 1917 S.
1072 1885 1343 1928 Congregationis

218 1939 317 1983 Conty
341 1939 473 1972 loannes
497 1938 645 1982 superior
678 1938 836 1981 generalis
861 1937 1124 1980 Congrcgationis
1157 1938 1334 1981 Missionis‚
1360 1938 1424 1972 0217
1450 1939 1486 1981 b,
1512 1940 1582 1973 vide
1607 1940 1760 1974 Missionis

311 1992 533 2034 Congregatio.

220 2044 466 2077 Constitutiones
490 2045 682 2088 apostolicae
707 2044 922 2077 confirmatae.
954 2062 998 2068 —
1031 2043 1197 2087 Privilegia
1232 2045 1480 2089 provincialibus
1505 2046 1670 2080 Societatis
1695 2048 1763 2081 lesu

309 2097 339 2129 in
365 2097 507 2141 partibus
532 2098 690 2130 lndiarum
717 2107 865 2131 concessa
882 2108 899 2129 a
918 2097 971 2130 Pio
992 2097 1028 2130 IV
1048 2098 1215 2132 confirmat
1234 2099 1375 2132 Clemens
1392 2099 1459 2139 Xll,
1480 2099 1499 2132 5
1516 2099 1532 2132 b
1548 2105 1578 2132 et
1594 2111 1670 2143 δι’-(μ
1689 2101 1762 2133 item

307 2150 350 2183 Pii
371 2150 405 2191 ll,
419 2150 504 2184 Pauli
522 2150 558 2191 Il⁷
572 2151 771 2193 aliorumque
786 2150 972 2184 Pontificum
986 2150 1136 2184 adversus
1153 2151 1327 2185 homicidas
1345 2153 1432 2194 latas,
1448 2152 1488 2185 17
1504 2163 1541 2193 (Γ,
1556 2153 1762 2186 confirmatur

307 2204 488 2236 constitutio
514 2204 689 2236 Innocentii
714 2204 766 2236 xll
791 2203 829 2236 de
853 2214 916 2236 non
941 2203 1180 2237 rchabilitandis
1208 2204 1246 2237 iis
1270 2204 1323 2248 qui
1348 2205 1454 2238 animo
1479 2206 1706 2249 praemeditato
1731 2211 1762 2239 et

305 2257 414 2289 doloso
439 2257 600 2297 occidunt,
614 2256 656 2289 30
681 2267 719 2297 α’,
745 2257 913 2289 innovatur
930 2256 1112 2290 constitutio
1132 2257 1246 2290 Urbani
1266 2258 1340 2298 VIII,
1359 2269 1420 2301 qua
1445 2258 1623 2291 declaratur
1647 2259 1760 2292 fratres

305 2309 499 2353 Capuccinos
531 2319 586 2352 per
613 2314 730 2342 rectam
765 2309 881 2342 lineam
912 2319 1073 2352 nunquam
1106 2310 1316 2354 interruptam
1350 2311 1525 2354 procedere
1556 2322 1573 2343 a
1603 2311 1633 2344 S.
1662 2312 1759 2344 Fran-

304 2363 398 2402 cisco,
423 2362 464 2395 42
489 2373 509 2395 α
534 2367 564 2394 et
594 2363 628 2401 b;
654 2373 735 2406 quae
756 2373 773 2395 a
798 2362 965 2396 Bcncdicto
984 2363 1049 2395 XIII
1075 2368 1191 2396 statuta
1216 2369 1288 2396 sunt
1313 2364 1396 2397 circa
1420 2364 1637 2407 provisionem
1663 2364 1760 2397 abba-

307 2414 420 2447 tiarum
440 2415 617 2448 vacantium
644 2415 673 2447 in
692 2416 939 2458 congregatione
960 2418 1186 2450 canonicorum
1207 2417 1236 2450 S.
1254 2417 1423 2451 Salvatoris
1440 2417 1564 2450 Ordinis
1581 2418 1679 2451 sancti
1697 2419 1759 2451 Au-

305 2467 423 2509 gustini
443 2468 658 2509 confirmatur,
676 2468 717 2501 68
735 2480 754 2501 a
771 2473 801 2501 ct
818 2479 893 2512 seq.;
914 2469 1060 2512 Gregorii
1086 2471 1136 2503 XV
1162 2476 1192 2503 et
1216 2470 1385 2504 Clementis
1404 2471 1427 2503 X
1454 2471 1619 2504 innovatae
1645 2472 1758 2505 consti-

306 2519 441 2554 tutiones
466 2520 550 2565 quod
575 2522 740 2564 regulares
766 2522 798 2554 in
822 2531 922 2565 regno
947 2522 1124 2556 Lusitaniae
1149 2534 1258 2557 curam
1284 2524 1460 2557 animarum
1486 2530 1689 2566 exercentes,
1715 2525 1756 2559 70
