2232 3178
29 193 76 220 An.
95 190 124 217 C.
142 188 208 216 1738

37 1847 127 1869 Clemens
136 1848 161 1869 Xl
173 1849 201 1869 sa-

24 1875 108 1895 cuttates
123 1881 134 1895 a
148 1877 201 1895 Pau-

24 1900 43 1920 lo
63 1901 88 1921 tlt
116 1907 200 1922 conces·-

24 1932 57 1947 εἰς
70 1927 201 1948 confessam<

23 1954 129 1978 hospitalis
141 1955 164 1976 B.
175 1955 200 1974 Mv

24 1979 200 2001 deConsolatwne

24 2006 131 2031 reformat,
154 2014 201 2028 eas-

25 2037 62 2058 que
83 2039 112 2053 stc
135 2035 202 2055 resor-

25 2061 89 2080 matas
105 2060 131 2081 ad
153 2067 191 2081 con

24 2085 119 2107 {essai-ios
149 2088 201 2107 alio-

25 2117 66 2138 rum
109 2113 199 2139 hospita-

24 2138 70 2159 tium
89 2138 149 2161 Urbis
168 2146 202 2161 cx-

25 2166 94 2187 tendit.

828 187 970 212 CLEMENS
993 187 1039 212 xn
1062 187 1111 212 PP.

215 236 463 280 quomodolibet
495 237 673 278 concessis,
704 236 902 270 confirmatis
928 241 959 269 et

214 290 393 330 innovatis;
425 289 543 333 quibus
570 290 719 324 omnibus
745 296 776 324 et
801 289 957 333 singulis,

214 344 346 377 illorum
374 349 505 377 tenores
532 344 760 387 praesentibus
780 354 840 387 pro
861 344 956 386 plene

215 403 247 431 et
281 397 482 431 sufficienter
520 397 685 441 expressis
723 408 759 430 ac
794 397 833 429 de
859 396 957 429 verbo

215 451 254 484 ad
271 451 403 484 verbum
428 449 558 483 insertis
585 449 770 489 habentes¹‚
790 449 854 482 illis
877 449 956 482 alias

214 504 246 536 in
268 514 327 536 suo
345 503 465 536 robore
483 503 707 546 permansuris
731 503 770 535 ad
799 502 957 545 praemis-

215 567 326 590 sorum
345 556 504 596 effectum,
520 556 580 589 hae
602 556 670 589 vice
689 556 864 595 dumtaxat,
886 565 957 598 spe-

215 610 343 643 cialiter
370 614 402 642 et
431 619 585 652 expresse
616 610 835 652 derogamus;
863 613 953 641 cete-

214 663 326 706 risque
351 662 523 696 contrariis
549 662 821 706 quibuscumque.

259 716 374 749 Datum
398 716 543 756 Romae,
568 716 652 759 apud
678 715 708 748 S.
736 715 869 749 Mariam
896 711 958 748 Ma-

215 769 318 803 iorem
334 796 341 809 ,
378 768 438 802 sub
463 769 585 802 annulo
618 768 790 801 piscatoris
806 796 813 809 ,
842 768 894 801 die
919 779 957 802 xv

216 821 330 865 aprilis
354 831 588 862 unccxxxvur,
613 821 823 865 pontificatus
851 822 957 855 nostri

216 885 300 909 anno
326 886 396 910 vui.

252 938 311 965 Dat.
333 938 378 965 die
401 939 432 966 15
452 939 546 974 aprilis
576 938 660 972 1738,
683 938 783 974 pontif.
808 946 881 966 anno
901 944 956 965 vttt.

493 1081 674 1115 ccxxvtss.

215 1161 399 1205 Antplz'otz'o
425 1161 613 1195 litterarum
630 1162 735 1196 Pauli
751 1162 818 1203 III,
846 1162 889 1195 acl
912 1163 959 1206 sa-

257 1226 364 1248 vorem
386 1215 650 1259 presbyterorntn
685 1216 958 1258 confessariorum

256 1279 313 1312 per
338 1269 481 1302 custodes
495 1273 522 1302 et
540 1270 715 1312 confratres
729 1269 959 1312 deputatorum

257 1323 536 1365 confraternitatis
562 1322 735 1366 hospitalis
759 1323 799 1356 Β.
833 1323 960 1356 Mariae

257 1375 295 1408 cle
321 1375 461 1415 Gratia,
490 1376 718 1409 Consolatione
738 1404 745 1417 ,
772 1380 800 1409 et
824 1377 959 1410 Portica

258 1433 467 1472 nuncupatae
483 1429 590 1462 almae
610 1430 705 1462 Urbis
722 1440 956 1470 concessarum,

258 1482 300 1514 ad
324 1493 541 1526 quoscumque
563 1483 774 1526 presbyteros,
801 1484 872 1526 qui,
902 1494 960 1516 nu-

258 1535 457 1568 diendarnm
474 1537 710 1569 confessionum
727 1537 836 1577 causti,
854 1538 896 1569 ad
912 1547 959 1569 ar·

256 1588 474 1632 cltilcospz'tale
498 1589 531 1623 S.
559 1589 703 1633 Spiritus
735 1591 770 1622 in
795 1590 896 1623 Saxiti
913 1601 960 1624 so-

258 1642 323 1674 lent
348 1642 507 1675 accedere.

426 1724 561 1751 Clemens
582 1724 662 1758 Papa
681 1724 745 1756 XII,

328 1768 366 1795 ad
387 1771 567 1802 perpetuam
590 1768 635 1795 rei
659 1769 847 1796 memoriam.

256 1841 271 1883 §
297 1839 327 1872 t.
356 1840 443 1872 Alias
475 1840 577 1873 felicis
614 1840 853 1873 recordationis
889 1840 958 1874 Cle-

213 1893 311 1926 menti
348 1893 453 1936 Papae
480 1893 518 1925 xt
544 1893 792 1937 praedecessori
826 1899 957 1934 nostro,

212 1956 271 1988 pro
289 1951 381 1988 parte
399 1946 504 1979 bonae
523 1946 699 1979 memoriae
718 1946 860 1986 Fabritii,
881 1947 956 1979 dum

211 1999 296 2039 vixit,
309 1999 453 2042 episcopi
464 1999 630 2039 Lieiensis,
644 2005 675 2032 et
685 1999 957 2042 Congregationis

212 2053 447 2086 venerabilium
462 2053 594 2085 fratrum
612 2058 798 2086 nostrorum
817 2053 848 2086 S.
862 2054 898 2086 R.
919 2054 953 2087 E.

212 2106 423 2139 cardinalium
450 2112 481 2139 et
506 2107 697 2140 dilectorum
724 2106 864 2140 filiorum
896 2107 956 2141 Ro-

212 2169 324 2192 manae
350 2159 465 2192 Curiae
489 2161 710 2203 praelatorum
736 2171 834 2204 super
860 2171 955 2204 nego·

213 2211 264 2245 tiis
288 2212 481 2245 visitationis
507 2213 709 2256 apostolicae
742 2214 954 2247 ecclesiarum

212 2270 244 2298 et
268 2266 416 2299 locorum
443 2267 572 2309 piorum
591 2267 694 2299 almae
709 2266 803 2299 Urbis
821 2272 954 2301 nostrae

212 2318 378 2352 institutae
413 2320 641 2362 deputatorum
672 2321 951 2362 pro-secretarii,

212 2372 358 2414 exposito
375 2399 382 2413 ,
409 2373 495 2416 quod
529 2372 650 2404 dudum
677 2373 781 2406 felicis
806 2374 955 2407 recorda—

212 2424 310 2458 tionis
337 2426 454 2459 Paulus
482 2426 540 2459 1³1³.
568 2425 606 2458 Ill
632 2426 729 2459 etiam
761 2427 954 2469 praedeces-

212 2488 268 2511 sor
307 2485 419 2513 noster
458 2480 648 2523 presbytero
689 2485 720 2513 et
753 2480 952 2524 presbyteris

248 2595 260 2621 1
282 2595 383 2622 Vocem
403 2595 537 2624 habentes
557 2603 605 2624 nos
624 2595 751 2624 addimus
773 2598 813 2632 (a.
829 2599 868 2632 T.)

1001 246 1061 279 per
1085 237 1235 271 custodes
1261 242 1293 271 et
1317 238 1499 272 confratres
1533 239 1745 273 confraterni-

1003 290 1074 323 tatis
1088 290 1259 334 hospitalis
1277 292 1311 324 B.
1332 292 1448 326 Mariae
1471 293 1510 326 de
1532 292 1647 332 Gratia,
1667 293 1745 326 Con-

1001 342 1161 376 solatione
1190 349 1222 377 et
1255 344 1383 378 Porticu
1416 351 1620 388 nuncupatae
1656 356 1745 389 prae-

1001 396 1106 429 dictae
1128 396 1223 430 Urbis
1244 409 1303 441 pro
1322 404 1470 443 tempore
1492 400 1666 433 existentes
1690 400 1744 432 de-

1000 449 1117 491 putatis
1136 456 1167 483 et
1188 451 1393 494 deputandis,
1411 453 1537 486 etiamsi
1561 453 1742 496 presbyteri

1000 504 1183 537 saeculares
1214 507 1264 538 vel
1298 506 1439 539 cuiusvis
1477 507 1608 540 Ordinis
1645 508 1741 540 etiam

999 555 1251 590 Mendieantium
1266 549 1434 601 regulares
1446 559 1743 601 tuissent‚0mnium

1001 613 1032 641 et
1053 608 1256 652 singulorum
1277 611 1449 655 utriusque
1474 623 1569 645 sexus
1595 612 1745 645 christifi-

1002 662 1122 696 delium
1143 674 1359 707 personarum
1383 670 1458 699 tune
1480 671 1582 709 etpro
1599 671 1744 710 tempore

1001 715 1041 748 ad
1059 715 1180 749 dictum
1202 717 1365 760 hospitale
1386 728 1446 761 pro
1460 718 1594 753 sanitate
1612 730 1746 763 recupe-

1001 769 1101 802 randa
1119 770 1356 803 confluentium
1374 798 1381 811 ,
1410 771 1646 816 cuiuscumque
1668 783 1745 816 qua-

1002 822 1110 863 litatis,
1133 823 1259 856 etiamsi
1282 824 1416 865 divites,
1439 830 1470 858 et
1490 825 1614 858 etiamsi
1636 826 1746 859 elerici

1003 877 1171 918 regulares
1187 877 1235 910 vel
1250 877 1386 910 cuiusvis
1401 877 1530 911 Ordinis
1549 879 1646 912 etiam
1663 881 1746 912 Men-

1003 930 1179 963 dicantium
1200 932 1368 974 regulares
1383 931 1545 972 tuissent,
1567 933 1747 966 confessio-

1002 994 1068 1025 neS,
1091 985 1362 1029 quotiescumque
1383 985 1531 1019 confiteri
1552 987 1744 1027 voluissent,

1002 1038 1167 1079 audiendi,
1192 1044 1234 1080 et,
1257 1039 1322 1073 illis
1345 1040 1473 1081 auditis,
1496 1051 1552 1074 eos
1577 1041 1616 1074 ab
1642 1041 1746 1074 omni-

1002 1093 1063 1125 bus
1086 1097 1118 1126 et
1138 1093 1272 1136 singulis
1299 1095 1656 1136 excommunicationis,
1678 1106 1747 1128 sus-

1003 1146 1171 1189 pensionis
1200 1152 1233 1180 et
1263 1147 1446 1188 interdicti,
1474 1148 1612 1192 aliisque
1645 1149 1747 1182 eccle-

1002 1199 1138 1232 siasticis
1162 1201 1351 1241 sententiis,
1386 1201 1533 1234 censuris
1569 1207 1601 1235 et
1633 1202 1747 1245 poenis

1003 1252 1252 1294 quomodolibet
1269 1253 1355 1294 latis,
1372 1259 1403 1287 et
1423 1258 1575 1287 votorum
1596 1265 1747 1298 quorum-

1003 1315 1150 1349 cumque,
1164 1307 1433 1347 iuramentorum,
1445 1313 1476 1341 et
1489 1308 1651 1341 Ecclesiae
1663 1319 1748 1341 man-

1004 1358 1150 1392 datorum
1173 1360 1501 1403 transgressionibus,
1528 1361 1744 1399 ieiuniorum,

1003 1412 1277 1455 poenitentiarum
1300 1413 1516 1447 iniunctarum
1533 1441 1540 1454 ‚
1562 1413 1606 1447 'ac
1627 1414 1749 1447 divino-

1004 1476 1074 1498 rum
1101 1466 1281 1500 officiorum
1309 1467 1563 1508 omissionibus,
1590 1478 1747 1500 manuum

1003 1519 1219 1553 violentarum
1254 1520 1287 1553 in
1313 1521 1443 1565 quasvis
1479 1531 1637 1565 personas
1668 1521 1749 1553 inie-

1003 1572 1189 1614 ctionibus,
1224 1584 1260 1606 ac
1280 1575 1499 1617 periuriorum
1522 1580 1554 1608 et
1579 1575 1747 1608 homicidii

1002 1627 1153 1660 mentalis
1175 1629 1224 1660 vel
1247 1627 1382 1660 casualis
1398 1654 1405 1668 ,
1426 1638 1555 1661 necnon
1576 1628 1747 1667 adulterii,

1002 1680 1163 1721 incestus,
1195 1681 1318 1724 stupri,
1351 1681 1595 1723 fornicationis,
1626 1693 1662 1715 ae
1698 1693 1748 1715 sa-

1002 1733 1128 1776 crilegii
1157 1734 1323 1775 reatibus,
1356 1735 1573 1779 omnibusque
1610 1736 1681 1768 aliis
1716 1741 1748 1768 et

1002 1787 1137 1830 singulis
1156 1797 1270 1821 eorum
1295 1789 1453 1831 peccatis,
1473 1789 1675 1829 criminibus,
1694 1800 1747 1822 ex-

1002 1841 1147 1874 cessibus
1163 1846 1193 1874 et
1210 1841 1349 1881 delictis,
1364 1848 1659 1886 quantumcumque
1675 1853 1748 1885 gra-

1001 1894 1092 1927 vibus
1115 1900 1146 1927 et
1170 1895 1369 1935 enormibus,
1397 1896 1494 1928 etiam
1516 1895 1590 1928 Sedi
1613 1896 1747 1938 Aposto-

1000 1947 1133 1980 stolicae
1155 1948 1334 1988 reservatis,
1356 1949 1394 1981 de
1416 1949 1532 1992 quibus
1558 1949 1654 1981 eorde
1672 1959 1747 1982 con-

1002 2000 1067 2033 triti
1090 2006 1122 2034 et
1138 2011 1193 2034 ore
1208 2001 1352 2034 confessi
1369 2002 1511 2043 fuissent,
1531 2002 1654 2035 etiamsi
1672 2003 1747 2035 talia

1002 2054 1158 2093 fuissent,
1189 2061 1332 2098 propter
1375 2066 1455 2098 quae
1493 2055 1607 2088 merito
1647 2055 1745 2089 Sedes

1000 2108 1186 2150 Apostolica
1205 2113 1291 2140 esset
1311 2109 1520 2148 consulenda,
1542 2108 1745 2149 absolvendi,

1000 2166 1031 2193 et
1056 2171 1114 2204 pro
1141 2161 1321 2194 commissis
1349 2161 1586 2204 poenitentiam
1620 2163 1742 2195 saluta-

999 2225 1065 2247 rem
1092 2214 1297 2257 iniungendi,
1325 2225 1452 2248 necnon
1481 2221 1553 2248 vota
1574 2226 1746 2259 quaecum-

999 2279 1060 2312 que
1086 2268 1337 2311 (ultramarino‚
1363 2269 1556 2302 visitationis
1594 2269 1744 2302 liminum

998 2323 1219 2365 apostolorum
1245 2322 1332 2355 Petri
1359 2327 1390 2355 et
1415 2322 1528 2363 Pauli,
1567 2322 1597 2355 S.
1638 2323 1743 2355 iacobi

998 2375 1029 2408 in
1066 2375 1305 2418 Compostella,
1344 2386 1470 2408 necnon
1510 2376 1676 2418 religionis
1713 2381 1744 2408 et

997 2429 1156 2462 castitatis
1174 2429 1255 2462 votis
1274 2429 1439 2461 dumtaxat
1457 2429 1614 2472 exeeptis)
1635 2429 1664 2461 in
1681 2429 1744 2462 alia

996 2482 1128 2525 pietatis
1154 2492 1255 2525 opera
1280 2482 1526 2522 commutandi,
1559 2482 1743 2516 iuramenta

997 2546 1221 2579 quaecumque
1244 2535 1424 2576 relaxandi,
1443 2535 1587 2579 ipsisque
1607 2536 1741 2570 infirmis

996 2589 1217 2624 ecclesiastica
1243 2594 1457 2630 sacramenta,
1479 2596 1579 2633 prout
1603 2596 1741 2624 eatenus

1642 182 1707 215 363
1754 192 1801 217 An.
1825 192 1852 218 e.
1873 194 1938 222 1728
