2232 3178
836 199 933 223 iNDEx
958 198 1161 223 RUBRICARUM

234 253 414 288 ccxxxix.
439 253 642 287 Confirmatio
673 252 791 286 decreti
828 251 970 294 Congre-

321 307 455 350 gationis
480 306 518 339 de
543 306 751 350 propaganda
781 305 856 338 Fide
879 315 975 348 super

322 360 470 393 facultate
494 361 652 403 praefecto
686 358 861 403 apostolico
893 358 971 390 mis-

320 413 444 446 sionum
470 413 629 456 Mequinez
653 411 803 445 lllarochii
825 411 974 444 concessa

321 464 504 498 instituendi
539 470 780 508 procuratorem
818 463 972 496 dictarum

322 518 508 551 missionum
531 518 560 550 in
585 518 703 562 oppido
728 516 851 556 Matriti,
876 515 950 549 485.

233 571 343 605 CCXL.
371 571 577 604 Confirmatio
601 571 812 615 quorumdam
834 569 976 602 decreto-

322 635 392 657 rum
419 635 477 667 pro
502 624 582 656 felici
616 623 768 667 regimine
793 622 975 664 Congrega-

323 677 416 710 tionis
441 676 635 710 Cassinensis
660 676 784 710 Ordinis
801 675 899 708 sancti
920 674 974 707 Be-

322 729 437 762 nedicti
458 729 546 762 iussu
571 729 697 772 capituli
722 728 878 772 generalis
903 727 973 760 edi-

324 788 440 822 torum,
464 782 539 816 487.

234 834 355 869 CCXLI.
374 834 577 869 Confirmatio
595 834 853 867 constitutionum
870 833 901 866 in
918 833 978 866 for-

323 889 373 920 ma
398 886 558 920 communi
583 886 709 920 Ordinis
726 887 860 919 fratrum
878 886 976 919 sancti

323 940 446 973 Ioannis
482 940 535 973 Dei
568 940 827 983 Congregationis
860 940 973 983 Ilispa-

322 994 404 1033 niae,
428 992 504 1026 493.

235 1046 367 1080 CCXLII.
393 1045 555 1078 Tredccim
583 1045 677 1078 sextis
701 1045 786 1078 feriis
803 1055 820 1079 a
838 1045 866 1078 S.
885 1045 978 1078 Fran-

324 1099 407 1131 cisco
432 1098 470 1130 de
499 1098 594 1130 Paula
630 1098 799 1138 institutis,
824 1098 919 1141 vulgo
943 1103 978 1130 ut

323 1151 372 1184 La
407 1151 573 1184 clivozione
604 1150 651 1183 ἅθ’
672 1151 786 1183 tredi'ci
820 1151 974 1191 venerdi,

325 1203 376 1248 pia
395 1203 544 1237 exercitia
568 1203 607 1236 ab
633 1203 742 1236 eodem
760 1204 789 1236 S.
810 1204 977 1237 Francisco

324 1257 486 1301 proposita
504 1256 699 1297 facientibus,
712 1256 904 1300 indulgentia
917 1257 979 1300 ple-

323 1311 412 1344 naria
437 1321 595 1353 concessa,
620 1310 695 1344 494.

236 1365 387 1399 CCXLIlI.
408 1365 579 1398 Moderatio
596 1364 759 1398 cuiusdam
774 1364 890 1398 decreti
908 1375 979 1409 par-

326 1418 467 1452 ticularis
497 1418 757 1461 Congregationis
788 1428 885 1462 super
909 1417 975 1451 eie-

324 1472 427 1505 ctione
451 1471 675 1514 religiosorum
695 1471 821 1504 Ordinis
845 1471 978 1503 fratrum

325 1524 535 1557 Eremitarum
562 1524 592 1557 S.
613 1524 779 1566 Augustini
805 1524 980 1567 provincia-

323 1588 393 1610 rum
420 1577 591 1617 indiarum,
616 1576 690 1609 496.

237 1629 386 1663 CCXLlV.
424 1630 567 1663 Facultas
603 1629 823 1674 superioribus
854 1629 980 1663 Ordinis

325 1682 541 1717 Cisterciensis
575 1683 833 1727 Congregationis
861 1683 976 1716 Portu-

326 1736 438 1779 galliae
470 1736 649 1780 applicandi
679 1736 780 1780 spolia
805 1736 978 1770 monacho-

326 1798 396 1821 rum
437 1789 571 1832 collegio
610 1789 824 1823 universitatis
858 1789 976 1824 Colim-

325 1841 460 1875 briensis
488 1853 547 1886 pro
575 1842 774 1876 dissolvendo
801 1853 873 1876 aere
897 1843 980 1876 alie—

324 1905 377 1935 no,
402 1893 475 1928 498.

237 1946 372 1981 CCXLV.
397 1948 565 1991 Abrogatis
590 1948 701 1982 litteris
733 1948 901 1982 Clementis
925 1949 980 1982 Pa-

324 2011 382 2044 pae
407 2001 446 2034 XI
471 2012 566 2045 super
591 2001 718 2035 servitio
743 2002 894 2036 ecclesiae
924 2012 978 2046 pa-

326 2053 504 2087 triarchalis
525 2054 777 2098 Ulyssiponensis
802 2055 979 2088 occidenta-

325 2106 363 2139 lis
387 2106 487 2147 editis,
502 2114 532 2140 et
555 2108 594 2140 ab
609 2108 791 2142 Innocentio
813 2109 894 2152 Papa
911 2109 979 2142 XIII

325 2159 357 2192 in
381 2160 483 2192 forma
507 2161 643 2194 Ratiom'
678 2163 829 2204 conyruz't
854 2162 979 2205 expedi-

326 2213 376 2254 tis,
388 2223 510 2246 necnon
529 2214 714 2248 kalendario
729 2215 760 2247 in
775 2215 835 2248 illis
852 2215 980 2256 inserto,

326 2267 525 2310 patriarchae
564 2268 796 2311 Ulyssiponensi
828 2270 899 2302 novi
925 2269 980 2302 ka—

326 2319 460 2352 lendarii
496 2320 682 2353 conficiendi
718 2332 753 2355 ac
777 2332 889 2355 novam
915 2333 981 2356 ser-

326 2372 391 2404 vitii
427 2373 560 2406 formam
587 2374 796 2407 constituendi
812 2402 819 2415 ,
844 2376 980 2419 praeviis

327 2430 431 2458 tamen
463 2427 595 2459 consilio
623 2431 653 2461 et
684 2438 838 2462 consensu
864 2429 981 2461 Portu-

325 2479 437 2520 galliac
462 2485 491 2511 et
517 2481 736 2523 Algarbiorum
763 2483 857 2524 regis,
875 2487 980 2515 aucto-

326 2531 401 2564 ritas
427 2533 620 2573 conceditur,
640 2534 714 2566 499.

241 2584 383 2618 CCXLVl.
410 2584 614 2619 Confirmatio
650 2587 768 2620 decreti
802 2588 981 2630 Congrega-

1116 251 1209 285 tionis
1245 251 1468 295 episcoporum
1509 255 1538 283 et
1572 251 1767 293 regularium

1115 304 1201 336 cii-ca
1225 303 1389 347 religiosos
1406 303 1530 337 Ordinis
1548 303 1679 335 fratrum
1698 303 1769 335 Ere-

1115 356 1263 388 mitarum
1277 356 1307 389 S.
1325 355 1489 398 Augustini
1507 355 1689 399 provinciae
1709 355 1767 388 Me-

1115 409 1242 441 xicanae
1266 409 1304 441 ad
1329 409 1406 442 alios
1430 408 1561 442 Ordines
1587 408 1767 451 confugien-

1114 467 1170 504 tos,
1196 462 1269 495 509.

1026 514 1187 548 CCXLVII.
1213 514 1415 548 Confirmatio
1451 514 1655 548 institutionis
1686 515 1765 547 mis-

1116 567 1239 600 sionum
1273 567 1311 599 ab
1336 568 1576 612 archiepiscopo
1612 568 1768 600 Salisbur-

1115 620 1202 663 gensi
1221 621 1251 652 in
1269 620 1392 653 cii-itate
1409 621 1641 664 Salisburgensi
1660 622 1768 661 factae,

1116 683 1152 707 ac
1177 674 1359 716 regularum
1377 684 1412 707 ac
1429 674 1533 717 legum
1560 685 1618 718 pro
1644 674 1768 707 missio-

1115 727 1213 760 nariis
1246 727 1442 760 conditarum
1458 754 1465 767 ‚
1491 733 1519 760 et
1551 738 1568 760 a
1593 727 1770 771 (longi-ega-

1116 779 1202 812 tione
1227 779 1265 812 de
1289 780 1494 824 Propaganda
1514 780 1590 813 Fide
1614 780 1770 824 approba-

1116 837 1231 873 tarum,
1257 832 1331 866 511.
1418 865 1423 870 ,

1028 885 1204 919 CCXLVIlI.
1231 885 1376 918 Facultas
1397 885 1551 919 moderno
1569 891 1599 918 et
1621 897 1678 930 pro
1698 891 1771 919 teni-

1116 949 1193 982 pore
1225 938 1369 972 existenti
1402 939 1527 982 collegii
1558 939 1769 973 Italo—Graeci

1120 993 1250 1026 Corsini
1274 992 1445 1036 nuncupati
1471 992 1610 1031 rectori,
1629 998 1664 1024 ut
1689 992 1770 1025 illius

1118 1045 1262 1078 alumnos
1287 1051 1317 1078 et
1346 1045 1543 1078 convictores
1567 1044 1605 1077 ad
1630 1045 1770 1078 lauream

1117 1098 1311 1132 doctoralem
1331 1098 1361 1130 in
1381 1098 1601 1142 philosophiae
1618 1102 1648 1130 et
1665 1108 1771 1131 sacrae

1118 1151 1295 1193 theologiae
1319 1151 1430 1184 studiis
1454 1156 1649 1195 promoveat,
1675 1151 1748 1184 535.

1029 1203 1179 1237 CCXLIX.
1206 1204 1410 1237 Confirmatio
1442 1204 1560 1237 decreti
1585 1203 1768 1247 Congrega-

1118 1257 1212 1289 tionis
1252 1257 1473 1300 episcoporum
1511 1262 1541 1290 et
1576 1257 1771 1300 regularium

1119 1320 1214 1353 super
1239 1309 1443 1354 deputatione
1469 1310 1672 1344 definitorum
1697 1321 1772 1354 quo-

1118 1373 1254 1407 cumque
1279 1363 1373 1397 modo
1398 1363 1612 1397 deficientium
1635 1368 1707 1407 post
1727 1373 1773 1396 ce-

1117 1416 1271 1449 lebratum
1298 1416 1468 1460 capitulum
1499 1416 1692 1460 provinciale
1716 1415 1773 1449 Or'-

1118 1469 1200 1502 dinis
1224 1469 1356 1502 fratrum
1379 1469 1582 1502 ercmitarum
1599 1469 1697 1502 sancti
1714 1470 1773 1501 Au-

1119 1523 1235 1566 gustini
1246 1523 1502 1556 Excalceatorum
1517 1528 1772 1566 nuncupatorum

1119 1574 1382 1618 Congregationis
1406 1575 1584 1619 Hispaniae,
1607 1575 1682 1609 537.

1029 1628 1109 1663 CCL.
1139 1629 1343 1663 Confirmatio
1368 1629 1485 1663 decreti
1510 1629 1772 1673 Congregationis

1119 1683 1341 1726 episcoporum
1367 1687 1396 1716 et
1417 1683 1622 1726 regularium,
1640 1693 1702 1727 quo
1720 1682 1772 1715 de-

1119 1736 1256 1768 claratur
1290 1736 1478 1770 electionem
1522 1736 1660 1779 regentis
1694 1746 1772 1780 pro-

1119 1789 1261 1822 vincialis
1286 1788 1411 1823 Ordinis
1446 1790 1648 1822 eremitarum
1674 1789 1772 1823 sancti

1118 1842 1284 1887 Augustini
1302 1841 1563 1886 Congregationis
1590 1843 1769 1886 Hispaniae,

1118 1896 1149 1928 in
1167 1895 1290 1929 casibus
1307 1896 1418 1929 mortis
1435 1896 1534 1929 civilis
1551 1906 1605 1929 seu
1620 1896 1773 1929 naturalis

1118 1949 1251 1982 alicuius
1277 1959 1313 1982 ex
1330 1949 1491 1993 prioribus
1516 1946 1772 1993 provincialibus,

1119 2014 1185 2037 esse
1220 2003 1397 2036 faciendam
1429 2013 1447 2035 a
1478 2003 1596 2036 vicario
1632 2002 1772 2044 generali

1117 2058 1179 2089 una
1201 2067 1273 2090 cum
1287 2056 1506 2090 definitoribus
1523 2055 1773 2099 provincialibus

1118 2109 1157 2142 ad
1181 2110 1317 2142 formam
1349 2108 1569 2142 declarationis
1604 2106 1772 2141 cardinalis

1119 2162 1202 2196 Sauli
1229 2173 1311 2195 anno
1336 2171 1481 2195 Mucxxiii
1505 2162 1613 2202 sactae,
1639 2160 1711 2194 539.

1030 2215 1122 2250 CCLI.
1163 2215 1367 2248 Confirmatio
1402 2215 1518 2248 decreti
1551 2224 1657 2247 sacrae
1686 2213 1768 2247 Con-

1119 2269 1314 2312 gregationis
1335 2268 1461 2301 Rittium
1499 2278 1594 2310 super
1619 2266 1771 2299 electione

1119 2322 1150 2354 Β,
1168 2323 1205 2354 Μ.
1232 2322 1263 2354 V.
1291 2321 1512 2354 Immaculatac
1545 2321 1576 2352 in
1607 2325 1772 2362 patronam

1119 2374 1327 2418 principalem
1344 2374 1433 2415 regni
1452 2373 1574 2406 Siciliae
1592 2373 1673 2405 ultra
1695 2372 1772 2404 Pha-

1119 2439 1202 2467 rum,
1230 2425 1302 2460 541.

1030 2480 1163 2514 ccxliii.
1205 2479 1409 2513 Confirmatio
1448 2479 1573 2522 capituli
1615 2478 1771 2522 generalia

1120 2534 1244 2567 Ordinis
1265 2534 1478 2566 Cisterciensis
1496 2543 1576 2566 anno
1595 2542 1770 2566 iinccxxxix

1121 2587 1287 2625 celebrato,
1313 2585 1385 2618 542.

1660 2631 1676 2646 O
