2232 3178
286 236 333 261 An.
353 234 382 262 c.
402 233 469 260 ¹740
514 225 578 259 638

313 490 361 510 ew.
379 488 440 509 ml.

323 517 351 536 D«-
380 514 467 535 custode

287 546 384 564 vestium.

313 2346 364 2368 Cn.
380 2345 456 2367 xvnl.

306 2373 335 2394 De
348 2374 470 2394 cellarario.

480 291 532 311 nas
555 282 640 312 horas
663 281 805 311 sacrificio
828 282 952 311 intersit.
975 281 1044 313 Cum
1068 286 1163 312 autem
1181 282 1220 311 ci-

480 330 548 360 bum
565 331 664 367 sumit,
680 335 728 360 aut
745 331 773 360 in
791 330 888 369 aliquo
905 330 1068 360 ministerio
1085 330 1159 360 intra
1174 330 1218 360 vel

479 383 558 407 extra
572 379 780 408 monasterium
794 382 965 417 occupatur,
980 378 1055 407 alius
1068 378 1103 407 ab
1117 378 1219 408 abbate

479 436 528 455 seu
552 427 659 456 vicario
681 427 715 456 ad
739 427 902 456 custodiam
927 432 1025 465 portae
1042 427 1217 457 destinetur.

518 484 537 504 1.
567 477 689 505 Servare
720 475 805 505 debet
838 485 953 505 omnem
989 476 1218 515 supellectilem,

478 524 538 552 sive
566 524 691 560 lineam,
715 524 776 553 sive
798 524 930 561 laneam,
955 528 982 554 et
1012 525 1154 563 quidquid
1184 525 1218 554 ad

479 571 646 600 indumenta
664 595 671 609 ‚
695 577 733 608 et,
767 572 814 601 ubi
848 582 920 611 opus
952 572 1050 609 suerit,
1075 574 1161 602 etiam
1185 573 1220 602 ad

479 620 673 649 calceamenta
697 621 812 651 attinet.
836 621 913 656 Quae
935 621 1068 659 diligenti
1084 623 1167 659 cura,
1188 626 1220 651 ut

478 678 524 698 res
547 678 706 708 pauperum
729 670 855 708 Christi,
880 670 1022 700 custodiet
1044 671 1073 700 in
1097 670 1160 700 loco
1183 671 1218 700 ad

480 717 506 748 id
530 717 685 747 destinato.

518 775 549 795 n.
573 766 770 796 Inventarium
794 776 892 797 rerum
912 791 919 804 ,
943 777 1017 807 quae
1039 768 1101 807 ipse
1123 772 1220 798 custo-

479 815 537 852 dit,
562 815 586 844 si
608 815 733 845 alicuius
756 816 896 846 momenti
919 816 996 853 sint,
1021 817 1049 846 in
1072 815 1147 846 libro
1170 817 1219 846 ha-

479 863 555 892 beat.
580 864 613 893 Et
635 864 755 893 seorsim
779 864 887 894 scribat
906 875 979 904 quae
995 865 1029 895 de
1045 874 1118 894 novo
1138 865 1221 903 fiunt,

479 917 510 942 ut
523 912 619 942 abbati
632 914 676 942 sui
692 913 822 943 muneris
836 914 977 943 rationem
993 913 1113 944 reddere
1125 918 1220 953 queat.

519 971 559 992 ιιι.
583 962 683 993 Vestes
715 963 817 993 ordine
849 963 1005 1003 dispositas
1032 968 1151 1000 servet;
1185 973 1221 993 ne

480 1016 718 1050 corrumpantur,
744 1012 849 1049 videat,
870 1017 897 1042 et
917 1012 1120 1042 resarciendas
1136 1012 1222 1042 etiam

480 1064 572 1090 curet.
596 1060 672 1095 Quas
693 1069 761 1090 vero
784 1064 840 1090 non
864 1061 990 1098 amplius
1013 1060 1077 1090 usui
1100 1060 1221 1089 fratrum

482 1108 594 1138 futuras
626 1109 786 1147 iudicabit,
811 1118 858 1139 eas
891 1109 987 1139 abbati
1017 1110 1168 1146 ostendat,
1193 1113 1223 1139 ut

482 1157 530 1186 ille
552 1157 587 1186 de
609 1158 644 1187 iis
665 1162 784 1188 statuat.

521 1214 559 1235 lv.
584 1206 661 1241 Quae
683 1207 789 1244 singuli
813 1206 915 1237 novitii
938 1206 971 1236 ad
989 1206 1163 1236 monasteria
1181 1210 1224 1236 at-

483 1255 613 1290 tulerint,
638 1265 669 1285 ea
686 1255 793 1285 alicubi
807 1256 963 1295 separatim
976 1260 1117 1292 asservat,
1131 1255 1224 1285 donec

482 1305 691 1344 professionem
714 1306 860 1335 emittant.

521 1361 549 1382 v.
574 1353 703 1391 Singulis
725 1353 876 1383 mensibus
898 1353 986 1383 cellas
1009 1352 1156 1391 visitabit,
1173 1357 1222 1390 ut,

482 1411 517 1432 ex
539 1401 651 1432 abbatis
679 1401 812 1439 arbitrio,
837 1401 860 1432 si
883 1402 953 1441 quid
976 1401 1018 1431 eis
1039 1401 1131 1439 desit,
1155 1410 1225 1440 sup-

483 1451 557 1489 pleri
580 1450 679 1490 possit.
697 1450 725 1481 Si
743 1451 812 1490 quid
829 1451 916 1480 etiam
939 1449 1120 1489 superfluum
1143 1449 1225 1479 inve-

483 1498 572 1536 nerit,
597 1503 689 1529 vestes
715 1499 856 1538 duplices,
880 1499 1075 1528 instrumenta
1099 1498 1223 1534 itineris,

484 1551 512 1577 et
534 1547 652 1584 similia,
669 1547 699 1577 in
716 1548 857 1577 vestiaria
874 1547 993 1577 officina
1011 1547 1223 1577 custodiantur.

524 1605 561 1626 vr.
585 1596 725 1636 inspiciat
747 1597 835 1627 etiam
858 1596 976 1636 quinam
1000 1596 1131 1626 vestibus
1150 1596 1226 1626 indi-

484 1649 582 1683 geant,
600 1649 631 1675 ut
646 1644 743 1675 abbati
766 1645 884 1675 referat:
904 1654 937 1675 eo
959 1654 1027 1675 vero
1045 1644 1224 1681 inconsulto,

483 1694 559 1723 nihil
581 1694 706 1733 cuipiam
729 1693 819 1724 dabit.

523 1750 573 1772 vn.
597 1743 677 1772 Linei
701 1742 789 1782 panni
812 1742 906 1777 lotori,
931 1743 991 1773 sive
1014 1747 1152 1773 externus
1176 1742 1226 1772 ille

483 1791 538 1828 sit,
555 1791 617 1821 sive
639 1791 826 1829 domesticus,
849 1792 958 1831 scripto
981 1800 1103 1821 numero
1119 1791 1226 1821 dentur

484 1845 512 1870 et
533 1840 727 1879 accipiantur.

524 1898 584 1919 vm.
608 1889 738 1919 Tunicae
765 1889 967 1927 singulorum,
991 1898 1066 1929 quae
1097 1892 1227 1919 staturae

484 1938 669 1968 induentium
692 1938 850 1968 convenire
872 1937 998 1977 debent,
1021 1938 1113 1976 signis
1137 1938 1227 1977 parti-

485 1987 632 2018 cularibus
655 1987 904 2025 internoscantur,
928 1997 963 2018 ne
986 1997 1034 2017 eas
1057 1987 1227 2027 permisceri

485 2037 646 2075 contingat.

525 2095 563 2115 ix.
594 2085 712 2116 Sabbati
742 2094 862 2125 vespere
891 2085 967 2115 linea
994 2085 1101 2116 munda
1126 2094 1177 2125 per
1199 2095 1229 2115 o-

486 2144 568 2165 mnes
590 2135 677 2165 cellas
699 2135 876 2165 distribuat:
900 2135 1049 2165 dominica
1075 2144 1145 2165 vero
1168 2135 1226 2173 die,

487 2193 589 2222 mane,
613 2193 648 2214 ex
676 2183 785 2213 eisdem
808 2184 889 2213 cellis
913 2184 1063 2213 immunda
1086 2183 1227 2222 colligat3

487 2237 515 2262 et
537 2242 573 2262 an
597 2233 713 2270 onmia,
743 2242 817 2272 quae
843 2232 974 2269 dederat,
1004 2232 1138 2272 recipiat,
1168 2232 1230 2262 ani-

488 2281 659 2312 madvertat.

528 2339 547 2360 1.
572 2330 774 2361 Custodiendis
796 2330 826 2359 in
851 2330 1020 2360 monasterii
1047 2330 1167 2360 cellario
1190 2329 1231 2359 vi-

490 2378 634 2409 ctualibus
663 2379 698 2408 ab
729 2378 833 2408 abbate
863 2378 1033 2409 cellararius
1062 2379 1229 2417 deputetur,

492 2428 534 2458 vir
556 2427 674 2457 sobrius
696 2431 724 2457 et
746 2436 802 2457 non
827 2427 987 2466 prodigus:
1022 2427 1157 2466 idemque
1185 2436 1232 2456 cu-

492 2485 555 2506 ram
578 2475 683 2506 habeat
705 2476 835 2506 omnium
858 2485 958 2505 eorum
980 2485 1054 2515 quae
1076 2476 1111 2505 ad
1133 2475 1232 2505 cibum

492 2529 520 2555 et
543 2530 643 2564 potum
678 2529 835 2564 spectant,
859 2525 973 2563 singula
1006 2525 1035 2555 in
1068 2524 1140 2555 locis
1172 2524 1233 2554 suis

493 2573 620 2612 reposita
644 2578 672 2604 et
695 2573 793 2604 clausa
816 2582 947 2603 servans.

532 2630 562 2651 n.
593 2621 623 2652 ln
647 2621 734 2653 rebus
753 2621 963 2653 distribuendis
985 2622 1097 2653 iussum
1119 2621 1232 2653 abbatis

1057 233 1242 258 BULLARIUM
1267 232 1426 258 ROMANUM

1262 285 1401 321 sequatur
1419 292 1425 311 z
1449 286 1477 312 et
1498 282 1631 321 quamvis
1653 283 1848 313 communiter
1869 283 2000 323 aequali-

1263 334 1350 360 tatem
1382 330 1458 360 inter
1490 340 1591 361 omnes
1623 340 1740 362 servare
1769 331 1866 370 dehet,
1893 331 2000 362 habeat

1264 382 1360 408 tamon
1378 379 1574 416 infirmorum,
1591 380 1869 418 convalescentium,
1886 389 2002 410 eorum-

1262 437 1319 467 que
1343 428 1391 467 qui
1415 428 1558 458 laboriosa
1575 438 1662 468 opera
1678 433 1826 466 exercent,
1844 429 1999 465 rationem,

1264 480 1349 515 prout
1370 476 1396 505 ei
1413 476 1500 506 fuerit
1519 476 1553 506 ab
1570 476 1673 507 abbate
1693 478 1918 516 praescriptum,
1938 477 2001 507 sine

1263 526 1346 555 cuius
1381 525 1503 555 arbitrio
1538 535 1633 565 neque
1670 526 1847 556 ientaculum
1863 550 1870 564 ‚
1907 534 2001 564 neque

1262 574 1341 604 aliud
1365 574 1516 613 quidpiam
1539 574 1591 603 ulli
1613 575 1763 604 concedet.

1302 632 1342 652 111.
1359 624 1521 662 Antequam
1541 623 1656 662 penitus
1677 623 1870 653 absumantur
1892 623 2003 653 victua-

1264 672 1301 701 lia
1319 681 1391 710 quae
1406 671 1435 700 in
1453 672 1632 701 monasterio
1644 671 1854 708 reconduntur,
1869 671 2002 701 abbatem

1263 720 1417 750 admoneat
1433 724 1463 750 ut
1480 720 1648 759 tempestive
1664 729 1716 760 per
1731 729 1921 750 oeconomum
1938 729 2004 758 pro-

1264 768 1360 798 videre
1384 768 1484 807 possit.

1303 826 1341 847 lv.
1359 816 1444 847 Curet
1461 816 1632 847 munditiem
1650 821 1706 847 tam
1730 817 1840 847 cellarii
1857 826 1942 856 quam
1959 825 2005 846 re-

1264 865 1389 902 fectorii,
1406 875 1565 905 eorumque
1581 866 1711 896 omnium
1728 875 1802 905 quae
1824 865 1886 896 eius
1902 865 2004 895 usibus

1265 914 1416 952 serviunt,
1449 918 1540 954 utque
1573 924 1690 944 mensae
1720 914 1808 945 rebus
1829 914 2004 944 necessariis

1266 968 1383 1003 paratae
1399 963 1468 999 sint,
1481 972 1548 992 cum
1564 963 1731 993 refectionis
1747 964 1862 1002 signum
1875 962 2002 993 dabitur.

1305 1020 1333 1040 v.
1358 1011 1524 1049 Calalogum
1548 1011 1653 1041 habeat
1674 1021 1771 1041 rerum
1795 1021 1868 1052 quae
1890 1011 1925 1041 ad
1948 1011 2005 1041 cel·

1267 1061 1371 1091 larium
1388 1064 1416 1090 et
1432 1060 1466 1089 ad
1486 1060 1672 1090 refectorium
1690 1061 1836 1100 pertinent
1851 1071 1858 1097 ;
1881 1060 2005 1090 alterum

1267 1110 1354 1139 etiam
1372 1118 1472 1139 eorum
1492 1119 1565 1148 quae
1582 1119 1634 1148 per
1650 1109 1843 1140 hebdomadas
1860 1113 1911 1145 aut
1928 1119 2008 1140 rnen-

1267 1168 1315 1188 ses
1337 1158 1455 1188 debebit
1471 1158 1610 1188 fratribus
1627 1159 1794 1189 ministrare
1817 1163 1874 1188 tam
1895 1159 1924 1188 in
1941 1158 2006 1188 cibo

1267 1216 1353 1246 quam
1376 1208 1406 1237 in
1426 1211 1511 1246 potu3
1536 1207 1656 1236 tertium
1685 1207 1812 1246 denique
1833 1216 1935 1237 eorum
1957 1207 2007 1247 qui

1269 1265 1388 1286 mensae
1410 1256 1605 1286 ministraturi
1627 1261 1705 1286 sunt.

1308 1313 1346 1335 vl.
1370 1304 1449 1340 Quae
1480 1314 1515 1334 ex
1547 1306 1649 1335 mensa
1681 1309 1854 1344 supersunt,
1878 1304 2006 1343 colliget,

1268 1358 1356 1392 atque
1379 1363 1472 1393 coquo
1507 1353 1624 1392 tradet,
1648 1354 1697 1393 qui
1730 1353 1779 1383 illa
1812 1352 2007 1391 conservabit,

1269 1410 1380 1431 memor
1416 1401 1613 1441 paupertatiS,
1648 1406 1679 1431 ut
1712 1402 1747 1431 de
1781 1401 1949 1432 domesticis
1981 1404 2009 1431 et

1269 1451 1399 1480 externis
1424 1450 1601 1490 pauperibus
1625 1450 1691 1481 usui
1713 1460 1777 1481 esse
1800 1450 1912 1490 possint
1927 1450 2009 1480 iuxta

1270 1498 1482 1538 praescriptum
1500 1498 1623 1528 abbatis.

1309 1557 1328 1577 1.
1353 1547 1385 1577 In
1408 1548 1444 1577 iis
1467 1547 1605 1577 omnibus
1628 1557 1702 1587 quae
1731 1548 1764 1578 ad
1795 1557 1880 1578 suum
1903 1557 2010 1578 munus

1271 1597 1429 1636 pertinent,
1450 1596 1625 1626 munditiem
1647 1601 1744 1627 servet
1758 1597 1832 1636 ipse,
1850 1601 1878 1627 et
1893 1596 1929 1627 ab
1945 1595 2011 1627 aliis

1270 1645 1446 1675 servandam
1469 1649 1573 1675 curet:
1597 1644 1705 1684 detque
1726 1654 1844 1685 operam
1863 1637 2011 1675 utomnia

1270 1699 1351 1725 recte
1373 1698 1401 1724 et
1422 1698 1586 1734 opportune
1613 1699 1764 1733 parentur,
1788 1703 1819 1725 ea
1837 1694 2011 1734 praesertim

1271 1753 1345 1783 quae
1367 1743 1402 1773 ad
1424 1747 1556 1782 aegrotos
1579 1743 1738 1782 pertinent.

1310 1801 1340 1822 11.
1365 1792 1541 1830 Semihora,
1565 1796 1615 1822 aut
1647 1791 1750 1822 saltem
1784 1792 1891 1831 quarta.
1922 1792 2012 1822 horae

1271 1844 1372 1880 parte,
1397 1844 1555 1880 antequam
1588 1840 1618 1870 in
1652 1842 1754 1870 mensa
1775 1840 1812 1870 sit
1834 1840 2010 1875 sedendum,

1271 1889 1436 1928 praeparati
1459 1898 1561 1918 omnes
1584 1888 1643 1918 cibi
1667 1898 1730 1918 esse
1752 1888 1871 1919 debent.

1310 1947 1350 1968 ιιι.
1374 1937 1456 1968 Circa
1486 1938 1656 1977 qualitatem
1679 1942 1707 1968 et
1730 1938 1940 1977 quantitatem,
1966 1946 2013 1968 or-

1270 1987 1368 2017 dinem
1390 1986 1426 2017 ab
1448 1986 1552 2017 abbate
1575 1987 1786 2026 praescriptum
1808 1990 1961 2026 sequatur.

1310 2044 1349 2065 1v.
1373 2035 1513 2075 Coquere,
1537 2039 1586 2065 aut
1608 2035 1687 2065 aliud
1712 2034 1862 2074 quidpiam
1887 2043 1938 2074 pro
1961 2033 2016 2064 ali-

1272 2094 1328 2124 quo
1362 2084 1532 2124 particulari
1567 2093 1680 2123 parare,
1704 2083 1868 2114 infirmario
1900 2087 2014 2114 tantum

1271 2136 1405 2172 excepto,
1435 2133 1583 2162 neminem
1607 2133 1693 2170 sinat,
1724 2141 1820 2172 neque
1843 2132 1906 2172 ipse
1928 2131 2015 2162 saciat

1273 2181 1335 2211 sine
1358 2181 1472 2211 abbatis
1495 2181 1642 2211 facultate.

1313 2239 1340 2259 v.
1365 2230 1510 2269 Scriptum
1533 2231 1563 2260 in
1586 2229 1686 2260 codice
1715 2229 1821 2260 habeat
1849 2229 2015 2268 catalogum

1274 2288 1383 2316 rerum,
1408 2288 1532 2318 quarum
1555 2282 1599 2308 est
1622 2287 1692 2308 usus
1716 2278 1746 2308 in
1776 2277 1920 2317 coquina,
1944 2287 2017 2318 quas

1274 2327 1335 2367 ipse
1357 2337 1474 2358 servare
1495 2327 1593 2358 debet.

1317 2386 1354 2407 v1.
1379 2377 1564 2415 Diligentiam
1587 2376 1617 2406 in
1640 2375 1738 2413 rebus,
1762 2385 1834 2415 quas
1856 2375 2014 2413 consumit,

1275 2425 1443 2464 adhibebit,
1467 2434 1503 2455 ne
1525 2424 1595 2464 quid
1625 2434 1683 2455 non
1709 2424 1908 2454 necessarium
1936 2424 2017 2454 insu-

1276 2479 1373 2504 matur
1396 2479 1498 2504 eontra
1522 2478 1725 2513 paupertatem
1748 2473 1926 2511 religiosam.

1316 2532 1363 2553 vn.
1389 2523 1420 2553 Si
1442 2532 1529 2562 quem
1552 2522 1714 2553 adiutorem
1737 2522 1880 2561 haberet,
1904 2525 2018 2561 satagat

1276 2575 1307 2601 ut
1329 2581 1396 2602 eum
1419 2571 1509 2601 verbo
1538 2575 1566 2602 et
1594 2571 1728 2611 exemplo
1756 2570 1912 2610 aedificet,
1936 2579 2018 2610 prae-

1276 2620 1378 2652 sertim
1401 2620 1539 2652 novitios.

2001 235 2052 262 An.
2073 237 2103 263 C.
2124 237 2192 266 1740
2226 210 2232 261 ᾗ,

2051 1565 2101 1588 Cn.
2116 1566 2170 1590 mx.

2047 1594 2077 1615 De
2096 1598 2174 1622 coquo.
