2232 3178
295 246 344 273 An.
363 246 393 273 C.
417 244 484 273 1738

530 236 594 270 4⁶20

488 294 527 323 sis
542 298 569 323 et
585 292 731 331 suffragiis
755 302 806 332 pro
830 292 937 323 nostris
960 292 1104 331 religiosis
1127 292 1228 321 desun-

488 342 552 372 ctis.
577 343 618 372 Sit
642 351 756 380 quoque
779 341 853 371 liber
868 342 952 377 alter,
970 342 998 371 in
1018 351 1075 380 quo
1098 340 1226 370 scriban-

489 395 537 420 tur
559 391 737 429 quantitates
761 390 872 427 tritici,
896 390 989 425 ordei,
1014 390 1072 419 vini
1088 413 1096 427 ,
1114 389 1182 425 olei,
1200 393 1227 418 et

488 439 647 470 similium.
671 447 744 477 quae
766 447 951 477 quocumque
974 437 1057 467 titulo
1079 437 1227 475 recipzun-

489 491 535 516 tur
551 492 579 516 et
598 487 625 515 in
643 491 787 516 conventu
811 487 1027 525 expenduntur.
1044 486 1084 515 Ac
1100 485 1226 524 denique

488 535 525 564 sit
549 535 621 564 liber
637 535 711 564 alius
735 544 786 573 pro
808 535 1009 574 redemptione
1032 534 1224 573 captivorum,

489 587 520 612 ut
542 583 650 612 dictum
669 588 713 613 est
730 593 792 622 cap.
813 584 871 622 11,§
889 585 916 621 1,
936 594 962 613 n.
979 593 1019 620 ix,
1037 584 1139 622 inquo
1155 584 1226 613 scri-

487 631 595 661 bantur
618 642 674 661 non
698 632 791 660 solum
825 641 898 670 quae
930 636 1090 661 conventus
1113 635 1227 670 separat

488 689 541 718 pro
575 679 652 709 dicta
684 680 884 718 redemptione
899 705 906 717 ,
929 680 977 710 sed
1001 681 1086 710 etiam
1109 680 1224 714 onmia,

487 738 561 767 quae
584 738 700 768 quoquo
731 729 816 759 modo
845 734 873 759 et
896 729 981 759 titulo
1005 739 1055 768 pro
1078 731 1131 759 ea¹
1153 729 1226 759 reci-

488 778 619 816 piuntur.
638 778 670 807 Et
692 778 726 807 de
750 777 885 807 omnibus
908 778 937 807 in
962 778 1016 807 hoc
1042 787 1165 808 numero
1184 778 1227 807 di—

487 826 558 863 ctis,
582 826 716 865 superior
738 831 767 855 et
789 827 949 855 consiliarii
972 827 1000 855 in
1019 826 1076 856 tine
1097 826 1226 856 cuiusvis

487 874 597 903 mensis
620 874 761 903 rationem
785 874 951 911 conficiant,
967 878 995 903 et
1019 874 1047 903 in
1072 874 1227 912 praedictis

487 921 572 951 libris
599 922 728 951 scribant
756 927 784 951 et
813 922 1010 952 subscribant.
1034 921 1113 956 Quod
1143 922 1166 951 si
1196 922 1225 951 in

487 971 541 999 hoc
558 970 666 1000 suerint
683 970 876 1008 negligentes,
893 980 994 1000 severe
1012 971 1172 1010 puniantur
1190 970 1225 1000 ad

487 1019 640 1048 arbitrium
664 1020 864 1058 provincialis.

526 1076 564 1097 iv.
589 1067 682 1097 Etiam
705 1068 734 1096 iu
758 1068 889 1106 quolibet
917 1073 1064 1099 conventu
1092 1073 1120 1098 et
1142 1068 1227 1098 colle-

486 1116 533 1153 gio
551 1117 589 1145 sit
612 1117 640 1145 in
660 1118 730 1146 arca
753 1117 839 1146 trium
862 1118 999 1154 clavium,
1017 1128 1067 1147 seu
1090 1118 1118 1147 in
1133 1118 1227 1147 archi-

486 1164 542 1198 vio,
562 1164 635 1194 liber
658 1174 780 1202 magnus
803 1166 921 1195 nomine
940 1167 1098 1205 protocollo,
1118 1167 1147 1195 in
1170 1175 1226 1205 quo

485 1212 564 1242 clare
597 1218 625 1243 et
655 1223 720 1243 cum
750 1214 938 1244 distinctione
971 1215 1078 1254 scripta
1108 1215 1167 1243 sint
1199 1219 1227 1244 et

488 1261 654 1291 scribantur
671 1262 800 1291 fundatio
819 1267 847 1292 et
859 1267 952 1292 status
968 1266 1139 1299 conventus,
1155 1262 1227 1291 obli-

485 1310 617 1348 gationes
641 1315 798 1350 perpetuae
821 1312 988 1349 missarum,
1009 1311 1223 1349 suffragiorum,

485 1357 560 1388 bona
589 1358 703 1388 stabilia
728 1364 755 1388 et
778 1359 959 1397 immobilia,
983 1363 1011 1388 ot
1040 1369 1144 1389 census
1168 1364 1224 1388 tam

485 1406 515 1436 in
538 1407 666 1436 favorem
689 1417 776 1446 quam
800 1413 911 1437 contra.
930 1408 964 1437 Et
986 1408 1014 1437 in
1038 1408 1138 1437 eodem
1163 1418 1225 1446 pro-

485 1456 591 1485 tocollo
614 1457 651 1485 sit
674 1466 789 1495 quoque
812 1457 897 1486 index
920 1462 948 1486 et
970 1457 1166 1486 inventarium
1194 1466 1223 1486 o-

485 1505 597 1534 mnium
621 1505 831 1543 scripturarum
855 1506 883 1534 in
908 1506 1035 1535 savorem
1052 1509 1223 1543 conventus,

485 1563 552 1583 cum
568 1555 716 1584 notatione
732 1554 799 1588 loci,
814 1555 953 1593 temporis
967 1559 994 1585 et
1008 1555 1121 1585 scribae
1139 1565 1153 1584 a
1167 1564 1224 1594 quo

485 1601 617 1639 signatae
640 1607 719 1640 sunt⁷
738 1612 769 1632 ac
792 1603 918 1642 denique
940 1604 970 1632 in
993 1603 1071 1633 dicta
1093 1605 1162 1633 arca
1180 1603 1224 1632 vel

484 1651 615 1680 archivio
638 1652 840 1681 custodiantur
855 1661 956 1682 omnes
975 1656 1002 1682 et
1024 1661 1224 1691 quaecumque

485 1701 661 1739 scripturae,
682 1700 878 1730 instrumenta
898 1705 926 1730 et
949 1701 1110 1730 inventaria
1135 1701 1225 1740 perti-

486 1749 585 1778 nentia
608 1749 643 1779 ad
665 1753 826 1779 conventus
848 1749 893 1779 vel
916 1749 1031 1787 collegii
1053 1749 1139 1779 bona.

671 1826 819 1849 REGULAE
845 1825 945 1850 CAPUT
969 1827 1041 1849 XXX.

536 1879 585 1897 non
600 1878 674 1896 solum
688 1878 805 1900 tratribus.
817 1878 858 1897 sed
873 1879 898 1897 et.
913 1878 1012 1896 familiae
1023 1878 1111 1900 domus,
1123 1879 1172 1896 etc.

484 1928 582 1960 CAPUT
605 1939 672 1959 xxx.
693 1947 730 1952 —
753 1929 792 1959 De
814 1929 951 1968 capitulo,
976 1930 1120 1959 collatione
1141 1929 1225 1967 spiri-

524 1978 594 2008 tuali
607 2003 613 2013 ‚
637 1988 669 2008 ac
690 1978 876 2008 exhortatione
903 1979 933 2007 in
954 1978 1047 2007 diebus
1068 1978 1222 2007 dominicis.

522 2049 544 2070 1.
568 2041 696 2078 Singulis
718 2040 872 2070 dominicis
888 2040 991 2070 diebus
1014 2044 1080 2070 ante
1097 2040 1223 2070 Primam

483 2088 515 2119 in
537 2089 672 2119 omnibus
694 2089 886 2119 conventibus
908 2093 936 2118 et
957 2089 1088 2127 collegiis
1113 2089 1225 2128 capitu-

484 2138 545 2168 lum
568 2139 649 2168 iuxta
671 2143 803 2169 tenorem
832 2139 950 2177 regulae
972 2139 1002 2168 in
1025 2139 1091 2168 aula
1113 2139 1224 2177 capitu-

484 2187 540 2217 lari
564 2188 625 2225 siat,
650 2188 679 2217 in
702 2197 759 2227 quo
783 2188 928 2227 praelatus
951 2187 1083 2217 hortetur
1106 2187 1224 2225 religio-

484 2245 532 2265 sos
548 2237 583 2266 ad
606 2236 832 2273 observantiam,
850 2237 1048 2276 maioremque
1071 2236 1224 2275 perfectio-

483 2294 552 2315 nem
573 2285 709 2323 illorum,
734 2286 834 2324 culpas
856 2285 1002 2323 corrigat,
1033 2288 1157 2324 agatque
1186 2284 1222 2314 de

483 2333 611 2373 receptis
633 2343 666 2363 ac
688 2333 829 2373 separatis
858 2337 886 2363 et
907 2333 1077 2372 separandis
1100 2342 1152 2372 pro
1174 2342 1219 2363 re-

485 2381 653 2421 demptione
675 2382 878 2421 captivorum,
903 2382 938 2412 de
969 2386 1045 2412 statu
1067 2381 1170 2412 domus
1196 2385 1224 2411 et

483 2431 547 2468 ,eius
569 2431 758 2468 substantia,
783 2431 938 2470 audiatque
961 2430 1091 2460 subditos
1113 2430 1224 2470 capitu-

484 2480 560 2511 lares
592 2489 666 2519 ‹1uae
695 2480 729 2510 ad
759 2480 914 2520 perfectius
941 2480 1033 2519 ipsius
1062 2483 1223 2510 conventus

484 2528 530 2558 vel
552 2528 667 2567 collegii
682 2528 813 2567 regimen
828 2528 858 2559 in
880 2528 945 2568 ipso
967 2528 1096 2568 capitulo
1118 2537 1223 2567 propo-

520 2631 532 2657 1
555 2629 654 2658 Vocem
674 2630 707 2658 εά
728 2638 777 2659 nos
797 2630 923 2659 addimus
941 2632 980 2666 (a.
997 2631 1050 2673 in).-

1073 243 1257 269 BULLARIUM
1282 242 1440 267 ROMANUM

1271 290 1393 327 suerint,
1411 295 1438 321 et
1460 291 1536 330 quod
1559 291 1715 330 expediens
1739 292 1880 329 videatur,
1900 291 2005 331 exequi

1271 344 1363 370 curet.
1388 340 1498 376 Quibus
1521 341 1622 377 sinitis,
1645 341 1669 369 si
1692 341 1786 371 adhuc
1803 341 1912 371 nonsit
1935 342 2005 371 hora

1270 389 1411 419 recitandi
1441 389 1590 426 Primam,
1613 389 1726 428 reliquo
1758 394 1886 428 tempore
1913 399 2005 429 usqne

1269 437 1303 466 ad
1332 438 1412 466 illam
1452 447 1553 467 omnes
1588 438 1616 467 in
1651 438 1799 467 communi
1840 438 2006 468 mentaliter

1269 490 1362 515 orent.

1309 534 1452 564 11.Prima
1467 535 1624 565 cuiuslibet
1642 536 1750 565 mensis
1765 536 1922 573 dominica,
1939 539 2006 566 ante

1269 584 1481 613 correctionem
1501 583 1654 622 culparum
1677 589 1705 614 et
1727 589 1792 614 ante
1809 585 1905 615 omnia
1924 594 2007 624 prae-

1269 631 1344 660 dicta
1368 641 1449 661 num.
1479 641 1499 668 1,
1528 632 1653 662 habeant
1681 633 1784 663 fratres
1807 643 1858 672 per
1880 634 2006 673 spatium

1270 680 1407 710 dimidiae
1436 681 1524 710 horae
1554 681 1736 711 collationem
1767 683 1948 721 spiritualem
1971 682 2007 712 de

1270 729 1367 768 aliquo
1391 729 1459 758 vitio
1482 729 1668 768 extrirpando
1683 754 1690 768 ,
1714 739 1764 759 seu
1788 731 1895 760 virtute
1916 730 2008 769 adipi-

1269 777 1390 814 scenda,
1415 778 1458 806 vel
1481 778 1515 806 de
1540 782 1646 816 puncto
1669 779 1767 818 aliquo
1796 779 1956 816 orationis,
1980 781 2008 808 et

1269 835 1370 855 omnes
1393 834 1474 855 suam
1510 826 1685 855 sententiam
1717 830 1746 856 et
1778 826 1917 856 iudicium
1940 835 2006 866 pro-

1270 875 1432 904 nuncient:
1456 883 1489 903 ac
1513 874 1639 913 denique
1662 875 1797 913 superior
1818 874 1935 905 brevem
1961 884 2008 905 er-

1269 933 1303 961 ga
1326 923 1455 953 eamdem
1481 932 1541 952 rem
1565 923 1733 953 concionem
1758 928 1846 962 agat·,
1873 924 2008 954 minister

1270 981 1348 1007 vero,
1380 972 1429 1011 qui
1453 981 1504 1011 per
1528 972 1673 1010 integrum
1698 982 1806 1002 annum
1830 973 2006 1012 praedictam

1269 1020 1457 1050 collationem
1487 1020 1638 1056 omiserit,
1659 1020 1798 1050 inhabilis
1829 1021 2006 1059 declaretur,

1269 1069 1327 1098 imo
1347 1069 1373 1098 vi
1396 1069 1482 1098 huius
1502 1069 1720 1099 constitutionis
1743 1074 1890 1109 tamquam
1913 1069 2009 1099 decla-

1270 1122 1350 1146 ratus
1384 1117 1546 1155 habeatur,
1572 1121 1599 1146 et
1627 1127 1641 1146 a
1673 1118 1843 1156 provinciali
1868 1118 2006 1156 privetur.

1309 1174 1349 1195 111.
1374 1165 1510 1205 Insuper,
1535 1170 1651 1204 praeter
1673 1166 1835 1196 dominicos
1857 1166 1939 1203 dies,
1963 1165 2007 1196 bis

1269 1214 1356 1243 etiam
1393 1214 1422 1243 in
1456 1214 1638 1244 hebdomada
1670 1215 1868 1245 advertentiae
1910 1215 2009 1254 culpa—

1270 1272 1393 1302 rumque
1417 1263 1557 1293 correctio
1586 1263 1615 1293 in
1638 1264 1739 1293 eadem
1762 1264 1830 1294 aula.
1852 1263 2008 1304 capitulari

1269 1312 1336 1348 siat,
1360 1322 1374 1341 a
1398 1312 1539 1342 Paschatc
1562 1313 1678 1351 quidem
1710 1322 1802 1352 usque
1825 1313 1859 1343 ad
1883 1313 2005 1353 primam

1269 1360 1343 1389 diem
1367 1360 1503 1396 octobris,
1519 1360 1685 1390 immediate
1708 1365 1770 1400 post
1792 1371 1945 1400 vesperas;
1962 1370 2008 1391 re-

1269 1409 1348 1448 liquo
1367 1418 1434 1438 vero
1457 1413 1588 1448 tempore
1603 1409 1671 1438 anni
1688 1414 1751 1448 post
1767 1406 2005 1448 Completorium.

1307 1467 1345 1487 iv.
1369 1457 1472 1487 Omnia
1496 1458 1640 1497 praedicta
1670 1461 1727 1487 tam
1760 1458 1895 1488 videlicet
1918 1458 2007 1488 colla-

1268 1508 1362 1537 tiones
1395 1511 1423 1537 et
1455 1507 1692 1545 exhortationes,
1730 1516 1815 1546 quam
1852 1507 2006 1547 culparum

1267 1554 1463 1584 correctiones
1485 1554 1578 1583 solum
1601 1554 1664 1583 fieri
1687 1558 1808 1593 possunt
1839 1563 1853 1583 a
1877 1555 2008 1594 superio-

1268 1603 1348 1633 ribus
1384 1603 1586 1641 generalibus,
1625 1603 1815 1642 provinciali,
1854 1603 2004 1643 ministro,

1268 1652 1445 1691 praesidenti
1468 1652 1513 1681 vel
1536 1652 1656 1682 vicario.

1443 1728 1590 1751 REGULAE
1615 1728 1714 1752 CAPUT
1737 1729 1820 1752 XXXI.

1386 1781 1418 1799 De
1432 1780 1537 1798 omnibus
1552 1780 1622 1798 rebus
1635 1780 1661 1798 et
1676 1780 1822 1802 clamoribus,
1838 1780 1886 1800 etc.

1283 1831 1378 1861 CAPUT
1402 1841 1480 1861 xxxi.
1505 1849 1543 1855 —
1564 1831 1604 1861 De
1631 1832 1797 1861 correctione
1818 1831 1985 1871 culparum,

1399 1881 1431 1909 de
1453 1889 1548 1909 earum
1568 1881 1701 1917 gravitate
1722 1882 1747 1908 et
1765 1881 1871 1918 poenis.

1306 1951 1326 1972 1.
1351 1942 1480 1980 Singulis
1502 1941 1694 1972 hebdomadis
1722 1942 1891 1980 designetur
1912 1950 2008 1972 sacer-

1267 1991 1328 2026 dos,
1353 1992 1437 2021 cuius
1460 1990 1588 2020 officium
1611 1991 1649 2021 sit
1668 1991 1762 2020 zelare
1778 1991 2005 2026 observantiam,

1267 2044 1295 2069 et
1316 2039 1489 2069 charitative
1520 2049 1554 2069 ac
1586 2039 1762 2078 simpliciter
1783 2048 1948 2078 proponere
1975 2039 2005 2069 in

1266 2088 1393 2127 capitulo
1422 2088 1522 2127 culpas
1554 2088 1777 2126 religiosorum,
1801 2088 1877 2118 infra
1899 2087 2008 2119 hebdo-

1266 2137 1381 2166 madam
1404 2137 1520 2176 quidem
1537 2137 1673 2173 leviores,
1699 2137 1746 2166 die
1762 2146 1829 2166 vero
1845 2137 2005 2176 dominica,

1266 2195 1340 2224 quae
1362 2186 1480 2215 maioris
1503 2185 1562 2215 sint
1585 2185 1744 2224 ponderis3
1764 2185 1899 2225 idemque
1922 2186 2007 2215 t'aciat

1266 2234 1388 2273 capituli
1424 2242 1551 2273 praeses.
1590 2233 1805 2274 Hortamurque
1837 2235 2004 2271 zelatorem,

1266 2282 1344 2321 quod
1365 2282 1491 2312 fideliter
1507 2286 1535 2312 et
1550 2282 1612 2312 sine
1629 2292 1819 2321 personarum
1836 2283 2006 2322 acceptione

1266 2339 1351 2360 suum
1374 2330 1532 2370 adimpleat
1564 2331 1704 2360 officium.
1728 2330 1769 2360 Ne
1802 2335 1898 2360 autem
1921 2329 2006 2360 ausui

1266 2379 1353 2408 alicui
1376 2379 1550 2418 imputetur,
1567 2379 1630 2409 sine
1647 2379 1764 2418 praevia
1792 2379 2005 2409 consultatione

1266 2428 1311 2458 sui
1334 2428 1471 2466 ministri,
1495 2428 1641 2467 gravium,
1661 2429 1834 2468 seniumque
1856 2429 2008 2467 religioso-

1265 2485 1330 2507 rum
1353 2477 1466 2516 culpas,
1490 2477 1677 2517 quantumvis
1700 2478 1796 2515 leves,
1820 2486 1877 2508 non
1902 2486 2006 2518 propo-

1265 2530 1316 2556 nat
1337 2526 1368 2556 in
1391 2526 1519 2566 publico.

1303 2583 1333 2605 11.
1351 2574 1388 2605 Ut
1403 2579 1519 2605 sanctae
1534 2575 1627 2606 nostri
1642 2575 1760 2606 Ordinis
1776 2575 2004 2606 consuetudines

1266 2624 1470 2664 observentur,
1489 2625 1666 2664 superiores,
1691 2633 1742 2664 pro
1765 2624 1860 2665 culpis
1876 2624 2002 2664 levibus,

2016 244 2064 272 Αη.
2077 245 2107 273 c.
2130 238 2196 278 imi
2220 280 2222 286 k

2086 1958 2121 1986 §t

2044 1984 2074 2005 De
2094 1974 2154 2006 mado
2170 1974 2207 2008 vi

2024 2011 2187 2034 nimadvertendt
2201 2012 2206 2034 t

2017 2038 2090 2064 culpas
2105 2039 2126 2060 in
2139 2037 2192 2066 upil-

2018 2065 2068 2086 tuto.

2201 2051 2205 2060 u

2201 2071 2206 2084 ›
2228 2065 2232 2081 ἔ
