2232 3178
15 196 66 223 An.
81 192 108 219 C.
130 190 196 218 ¹738

828 184 972 208 CLEMENS
997 183 1042 207 x11
1068 184 1117 207 PP.

205 243 272 271 tum
309 235 571 279 trigintaseptein
615 236 751 268 ducatos
794 234 863 266 auri
908 234 946 266 de

203 291 334 325 camera
358 289 554 329 huiusmodi,
573 295 607 321 ut
627 289 821 332 praefertur,
841 297 948 320 ascen-

204 344 334 383 dentis,
372 344 498 376 tertiam
537 343 725 376 earumdem
764 341 946 383 respective

203 399 366 431 tractuum
382 424 389 437 ‚
435 397 618 430 reddituum
659 401 691 429 et
728 400 945 439 proventuum

203 450 408 489 naturalium,
429 450 672 482 industrialium
692 455 724 482 et
749 448 889 481 civilium
909 458 946 479 ex

203 503 372 542 censibus,
417 503 607 542 laudemiis,
653 500 945 534 contributionibus

201 555 436 600 praedialibus,
464 557 560 597 vulgo
597 555 764 598 pitanam,
807 553 946 595 aliisque

203 608 453 642 obventionibus
470 635 477 647 ,
502 618 629 641 necnon
656 617 693 640 ex
719 605 946 638 iurisdictione

203 662 299 694 etiam
326 661 498 704 temporali
537 666 568 693 et
605 671 640 692 ex
667 658 881 691 cancellariae
911 668 947 689 ac

202 714 422 746 luctuosarum
441 711 653 755 proventibus
672 709 946 753 provenientium,

202 772 457 809 ceterorumque
477 766 774 798 emolumentorum
792 772 946 805 quorum-

202 829 338 862 cumque
368 818 406 850 ad
436 817 686 861 patriarchalem
713 815 947 858 Ulyssiponen-

202 882 271 905 sem
291 871 527 904 occidentalem
545 881 580 903 ae
598 868 897 912 archiepiscopales
916 872 946 899 et

202 924 403 968 episcopales
418 924 572 957 ecclesias
588 922 771 966 praedictas
790 931 946 964 quocum-

202 989 264 1022 que
283 979 375 1011 titulo
395 979 491 1011 etiam
510 978 649 1021 unionis,
666 975 860 1014 donationis,
875 984 944 1007 eon·

202 1032 324 1065 tractus
343 1031 526 1071 cuiuslibet,
549 1030 646 1064 etiam
669 1028 811 1067 onerosi,
830 1032 885 1060 aut
901 1028 946 1060 le-

201 1085 275 1128 gaii,
293 1084 389 1118 etiam
406 1084 587 1127 personalis
607 1082 795 1126 nuncupati,
813 1081 862 1114 vel
884 1080 946 1113 alia

201 1137 310 1181 quavis
346 1140 441 1171 eausa
477 1148 534 1171 seu
570 1137 665 1177 iure,
697 1145 784 1168 nune
820 1140 851 1167 et
886 1144 944 1177 pro

201 1197 346 1235 tempore
372 1191 468 1224 etiarn
494 1192 533 1224 de
559 1201 643 1224 novo
669 1190 701 1222 in
727 1190 872 1221 futurum
899 1198 946 1220 re-

201 1245 344 1289 spective
362 1244 589 1287 spectantium,
604 1248 741 1287 partem,
757 1242 887 1274 insimul
906 1241 944 1274 ad

201 1298 415 1343 quadraginta
440 1303 580 1341 quatuor
597 1298 686 1329 mille
705 1301 834 1329 centum
860 1301 946 1328 octo-

202 1353 291 1396 ginta
314 1357 387 1385 octo
414 1351 547 1384 ducatos
579 1351 646 1384 auri
674 1349 865 1383 huiusmodi
892 1359 946 1381 an-

201 1406 324 1440 nuatim
339 1416 425 1439 nunc
440 1411 471 1439 et
484 1406 580 1439 etiam
595 1415 654 1448 pro
673 1411 819 1448 tempore
839 1414 946 1436 ascen-

202 1461 350 1501 dentem,
372 1465 417 1499 et,
437 1460 562 1502 quoad¹
583 1459 735 1492 ecclesias
761 1458 946 1501 praedictas

202 1525 282 1557 quae
308 1513 447 1557 pastoris
472 1512 588 1546 solatio
611 1513 649 1546 ad
668 1522 823 1555 praesens
850 1511 948 1544 desti-

204 1572 288 1600 tutae
313 1567 476 1607 existunt,
503 1576 521 1598 a
546 1566 597 1599 die
623 1567 717 1599 datae
754 1565 945 1598 earumdem

202 1619 442 1664 praesentium,
480 1619 587 1663 quoad
629 1618 708 1652 alias
748 1629 823 1651 vero
864 1628 946 1660 quae

202 1685 258 1707 suo
284 1673 463 1716 respective
485 1677 616 1716 pastore
634 1672 781 1705 viduatae
808 1682 874 1704 non
900 1681 947 1703 re-

201 1727 384 1771 periuntur,
411 1737 448 1760 ex
485 1737 571 1760 nunc
607 1737 666 1769 pro
695 1731 791 1765 tunc,
818 1730 849 1758 et
874 1735 946 1758 eum

203 1781 342 1824 primum
368 1780 440 1813 illas
474 1785 505 1813 et
539 1790 649 1813 earum
677 1779 856 1823 quamlibet
893 1790 947 1811 eo·

203 1836 275 1869 dem
291 1834 430 1878 pastoris
450 1834 565 1866 solatio
592 1833 724 1867 destitui
751 1833 943 1875 configerit:

202 1899 330 1922 necnon
357 1899 393 1921 ex
421 1887 578 1920 decanatu
616 1893 690 1930 post
726 1887 944 1930 pontificalem

203 1942 336 1981 maiore,
364 1941 456 1974 cuius
481 1941 568 1973 mille
602 1940 816 1974 ducentorum
849 1951 946 1973 nona-

203 1997 291 2040 ginta
316 2006 443 2035 novem,
462 2004 589 2028 necnon
608 2005 644 2028 ex
661 2000 837 2034 cantoratu,
855 1995 945 2028 cuius

203 2050 457 2094 quingentorum
495 2049 674 2091 nonaginta
711 2054 872 2091 quatuor,
917 2054 947 2081 et

204 2116 240 2138 ex
265 2114 329 2137 uno
355 2104 393 2137 de
414 2103 529 2145 Braga,
549 2103 637 2135 cuius
663 2102 945 2145 septingentorum

204 2158 440 2203 quinquaginta
465 2167 541 2197 sex,
568 2167 604 2190 ac
640 2167 676 2189 ex
703 2157 805 2189 altero
844 2156 946 2189 archi-

205 2212 430 2245 diaconatibus
471 2211 509 2243 de
550 2210 725 2243 Colimbria
764 2211 945 2254 respective

205 2264 421 2308 nuncupatis,
447 2264 536 2297 cuius
573 2264 784 2297 ducentorum
815 2264 945 2306 triginta

153 2321 156 2327 '
206 2322 338 2363 septem,
356 2329 393 2351 ac
412 2328 447 2351 ex
469 2318 708 2351 thesaurariatu
735 2317 847 2350 maiori
867 2328 946 2350 nun-

206 2377 342 2415 cupato,
371 2371 463 2404 cuius
489 2371 627 2405 aliorum
665 2372 945 2414 septingentorum

206 2424 418 2468 quadraginta
443 2429 585 2467 septem,
620 2434 655 2456 ac
689 2434 725 2455 ex
751 2423 947 2456 scholastria

206 2479 385 2522 respective
411 2478 639 2520 dignitatibus,
665 2478 756 2510 cuius
783 2477 947 2520 octingen-

208 2538 314 2567 torum
337 2532 544 2576 septuaginta
569 2542 622 2565 sex
660 2536 690 2566 et
725 2531 794 2564 iulii
831 2533 946 2573 unlus:

244 2598 253 2623 1
276 2594 343 2623 mate
359 2596 403 2623 ed.
415 2595 494 2623 Μαίη.
508 2595 573 2630 legit
588 2596 665 2630 qnod
678 2603 725 2629 pro
738 2595 834 2630 quoad
851 2596 945 2629 (aaz).

278 2650 363 2678 Buzt.
380 2651 462 2679 Rom.
480 2665 511 2670 -
534 2650 595 2678 Vol.
612 2649 716 2678 XXIV.
862 2649 891 2675 41

992 242 1116 266 necnon
1145 243 1180 265 ex
1207 242 1270 266 uno
1297 236 1328 265 et
1353 233 1427 271 una,
1456 242 1553 275 quem
1579 238 1610 265 ct
1639 241 1736 274 quam

992 286 1151 318 Antonius
1176 285 1398 328 Magalhaens,
1427 296 1463 318 ac
1489 296 1628 328 quorum
1659 296 1736 329 qua-

992 339 1242 381 dringentorum
1262 339 1501 382 quinquaginta
1521 350 1656 379 novem,
1677 349 1736 371 nec

991 403 1057 425 non
1084 403 1120 424 ex
1147 393 1209 425 alio
1235 398 1266 425 et
1292 393 1365 431 alia,
1391 403 1485 436 quem
1512 398 1543 424 et
1568 403 1662 435 qtnun
1689 392 1735 424 Si-

991 456 1064 478 mon
1092 446 1254 485 Barbosa,
1281 457 1317 478 ac
1344 456 1484 489 quorum
1521 446 1735 489 quadringen-

992 503 1098 530 torum
1124 499 1304 541 nonaginta
1329 505 1426 539 octo,
1465 510 1501 531 ac
1537 510 1573 531 ex
1609 499 1673 531 alio
1704 504 1736 531 et

991 552 1062 592 alia,
1085 562 1180 594 quem
1207 558 1239 585 ct
1265 563 1359 595 quam
1385 553 1526 594 lgnatius
1552 554 1590 586 de
1610 553 1734 592 Aravio,

991 615 1027 637 ae
1063 615 1202 647 quorum
1239 605 1555 648 quadringentorum
1598 605 1734 648 quadra-

992 658 1080 699 ginta
1106 663 1241 701 septem,
1272 669 1308 690 ac
1334 670 1370 691 ex
1397 659 1461 691 alio
1488 665 1520 691 et
1545 659 1617 697 alia,
1639 669 1734 701 quein

991 716 1021 742 et
1053 721 1147 753 quam
1185 711 1341 744 Emanuel
1369 711 1496 744 Pereira
1534 712 1572 744 de
1609 712 1734 752 Aravio,

990 773 1026 796 ac
1044 774 1180 806 quorum
1201 765 1464 806 octingentorum
1480 765 1610 806 triginta
1624 765 1731 804 unius,

990 826 1026 848 ac
1052 827 1089 849 ex
1111 816 1174 849 alio
1201 822 1233 849 et
1257 817 1331 857 alia,
1353 828 1448 860 quem
1474 822 1503 849 et
1530 828 1624 860 quam
1644 817 1735 850 loan-

991 879 1047 901 nes
1071 869 1187 902 Soares
1212 869 1388 909 Monteiro‚
1415 881 1451 903 ac
1477 869 1629 913 quorum¹
1657 881 1734 913 qua-

991 922 1238 965 dringentorum
1265 923 1568 967 trigintaquinque,
1604 934 1735 957 necnon

990 986 1024 1009 ex
1048 977 1111 1009 alio
1131 982 1163 1009 et
1180 977 1250 1017 alia,
1270 987 1367 1020 quem
1393 983 1424 1010 et
1448 988 1545 1021 quam
1572 977 1732 1010 Antonius

990 1029 1122 1062 Ribeiro
1141 1030 1180 1063 de
1199 1030 1344 1070 Macedo,
1364 1041 1399 1063 ac
1418 1041 1556 1074 quorum
1579 1030 1735 1074 quingen-

990 1088 1095 1115 torum
1114 1083 1327 1126 quadraginta
1346 1084 1460 1123 trium,
1479 1093 1515 1116 ac
1541 1094 1576 1116 ex
1604 1083 1734 1126 reliquo

989 1137 1236 1170 canonicatibus
1262 1142 1294 1170 et
1318 1137 1446 1181 reliqua
1471 1137 1669 1180 praebendis
1687 1147 1734 1169 ec-

989 1190 1104 1224 clesiae
1142 1191 1393 1230 Bracharensis,
1433 1202 1530 1234 quem
1568 1196 1601 1224 et
1638 1202 1734 1234 quam

989 1243 1169 1277 Gonzalvus
1195 1245 1354 1277 Antonius
1380 1245 1419 1277 de
1444 1245 1555 1284 Sousa,
1576 1250 1631 1277 aut
1655 1244 1734 1277 alias

991 1299 1096 1331 forsan
1134 1299 1317 1341 respective
1354 1298 1511 1331 nominati
1538 1304 1569 1331 et
1593 1309 1649 1331 seu
1683 1309 1734 1331 co-

990 1352 1170 1395 gnominati
1196 1352 1308 1384 clerici
1335 1362 1389 1385 seu
1411 1352 1596 1395 presbyteri
1623 1352 1734 1385 dilecti

990 1407 1086 1439 etiam
1115 1406 1192 1444 lilii,
1220 1407 1269 1438 vel
1300 1416 1413 1438 corum
1439 1411 1494 1438 aut
1525 1405 1660 1438 alicuius
1686 1416 1735 1439 eo-

991 1470 1061 1492 rum
1089 1460 1198 1492 forsan
1223 1469 1430 1492 successores
1464 1470 1520 1492 scu
1550 1469 1734 1499 successor,

991 1514 1028 1546 ad
1046 1523 1202 1556 praesens
1220 1513 1402 1556 respective
1421 1512 1583 1553 obtinent,
1603 1524 1639 1545 ac
1656 1523 1734 1556 quo-

991 1576 1059 1598 rum
1074 1566 1388 1609 quadringentorum
1403 1565 1585 1608 octoginta;
1602 1576 1733 1598 necnon

991 1631 1028 1653 ex
1065 1620 1223 1652 decanatu
1261 1619 1359 1652 ctiam
1400 1625 1474 1662 post
1513 1619 1733 1662 pontificalem

990 1673 1125 1713 maiore,
1146 1673 1235 1705 cuius
1252 1673 1341 1706 mille
1360 1678 1601 1715 sexcentorum,
1632 1684 1669 1706 ac
1695 1684 1732 1706 ex

991 1728 1181 1760 scholastria
1207 1726 1355 1760 similiter
1379 1727 1558 1770 respective
1596 1726 1734 1769 dignita-

991 1781 1085 1821 tibus,
1105 1781 1196 1813 cuius
1215 1779 1478 1822 octingentorum
1495 1780 1732 1823 quinquaginta

991 1840 1075 1873 octo,
1097 1844 1224 1867 necnon
1251 1845 1289 1867 ex
1314 1835 1463 1867 undecim
1490 1834 1731 1868 canonicatibus

991 1894 1041 1929 et,
1074 1898 1138 1921 non
1164 1893 1271 1921 tamen
1297 1887 1454 1921 doctorali
1491 1894 1522 1920 et
1555 1888 1732 1930 magistrali

991 1942 1170 1986 respective
1188 1941 1397 1985 nuncupatis,
1414 1941 1611 1984 praebendis
1630 1942 1734 1974 eccle-

990 1996 1057 2029 siae
1083 1995 1286 2035 Elborensis,
1306 2005 1445 2038 quorum
1471 2000 1502 2027 et
1527 2004 1663 2037 quarum
1689 1994 1734 2026 in-

990 2049 1084 2082 simul
1103 2059 1218 2082 novem
1238 2048 1326 2081 mille
1345 2048 1658 2092 quadringentorum
1680 2047 1734 2079 tri·

989 2103 1077 2145 ginta
1102 2107 1185 2141 octo,
1208 2112 1244 2135 ac
1263 2112 1300 2134 ex
1319 2103 1465 2145 quinque
1491 2101 1733 2134 canonicatibus

990 2167 1062 2190 cum
1099 2155 1234 2188 dimidia
1273 2155 1481 2198 praebenda,
1507 2165 1564 2187 seu
1590 2154 1733 2187 dimidiis

990 2209 1235 2243 canonicatibus
1276 2215 1308 2242 et
1348 2209 1489 2242 dimidiis
1535 2208 1732 2251 praebendis

989 2264 1133 2297 eiusdem
1162 2263 1319 2296 ecclesiae
1352 2262 1546 2303 Elborensis,
1572 2263 1669 2294 etiam
1694 2272 1731 2294 ex

989 2318 1046 2351 illo
1072 2323 1104 2350 et
1141 2318 1214 2357 illa,
1247 2317 1337 2350 cuius
1374 2318 1474 2350 altera
1511 2316 1642 2349 dimidia
1669 2316 1733 2347 sru-

990 2376 1098 2404 ctuum
1137 2381 1212 2413 pars
1253 2370 1406 2402 tribunali
1443 2379 1552 2402 sacrae
1592 2368 1731 2411 Inquisi-

992 2425 1087 2458 tionis
1121 2424 1279 2467 perpetuo
1312 2423 1471 2466 applicata
1499 2422 1669 2465 reperitur,
1696 2432 1733 2455 ac

991 2489 1130 2522 quornm
1166 2483 1196 2511 et
1229 2487 1367 2520 quarum
1400 2476 1529 2509 insimul
1559 2475 1608 2508 bis
1640 2475 1732 2508 mille

991 2537 1119 2566 centurn
1153 2530 1367 2575 quadraginta
1404 2529 1567 2573 quinquc;
1602 2538 1731 2562 necnon

1028 2596 1037 2622 1
1063 2594 1133 2621 Edit.
1155 2593 1234 2622 Main.
1257 2593 1324 2628 legit
1344 2601 1471 2628 quarum
1493 2592 1533 2627 (n.
1548 2592 1597 2625 τ,).

1634 171 1693 205 321
1744 181 1796 207 Λη.
1818 181 1845 207 e.
1865 180 1931 207 1738
