2232 3178
53 217 103 245 Αη.
120 215 150 243 C.
172 214 240 243 ¹735

74 1075 184 1096 ‹ttaazutae
205 1081 230 1096 ir-

48 1104 143 1123 tutantes.

874 215 1016 239 oceanas
1042 214 1086 239 xii
1111 215 1160 240 pr.
1699 211 1735 244 81

247 263 328 307 cipis
353 262 584 307 Apostolorum
615 264 653 296 de
680 263 765 297 Urbe
799 274 835 296 ac
861 263 989 297 Crucia-

249 323 299 349 tae
335 321 464 349 sanctae
502 322 534 349 et
572 317 644 350 aliis
688 317 921 350 collectoribus
958 323 990 349 et

246 369 559 410 subcollectoribus,
594 371 779 414 ceterisque
806 370 989 403 cuiuscum-

245 434 308 467 que
334 422 511 466 dignitatis,
535 428 649 464 status,
677 423 794 466 gradus
821 428 852 456 et
876 423 987 456 condi-

247 476 343 510 tionis
371 477 592 517 existentibus,
620 477 716 510 etiam
743 476 853 520 quavis
879 482 989 510 aucto-

244 530 338 564 ritate
364 536 395 563 et
421 536 583 574 potestate
609 531 830 573 fungentibus,
857 531 916 563 sub
935 541 988 563 ex-

245 583 548 617 communicationis
585 584 718 618 maioris
759 583 898 627 aliisque
939 594 989 616 ec-

244 636 436 669 clesiasticis
453 637 633 677 sententiis,
650 637 796 670 censuris
815 642 845 669 et
862 636 988 680 poenis,

245 701 285 723 ne
310 690 545 730 universitates,
571 690 711 733 collegia
737 700 772 722 ac
797 690 868 722 loca
894 696 925 722 et
946 691 990 722 le-

244 743 398 785 gatarios,
423 743 583 776 haeredes
609 748 640 776 et
665 753 833 786 personas,
860 753 988 775 necnon

246 801 528 837 testamentorum,
556 797 758 829 voluntatum
792 801 824 829 et
858 796 988 829 ordina-

245 850 369 883 tionum
386 849 574 883 huiusmodi
590 855 778 883 executores
794 849 987 893 praedictos,

244 902 366 936 directe
400 904 449 936 vel
482 903 667 943 indirecte,
695 903 808 947 quovis
840 903 988 947 quaesito

244 957 358 989 colore
384 957 433 989 vel
468 956 601 999 ingenio
634 957 810 990 molestare
847 957 1011 990 audeant=

243 1020 376 1054 quoquo
395 1010 490 1043 modo
509 1010 556 1043 vel
576 1009 782 1053 perturbare.

287 1062 372 1106 §1st
395 1063 438 1095 Ac
456 1063 675 1096 decernentes
695 1063 860 1106 praedicta
878 1063 988 1096 omnia

244 1122 275 1150 et
293 1116 432 1159 singula,
454 1122 709 1160 praesentesque
731 1113 866 1156 lilteras,
886 1122 917 1149 et
942 1122 987 1149 te-

244 1176 421 1210 stamenta,
445 1170 663 1211 donationes,
687 1170 876 1210 codicillos,
898 1170 986 1203 fidei-

243 1223 425 1263 commissa,
441 1224 545 1266 legata
559 1223 793 1264 ordinationes,
808 1223 987 1266 derogatio-

242 1288 310 1317 nes,
338 1277 574 1320 dispositiones
597 1283 629 1310 ct
654 1277 716 1310 alia
743 1287 984 1320 quaecu1nque‚

243 1341 373 1365 necnon
388 1331 518 1375 quaein
533 1330 725 1375 praemissis
741 1331 823 1363 sacta
837 1336 913 1363 sunt
932 1336 986 1363 aut

243 1385 314 1419 sieri
346 1384 522 1428 contigerit
557 1390 621 1417 tam
655 1384 765 1427 vigore
803 1384 986 1427 praesentis

244 1449 340 1483 quarn
359 1438 454 1472 etiam
472 1438 607 1471 aliarum
624 1438 875 1472 concessionum
893 1438 984 1471 vobis

243 1493 399 1526 factarum
415 1497 446 1526 et
461 1492 616 1536 deinceps
631 1492 662 1524 in
683 1502 802 1535 genere
819 1497 849 1524 et
868 1491 897 1524 in
913 1502 985 1535 spe-

243 1547 293 1580 cie
309 1545 540 1587 faciendarum,
562 1557 633 1579 cum
652 1546 728 1579 inde
747 1545 866 1578 secutis
885 1551 915 1578 et
936 1556 986 1578 se-

243 1599 378 1641 cuturis,
399 1599 524 1633 etiamsi
545 1610 598 1632 vos
616 1599 701 1632 intra
719 1599 861 1638 Curiam,
880 1604 935 1631 aut
952 1598 983 1631 in

243 1663 451 1697 quacumque
466 1653 526 1686 alia
544 1653 656 1686 mundi
676 1659 767 1696 parte
784 1659 871 1686 extra
887 1653 986 1686 eccle-

243 1707 306 1741 sias
322 1706 526 1741 etbeneficia
544 1707 751 1749 personalem
771 1705 982 1740 residentiam

243 1761 442 1804 requirentia
483 1760 766 1804 qualitercumque
802 1759 984 1804 qualiticata

242 1827 301 1859 per
320 1826 375 1849 vos
401 1825 487 1848 nunc
513 1820 545 1847 ct
570 1825 628 1858 pro
656 1819 803 1857 tempore
830 1814 984 1854 obtenta,

243 1869 336 1903 etiam
362 1880 420 1913 pro
446 1870 552 1901 vestra
574 1869 642 1902 sola
662 1869 829 1901 voluntate
847 1873 878 1901 et
897 1868 983 1901 nulla

242 1923 438 1957 subsistente
464 1924 558 1955 causa
577 1932 642 1955 non
663 1921 842 1962 residendi,
868 1921 906 1954 ab
929 1921 983 1954 hu·

241 1976 345 2010 manis
370 1976 528 2009 decedere
554 1975 728 2017 contigerit
744 2003 751 2015 ,
779 1975 839 2008 sub
865 1975 983 2008 litteris

243 2030 436 2064 recolendae
454 2029 629 2062 memoriae
649 2029 693 2061 Pii
714 2029 818 2072 Papae
838 2029 873 2061 IV
892 2039 983 2072 prae-

243 2084 422 2118 decessoris
454 2083 578 2127 pariter
612 2083 712 2116 nostri
749 2088 862 2116 contra
887 2094 983 2127 quos-

243 2148 379 2181 cumque
416 2138 607 2181 episcopos,
642 2137 913 2181 archiepiscopos
952 2143 982 2170 et

245 2191 325 2224 alios
364 2193 543 2235 praelatos,
580 2202 705 2225 necnon
742 2191 980 2235 parochialium

245 2244 452 2278 ecclesiarum
489 2251 648 2287 rectores,
673 2251 864 2290 ceterosque
902 2245 981 2279 resi-

246 2296 374 2330 dentiae
398 2299 562 2340 personali
587 2299 773 2342 praedictae
809 2300 981 2334 adstrictos

246 2354 336 2383 extra
360 2350 447 2383 illam
465 2353 768 2397 quomodocumque
787 2353 982 2387 decedentes

245 2412 289 2436 v11
315 2403 469 2436 kalendas
495 2404 675 2439 decembris
700 2405 908 2449 pontificatus
934 2407 980 2440 sui

245 2466 330 2489 anno
355 2467 382 2496 v,
409 2462 461 2489 aut
486 2457 548 2491 alio
574 2459 689 2492 veriori
715 2464 869 2503 tempore,
895 2471 982 2494 ema-

245 2509 339 2549 nans,
357 2515 388 2543 et
412 2510 470 2543 sub
496 2510 756 2556 quibuscumque
774 2512 845 2546 aliis
864 2513 983 2546 consti-

245 2562 434 2604 tutionibus,
461 2568 515 2598 aut
538 2564 794 2599 revocationibus
809 2594 817 2608 ,
844 2577 983 2611 suspen-

243 2616 389 2651 sionibus
399 2642 407 2658 ,
420 2617 674 2660 limitationibus,
689 2620 982 2655 modificationibus

329 2678 414 2708 Buta.
430 2680 516 2709 Rom.
538 2698 569 2701 —
595 2682 657 2712 Vol.
675 2682 779 2711 XXIV.
924 2683 953 2710 11

1033 263 1185 304 decretis,
1198 264 1475 299 declarationibus
1491 268 1691 310 apostolicis,
1703 268 1778 302 Can-

1033 316 1188 350 cellariae
1208 318 1414 361 Apostolicae
1433 320 1567 363 regulis,
1589 331 1624 353 cx
1645 322 1778 364 qubus-

1033 380 1171 412 cumque
1204 371 1310 404 causis
1348 377 1646 416 ‹piantumcumque
1679 375 1777 407 mavi-

1034 422 1111 463 mis,
1150 425 1343 467 urgentibus
1381 432 1413 459 et
1450 426 1775 469 inexcogitabilibus,

1033 475 1128 508 etiam
1156 476 1186 509 iu
1214 477 1357 511 savorem
1384 479 1456 512 fidei
1483 487 1514 512 et
1541 480 1640 513 divini
1668 483 1774 515 cultus

1034 536 1278 571 augumentum,
1298 542 1333 564 ac
1350 532 1624 566 consistorialiter
1646 534 1740 567 etiam
1760 547 1777 567 a

1033 582 1129 614 nobis
1155 589 1186 616 et
1211 583 1294 617 Sede
1324 586 1489 628 praedicta
1528 587 1687 620 hactenus
1727 590 1775 622 vel

1034 645 1120 668 nunc
1145 642 1175 668 et
1201 647 1260 679 pro
1288 642 1433 681 tempore
1472 639 1561 672 saetis
1598 646 1629 673 et
1666 641 1772 682 editis,

1034 689 1166 722 minime
1192 691 1439 734 comprehendi,
1460 693 1515 725 sed
1536 704 1664 737 semper
1681 696 1720 727 ab
1739 696 1776 728 il-

1033 742 1070 775 lis
1095 750 1241 786 excepta,
1268 750 1310 785 et,
1330 746 1456 788 quoties
1478 753 1625 780 emanata
1645 748 1774 787 tuerint,

1035 795 1126 828 toties
1153 796 1184 828 in
1211 797 1385 839 pristinum
1411 804 1441 831 et
1467 799 1698 832 validissimum
1717 806 1775 833 sta-

1035 853 1119 888 tum,
1146 849 1241 881 etiam
1270 851 1328 882 sub
1363 850 1533 893 posteriori
1571 851 1639 884 data
1678 851 1773 885 etiam

1033 912 1103 934 eum
1130 902 1399 946 derogationibus
1431 909 1463 936 et
1494 905 1648 937 clausulis
1675 906 1771 938 etiam

1033 955 1249 998 derogatoriis
1277 956 1546 1001 irritantibusque
1571 964 1602 991 et
1627 958 1698 992 aliis
1724 959 1774 992 de-

1033 1008 1129 1041 cretis
1154 1020 1213 1052 per
1237 1020 1292 1043 vos
1318 1011 1468 1053 eligenda
1501 1012 1706 1054 apponendis
1743 1018 1774 1045 et

1032 1062 1189 1096 latissime
1205 1063 1443 1106 specificandis,
1459 1065 1612 1108 reposita,
1626 1066 1774 1098 restituta

1032 1120 1063 1147 et
1088 1116 1236 1158 plenarie
1256 1117 1461 1159 reintegrata,
1481 1129 1517 1150 ac
1538 1118 1576 1150 de
1596 1129 1680 1151 novo
1698 1130 1772 1151 con-

1032 1179 1132 1209 cessa,
1163 1169 1332 1213 validaque
1359 1176 1390 1203 et
1415 1171 1558 1204 efficacia
1587 1172 1672 1212 sore,
1700 1183 1773 1206 nec-

1032 1232 1095 1255 non
1121 1225 1280 1266 perpetua
1312 1223 1464 1257 firmitate
1499 1225 1689 1264 subsistere,
1721 1237 1774 1258 su-

1030 1286 1133 1319 osque
1160 1277 1324 1319 plenarios
1343 1283 1375 1310 et
1392 1289 1503 1311 omnes
1529 1278 1672 1319 etl'ectuS,
1692 1290 1773 1322 quos

1031 1329 1069 1362 de
1096 1330 1182 1370 iure,
1206 1331 1302 1373 stylo,
1330 1332 1588 1371 consuetudine,
1616 1338 1670 1365 aut
1694 1331 1772 1367 alias

1030 1384 1337 1427 quomodocumque
1373 1384 1482 1417 sortiri
1524 1391 1695 1429 poterunt,
1738 1397 1774 1419 ac

1029 1436 1090 1469 vim
1116 1437 1194 1477 veri,
1223 1437 1372 1480 legitimi,
1399 1438 1503 1477 iurati,
1532 1439 1692 1482 stipulati,
1720 1451 1771 1473 va-

1030 1490 1085 1523 lidi
1113 1496 1143 1524 et
1169 1491 1310 1525 efficacis
1336 1497 1519 1525 contractus
1547 1493 1631 1525 inter
1656 1504 1711 1526 vos
1734 1505 1770 1527 ex

1028 1547 1091 1577 una
1115 1555 1151 1578 ac
1176 1555 1236 1578 nos
1263 1551 1293 1578 et
1319 1545 1485 1579 Cam-eram
1514 1547 1713 1589 praedictam
1734 1559 1770 1580 ex

1028 1599 1131 1631 altera
1156 1599 1302 1642 partibus
1327 1599 1466 1639 habere,
1501 1610 1560 1632 nec
1591 1601 1687 1633 etiam
1713 1611 1771 1643 per

1028 1652 1270 1695 promotionem
1297 1652 1356 1685 ad*
1392 1654 1565 1686 ecclesiam
1599 1654 1770 1687 cathedra-

1028 1706 1100 1745 lem,
1128 1705 1224 1738 ctiam
1242 1705 1538 1749 metropolitanam,
1563 1710 1615 1740 aut
1635 1709 1770 1740 transla-

1029 1759 1165 1799 tionem,
1198 1760 1247 1792 vel
1274 1759 1367 1791 aliam
1405 1764 1505 1792 status
1543 1765 1575 1792 et
1611 1770 1769 1803 personae

1027 1818 1151 1845 vestrae
1188 1813 1400 1845 mutationem
1438 1823 1586 1852 cessare,
1614 1823 1674 1846 nee
1711 1825 1770 1857 per

1027 1865 1149 1899 slmiles
1176 1867 1223 1899 iel
1250 1865 1421 1899 dissimiles
1447 1866 1565 1908 gratias
1584 1867 1673 1899 vobis
1692 1878 1768 1900 con-

1026 1931 1132 1953 cessas
1169 1925 1201 1952 ct
1237 1920 1464 1953 concedendas
1502 1921 1674 1961 contundi,
1712 1922 1767 1954 scd

1026 1974 1103 2018 ipsis
1129 1974 1324 2007 cumulative
1350 1974 1382 2006 in
1409 1974 1559 2007 omnibus
1587 1979 1618 2007 et
1654 1986 1712 2018 per
1739 1986 1769 2008 o-

1026 2028 1113 2060 nmia
1139 2028 1195 2068 uti,
1215 2033 1255 2067 et,
1274 2027 1298 2059 si
1325 2028 1401 2071 quid
1428 2028 1459 2059 in
1485 2029 1549 2061 una
1574 2038 1608 2061 ex
1637 2029 1768 2062 t'aculla-

1025 2080 1110 2114 tibus
1143 2080 1328 2114 huiusmodi
1365 2081 1539 2120 defecerit,
1578 2092 1637 2125 per
1671 2082 1766 2116 aliam

1025 2135 1170 2179 suppleri
1188 2134 1311 2174 deberi,
1327 2144 1386 2167 nec
1401 2135 1572 2175 haeredes,
1591 2135 1765 2178 legatarios

1025 2199 1061 2222 ac
1086 2190 1169 2230 loca,
1197 2189 1236 2223 ad
1263 2199 1354 2232 quOS,
1372 2199 1427 2222 seu
1450 2199 1542 2232 quae,
1569 2190 1671 2231 bona,
1698 2189 1766 2222 iura

1026 2249 1058 2276 et
1083 2243 1227 2276 actiones
1261 2242 1445 2276 huiusmodi
1476 2242 1683 2282 devenerint,
1718 2244 1765 2276 vel

1026 2298 1143 2342 quibus
1183 2296 1431 2339 relinquentur,
1478 2301 1532 2328 aut
1572 2302 1763 2329 executores

1025 2350 1220 2395 praedictOS‚
1242 2349 1281 2382 ad
1301 2348 1428 2382 tertiam
1454 2358 1508 2381 seu
1535 2348 1628 2380 aliam
1651 2359 1762 2382 eorum

1026 2410 1160 2449 partem,
1187 2415 1283 2447 quam
1309 2403 1405 2436 etiam
1431 2413 1467 2435 ex
1494 2412 1580 2434 nunc
1606 2403 1706 2442 vobis,
1726 2415 1763 2437 ac

1025 2459 1116 2499 locis,
1142 2457 1358 2497 haeredibus,
1392 2455 1568 2498 legatariis,
1595 2466 1628 2488 ac
1665 2456 1763 2490 dona-

1026 2513 1114 2546 tariis
1139 2510 1314 2555 praedictis
1341 2508 1520 2542 liberaliter
1551 2509 1761 2544 concedimus

1025 2571 1057 2599 et
1080 2565 1259 2604 donamus,
1284 2563 1435 2597 Gamerae
1459 2563 1507 2595 vel
1533 2561 1672 2596 fabricae
1708 2569 1763 2597 aut

1064 2629 1073 2655 1
1091 2626 1161 2654 Male
1177 2626 1219 2653 ed.
1237 2624 1314 2652 lllain.
1331 2623 1396 2659 legit
1415 2626 1465 2651 aut
1481 2631 1529 2659 pro
1544 2624 1578 2652 ab
1595 2625 1633 2660 (u.
1650 2624 1699 2660 12).

1787 221 1836 248 An.
1854 221 1882 249 C.
1907 222 1972 250 1735
