2232 3178
293 276 342 304 An.
360 277 389 304 C.
414 278 480 305 1738

529 269 591 302 466

488 326 629 365 tuarum)
654 325 857 356 conserendam
880 325 909 354 in
933 333 1071 363 censum,
1096 325 1230 355 minister

489 377 596 415 (adhuc
620 375 797 413 suffragante
820 374 947 414 capitulo
972 375 1179 413 conventuali)
1202 375 1230 404 id

489 427 583 455 facere
607 434 663 455 non
700 424 792 453 valeat
824 424 887 454 sine
922 424 1012 463 patris
1042 423 1230 463 provincialis

489 474 636 503 facultate.

528 531 587 551 xm.
611 521 712 551 Nullus
745 520 878 550 minister
908 520 951 550 vel
975 520 1158 560 particularis
1182 530 1231 550 re-

488 570 619 608 ligiosus,
644 568 777 608 quamvis
803 569 840 598 sit
864 573 1034 607 procurator
1056 574 1228 606 conventus,

490 628 539 649 seu
563 619 785 648 administrator
812 618 956 648 bonorum
986 628 1036 648 seu
1059 619 1229 649 facultatum

490 667 596 706 ipsius,
621 667 761 701 destruat,
779 667 887 705 diruat,
905 667 1080 697 demoliatur
1102 668 1229 706 aliquam

490 717 606 746 domum
627 716 668 746 vel
686 716 911 756 possessionem,
929 726 982 747 nec
1001 717 1141 747 radicitus
1158 717 1231 747 evel-

491 766 531 794 lat
557 765 676 798 vineas,
702 765 829 802 oliveta,
854 765 992 803 arbusta,
1017 766 1074 795 imo
1106 775 1158 795 nec
1185 774 1230 795 rc-

491 814 615 852 ]igiosus
647 814 773 852 agricola
812 818 861 843 aut
895 814 1064 844 hortolanus
1096 814 1231 844 arborem

491 862 561 901 (nisi
585 863 709 900 aridam)
733 862 876 899 succidat,
901 863 963 893 sine
987 872 1131 893 consensu
1154 873 1232 893 com-

492 911 645 940 munitatis
669 915 695 940 et
718 910 838 939 licentia
856 911 885 940 in
909 912 1025 951 scriptis
1047 912 1168 951 praelati
1185 922 1232 941 su-

492 960 627 999 perioris,
646 959 695 998 qui
718 959 797 988 illam
821 960 970 997 concedet,
989 961 1089 990 maiori
1109 961 1232 990 utilitate

492 1009 645 1047 inspect2¹13
671 1017 723 1037 nec
751 1008 887 1037 similiter
920 1010 982 1038 sine
1014 1010 1143 1048 praefato
1166 1019 1234 1039 con-

492 1066 579 1086 sensu
611 1061 638 1086 et
661 1057 781 1086 licentia
813 1057 907 1086 valeat
941 1058 1046 1096 aliquis
1079 1067 1116 1087 ex
1148 1058 1234 1088 dictis

493 1105 618 1134 vendere
635 1109 683 1133 aut
700 1105 828 1134 alienare
851 1105 1051 1135 aedificiorum
1070 1107 1233 1136 dirutorum

492 1154 632 1192 reliquias
655 1158 682 1183 et
706 1154 852 1191 materia&
871 1164 924 1184 nec
946 1156 1034 1184 etiam
1057 1160 1169 1195 emptas
1185 1161 1234 1185 aut

494 1202 550 1232 alio
568 1203 650 1232 titulo
674 1207 805 1241 receptas
823 1213 872 1242 pro
892 1206 964 1232 nova
988 1204 1099 1234 fabrica
1117 1208 1166 1233 aut
1183 1214 1234 1244 pro

492 1252 676 1291 reparatione
709 1257 907 1281 conventuum
941 1263 991 1282 seu
1016 1254 1233 1292 possessionum

493 1310 606 1329 eorum.
631 1300 683 1335 Qui
707 1305 804 1330 autem
841 1302 907 1330 liuic
940 1302 1142 1332 constitutioni
1165 1312 1235 1332 con-

495 1350 666 1386 travenerit,
684 1359 720 1378 ex
744 1350 806 1388 ipso
830 1351 902 1379 sacto
918 1351 954 1380 sit
974 1352 1103 1389 privatus
1126 1352 1154 1381 in
1172 1362 1235 1391 per-

494 1403 613 1438 petuum
637 1399 742 1428 actuali
763 1404 791 1428 et
815 1400 903 1428 simili
927 1400 1034 1429 officio.

535 1457 592 1477 xiv.
616 1448 718 1477 Nullus
742 1448 809 1477 item
834 1449 968 1478 minister
984 1453 1035 1489 aut·
1056 1459 1172 1488 praeses
1189 1460 1236 1479 va-

494 1497 551 1526 leat
574 1497 602 1525 in
629 1501 685 1525 toto
708 1496 865 1526 cuiuslibet
897 1498 965 1526 anni
989 1499 1082 1536 spatio
1112 1499 1236 1528 vendere

494 1549 544 1574 aut
563 1545 690 1574 alienare
714 1545 863 1582 triticum,
888 1546 1031 1583 ordeum,
1056 1547 1173 1584 oleum,
1197 1547 1237 1576 vi-

494 1603 577 1629 num,
602 1593 707 1622 similia
732 1594 806 1632 (sive
822 1594 881 1623 sint
903 1605 939 1624 ex
963 1595 1089 1634 propriis
1112 1596 1237 1635 praediis

495 1642 631 1677 collecta,
656 1641 716 1670 sive
745 1646 859 1681 empta,
884 1644 944 1672 sive
969 1644 1012 1682 pio
1035 1644 1135 1683 data),
1161 1645 1235 1674 ultra

496 1691 686 1730 quantitatem
703 1695 730 1720 et
754 1691 880 1720 valorem
904 1693 1096 1731 quadraginta
1121 1693 1237 1724 ducato-

495 1749 560 1768 rum
584 1749 618 1768 ex
649 1741 823 1778 unaquaque
857 1741 975 1779 specie,
999 1742 1061 1771 sine
1093 1751 1236 1772 consensu

497 1789 617 1818 maioris
634 1789 723 1827 partis
742 1789 861 1827 capituli
884 1790 1096 1820 conventualis.
1115 1791 1148 1820 Et
1164 1801 1238 1820 sem-

498 1847 550 1877 per
573 1838 602 1866 in
626 1837 700 1866 libro
723 1846 915 1876 expensarum
949 1838 1118 1868 scribantur
1140 1850 1235 1879 quan--

497 1887 565 1916 titas
581 1889 608 1915 et
625 1886 749 1925 qualitas
766 1886 947 1916 venditorum
965 1897 1015 1917 scu
1032 1888 1236 1926 alienatorum,

497 1939 524 1965 et
548 1935 634 1964 etiam
659 1939 777 1963 notetur
793 1935 821 1964 in
842 1944 875 1964 eo
898 1936 992 1965 dictus
1016 1946 1175 1967 consensus
1192 1947 1239 1967 ca-

498 1984 583 2023 pituli
601 1984 802 2014 conventualis
819 1985 935 2023 quando
951 1985 1239 2023 intervene1·it;con-

499 2033 694 2062 travenientes
710 2038 808 2062 autem
832 2033 878 2062 isti
903 2034 1119 2071 constitutioni,
1137 2044 1238 2065 severe

498 2082 657 2121 puniantur
680 2081 714 2111 ad
737 2082 894 2111 arbitrium
929 2084 1021 2122 patris
1051 2084 1238 2123 provincialis

497 2130 578 2159 iuxta
602 2130 772 2169 qualitatem
796 2130 909 2170 culpae.

539 2189 585 2208 xv.
610 2179 711 2208 Patres
728 2179 858 2209 ministri
875 2179 961 2209 simul
978 2189 1044 2210 curn
1062 2180 1239 2211 consiliariis

499 2228 590 2267 (iuxta
614 2228 840 2266 formularium)
865 2228 971 2258 saciant
993 2229 1139 2259 rationum
1161 2239 1239 2259 sum-

500 2286 562 2306 mas
587 2276 696 2315 (vulgo
724 2281 799 2305 carta
833 2277 970 2315 queritas)
994 2281 1085 2307 status
1119 2287 1238 2308 suorum

500 2329 708 2362 conventuum,
729 2324 932 2363 collegiorum,
950 2325 1123 2356 incrementi
1139 2336 1238 2357 eorum

501 2374 694 2413 provisioniS,
718 2373 899 2412 debitorum,
924 2374 1105 2414 aliarumque
1128 2385 1238 2413 rerum,

501 2423 587 2462 idque
611 2428 740 2462 tempore
762 2427 828 2462 apto
852 2423 1019 2463 disponant,
1036 2425 1075 2454 ita
1093 2429 1123 2454 ut
1144 2425 1239 2455 dictae

502 2473 648 2502 rationum
683 2481 812 2501 summae
836 2473 868 2511 (a
892 2473 1025 2503 ministro
1057 2477 1182 2513 utroque
1212 2478 1240 2504 et

501 2521 679 2550 consiliariis
701 2520 896 2560 subscriptae)
919 2522 1071 2551 mittantur
1090 2527 1118 2552 et
1141 2532 1240 2562 perve-

502 2571 584 2601 niant
608 2571 709 2609 (simul
732 2580 796 2600 cum
817 2571 890 2601 libro
913 2581 963 2602 seu
986 2572 1150 2602 rationibus
1173 2573 1241 2602 mis—

503 2621 615 2659 sarum)
639 2620 672 2650 ad
695 2629 799 2650 manus
822 2621 974 2651 secretarii
996 2621 1153 2651 definitorii
1176 2631 1241 2661 pro-

502 2669 635 2700 vincialis
650 2670 817 2710 quindecim
839 2670 901 2701 dies
916 2674 983 2701 ante
999 2670 1157 2711 capitulum
1173 2679 1239 2710 pro-

1084 277 1262 301 BULLARIUM
1287 276 1442 301 ROMANUM

1273 325 1409 363 vinciale,
1426 329 1457 355 ut
1473 325 1654 365 praedictum
1677 324 1876 357 definitorium
1895 329 2010 366 tempus

1274 374 1377 404 babeat
1400 374 1435 404 ad
1457 383 1506 404 eas
1529 374 1679 404 videndas.
1696 374 1820 404 istarum
1845 379 1943 405 autem
1965 384 2012 405 co-

1275 423 1320 462 pia
1343 427 1371 453 et
1394 427 1610 463 transumptum
1644 423 1679 453 de
1710 423 1800 454 verbo
1832 424 1867 453 ad
1890 423 2011 453 verbum

1273 472 1473 512 subscriptum
1496 473 1583 502 ctiam
1599 482 1613 502 a
1631 472 1765 503 ministro
1787 476 1815 503 et
1837 473 2013 503 consiliariis

1273 525 1389 551 maneat
1412 521 1441 551 in
1474 525 1620 551 conventu
1652 521 1681 551 in
1714 521 1789 551 libro
1822 522 1956 561 deputato
1978 521 2013 552 ad

1274 569 1352 599 hunc
1375 570 1510 599 effectum
1534 574 1656 600 tantum.
1681 569 1761 605 Quod
1784 570 1808 599 si
1831 570 1938 609 aliquis
1959 570 2013 600 mi-

1274 618 1366 648 nister
1399 623 1528 657 tempore
1561 618 1637 648 dicto
1671 623 1698 648 et
1728 618 1922 648 determinato
1955 627 2014 648 non

1275 667 1391 696 miserit
1414 667 1521 697 dictam
1546 667 1698 704 rationem,
1722 667 1859 706 puniatur
1881 666 1915 696 ad
1940 666 2015 696 arbi-

1275 716 1364 746 trium
1388 716 1481 755 ipsius
1504 716 1675 745 definitorii.
1700 715 1737 746 Ut
1755 720 1851 746 autem
1867 715 1930 745 sine
1946 724 2016 755 que-

1274 764 1335 794 rela
1364 768 1476 794 constet
1504 764 1538 794 de
1567 764 1676 793 relictis
1699 763 1733 793 ab
1758 773 1814 793 uno
1838 768 1867 793 et
1889 763 2016 803 receptis

1275 813 1310 843 ab
1333 813 1400 851 alio,
1419 813 1562 848 minister,
1580 813 1629 852 qui
1652 813 1756 852 spirat,
1782 812 1875 842 tradat
1898 821 1949 851 per
1971 812 2016 842 in-

1276 863 1439 892 ventarium
1464 863 1599 892 ministro
1632 872 1707 892 novo
1740 865 1790 891 aut
1812 862 1960 901 praesidi,
1984 864 2016 892 ut

1277 911 1324 941 hic
1348 912 1435 941 etiam
1457 911 1548 941 tradat
1570 920 1645 940 novo
1669 910 1802 940 ministro
1826 910 1922 940 omnia
1942 919 2016 950 quae

1278 964 1346 989 tunc
1380 960 1517 999 temporis
1550 959 1688 989 tradenda
1718 959 1828 989 suerint
1845 981 1852 995 ,
1876 962 1903 988 et
1924 967 2017 989 novus

1278 1009 1413 1038 minister
1432 1018 1532 1038 eorum
1550 1018 1623 1048 quac
1647 1008 1792 1047 receperit
1818 1008 2017 1038 inventarium

1270 1058 1422 1088 'tradentis
1445 1064 1472 1088 et
1503 1058 1672 1097 recipientis
1699 1067 1787 1088 manu
1819 1057 2016 1097 subscriptum

1277 1116 1328 1136 suo
1350 1106 1515 1136 definitorio
1539 1107 1635 1136 mittat
1658 1106 1775 1143 statim,
1798 1110 1847 1142 ut,
1872 1106 1895 1135 si
1919 1107 2018 1146 aliqua

1279 1156 1393 1185 ratione
1421 1165 1532 1185 summa
1558 1156 1629 1185 sacta
1653 1156 1820 1185 inveniatur
1843 1155 1951 1195 absque
1969 1156 2018 1185 de-

1277 1204 1339 1234 bita
1356 1205 1504 1241 fidelitate,
1522 1204 1742 1234 subscribentes
1758 1205 1863 1244 privati
1876 1205 2017 1235 sintvoce

1278 1258 1305 1283 et
1327 1254 1389 1284 loco
1413 1264 1463 1293 per
1485 1263 1606 1283 annum.

1320 1312 1377 1332 xvi.
1402 1303 1533 1332 Minister
1555 1307 1622 1333 ante
1652 1303 1739 1332 finem
1769 1303 1813 1333 sui
1842 1302 1931 1333 officii
1954 1311 2018 1342 pro-

1280 1352 1374 1382 videat
1397 1352 1553 1382 conventui
1577 1361 1626 1382 seu
1650 1352 1771 1390 collegio
1794 1361 1846 1382 suo
1869 1352 1904 1382 de
1926 1351 2020 1382 omni-

1280 1401 1334 1430 bus
1357 1401 1444 1430 rebus
1478 1401 1650 1430 necessariis
1681 1401 1716 1431 ad
1744 1410 1795 1430 sex
1817 1410 1931 1430 menses
1955 1403 2018 1440 post

1279 1450 1478 1489 subscriptum
1502 1450 1711 1485 inventarium,
1736 1450 1812 1489 quod
1834 1449 2019 1480 subscriben-

1279 1499 1347 1529 dum
1371 1503 1414 1528 est
1436 1503 1502 1528 ante
1525 1499 1685 1538 capitulum
1703 1508 1754 1538 per
1772 1499 1890 1529 unicum
1906 1502 2018 1529 tantum

1281 1558 1409 1578 mensem
1432 1553 1460 1578 et
1483 1558 1539 1577 non
1563 1552 1658 1577 antea.

1321 1606 1388 1626 xvii.
1413 1597 1544 1626 Minister
1567 1597 1648 1635 (non
1671 1596 1790 1635 socius)
1815 1597 1846 1626 in
1875 1605 1927 1627 suo
1950 1606 2020 1627 con-

1282 1651 1370 1676 ventu
1395 1646 1439 1676 vel
1462 1646 1584 1683 collegio
1607 1650 1723 1675 maneat
1747 1650 1875 1685 tempore
1898 1645 2018 1685 capituli

1281 1695 1483 1734 provincialiS,
1507 1699 1535 1724 et
1558 1695 1641 1724 illum
1664 1699 1744 1733 regat
1766 1699 1794 1724 et
1815 1694 1969 1733 gubernet,
1986 1704 2019 1726 ac

1281 1743 1310 1772 in
1334 1753 1367 1773 eo
1391 1743 1554 1782 praesideat
1580 1743 1666 1772 etiam
1691 1746 1754 1781 post
1776 1743 1946 1782 capitulum,
1970 1743 2020 1773 do-

1281 1801 1334 1821 nec
1351 1801 1444 1821 novus
1461 1791 1595 1821 minister
1610 1792 1726 1821 accedat
1749 1791 2020 1832 possessionemque

1281 1841 1417 1880 accipiat,
1442 1840 1497 1870 nisi
1522 1840 1551 1870 in
1575 1840 1739 1879 praelatura
1755 1840 1842 1870 fuerit
1857 1840 1977 1870 electus.

1321 1898 1340 1918 1.
1366 1889 1420 1919 Pro
1450 1898 1518 1918 casu
1553 1889 1683 1918 desectus
1714 1888 1844 1918 ministri
1875 1888 2020 1927 generalis

1281 1939 1358 1968 intra
1381 1938 1571 1976 sexennium,
1596 1938 1678 1977 prior
1706 1938 1841 1968 definitor
1873 1938 2018 1976 generalis

1281 1986 1410 2025 Ordinis,
1428 1987 1455 2017 vi
1478 1987 1563 2016 liuius
1580 1986 1812 2026 constitutionis,
1832 1987 1887 2017 erit
1902 1996 2020 2026 praeses

1282 2036 1360 2065 illins
1390 2040 1417 2065 et
1448 2036 1563 2065 suturae
1597 2036 1833 2074 congregationis
1864 2045 1956 2076 usque
1984 2036 2020 2066 ad

1282 2085 1456 2116 electionem
1480 2085 1579 2116 vicarii
1602 2085 1767 2123 generalis,
1791 2089 1822 2116 ut
1843 2086 1954 2116 dictum
1977 2090 2021 2116 est

1281 2144 1344 2174 cap.
1369 2144 1405 2164 xc
1428 2135 1441 2173 §
1463 2135 1480 2164 9
1503 2144 1532 2164 n.
1552 2146 1572 2164 1.
1597 2135 1633 2164 At
1661 2143 1729 2164 vero
1752 2144 1832 2173 casu,
1857 2144 1914 2174 quo
1936 2144 2022 2175 supe-

1282 2183 1343 2212 rior
1366 2183 1511 2221 generalis
1529 2183 1656 2222 (etiamsi
1678 2183 1767 2212 suerit
1782 2183 1915 2213 minister
1936 2192 2022 2221 gene-

1282 2233 1373 2272 ralis)
1398 2232 1502 2262 exierit
1525 2242 1539 2261 a
1562 2233 1618 2262 sua
1649 2232 1781 2270 familia,
1805 2241 1921 2272 praeses
1942 2232 2021 2263 illius

1282 2281 1338 2310 erit
1370 2290 1455 2320 quem
1489 2281 1551 2320 ipse
1583 2281 1780 2319 designaverit
1808 2290 1859 2320 pro
1891 2285 2020 2321 tempore

1282 2339 1350 2359 suae
1367 2329 1528 2366 absentiae,
1546 2333 1573 2359 et
1589 2338 1725 2359 exercere
1749 2329 1855 2368 poterit
1873 2333 2021 2369 tamquam

1282 2378 1408 2407 familiae
1441 2378 1577 2417 superior
1605 2378 1698 2407 solum
1730 2378 1806 2407 vices
1839 2377 1925 2416 illas,
1949 2387 2022 2417 quas

1282 2427 1462 2456 commiserit
1484 2427 1525 2456 illi
1548 2426 1597 2466 qui
1620 2436 1686 2456 eum
1708 2426 1914 2456 nominaverit.

1321 2485 1351 2505 11.
1376 2475 1495 2505 l'raeses
1511 2479 1621 2513 autem,
1638 2475 1808 2513 designatus
1831 2484 1846 2504 a
1869 2474 2021 2514 superiore

1282 2525 1412 2563 generali
1444 2533 1494 2563 pro
1528 2524 1651 2554 alicuius
1684 2523 1804 2562 capituli
1834 2523 2021 2563 provincialis

1283 2573 1495 2612 praesidentia,
1520 2582 1583 2602 eam
1606 2581 1720 2602 omnem
1744 2572 1910 2602 facultatem
1932 2571 2020 2602 habe-

1283 2622 1324 2651 bit
1340 2626 1469 2661 tempore
1486 2622 1604 2661 capituli
1621 2622 1655 2651 ad
1673 2621 1828 2652 electiones
1844 2625 1872 2651 et
1889 2621 2021 2660 regimen

1284 2670 1397 2710 ipsius,
1421 2679 1508 2710 quam
1538 2669 1658 2701 haberet
1690 2670 1753 2711 ipse
1775 2670 1919 2710 superior.
1941 2670 2021 2703 Cete-

2153 0 2232 154 ww

2202 93 2208 111 t

2204 184 2208 197 t

2023 277 2071 305 An.
2087 278 2115 306 C.
2136 280 2196 313 ¹7³8
2208 287 2209 294 ¹

2208 334 2209 354 t

2010 402 2062 435 χ

2213 1846 2232 1884 *i

2092 1906 2102 1933 ς
2117 1906 2149 1928 ¹0.
2227 1895 2232 1927 l

2050 1933 2080 1953 Do
2091 1931 2204 1958 praesidem·
2216 1946 2217 1950 ,
2229 1943 2232 1947 ·

2031 1960 2094 1981 tibus.
