2232 3178
213 229 263 256 Αι.
279 227 309 256 c.
331 225 400 254 1735
445 216 486 250 38

409 274 624 307 minutionem
651 282 776 306 annuae
802 281 947 304 summae
965 270 1011 303 sic
1032 268 1149 303 contri-

410 327 569 367 huendae,
594 324 861 360 subministrandi
885 329 987 357 totum
1017 333 1146 366 panem,

410 381 516 413 vinum
543 385 573 412 et
599 381 704 412 oleum
730 377 948 411 necessarium
974 376 1148 410 alimoniae

410 433 629 476 praefatarum
655 431 855 473 aliarumque
874 439 1090 473 personarum
1117 429 1147 461 in

411 486 527 520 eodem
567 484 765 518 monasterio
802 483 892 517 Sacri
929 482 1051 526 Specus
1092 492 1149 525 pro

412 545 556 582 ternpore
583 538 793 581 degentium
821 549 858 570 ac
882 536 1019 570 subinde
1039 536 1150 569 decre-

412 593 512 625 vimus
538 592 623 635 quod
650 597 841 635 procurator
866 590 1028 633 generalis
1060 599 1150 633 prae-

411 645 512 678 dictae
530 643 798 687 Congregationis
816 643 1018 678 Cassinensis
1038 642 1148 674 itidem

411 708 470 741 pro
497 703 641 740 tempore
679 697 843 737 existens,
869 697 957 730 solus
995 695 1150 738 deinceps

411 756 442 783 et
468 750 582 782 unicus
609 750 760 793 superior
777 756 808 782 et
825 750 926 782 abbas
941 749 1024 782 soret
1049 748 1150 792 ipsius

411 803 599 837 monasterii
636 803 725 836 Sacri
761 803 908 846 Specus,
936 802 1014 845 quin
1052 801 1150 834 abbas

411 856 543 889 alterius
580 856 767 889 monasterii
804 856 836 889 S.
863 854 1084 889 Scholastieae
1118 865 1150 887 se

413 910 445 943 iu
471 910 556 943 illius
582 910 743 952 gubernio
781 909 887 953 quoad
914 907 1095 952 spiritualia
1121 913 1152 940 et

413 963 606 1006 temporalia
644 963 830 1005 ingereret,
860 962 916 995 sed
953 962 992 995 ad
1030 961 1150 995 dictum

412 1021 657 1060 procuratorem
684 1016 873 1059 generalem
898 1015 1087 1048 omnimoda
1120 1025 1151 1047 e-

413 1070 462 1102 ius
487 1069 726 1102 administratio
752 1074 848 1112 atque
886 1069 1039 1108 directio,
1081 1068 1153 1101 reli-

414 1121 642 1165 giosorumque
668 1122 844 1155 destinatio
869 1126 902 1154 et
926 1121 1061 1154 mutatio
1081 1131 1153 1164 spe-

413 1181 551 1209 ctarent:
571 1181 601 1208 et
621 1176 710 1215 alias,
728 1180 828 1219 prout
845 1175 877 1208 in
899 1175 1018 1208 litteris
1036 1174 1153 1208 nostris

414 1229 580 1273 praefatis,
599 1229 787 1262 novissimis
806 1229 941 1272 quidem
960 1229 1010 1261 die
1029 1238 1060 1262 iv
1078 1227 1152 1261 maii

415 1282 555 1326 proximi
595 1281 766 1325 praeteriti
803 1281 976 1321 emanans,
1018 1291 1154 1324 quarum

416 1340 548 1367 tenores
574 1334 802 1378 praesentibus
827 1344 887 1378 pro
913 1334 1009 1377 plene
1036 1339 1067 1366 et
1092 1333 1155 1366 sus-

416 1387 564 1421 sicienter
588 1387 780 1431 specificatis
807 1393 839 1420 et
871 1387 910 1420 ad
945 1387 1079 1420 verbum
1104 1387 1154 1419 in-

415 1442 512 1474 sertis
539 1440 653 1474 haberi
679 1442 843 1482 volumus,
879 1440 1011 1474 uberius
1043 1440 1149 1473 conti-

985 219 1170 245 BULLARIUM
1194 218 1353 243 ROMANUM

1192 267 1401 301 concordiam
1431 267 1518 300 inter
1554 265 1731 299 monachos
1770 264 1930 298 dictorum

1193 321 1463 354 monasteriorum
1490 330 1696 363 summopere
1715 317 1931 352 necessariam

1193 374 1434 418 perturbarent,
1460 373 1551 406 facile
1570 383 1746 416 progressu
1766 372 1929 414 temporis,

1193 427 1254 460 nisi
1280 425 1554 471 p1·aevertantur¹‚
1575 425 1707 459 excitari
1726 431 1872 469 possent,
1892 425 1932 457 si-

1192 480 1256 513 cuti
1283 491 1410 524 quoqne
1438 480 1610 513 multarum
1632 477 1875 512 dissensionum
1901 483 1933 510 et

1193 533 1472 577 querimoniarum
1488 532 1618 566 occasio
1634 531 1933 572 tolleretur,sicau1

1194 592 1259 619 tum
1286 587 1366 620 soret
1392 592 1426 619 ut
1450 586 1595 630 praefata
1620 596 1744 619 summa
1769 585 1932 628 quingen-

1195 645 1299 674 torum
1325 640 1543 683 quadraginta
1568 640 1714 683 quinque
1751 643 1933 677 scutorum,

1194 704 1289 736 quam
1316 693 1437 726 dictum
1463 692 1698 727 monasterium
1735 692 1766 725 S.
1799 691 1934 725 Schola-

1194 746 1295 779 sticae
1323 747 1429 780 eidem
1455 747 1654 780 monasterio
1685 745 1774 779 Sacri
1810 745 1933 788 Specus

1195 800 1363 833 annuatim
1389 800 1597 834 contribuere
1617 806 1754 840 tenetur,
1772 800 1804 832 in
1831 804 1935 843 poste-

1196 863 1266 886 rum
1293 853 1324 885 in
1350 854 1489 897 pecunia
1513 855 1683 887 numerata
1708 853 1834 895 integre
1861 862 1935 896 per-

1195 906 1388 947 solveretur,
1416 906 1690 950 quemadmodum
1727 916 1764 939 ex
1801 916 1936 939 conven-

1198 959 1285 992 tione
1311 959 1396 993 inter
1421 959 1558 993 dilectos
1584 959 1667 993 lilios
1689 959 1866 992 modernos
1885 959 1936 992 ab·

1196 1013 1303 1046 batem
1320 1018 1351 1046 et
1365 1013 1569 1047 cellararium
1585 1012 1774 1046 monasterii
1791 1011 1823 1046 S.
1839 1012 1937 1046 Scho-

1196 1065 1326 1099 lasticae
1365 1076 1400 1099 ac
1424 1067 1570 1110 priorem
1597 1071 1627 1099 et
1660 1065 1837 1099 monachos
1873 1075 1936 1097 mo-

1197 1119 1330 1152 nasterii
1351 1120 1433 1153 sacri
1452 1119 1573 1163 Specus
1591 1120 1837 1163 praedictorum
1859 1118 1937 1151 inita

1197 1173 1236 1206 de
1261 1173 1425 1216 praesenti
1451 1173 1666 1213 servaretur2,
1687 1173 1781 1206 nobis
1807 1177 1938 1216 propte-

1198 1236 1253 1259 rea
1278 1226 1363 1259 idem
1390 1226 1503 1259 Petrus
1529 1226 1738 1259 Marcellinus
1764 1225 1938 1269 episcopus

1197 1279 1371 1313 cardinalis
1398 1280 1568 1313 humiliter
1593 1279 1805 1324 supplicavit,
1831 1284 1940 1322 quate-

1198 1343 1259 1366 nus
1285 1332 1316 1365 in
1342 1333 1529 1376 praemissis
1555 1338 1740 1376 opportune
1767 1332 1939 1375 providere

1198 1392 1230 1420 et
1253 1392 1287 1419 ut
1311 1386 1394 1419 infra
1420 1386 1594 1429 indulgere
1622 1387 1661 1420 de
1688 1385 1892 1429 benignitate
1911 1397 1939 1419 a·

1198 1439 1361 1483 postolica
1386 1439 1609 1482 dignaremur.

1936 213 1989 241 An.
2005 212 2034 241 C.
2053 212 2124 240 1735

417 1497 525 1525 netur.

460 1546 474 1588 ἓ
499 1545 529 1578 2.
549 1545 627 1578 Cum
646 1550 762 1585 autem,
781 1545 864 1578 sicut
881 1543 1077 1578 venerabilis
1097 1543 1155 1576 sra-

416 1605 464 1632 ter
488 1604 601 1632 noster
625 1599 740 1632 Petrus
757 1598 963 1632 Marcellinus
980 1597 1155 1641 episcopus

413 1651 612 1686 Tusculanus
637 1652 669 1685 S.
687 1652 724 1685 R.
744 1651 778 1685 E.
802 1651 977 1685 cardinalis
1013 1650 1157 1684 Corradi-

413 1715 473 1738 nus
500 1710 714 1748 nuncupatus,
740 1704 946 1748 supradictae
972 1703 1157 1746 Congrega-

414 1759 513 1792 tionis
539 1758 741 1792 cassinensis
767 1758 852 1801 apud
889 1768 947 1791 nos
974 1763 1005 1790 et
1040 1756 1156 1790 Sedem

416 1812 636 1856 Apostolicam
663 1817 840 1855 protector,
865 1810 961 1844 nobis
980 1810 1156 1844 novissime

415 1865 579 1909 exposuit,
605 1865 789 1908 praefatum
812 1864 1043 1898 monasterium
1069 1863 1155 1897 Sacri

414 1918 550 1961 Specus,
578 1923 748 1961 antequam
775 1917 879 1951 eidem
905 1916 1155 1960 Congregationi

415 1969 600 2004 Cassinensi
638 1971 733 2004 simul
759 1981 831 2004 cum
867 1970 932 2004 alio
964 1970 995 2003 S.
1023 1971 1154 2004 Schola—

416 2024 514 2056 sticae
553 2024 722 2064 uniretur,
760 2034 826 2057 non
864 2024 970 2056 solum
1008 2023 1157 2066 proprios

415 2077 544 2120 priores
568 2082 600 2110 et
619 2077 801 2110 monachos
820 2076 967 2117 haberet,
988 2076 1044 2109 sed
1065 2077 1158 2119 plura

417 2130 514 2164 etiam
539 2130 695 2174 praedia,
722 2140 860 2170 census,
887 2130 1014 2173 aliaque
1052 2129 1154 2170 bona,

417 2194 469 2217 res
494 2189 524 2217 et
549 2184 618 2216 iura
643 2183 816 2223 obtineret,
836 2192 916 2227 quae
938 2188 1012 2226 post
1032 2183 1158 2216 obitum

418 2236 537 2281 prioris
567 2241 600 2270 et
639 2236 878 2270 monachorum
916 2235 1159 2279 praedictorum

419 2290 507 2323 dicto
533 2289 729 2323 monasterio
752 2289 783 2322 S.
807 2288 1027 2323 Scholasticae
1052 2289 1160 2322 incor-

420 2348 535 2387 porata
553 2343 703 2384 suerunt;
721 2344 842 2376 attenta
859 2353 936 2376 vero
955 2342 1160 2386 separatione

419 2397 515 2430 unius
541 2396 730 2430 monasterii
756 2395 794 2428 ab
820 2397 923 2430 altero
948 2396 993 2428 ita
1017 2406 1075 2439 per
1104 2406 1161 2429 nos

421 2450 525 2492 sacta,
550 2450 625 2484 lites
651 2449 891 2484 controversiae
928 2459 987 2483 seu
1011 2455 1162 2493 praeten-

421 2504 530 2538 siones
556 2503 643 2537 inter
662 2505 837 2547 utrumque
855 2501 1088 2536 monasterium
1107 2503 1164 2536 hu-

422 2557 573 2598 iusmodi,
590 2556 1162 2601 quaereligiosamtranquillitatem

421 2611 661 2654 fraternamque
687 2610 880 2646 charitatem
912 2621 949 2646 ac
982 2610 1164 2646 animorum

1242 1492 1257 1535 ἓ
1281 1491 1313 1525 3.
1340 1491 1403 1525 Nos
1428 1492 1546 1535 igitur,
1570 1492 1672 1536 ipsius
1698 1492 1784 1526 Petri
1809 1491 1941 1525 Marcel·
1974 1500 2047 1537 Δἕω
2069 1498 2138 1545 deteri

1199 1545 1256 1579 lini
1283 1545 1429 1589 episcopi
1448 1545 1623 1579 cardinalis
1642 1546 1722 1579 votis
1748 1546 1809 1579 hac
1834 1545 1864 1578 in
1891 1529 2047 1585 reffliihiiffi-
2063 1531 2136 1573 ¹333·

1199 1604 1357 1642 quantum
1382 1609 1455 1631 cum
1481 1598 1618 1632 Domino
1644 1609 1827 1642 possumus,
1855 1581 2019 1631 savo-''m'

1201 1650 1348 1684 rabiliter
1369 1661 1531 1692 annuere,
1559 1662 1595 1684 ac
1619 1651 1790 1695 utriusque
1816 1661 1943 1684 monas-

1200 1703 1271 1737 terii
1298 1705 1434 1748 praefati
1459 1705 1530 1748 paci
1557 1710 1588 1738 et
1614 1704 1842 1748 tranquillitati
1868 1714 1942 1748 pro-

1200 1757 1326 1801 spicere
1353 1757 1540 1801 cupientes,
1567 1757 1754 1791 huiusmodi
1778 1756 1943 1801 supplica-

1200 1810 1344 1844 tionibus
1369 1811 1651 1855 inclinati,1quod
1687 1815 1836 1845 enarrata
1869 1820 1943 1844 con-

1201 1864 1334 1897 tributio
1350 1864 1607 1908 quingentorum
1633 1863 1943 1907 quadragintaquin-

1200 1928 1262 1961 que
1289 1923 1453 1952 scutorum
1478 1929 1538 1961 per
1562 1918 1683 1951 dictum
1709 1917 1942 1951 monasterium
2231 1890 2232 1943 i

1200 1970 1231 2004 S.
1251 1970 1472 2004 Scliolasticae
1498 1970 1605 2004 eidem
1630 1970 1830 2004 monasterio
1854 1970 1943 2004 Sacri

1200 2025 1322 2068 Specus
1349 2024 1523 2068 quotannis
1550 2024 1706 2065 facienda,
1732 2024 1826 2057 sicuti
1847 2034 1943 2068 prae-

1200 2077 1348 2118 mittitur,
1376 2077 1471 2110 etiam
1498 2077 1530 2110 in
1555 2077 1880 2121 compensationem,
1907 2086 1943 2109 ac

1202 2141 1239 2164 ex
1264 2132 1360 2164 causa
1384 2134 1416 2164 et
1441 2130 1533 2164 titulo
1554 2129 1835 2174 compensationis
1853 2139 1942 2173 prae-

1201 2184 1340 2225 diorum,
1361 2194 1529 2225 censuum,
1546 2183 1753 2226 aliorumque
1771 2182 1945 2222 bonorum,

1204 2247 1313 2271 rerum
1339 2242 1371 2270 et
1395 2236 1533 2277 iurium‚
1562 2247 1645 2280 quae
1670 2237 1749 2269 olim
1774 2236 1814 2269 ad
1840 2235 1947 2280 ipsum

1203 2289 1436 2324 monasterium
1471 2289 1560 2323 Sacri
1592 2289 1714 2333 Specus
1740 2288 1944 2332 spectabant,

1204 2344 1358 2388 dictoque
1383 2342 1585 2377 monasterio
1610 2343 1642 2375 S.
1662 2342 1883 2376 Scholasticae
1902 2341 1949 2374 in·

1204 2401 1379 2441 corporata
1414 2406 1472 2429 seu
1504 2394 1751 2439 quomodolibet
1787 2393 1947 2439 applicata

1205 2450 1343 2490 fuerant,
1371 2448 1440 2482 sieri
1458 2454 1646 2489 censeatur;
1667 2448 1749 2481 itaut
1765 2447 1948 2491 praefatum

1205 2503 1444 2537 monasterium
1468 2501 1557 2535 Sacri
1581 2501 1704 2546 Specus
1733 2500 1827 2541 nihil,
1853 2509 1949 2544 prae-

246 1560 328 1581 Causae
345 1565 403 1580 rece·

220 1587 283 1607 deurit
312 1587 338 1608 ab
362 1588 403 1607 hoe

220 1616 305 1634 statuto.

1243 2575 1253 2601 1
1277 2574 1348 2601 Male
1362 2573 1428 2601 edit.
1445 2572 1526 2601 lllain.
1543 2572 1608 2608 legit
1624 2574 1828 2608 pervertantur
1843 2572 1881 2605 (R.
1898 2571 1947 2605 T.).

1243 2620 1254 2645 1
1278 2618 1393 2649 Videtur
1413 2617 1559 2654 legendum
1578 2620 1714 2648 servatur
1731 2618 1770 2651 (a.
1786 2616 1823 2652 r).
