2232 3178
43 230 89 258 Αιι.
105 226 134 256 C.
155 226 223 254 1739

70 1463 208 1486 Prooemium.

839 226 983 251 CLEMENS
1009 226 1056 250 XII
1082 226 1132 250 PP.

232 285 302 307 rum
328 274 492 315 effectum,
509 276 571 309 hac
607 276 673 309 vice
699 276 875 315 dumtaxat,
901 286 974 318 spe-

233 327 358 361 cialiter
376 333 407 362 et
427 339 576 372 expresse
603 329 813 372 derogamus;
837 329 973 362 ceteris-

232 391 295 424 que
320 382 491 415 contrariis
518 383 794 427 quibuscumque.

276 434 390 467 Datum
416 435 548 476 Romae,
575 436 659 479 apud
681 436 712 469 S.
733 435 864 468 Mariam
881 435 974 468 Maio-

233 497 319 528 rem,
347 488 406 521 sub
432 490 552 522 annulo
582 489 766 529 piscatoris,
793 489 844 522 die
874 498 906 521 ix
928 499 974 520 se-

232 541 390 583 ptembris
414 551 608 583 MDCCXXXIK,
631 541 842 586 pontificatus
869 541 974 575 nostri

233 604 318 627 anno
341 605 370 629 x.

267 655 330 683 Dat.
346 655 391 684 die
406 656 423 684 9
437 656 608 693 septembris
625 657 704 692 1739,
716 656 817 692 pontif.
834 664 907 684 anno
922 665 948 682 x.

535 800 672 835 CCLXV.

235 881 447 923 Confirmatio
486 881 677 924 reputarunt
712 891 772 925 pro
808 880 977 913 monachis

280 935 410 968 Graecis
435 935 596 968 Melchitis
622 935 822 978 nuncupatis
841 935 977 977 Conpre-

277 989 423 1032 §ationis
446 989 553 1022 sancti
583 989 722 1022 Ioannis
747 989 918 1031 Baptistae
941 988 978 1020 in

277 1042 392 1076 Soairo
423 1044 459 1076 m
483 1043 590 1076 Monte
615 1043 738 1075 Libano
770 1043 891 1076 Romae
926 1041 978 1074 de-

277 1097 428 1139 qetztt'btts
459 1096 502 1129 ad
531 1095 696 1129 ecclesiam
721 1095 755 1129 S.
782 1095 910 1128 Mariae
942 1096 979 1128 in

277 1149 460 1190 Domnicti,
497 1160 580 1193 quac
611 1149 746 1182 ecclesia
779 1149 879 1182 etiam
904 1136 993 1181 cuir?

279 1203 431 1236 omnibus
462 1203 686 1247 dependentit's
719 1202 839 1235 eisdem
872 1212 978 1235 conce-

280 1256 383 1290 ditur.

448 1338 584 1365 Clemens
603 1338 684 1371 Papa
703 1338 764 1371 xu,

377 1383 414 1409 ad
433 1382 568 1409 futuram
588 1382 632 1409 rei
652 1381 834 1409 memoriam.

278 1452 333 1486 Sol
359 1453 499 1486 iustitiae
532 1452 620 1486 lesus
645 1451 795 1486 Christus
821 1452 896 1485 fidei
922 1462 979 1485 no-

234 1512 322 1540 strae
347 1512 462 1540 auctor
479 1512 510 1540 et
530 1512 786 1546 consummator,
803 1506 876 1549 qui,
896 1505 980 1538 sicut

234 1558 344 1601 aquila
375 1568 560 1601 provocans
596 1558 634 1590 ad
663 1557 838 1591 volandum
870 1558 978 1600 pullos

234 1622 311 1644 suos
337 1616 369 1644 et
386 1622 483 1655 super
502 1622 558 1645 eos
577 1611 726 1651 volitans,
741 1610 896 1654 expandit
912 1611 978 1643 alas

233 1676 309 1698 suas
335 1670 366 1698 et
390 1665 566 1708 assumpsit
591 1675 646 1698 eos
667 1669 765 1707 atque
790 1663 930 1707 portavit
946 1664 979 1696 in

234 1719 379 1753 humeris
403 1719 480 1760 suis,
507 1719 648 1761 gallinae
674 1728 807 1761 quoque
833 1717 980 1751 similitu-

235 1772 346 1805 dinem
365 1771 595 1815 congregantis
613 1771 673 1804 sub
692 1772 758 1804 alas
776 1771 884 1814 pullos
903 1781 979 1804 suos

235 1836 401 1859 assumere
425 1825 535 1865 voluit,
556 1825 642 1858 inter
659 1824 834 1868 praecipua
851 1824 979 1858 divinae

235 1879 401 1913 charitatis
416 1883 608 1912 ornamenta
623 1878 804 1911 catholicae
816 1878 979 1911 Ecclesiae

235 1943 376 1976 sponsae
397 1943 474 1966 suae
496 1934 610 1976 legata,
630 1932 693 1965 hoc
710 1943 788 1976 prae
807 1932 927 1965 ceteris
947 1932 980 1964 in

236 1987 300 2020 fine
326 1987 556 2020 commendare
583 1987 734 2029 dignatus
759 1991 819 2027 est,
844 1991 880 2018 ut
904 1990 980 2018 tam-

236 2051 332 2084 quam
350 2040 529 2073 communis
547 2040 694 2073 omnium
714 2039 858 2073 fidelium
876 2045 981 2073 mater

237 2104 273 2127 ex
301 2094 460 2127 universis
486 2104 568 2137 quae
605 2094 664 2126 sub
698 2094 788 2126 caelo
821 2098 896 2126 sunt
924 2104 980 2126 na-

237 2146 379 2179 tionibus
404 2146 487 2179 tilios
505 2147 543 2179 ad
562 2146 661 2189 ipsius
683 2147 791 2179 sinum
810 2157 980 2179 accurren-

239 2205 286 2233 tes
313 2199 537 2233 amantissime
573 2201 738 2243 exciperet
772 2211 808 2233 ac
840 2200 978 2234 foveret.

237 2252 419 2297 Eapropter
454 2252 619 2286 Romanae
655 2252 816 2286 Ecclesiae
856 2253 979 2286 Summi

238 2306 411 2340 Pontifices
439 2307 707 2350 praedecessores
744 2306 872 2347 nostri,
897 2317 980 2349 quos

238 2370 315 2393 suos
332 2361 364 2392 in
382 2361 477 2393 terris
495 2359 630 2392 vicarios
649 2370 752 2402 usque
771 2360 809 2392 ad
828 2369 981 2392 consum-

238 2414 414 2447 mationem
451 2413 573 2447 saeculi
611 2412 780 2445 constituit
812 2418 980 2455 pastorum

239 2467 404 2511 princeps,
422 2467 566 2500 eiusdem
593 2467 749 2510 exemplis
775 2468 812 2499 ea
843 2478 906 2510 qua
932 2467 982 2500 dc-

239 2525 291 2553 cet
326 2520 538 2553 veneratione
574 2530 707 2563 semper
738 2519 978 2563 obsequentes,

239 2583 306 2607 non
340 2575 446 2607 solum
480 2573 619 2617 populos
645 2584 661 2606 e
688 2573 914 2606 remotissimis
946 2584 982 2607 ac

240 2628 359 2662 dissitis
385 2627 575 2671 regionibus
597 2627 636 2661 ad
663 2627 808 2662 omnium
833 2627 981 2662 ccclesia-

1659 216 1724 250 579
1771 226 1956 255 An.c.1739

1017 285 1088 308 rum
1110 280 1244 308 matrem
1262 280 1293 308 et
1313 275 1500 318 magistram
1517 275 1682 309 venientes
1703 275 1760 308 be-

1017 328 1206 371 nignissime
1232 328 1393 371 complexi
1419 334 1502 368 sunt,
1528 339 1638 361 verum
1665 329 1761 361 etiam

1018 381 1049 414 in
1067 392 1179 415 omnes
1205 381 1294 415 orbis
1313 387 1417 415 terrae
1437 385 1544 425 partes
1563 382 1761 424 apostolicos

1017 435 1114 475 viros,
1139 435 1192 478 qui
1218 435 1362 479 undique
1387 435 1634 479 conquirerent,
1656 435 1764 468 allice-

1018 493 1101 528 rent,
1121 494 1216 532 atque
1244 489 1282 522 ad
1309 489 1412 531 ipsam
1439 489 1643 522 deducerent
1668 488 1763 529 lilios,

1017 542 1145 575 mittere
1163 547 1415 575 consueverunt.
1431 542 1494 575 Nos
1510 548 1627 582 autem,
1644 542 1762 586 quibus

1019 595 1144 627 nullum
1171 600 1221 627 est
1252 595 1426 628 iucundius
1464 596 1635 634 solatium,
1666 606 1763 638 quam

1018 652 1054 679 ut
1067 647 1231 680 Romanae
1249 647 1409 680 Ecclesiae
1425 658 1484 691 per
1500 648 1671 691 spirituale
1687 659 1765 681 con-

1019 700 1153 733 nubium
1178 700 1273 733 nobis
1299 700 1499 743 desponsae¹
1519 711 1574 734 eos
1600 701 1695 734 etiam
1715 702 1765 734 ‹le-

1020 765 1090 788 mus
1116 753 1208 794 tilios,
1235 754 1397 797 qui71icet
1422 754 1498 787 alibi
1526 755 1605 794 nati,
1634 755 1685 788 hic
1712 760 1761 788 ta-

1020 818 1094 841 men
1121 808 1269 848 instituti,
1292 808 1330 840 ad
1358 808 1472 841 fratres
1498 819 1572 841 suos
1600 809 1764 842 communi

1020 861 1113 894 matri
1140 861 1362 903 conciliandos
1392 861 1566 905 aliquando
1600 868 1762 905 pergant,

1020 925 1186 958 nunquam
1223 914 1414 955 omisimus,
1442 915 1519 958 quin
1544 915 1766 948 laudatissima

1022 968 1212 1002 eorumdem
1248 968 1543 1010 praedecessorum
1578 973 1765 1001 nostrorum

1022 1022 1127 1055 studia
1151 1027 1430 1055 consectaremur.

1066 1076 1080 1118 g
1106 1075 1137 1108 sl.
1165 1075 1336 1108 Enimvero
1357 1076 1443 1108 inter
1461 1076 1541 1109 alios
1567 1076 1764 1110 diversarum
1777 1085 1961 1116 Ecclesia-sua-

1022 1129 1192 1162 nationum
1219 1129 1356 1162 dilectos
1383 1128 1476 1170 filios,
1503 1130 1619 1173 quibus
1646 1131 1678 1163 in
1704 1131 1765 1164 hac
1777 1113 1961 1172 lssssifssossssilfs'

1023 1183 1107 1215 alma
1143 1182 1227 1215 Urbe
1263 1184 1372 1215 nostra
1406 1188 1438 1215 et
1470 1183 1545 1216 alibi
1578 1168 1942 1226 opportiina⁵⁰affl'⁵‘¹³¹³'

1023 1235 1219 1279 apostolicae
1248 1235 1462 1278 benignitatis
1499 1236 1671 1269 commoda
1701 1236 1763 1268 im-

1022 1289 1133 1333 pertiti
1159 1299 1282 1328 sumus,
1297 1289 1425 1322 dilectis
1440 1289 1551 1323 itidem
1568 1289 1643 1322 filiis
1658 1300 1766 1323 mona-

1022 1342 1091 1376 chis
1117 1342 1247 1376 Graecis
1272 1342 1434 1376 Melcbitis
1460 1343 1553 1376 dictis
1580 1343 1767 1386 Congrega-

1023 1396 1122 1429 tionis
1147 1396 1179 1430 S.
1207 1396 1337 1429 loannis
1365 1396 1529 1440 Baptistae
1549 1396 1581 1428 in
1600 1396 1714 1430 Soairo
1733 1397 1765 1429 in

1022 1450 1129 1483 Monte
1144 1450 1277 1490 Libano,
1296 1449 1349 1493 qui
1366 1460 1382 1482 e
1397 1449 1575 1482 Phoenicia
1596 1449 1661 1483 sive
1676 1449 1767 1493 Syria

1023 1503 1157 1537 Romam
1192 1504 1412 1547 appulerunt,
1440 1503 1611 1537 ecclesiam
1640 1502 1672 1536 S.
1706 1502 1768 1535 Ma-

1023 1558 1091 1590 riae
1124 1557 1155 1589 in
1181 1556 1347 1590 Dominica
1382 1567 1438 1590 seu
1473 1556 1644 1596 Domuica‚
1671 1556 1767 1598 vulgo

1022 1610 1110 1643 della
1134 1610 1317 1650 Navicetla,
1346 1611 1385 1643 de
1422 1610 1532 1643 dilecti
1571 1610 1627 1643 filii
1664 1609 1768 1642 nostri

1023 1664 1146 1697 Nicolai
1178 1664 1210 1697 S.
1242 1663 1280 1696 R.
1314 1663 1348 1696 E.
1376 1663 1558 1707 presbyteri
1596 1661 1769 1695 cardinalis

1022 1718 1134 1752 Coscia
1159 1717 1340 1761 nuncupati
1377 1717 1523 1750 eiusdem
1549 1716 1706 1750 ecclesiae
1735 1716 1770 1748 ti-

1024 1772 1137 1805 tularis
1174 1781 1358 1811 consensu,
1386 1771 1437 1804 die
1469 1780 1546 1804 xxiii
1579 1770 1649 1803 iulii
1683 1780 1769 1803 anno

1023 1834 1201 1859 nnccxxxiv
1233 1825 1468 1857 concessimus.
1495 1823 1657 1856 Ecclesiae
1692 1832 1769 1855 vero

1023 1878 1291 1921 adiectarumque
1318 1877 1424 1911 eidem
1446 1887 1619 1921 parvarum
1639 1876 1769 1909 aedium

1024 1942 1199 1975 rerumque
1218 1941 1381 1964 sacrarum
1407 1935 1439 1964 et
1463 1931 1673 1974 profanarum
1695 1940 1771 1973 pos-

1024 1986 1202 2019 sessionem
1229 1985 1274 2019 illi
1302 1986 1354 2019 die
1379 1995 1450 2019 xxix
1478 1985 1623 2018 eiusdem
1649 1984 1770 2017 mensis

1024 2044 1055 2072 et
1080 2039 1155 2072 anni
1183 2038 1344 2072 adierunt.

1068 2093 1082 2135 ξ
1107 2092 1138 2124 ⁶2.
1166 2092 1294 2125 Interea
1324 2091 1482 2135 temporis
1509 2092 1683 2125 nonnullas
1709 2089 1964 2146 ³¹¹³icss‘gffl.'ggs³g„{'¹¹⁵

1024 2147 1155 2189 regulas
1180 2157 1237 2189 pro
1264 2144 1374 2179 debita
1399 2145 1486 2178 iuxta
1512 2145 1703 2179 eorumdem
1723 2144 1770 2176 in·
1854 2143 1857 2145 ⁴
1939 2141 1942 2145 ’

1024 2200 1169 2233 stitutum
1196 2200 1354 2242 regularis
1380 2199 1574 2242 disciplinae
1595 2199 1770 2231 observan-

1025 2254 1067 2286 tia
1093 2253 1394 2297 praescripserunt:
1422 2264 1510 2296 quas,
1534 2263 1605 2285 cum
1632 2253 1770 2285 dilectus

1024 2306 1146 2349 pariter
1171 2306 1254 2338 fitius
1280 2311 1392 2339 noster
1416 2305 1597 2338 Ludovicus
1623 2304 1653 2337 S.
1675 2304 1712 2336 R.
1732 2304 1766 2336 E.

1024 2360 1190 2403 praefatae
1222 2360 1392 2403 presbyter
1429 2359 1601 2392 cardinalis
1635 2358 1770 2399 Belluga

1026 2419 1230 2456 nuncupatus
1256 2418 1404 2446 accurate
1432 2422 1609 2455 perpensas
1636 2412 1771 2454 probas-

1025 2472 1093 2507 set,
1118 2466 1317 2510 apostolicae
1355 2466 1451 2498 etiam
1485 2464 1687 2497 auctoritatis
1712 2474 1771 2496 no-

1025 2526 1112 2553 strae
1138 2519 1387 2553 confirmatione
1414 2519 1529 2561 dignas
1563 2517 1764 2551 existimavit.

1063 2637 1072 2663 1
1096 2636 1198 2665 Forsan
1219 2635 1364 2671 legendum
1385 2635 1571 2670 desponsatae
1594 2635 1629 2670 (n,
1647 2637 1695 2670 T.).
