2232 3178
520 220 583 253 568

483 283 544 311 tate
568 278 628 311 alia
654 278 825 317 roboratis,
846 277 972 310 statutis
999 281 1030 310 et
1053 282 1221 311 consuetu-

483 332 631 372 dinibus,
665 330 846 373 ceterisque
883 330 1053 364 contrariis
1090 331 1221 374 quibus-

482 396 627 428 cumque,

526 437 596 480 §8.
626 438 776 470 Volumus
809 441 914 469 autem
946 438 1033 480 quod
1067 447 1220 480 praesen-

482 492 560 523 tium
586 491 764 523 litterarum
791 491 1013 533 transumptis,
1034 501 1090 524 seu
1116 501 1222 524 exem-

482 544 554 587 plis,
581 544 677 576 etiam
699 544 876 586 impressis,
897 554 992 576 manu
1018 544 1151 576 alicuius
1169 554 1221 576 no—

483 596 554 629 tarii
586 596 707 639 publici
733 596 939 640 subscriptis,
966 601 997 629 et
1017 596 1124 638 sigillo
1148 607 1221 640 per-

481 659 578 682 sonae
602 649 633 681 in
660 649 879 682 ecclesiastiea
910 649 1064 692 dignitate
1101 650 1222 683 eonsti-

481 706 565 734 tutae
591 702 731 741 munitis,
758 702 869 734 eadem
895 713 1027 745 prorsus
1051 702 1130 735 sides
1155 707 1219 735 tam

480 755 512 786 in
538 754 658 788 iudicio
684 765 779 797 quam
811 760 898 787 extra
928 755 1007 788 illud
1033 754 1150 798 ubique
1176 755 1221 787 lo-

481 817 594 839 corum
634 807 842 847 adhibeatur,
881 817 961 850 quae
997 807 1221 850 praesentibus

480 859 559 903 ipsis
584 860 796 894 adhiberetur
814 860 840 893 si
859 860 966 893 forent
991 860 1153 894 exhibitae
1171 861 1219 894 vel

481 917 643 946 ostensae.

524 965 638 998 Datum
663 965 794 1006 Romae,
820 966 904 1009 apud
930 965 962 1000 S.
981 966 1110 999 Mariam
1129 965 1221 999 Maio-

481 1028 558 1059 rem,
576 1019 636 1051 sub
661 1020 780 1052 annulo
798 1019 981 1059 piscatoris,
1002 1019 1053 1052 die
1073 1029 1116 1053 xil
1141 1018 1220 1051 iunii

480 1082 682 1113 ninccxxxix,
707 1072 912 1116 pontificatus
937 1072 1041 1106 nostri
1067 1083 1150 1106 anno
1176 1084 1217 1107 ix.

515 1134 575 1161 Dat.
592 1135 637 1161 die
659 1135 691 1162 12
710 1135 777 1162 iunii
798 1135 883 1169 1739,
904 1135 1004 1170 pontif.
1025 1143 1096 1162 anno
1117 1142 1153 1163 ix,

288 229 337 255 An.
355 229 383 255 C.
408 229 473 256 175⁷.ss

328 450 470 475 Tffluztlmpliz

287 476 408 496 witot-enda
450 476 470 495 ti<

287 503 331 522 «1-«5.

789 1278 913 1311 CCLXI.

483 1359 523 1392 Ut
547 1359 583 1391 in
605 1358 750 1402 priorem
780 1358 964 1402 qeneralem
991 1358 1126 1393 Ordinis
1160 1369 1219 1391 cre-

524 1412 684 1445 mitarum
707 1412 810 1444 sancti
832 1412 1017 1454 Aityztstinz'
1052 1412 1132 1455 eliqi
1153 1422 1221 1455 pos-

524 1465 591 1497 sint
611 1465 647 1503 ii,
675 1464 734 1507 qui
759 1464 901 1507 officium
925 1465 1146 1507 procuratoris
1172 1464 1221 1497 vel

524 1518 704 1550 assistentis
720 1518 881 1560 qeneratis
898 1518 1109 1558 escercuerint,
1127 1517 1220 1550 nulla

524 1571 689 1614 expectaui
715 1571 867 1613 temporis
886 1570 1064 1603 vacatione.
1092 1570 1094 1573 ’

694 1650 828 1677 Clemens
848 1650 928 1683 Papa
946 1650 1009 1681 ΧΠ,

619 1695 656 1721 ad
677 1694 811 1721 futuram
831 1694 878 1721 rei
898 1693 1082 1721 memoriam.

308 1778 362 1798 Alia:
374 1778 470 1797 declara-

379 1806 383 1815 Ι
525 1766 540 1808 5
558 1766 588 1798 1.
609 1766 686 1799 Cum
706 1765 797 1805 alias,
818 1775 934 1808 nempe
953 1765 1004 1799 die
1024 1777 1041 1798 v
1066 1766 1220 1798 februarii

287 1805 470 1857 ἻζῖοῗυῘ-ᾈἯῖἷῖῗξθ
482 1829 678 1856 iimccxxxni,
693 1828 764 1857 nos,
778 1823 865 1851 motu
884 1818 1017 1862 proprio
1033 1829 1069 1851 ac
1082 1829 1119 1852 ex
1136 1821 1222 1852 certa

286 1859 616 1909 {?.„2f‘}i·5.¹5‘2”1¹1‘2?scientia
641 1877 672 1903 et
692 1872 815 1903 matura
834 1872 1071 1905 deliberatione
1087 1873 1219 1913 nostris,

286 1917 327 1931 nou
358 1916 419 1936 posse
451 1917 470 1931 in

286 1944 377 1963 ,marem
409 1944 470 1963 gfflw.
483 1927 586 1969 deque
611 1925 808 1968 apostolicae
825 1925 992 1968 potestatis
1009 1925 1221 1968 plenitudine,

287 1965 358 1985 taleni.
374 1964 412 1983 nisi
425 1966 471 1989 post

286 1979 650 2020 mauman„ya-sttitiiiiniis
676 1984 708 2011 et
733 1978 965 2019 ordinavimus,
990 1989 1032 2011 ne
1057 1979 1219 2022 deinceps,

286 2020 376 2037 mmm
391 2018 462 2037 ΜΨ
481 2032 648 2077 perpetuis
684 2032 797 2064 suturis
834 2032 1055 2076 temporibus,
1093 2032 1148 2065 ille
1183 2043 1219 2065 ex

482 2086 632 2119 fratribus
656 2085 789 2120 Ordinis
815 2086 1021 2118 eremitarum
1042 2086 1144 2119 sancti
1164 2087 1221 2119 Au-

481 2139 617 2183 gustini,
650 2139 705 2182 qui
736 2139 957 2182 procuratoris
982 2141 1144 2183 generalis
1168 2145 1222 2172 aut

480 2193 589 2236 aliquo
616 2198 754 2235 quatuor
778 2192 998 2225 assistentium
1024 2193 1221 2236 generalium

480 2246 584 2279 officio
625 2246 813 2288 perfunctus
854 2245 982 2287 fuisset,
1008 2246 1041 2278 in
1077 2247 1220 2290 priorem

480 2300 667 2342 generalem
693 2299 793 2341 ipsius
814 2299 942 2332 Ordinis
967 2299 1163 2339 immediate,
1185 2311 1222 2332 ac

480 2352 542 2385 nisi
567 2353 657 2396 prius
683 2352 722 2384 al)
749 2352 856 2385 officio
882 2352 1070 2386 huiusmodi
1093 2363 1152 2396 per
1176 2352 1223 2385 in-

482 2412 606 2449 tegrum
632 2405 821 2438 sexennium
845 2407 1005 2439 vacaverit
1040 2416 1095 2439 seu
1121 2417 1223 2439 cessa-

480 2458 570 2498 verit,
590 2459 656 2491 ullo
682 2459 780 2491 modo
805 2458 880 2500 eligi
905 2459 1007 2502 possit
1032 2464 1064 2491 et
1088 2460 1221 2499 valeret,

482 2517 514 2544 et
539 2512 616 2545 alias
642 2516 739 2555 prout
763 2511 795 2544 in
813 2512 933 2545 nostris
951 2512 1065 2545 litteris
1083 2513 1224 2556 desuper

482 2565 514 2597 in
542 2565 638 2598 simili
672 2565 775 2597 forma
804 2565 912 2598 Brevis
948 2565 1118 2609 expeditis,
1145 2576 1224 2609 qua-

483 2629 553 2652 rum
580 2623 724 2652 tenorem
750 2618 977 2662 praesentibus
1001 2629 1062 2663 pro
1079 2620 1176 2663 plene
1195 2623 1225 2655 et

1073 228 1254 253 BULLARIUM
1279 228 1434 254 ROMANUM

2013 231 2061 259 Αη.
2078 231 2106 259 c.
2130 233 2196 262 1739
2220 223 2229 270 j·

1264 277 1463 312 sufficienter
1499 288 1654 322 expresso
1691 284 1721 313 et
1757 280 1797 313 de
1830 281 1929 315 verbo
1963 281 2003 314 ad
2218 278 2222 293 ²

1265 331 1396 364 verbum
1431 342 1489 375 pro
1529 332 1653 365 inserto
1694 332 1807 366 haberi
1843 335 2003 376 volumus,

1264 384 1396 417 uberius
1422 385 1621 418 continetur.

1309 440 1325 479 g
1351 437 1381 470 ⁶2.
1404 437 1496 470 Nunc
1520 448 1607 478 vero,
1634 437 1726 471 iustis
1752 443 1783 472 et
1807 439 2005 473 rationabili·
2056 452 2137 472 Dianam
2160 453 2198 482 ιρι.
2222 441 2223 444 ’

1264 491 1325 522 bus
1350 500 1386 523 ex
1406 491 1511 523 causis
1530 490 1624 524 nobis
1643 492 1728 524 notis
1745 491 1887 531 adducti,
1906 478 2199 534 moiu‚L⁰3¹1{31'i⁰3{¹„‘5dllI
2223 511 2224 527 ι

1265 543 1408 582 scientia,
1435 543 1673 576 deliberatione
1698 549 1729 576 et
1753 545 1924 587 potestatis
1942 534 2198 588 ple-{¹1¹iiul'ss''1⁸1iii¹.⁰¹⁹'
2223 534 2225 552 Ὗ

1265 595 1411 628 nitudine
1438 595 1580 638 paribus,
1605 601 1757 629 statutum
1783 601 1815 629 et
1834 597 2007 631 ordinatio-

1264 658 1338 681 nem
1363 648 1549 681 huiusmodi
1574 660 1591 681 a
1614 649 1723 687 nobis,
1749 655 1784 682 ut
1809 651 2003 692 praefertur,

1265 701 1400 741 factam,
1438 701 1667 744 expeditasque
1703 702 1844 745 desuper
1878 707 2005 737 nostras

1266 754 1388 787 litteras
1413 755 1607 798 praedictas,
1626 766 1698 788 cum
1717 756 1867 789 omnibus
1892 762 1922 790 et
1946 757 2007 790 sin-

1266 807 1349 850 gulis
1386 808 1418 840 in
1455 809 1501 841 eis
1537 809 1698 842 contentis
1735 809 2005 854 quibuscumque,

1265 866 1378 894 tenore
1393 861 1616 904 praesentium
1631 871 1829 903 revocamus,
1843 873 2004 897 cassamus

1265 919 1297 947 et
1332 915 1560 954 annullamus,
1596 914 1787 958 viribusque
1823 920 1854 948 et
1890 915 2006 949 ellectu

1265 967 1393 1010 penitus
1419 972 1450 1000 et
1473 967 1605 1001 omnino
1631 978 1820 1008 vacuamus,
1845 979 1880 1001 ac
1911 974 1946 1002 ut
1970 969 2003 1002 in

1264 1021 1413 1064 proximo
1432 1020 1540 1063 futuro
1558 1031 1643 1054 anno
1667 1030 1849 1054 unccxxxix
1874 1021 1906 1054 in
1932 1031 2006 1055 con-

1265 1079 1360 1107 ventu
1396 1073 1427 1106 S.
1463 1073 1590 1107 Ioannis
1628 1074 1844 1116 evangelistae
1870 1074 2006 1108 civitatis

1265 1127 1497 1168 Ariminensi&
1538 1132 1635 1171 prout
1670 1127 1704 1160 in
1741 1128 1883 1171 capitulo
1919 1138 2005 1163 anno

1263 1190 1450 1214 unccxxxin
1475 1181 1638 1214 celebrato
1656 1185 1810 1213 statutum
1829 1181 1898 1222 suit,
1919 1186 1952 1214 et
1970 1181 2005 1214 in

1264 1235 1429 1278 quibusvis
1446 1234 1516 1267 aliis
1536 1234 1684 1277 capitulis
1703 1235 1911 1277 generalibus
1927 1234 2004 1268 dicti

1264 1288 1392 1321 Ordinis
1429 1298 1490 1331 pro
1528 1292 1675 1330 tempore
1700 1287 1915 1328 celebrandis,
1941 1292 2005 1320 tam

1264 1341 1410 1375 moderni
1444 1351 1540 1384 quam
1569 1350 1628 1383 pro
1654 1345 1802 1383 tempore
1830 1340 2005 1373 existentes

1264 1399 1493 1439 procuratores
1530 1399 1562 1427 et
1596 1393 1786 1427 assistentes
1823 1393 2004 1436 generales,

1264 1449 1353 1482 nulla
1377 1447 1533 1491 temporis
1557 1447 1725 1480 vacatione
1751 1448 1926 1490 expectata,
1945 1457 2006 1481 nec

1264 1512 1331 1534 non
1356 1501 1401 1534 illi
1428 1506 1459 1534 et
1483 1500 1537 1534 alii
1554 1500 1750 1544 quicumque
1768 1500 1896 1533 Ordinis
1912 1511 2006 1544 prae-

1266 1554 1342 1587 dicti
1368 1554 1483 1586 sratres
1509 1563 1663 1596 expresse
1688 1553 1840 1596 professi,
1866 1552 2006 1586 cuiusvis

1265 1607 1403 1640 nationis
1429 1607 1603 1640 existentes
1619 1633 1626 1646 ,
1651 1606 1675 1639 si
1700 1606 1740 1639 ad
1763 1606 1795 1639 id
1820 1606 1930 1639 idonei
1955 1617 2007 1639 ce-

1266 1659 1416 1703 teroquin
1452 1659 1668 1702 reperiantur,
1693 1665 1726 1692 et
1757 1661 1882 1693 nullum
1918 1660 2006 1693 aliud

1265 1712 1456 1745 canonicum
1493 1712 1538 1745 eis
1577 1712 1681 1745 obstet
1719 1712 2005 1755 impedimentum,

1264 1766 1399 1799 servatis
1424 1766 1501 1798 alias
1522 1765 1697 1804 servandis,
1715 1766 1754 1798 ab
1774 1765 1850 1805 illis,
1868 1766 1906 1798 ad
1925 1775 2006 1809 quos

1265 1824 1389 1862 spectat
1413 1824 1443 1851 et
1466 1829 1525 1862 pro
1553 1824 1701 1860 tempore
1733 1819 2006 1862 quandocumque

1264 1872 1441 1915 spectabit,
1466 1872 1500 1904 in
1537 1871 1679 1915 priorem
1707 1873 1896 1915 generalem
1930 1872 2006 1905 dicti

1264 1925 1393 1958 Ordinis
1418 1925 1537 1958 assumi
1558 1930 1590 1957 et
1613 1924 1701 1968 eligi,
1723 1930 1753 1958 et
1777 1925 1822 1958 sic
1847 1925 2005 1969 assumpti

1264 1984 1296 2011 et
1330 1978 1424 2012 electi
1460 1978 1579 2022 prioris
1616 1979 1778 2022 generalis
1816 1979 2006 2012 huiusmodi

1263 2032 1403 2066 officium
1435 2032 1614 2075 suscipere,
1640 2042 1754 2075 gerere
1787 2037 1818 2065 et
1853 2043 2007 2066 exercere

1264 2086 1364 2120 libere
1383 2091 1413 2119 et
1431 2085 1516 2119 licite
1535 2086 1674 2129 possint,
1693 2087 1886 2130 respective,
1905 2093 2006 2128 motu,

1263 2139 1406 2180 scientia,
1422 2139 1660 2172 deliberatione
1686 2145 1718 2172 et
1743 2139 1910 2183 potestatis
1936 2141 2006 2184 ple-

1264 2192 1409 2225 nitudine
1434 2192 1604 2232 similibus,
1632 2193 1746 2225 harum
1777 2193 1862 2226 serie
1895 2194 2007 2227 decer-

1264 2246 1370 2279 nimus
1397 2251 1428 2279 et
1452 2245 1654 2286 ordinamus,
1681 2246 1851 2290 dictosque
1878 2247 2004 2287 sratreS,

1265 2300 1379 2343 quiqui
1424 2299 1557 2342 aliquod
1594 2310 1631 2332 ex
1666 2299 1781 2332 officiis
1822 2300 2006 2333 huiusmodi

1266 2352 1489 2392 exercuerint,
1526 2353 1559 2385 in
1588 2352 1760 2395 pristinum
1796 2363 1832 2386 ac
1867 2364 1940 2386 eum
1972 2353 2006 2386 in

1266 2417 1330 2450 quo
1345 2411 1519 2449 antequam
1537 2406 1663 2439 litterae
1678 2412 1806 2440 nostrae
1820 2407 2006 2450 praedictae

1266 2464 1472 2493 emanassent
1497 2464 1588 2492 erant
1605 2464 1734 2498 statum,
1752 2466 1851 2500 motu,
1871 2460 2007 2494 scientia

1267 2518 1299 2547 et
1323 2517 1484 2557 potestate
1502 2513 1676 2553 similibus,
1694 2513 1894 2547 restituimus
1913 2519 1944 2548 et
1959 2523 2006 2547 re-

1267 2566 1478 2609 integramus,
1498 2577 1534 2599 ac
1550 2567 1584 2599 in
1601 2571 1770 2610 posterum
1789 2567 1956 2600 restitutos
1975 2571 2007 2601 et.

1268 2620 1486 2664 reintegratos
1502 2630 1573 2654 esse
1589 2621 1737 2655 volumus
1756 2625 1787 2654 et
1804 2620 2003 2655 mandamus.

2220 320 2222 357 l
