2232 3178
45 200 96 227 An.
110 198 140 226 C.
164 197 231 226 ¹735

73 1054 230 1074 Praeileccsso-

44 1087 89 1101 rum
105 1082 228 1101 Pontificum

44 1109 123 1128 similes
152 1110 230 1127 consu-

45 1137 138 1154 Iutioues
171 1140 230 1155 inno-

871 194 1014 219 CLEIIIENS
1039 193 1086 217 xlx
1112 194 1162 218 PP.

239 247 359 281 bilibus
383 245 536 278 fratribus
561 245 680 279 nostris
706 245 737 278 S.
758 245 796 277 R.
816 244 851 278 E.
879 244 982 277 cardi-

239 301 366 335 nalibus
385 305 415 333 et
437 299 560 332 dilectis
586 299 659 332 filiis
686 298 847 331 Romanae
869 297 982 330 Curiae

238 354 393 398 praelatis
411 354 449 385 ad
469 353 499 385 id
522 364 539 385 a
560 352 653 386 nobis
669 351 856 395 specialiter
881 351 983 393 depu-

239 408 335 447 tatis,
363 407 417 450 qui
454 417 522 439 rem
549 406 650 448 Ipsam
677 405 765 437 iussu
792 409 903 437 nostro
929 403 981 435 diu

239 466 333 504 atque
359 465 509 493 accurate
537 459 771 497 discusserunt,
797 457 979 497 babuimus,

239 514 519 553 deliberationem,
547 513 585 545 de
607 512 737 546 illorum
763 511 922 550 consilio,
948 521 984 543 ac

238 567 334 600 etiam
361 572 448 599 motu
473 566 608 610 proprio
630 572 662 598 et
680 575 717 597 ex
736 567 824 597 certa
849 564 982 596 scientia

239 620 370 660 nostris,
386 620 492 663 deque
511 619 712 662 apostolicae
730 617 899 661 potestatis
918 619 984 661 ple-

239 675 400 714 nitudine,
426 675 487 706 Iiac
512 674 544 706 in
571 673 654 705 Urbe
680 672 870 716 praedicta,
900 672 984 704 aliis-

239 738 300 770 que
327 726 529 765 civitatibus,
558 725 653 759 terris
678 731 710 758 et
731 725 809 758 locis
834 724 928 757 nobis
955 729 985 757 et

240 781 345 814 eidem
361 780 393 813 S.
413 780 450 812 R.
469 780 505 812 E.
526 780 557 811 in
585 778 818 822 temporalibus
843 778 983 811 mediate

239 835 288 866 vel
314 833 501 866 immediate
526 833 693 872 subiectis,
715 836 875 875 perpetuo
901 831 981 863 vali-

241 889 311 919 tura
337 886 583 927 constitutione,
598 896 681 929 quae
697 885 780 918 infra
794 889 983 927 sequuntur,

239 946 274 973 ut
298 940 442 983 serpenti
475 939 591 972 morbo
626 939 810 972 huiusmodi
836 949 985 972 occurra-

240 1004 333 1033 mus,
362 994 532 1027 statuenda
557 998 588 1026 et
613 993 795 1026 ordinanda
819 991 982 1025 duximus.

284 1046 344 1090 §2
366 1048 408 1079 Ac
426 1047 567 1090 primum
586 1046 717 1090 quidem
736 1056 848 1079 omnes
870 1051 902 1078 et
922 1045 985 1078 sin-

242 1100 331 1142 gulas
350 1100 599 1132 constitutiones
618 1111 635 1132 a
660 1099 761 1132 felicis
787 1099 985 1132 recordatio-

242 1153 291 1186 nis
318 1153 374 1186 Pio
399 1153 433 1192 ll,
461 1154 560 1186 Paulo
586 1153 621 1192 II,
646 1153 735 1186 Sixto
761 1153 805 1192 tt,
832 1152 912 1185 Iulio
938 1151 983 1191 lI,

242 1206 349 1238 Leone
365 1206 399 1244 X,
417 1205 584 1239 Clemente
603 1205 676 1245 VIII,
695 1205 774 1238 Iulio
792 1205 839 1245 ΙΙΙ,
860 1205 915 1237 Pio
938 1205 984 1245 lv,

241 1258 297 1292 Pio
323 1259 354 1298 Y,
382 1258 539 1302 Gregorio
566 1259 650 1298 XIII,
676 1258 762 1291 Sixto
788 1258 830 1298 Y,
856 1257 982 1301 Grego-

241 1312 289 1345 rio
316 1311 391 1352 xlv,
416 1312 605 1345 Innocentio
632 1311 681 1352 XI,
705 1311 895 1345 Innocentio
922 1311 985 1352 XII,

241 1376 277 1398 ac
310 1366 488 1399 Benedicto
524 1365 609 1405 XIII,
642 1370 673 1397 et
710 1365 878 1408 quibusvis
914 1365 985 1398 aliis

242 1420 395 1452 Romanis
431 1419 641 1453 Pontificibus
677 1419 985 1462 praedecessoribus

241 1473 364 1506 nostris
390 1473 546 1506 adversus
569 1473 752 1506 homicidas
770 1473 985 1506 saluberrime

242 1526 355 1566 editas,
374 1536 510 1569 quarum
532 1532 662 1559 tenores
688 1525 918 1569 praesentibus
937 1526 986 1558 lit-

241 1579 319 1612 teris
344 1590 403 1623 pro
423 1581 520 1623 plene
546 1585 578 1612 et
602 1579 800 1612 sufficienter
826 1579 986 1622 expressis

242 1638 274 1665 et
298 1633 336 1665 de
362 1633 460 1666 verbo
486 1633 525 1665 ad
551 1634 685 1666 verbnm
711 1632 842 1666 insertis
871 1633 984 1665 haberi

241 1687 409 1728 volumus,
435 1697 506 1720 cum
540 1687 692 1720 omnibus
727 1693 759 1719 et
790 1687 927 1730 singulis
952 1687 984 1720 in

243 1741 288 1773 eis
314 1741 496 1781 contentis,
522 1752 604 1784 quae
641 1741 720 1784 ipsis
757 1741 984 1784 praesentibus

242 1794 401 1827 contraria
425 1804 491 1826 non
516 1800 597 1834 sunt,
626 1794 739 1826 harum
765 1794 847 1827 serie
874 1805 986 1837 appro-

240 1847 363 1887 bamus,
382 1846 608 1880 confirmamus
627 1852 657 1880 et
682 1847 885 1887 innovamuS,
902 1847 987 1880 illas-

242 1911 305 1944 que
331 1901 483 1935 adversus
508 1912 745 1945 quemcumque
779 1912 844 1935 non
868 1912 983 1942 usum,

242 1964 301 1987 seu
328 1955 523 1987 contrarium
549 1965 655 1997 usum,
678 1955 733 1998 qui
752 1955 863 1999 quovis
887 1955 985 1988 modo

243 2008 415 2051 praetendi
431 2009 479 2041 vel
494 2009 626 2052 allegari
647 2014 767 2052 posset,
782 2009 984 2042 restituimus

243 2066 274 2093 et
300 2062 447 2105 plenarie
473 2063 731 2105 reintegramus,
768 2068 863 2105 atque
898 2062 986 2095 dein-

243 2123 319 2157 ceps
345 2115 478 2148 omnino
505 2126 541 2148 ac
567 2115 799 2148 inviolabiliter
819 2115 985 2149 observari

244 2168 463 2212 praecipimus
481 2175 511 2201 et
532 2169 734 2202 mandamus.
754 2169 792 2201 Et
807 2169 882 2212 quia
900 2169 985 2202 haud

245 2221 321 2253 satis
346 2228 396 2254 est
420 2222 536 2255 delicta
560 2223 756 2265 probibere,
783 2223 845 2256 nisi
871 2223 985 2263 etiam,

247 2282 327 2315 quae
353 2273 407 2307 illa
431 2275 578 2318 patrandi
607 2276 812 2309 occasionem
842 2286 877 2308 ac
902 2286 988 2310 com-

247 2326 432 2360 moditatem
469 2329 651 2371 praebent,
675 2329 811 2372 provide
848 2329 984 2362 submo-

248 2385 402 2421 veantur,
428 2392 539 2415 omnes
563 2388 737 2426 propterea
762 2388 794 2416 ct
817 2393 988 2426 quascum-

246 2444 308 2477 que
333 2435 586 2478 praedictorum‚
613 2447 649 2469 ac
674 2437 865 2480 praesertim
884 2437 930 2469 Pii
951 2437 987 2470 lv

247 2492 278 2519 et
303 2486 347 2519 Pii
374 2487 409 2527 V,
436 2498 565 2522 necnon
591 2489 786 2523 recolendae
810 2490 987 2524 memoriae

246 2541 420 2573 Alexandri
445 2541 527 2582 Vnt,
549 2552 684 2585 quarum
710 2543 837 2577 initium
862 2549 910 2577 est
933 2544 989 2578 Et-

245 2593 274 2626 si
288 2598 414 2637 cumea,
432 2599 485 2628 etc.
498 2622 506 2634 ‚
527 2595 727 2640 aliorumque
746 2602 988 2633 antecessorum

1026 244 1151 277 litteras
1177 249 1207 276 et
1233 243 1466 283 ordinationes,
1484 243 1602 286 quibus
1624 248 1770 275 vetantur

1027 296 1160 336 delatio,
1175 296 1314 329 retentio
1330 301 1361 330 et
1378 295 1523 329 venditio
1534 296 1769 338 sclopulorum,

1026 350 1241 383 arcln'busetti
1272 350 1447 394 vulgariter
1483 355 1768 393 nuncupatorum,

1027 403 1216 446 pugionum,
1229 405 1417 444 cultrorum,
1432 413 1604 447 parvarum
1619 403 1769 441 sicarum,

1028 456 1231 500 aliorumque
1247 467 1413 490 armorum
1425 467 1595 490 mensurae
1610 456 1769 489 brevioris

1028 510 1131 542 tribus
1144 510 1272 553 palmis,
1287 515 1400 553 utpote
1423 511 1462 543 ad
1481 510 1613 543 caedem
1640 510 1720 543 clam
1740 515 1772 541 et

1029 562 1144 596 dolose
1162 563 1366 596 inserendam
1387 568 1553 606 aptorum,
1575 569 1672 606 prout
1689 572 1770 606 quo-

1029 627 1091 659 que
1117 616 1260 649 edictum
1286 616 1434 649 kalendis
1462 616 1597 649 ianuarii
1622 625 1770 650 ainccvnt

1029 670 1069 702 dc
1084 669 1236 703 mandato
1253 669 1324 713 piae
1339 670 1514 702 memoriae
1529 669 1703 703 Clementis
1718 670 1772 702 Pa-

1029 734 1089 766 pae
1104 723 1142 755 xl
1156 722 1420 766 praedecessoris
1434 733 1564 766 quoque
1579 721 1682 755 nostri
1698 732 1772 765 pro-

1029 778 1227 820 mulgatum,
1253 781 1426 820 ceteraque
1451 775 1662 808 bannimenta
1693 775 1772 808 huc-

1029 840 1130 873 usque
1156 829 1322 873 publicata
1338 856 1345 869 ‚
1374 828 1538 861 antedicta
1563 828 1663 860 aliave
1689 827 1772 860 simi-

1030 883 1067 916 tis
1092 884 1139 915 vel
1162 883 1294 915 alterius
1313 882 1442 924 generis
1468 892 1555 914 arma
1581 880 1612 912 in
1631 881 1715 913 Urbe
1736 891 1771 912 ac

1030 937 1153 970 ditione
1178 936 1332 980 praefatis
1357 936 1416 968 sub
1443 935 1582 968 diversis
1608 935 1703 967 etiam
1721 945 1773 967 ca-

1029 990 1185 1033 pitalibus
1211 990 1328 1033 poenis
1355 988 1585 1032 prohibentia,
1613 999 1695 1031 quae
1723 987 1773 1020 iti-

1030 1044 1101 1076 dem
1127 1043 1352 1087 praesentibus
1378 1053 1436 1085 pro
1463 1042 1626 1085 expressis
1666 1046 1697 1074 et
1733 1041 1770 1073 ad

1029 1097 1162 1130 verbum
1187 1096 1317 1129 Insertis
1347 1095 1457 1128 baberi
1483 1096 1632 1128 volumus
1648 1122 1655 1135 ,
1678 1105 1714 1127 ac
1741 1105 1774 1127 0-

1029 1151 1116 1184 mnia
1134 1155 1164 1183 et
1189 1150 1314 1192 singula
1331 1149 1362 1181 in
1382 1149 1427 1182 eis
1448 1153 1599 1182 contenta
1624 1148 1774 1180 similiter

1029 1203 1247 1247 approbantes
1281 1214 1316 1235 ac
1342 1202 1558 1241 innovantes,
1588 1212 1627 1234 ne
1653 1211 1773 1244 poena-

1030 1268 1098 1289 rum
1117 1267 1176 1300 per
1194 1256 1384 1290 eorumdem
1404 1256 1613 1289 decessorum
1638 1255 1772 1293 litteras,

1029 1311 1169 1344 edictum
1188 1317 1219 1343 et
1237 1310 1450 1343 bannimenta
1471 1310 1624 1342 adversus
1644 1309 1774 1341 illorum

1031 1370 1299 1408 transgressores,
1315 1364 1452 1396 cuiusvis
1472 1363 1502 1395 in
1520 1362 1581 1396 illis
1601 1372 1773 1406 expressae

1030 1419 1193 1462 qualitatis
1219 1423 1249 1451 et
1274 1417 1472 1450 conditionis
1491 1416 1626 1456 suerint,
1645 1421 1775 1449 statuta-

1029 1483 1100 1505 rum
1125 1471 1274 1505 executio
1300 1471 1464 1504 ullatenus
1488 1469 1708 1513 impediatur,
1729 1474 1775 1502 te-

1030 1536 1108 1559 nore
1129 1525 1354 1569 praesentium
1381 1523 1525 1557 districtc
1552 1522 1775 1555 interdicimus

1031 1579 1288 1623 quibuscumque
1316 1577 1556 1615 tribunalibus,
1583 1575 1775 1618 magistrati-

1030 1633 1089 1666 bus
1114 1643 1150 1665 ac
1185 1631 1346 1664 iudicibus
1383 1636 1447 1664 tam
1482 1630 1577 1663 Urbis
1611 1629 1774 1672 praefatae

1029 1697 1124 1730 quam
1151 1685 1285 1719 aliarum
1311 1685 1484 1724 civitatum,
1503 1689 1660 1716 terrarum
1682 1688 1713 1714 et
1731 1683 1775 1715 Io-

1030 1751 1139 1773 corum
1179 1739 1273 1772 nobis
1304 1744 1335 1771 et
1359 1737 1433 1771 Sedi
1460 1736 1664 1780 Apostolicae
1702 1746 1770 1768 me-

1030 1794 1115 1826 diate
1128 1794 1178 1826 vel
1200 1791 1387 1825 immediate
1406 1791 1635 1828 subiectarum,
1653 1800 1689 1822 ac
1708 1790 1775 1832 qui-

1029 1847 1136 1880 busvis
1172 1846 1318 1880 eiusdem
1355 1844 1387 1878 S.
1423 1844 1459 1877 R.
1489 1843 1524 1876 E.
1556 1842 1774 1876 cardInalibus

1030 1900 1124 1933 etiam
1150 1900 1190 1933 de
1216 1900 1317 1932 latere
1343 1898 1468 1941 legatis,
1490 1908 1530 1930 ne
1548 1897 1581 1929 in
1600 1896 1704 1930 causis
1726 1897 1775 1929 de·

1030 1953 1161 1987 lationis
1187 1963 1222 1985 ac
1246 1951 1439 1985 retentionis
1456 1950 1640 1984 istiusmodi
1668 1959 1775 1983 armo-

1030 2018 1100 2040 rum
1125 2006 1182 2039 ulli
1210 2005 1415 2049 delinquenti
1442 2015 1577 2048 poenas,
1599 2014 1677 2047 quas
1699 2014 1775 2047 quo-

1030 2060 1211 2094 modolibet
1244 2059 1470 2098 incurrerunt,
1498 2057 1637 2100 gratiose
1663 2056 1775 2088 remit—

1031 2119 1099 2147 tant
1123 2119 1176 2147 aut
1201 2116 1419 2156 componant,
1445 2122 1481 2145 ac
1510 2112 1559 2144 vel
1586 2110 1617 2143 in
1642 2110 1775 2142 minima

1031 2168 1128 2201 etiam
1153 2172 1243 2211 parte
1269 2166 1489 2205 moderentur,
1509 2164 1566 2197 sed
1590 2174 1626 2197 ea
1651 2163 1774 2196 dumta-

1030 2228 1091 2262 xat,
1108 2231 1189 2264 quae
1209 2219 1310 2253 stricti
1330 2219 1408 2251 iuris
1427 2218 1557 2258 suerint,
1575 2218 1663 2250 iuxta
1681 2227 1774 2259 prae-

1031 2275 1129 2308 cisam
1155 2275 1293 2308 sormam
1319 2278 1350 2306 et
1376 2272 1624 2316 dispositionem
1650 2271 1771 2303 littera—

1032 2340 1100 2361 rum
1126 2327 1223 2361 edicti
1245 2332 1277 2360 et
1301 2326 1587 2359 bannimentorum
1613 2322 1773 2366 praefato-

1031 2392 1101 2414 rum
1128 2381 1305 2414 decernant
1331 2384 1362 2412 et
1387 2382 1600 2421 exequantur.
1630 2376 1720 2414 Quod
1748 2376 1772 2407 si

1032 2445 1067 2468 ex
1083 2434 1302 2478 peculiaribus
1328 2432 1522 2476 quandoque
1544 2430 1617 2462 sacti
1639 2429 1775 2462 circum-

1031 2488 1167 2528 stantiis,
1181 2488 1230 2521 vel
1245 2498 1280 2521 ex
1296 2486 1449 2530 qualitate
1463 2493 1686 2528 personarum,
1702 2492 1774 2525 gra-

1033 2542 1104 2583 tiae,
1126 2539 1367 2584 compositioni,
1394 2543 1447 2571 ant
1474 2547 1596 2581 poenae
1623 2536 1774 2569 modera-

1033 2596 1111 2629 tioni
1132 2597 1237 2630 locum
1256 2604 1343 2635 csse,
1359 2592 1520 2636 aequitate
1542 2591 1584 2624 ita
1603 2591 1770 2631 suadente,

1691 184 1732 217 29
1779 192 1830 219 An.
1847 192 1876 219 c.
1898 193 1965 221 ¹735
