2232 3178
284 261 330 287 An.
349 260 376 286 C.
403 260 468 287 1730

304 2559 347 2578 Alta
359 2563 430 2578 missio
442 2560 462 2578 et

277 2585 410 2610 praetectum
439 2590 461 2604 e-

278 2611 358 2630 iusdem
376 2610 460 2630 Ordinis

278 2643 298 2659 ιιι
312 2637 444 2663 Daunbswcg.

517 251 579 285 5⁶20

477 309 546 345 sati,
580 318 632 339 nec
665 309 809 348 accipient
843 309 884 339 illi
921 320 934 339 a
958 310 1084 340 subditis
1118 311 1212 350 quoad

478 357 624 387 missionis
655 366 760 387 munus
789 357 831 387 eis
853 357 991 388 subiectis
1013 359 1212 398 eleemosynas

478 415 527 444 pro
550 405 656 442 missis,
675 406 766 435 aliave
788 415 918 444 munera,
938 407 1028 437 forent
1045 407 1111 437 licet
1130 417 1212 437 escu-

477 454 565 491 lenta,
591 454 759 492 poculenta,
784 455 874 484 multo
909 456 1004 484 minus
1038 456 1131 486 adhuc
1153 457 1211 486 col-

477 502 603 531 lecturas
636 511 685 531 seu
720 506 874 540 quaestuas
904 503 1073 541 instituent,
1108 504 1152 533 liis
1185 509 1212 533 et

476 550 534 579 illis
556 550 659 579 ceteris
682 550 717 579 de
743 551 918 580 monasterio
942 551 1084 590 patribus,
1110 556 1140 582 ut
1164 552 1212 581 lia-

475 603 577 627 ctenus
595 597 768 636 habuerunt,
787 599 895 629 illaesis
912 601 1051 637 retentis;
1076 601 1125 640 qui
1145 601 1213 630 mis-

475 647 595 676 sionarii
619 647 756 685 insuper,
781 647 958 686 perdurante
984 649 1139 679 ministerii
1166 659 1212 679 eo-

476 704 540 724 rum
564 695 755 734 praedefinito
779 699 909 734 tempore
924 720 931 734 ,
961 697 1212 727 ltadtstadiensem

476 744 688 782 praefecturam
712 745 810 782 egredi
833 755 890 774 non
918 750 1066 784 poterunt,
1090 755 1104 775 a
1128 746 1212 775 nobis

477 792 520 822 vel
553 793 773 823 successoribus
805 795 913 824 nostris
950 804 1007 824 non
1045 795 1211 834 praehabita

475 841 609 879 licentia,
634 842 677 871 eis
701 847 890 872 veruntamen
914 853 971 873 non
995 843 1049 873 nisi
1073 843 1155 881 gravi
1177 843 1211 873 de

475 891 561 919 causa
583 891 764 929 deneganda.

515 947 542 967 v.
578 939 656 969 Licet
689 944 786 969 autem
819 939 921 969 Ordini
956 944 1004 970 tuo
1036 940 1211 979 apostolicae

476 987 623 1017 missionis
647 997 752 1017 munus
777 989 803 1018 in
829 989 978 1028 praedicta
997 989 1211 1018 Radtstadiensi

476 1036 660 1073 praefectura
677 1036 820 1075 privative
836 1037 1069 1073 committamus,
1087 1036 1210 1066 liberum

475 1087 569 1113 tamen
594 1084 678 1114 nobis
700 1089 728 1114 et
751 1085 970 1115 successoribus
1004 1085 1111 1115 nostris
1149 1094 1212 1115 esse

475 1132 608 1162 volumus
643 1133 715 1162 alios
751 1143 864 1172 quoque
900 1134 1022 1163 alterius
1058 1133 1235 1171 religionis¹

474 1179 553 1210 viros
575 1181 604 1210 in
624 1182 875 1211 Radtstadiensem
893 1182 1059 1212 districtum
1082 1182 1117 1212 ad
1141 1186 1213 1212 tem-

474 1239 527 1267 pus
550 1229 677 1267 mittere,
702 1230 905 1260 missionarios
927 1231 961 1260 de
984 1231 1120 1261 districtu
1143 1240 1212 1260 vero

473 1277 544 1307 alibi
567 1278 653 1308 etiam
677 1283 705 1308 et
733 1282 815 1308 extra
852 1279 936 1309 illum
973 1279 1008 1309 ad
1044 1279 1210 1317 missiones,

474 1326 582 1365 pariter
613 1331 708 1356 tamen
731 1327 766 1356 ad
800 1331 914 1366 tempus
929 1351 936 1365 ,
960 1327 1118 1366 ablegare,
1144 1329 1212 1358 mis-

473 1375 556 1405 sione
580 1385 630 1414 pro
654 1375 784 1415 patribus
808 1375 849 1406 tui
872 1376 989 1407 Ordinis
1011 1381 1210 1407 verumtamen

473 1424 503 1453 in
522 1424 735 1454 Radtstadiensi
753 1424 886 1455 districtu
902 1425 1004 1455 harum
1021 1430 1121 1456 tenore
1139 1436 1212 1456 sem-

475 1482 526 1511 per
550 1473 607 1502 lixa
630 1477 658 1502 et
680 1473 709 1502 in
732 1483 783 1503 suo
806 1473 911 1503 robore
934 1474 1016 1504 firma
1044 1480 1189 1506 manente.

553 1521 671 1551 Curabit
694 1522 815 1560 proinde
838 1523 997 1562 paternitas
1020 1528 1083 1562 tua,
1109 1524 1211 1564 tuique

473 1580 661 1600 successores
684 1580 784 1601 omnes
799 1595 807 1609 ,
830 1572 980 1611 perpetuis
1012 1573 1118 1603 futuris
1141 1578 1213 1603 tem-

474 1618 604 1658 poribus,
628 1623 660 1649 ut
682 1624 739 1649 tam
762 1620 888 1650 salutare
919 1625 1051 1651 nostrum
1084 1622 1212 1661 proposi-

474 1672 534 1696 tum
557 1667 694 1697 alacriter
722 1672 892 1707 exequatur,
916 1673 1006 1708 utque
1037 1670 1066 1699 in
1101 1675 1210 1709 partem

473 1716 625 1754 pastoralis
648 1721 763 1746 nostrae
792 1717 997 1748 sollicitudinis
1019 1720 1133 1756 vocati,
1157 1720 1211 1750 rite

472 1768 500 1794 et
522 1765 628 1803 iugiter
663 1765 799 1804 expleant
821 1766 892 1796 llaec
923 1771 1024 1797 nostra
1056 1768 1209 1806 mandata;

472 1813 549 1852 quod
582 1813 605 1843 si
630 1814 660 1844 in
683 1814 879 1853 adimplendis
912 1825 946 1846 ex
980 1825 1043 1847 asse
1075 1816 1211 1848 omnihus

473 1862 662 1901 praescriptis
691 1863 890 1901 negligentes,
920 1865 1044 1904 incurii,
1069 1875 1210 1904 segnesve

472 1911 603 1947 fueritis,
632 1911 824 1950 omnipotenti
856 1912 931 1949 Deo,
961 1913 1060 1952 nobis,
1094 1923 1211 1944 succes-

472 1960 588 1990 soribus
619 1961 745 1999 nostris,
775 1965 862 2000 atque
891 1962 1051 1993 venerabili
1083 1963 1210 2002 capitulo

472 2013 573 2039 nostro
596 2009 759 2039 districtam
781 2009 948 2041 reddituros
969 2011 1122 2048 rationem,
1147 2021 1209 2042 vos-

473 2068 529 2097 que
552 2063 683 2089 nostram
716 2059 882 2099 horumque
905 2060 1137 2098 indIgnationem
1160 2071 1211 2092 no-

473 2107 572 2137 veritis
588 2108 767 2138 incursuros.
787 2108 892 2138 Actum
913 2109 1087 2148 Salisburgi,
1105 2114 1210 2140 metro-

471 2156 530 2195 poli
553 2158 668 2194 nostra,
689 2157 742 2186 liac
763 2156 809 2186 die
831 2166 876 2187 xtv
899 2158 1007 2188 mensis
1023 2159 1119 2188 martii
1141 2160 1210 2190 anni

471 2214 658 2236 hroccxxxvn.

982 2256 1167 2287 Laerornus.

472 2325 525 2355 Nos
552 2325 720 2365 Leopoldus,
746 2325 797 2355 Dei
819 2327 911 2366 pratici
933 2328 1159 2367 archiepiscopus
1185 2332 1210 2358 et

510 2375 644 2413 princeps
664 2374 903 2413 salisburgensis,
932 2375 1048 2405 Sanctae
1081 2376 1160 2406 Sedis
1181 2387 1211 2406 a·

508 2423 658 2460 postolime
690 2423 794 2461 legatus
824 2428 924 2458 natus,
957 2425 1064 2463 primas
1096 2425 1209 2455 Germa-

512 2472 582 2505 niae,
606 2476 655 2501 etc.

511 2537 630 2568 Noverit
667 2539 827 2578 paternitas
863 2544 927 2578 tua,
962 2550 1048 2579 quam
1085 2550 1206 2580 vesana,

472 2590 616 2624 proterva,
642 2587 786 2617 haeretica
811 2588 937 2627 pravitas
960 2593 1046 2628 caput
1067 2599 1152 2619 suum
1178 2590 1207 2619 in

472 2634 524 2664 hac
548 2635 700 2674 provincia.
723 2637 826 2666 nostra
848 2646 906 2667 non
928 2637 966 2668 ita
990 2637 1100 2677 pridem
1123 2642 1209 2669 extu-

1060 263 1241 287 BL'LLARIURX
1265 263 1418 289 ROMANUM

1255 311 1341 350 lerit,
1366 321 1510 352 quamque
1542 313 1653 343 insanis
1684 314 1851 354 conatibus,
1875 315 1989 346 abiecte

1256 368 1375 398 prorsus
1407 360 1522 399 fronte,
1552 363 1705 400 emottique
1741 368 1854 400 mente,
1887 368 1987 394 eontra

1256 408 1347 446 ipsam
1370 408 1559 448 principalem
1585 410 1756 448 (lignitatem
1782 416 1910 441 nostram
1939 413 1988 442 da-

1256 456 1422 486 mnabiliter
1456 458 1607 496 insurgere
1640 469 1697 488 non
1731 459 1928 498 dubitaverit3
1961 466 1989 492 et

1256 505 1367 534 noverit
1399 515 1534 545 quoque,
1569 511 1678 545 quanto
1710 508 1863 546 pastoralis
1899 509 1988 539 animi

1256 558 1355 582 nostro
1388 553 1501 591 dolore,
1525 554 1618 593 palam
1653 555 1709 584 iam
1743 560 1893 593 grassante
1924 557 1990 587 hae-

1257 602 1324 637 resi,
1344 603 1456 631 armata
1472 602 1632 632 etiamnum
1651 603 1677 632 vi
1693 603 1834 634 obsistere
1850 605 1991 635 fuerimus

1255 649 1364 687 coacti,
1396 650 1498 687 viginti
1526 655 1554 680 et
1582 651 1657 680 ultra
1679 661 1693 681 e
1717 652 1868 691 provincia
1900 654 1991 693 pulsis

1256 697 1386 727 millibus
1408 698 1526 728 Lutlieri
1560 699 1743 739 aliorumque
1775 700 1992 731 haeresiarcha-

1256 755 1319 775 rum
1350 747 1492 784 colluvie,
1518 752 1596 786 peste
1629 749 1715 778 simul
1739 754 1766 779 et
1787 750 1877 779 exitio
1909 750 1991 780 invo-

1256 795 1334 824 lutis.
1360 795 1431 831 Quia
1454 805 1522 826 vero
1546 797 1699 827 statuimus
1730 797 1897 829 firmissime
1930 803 1990 829 toto

1256 842 1361 872 virium
1384 843 1449 873 nisu
1473 844 1584 874 hostem
1608 845 1703 874 adhuc
1726 845 1889 876 latitantem
1917 850 1990 877 tam-

1255 890 1304 920 diu
1329 893 1485 930 persequi,
1508 893 1619 931 donec,
1644 893 1719 932 quod
1753 894 1991 933 praedecessores

1255 937 1350 966 nostri
1384 939 1502 968 voluere
1534 949 1660 978 semper,
1686 944 1804 979 potuere
1828 950 1990 980 nunquam,

1234 988 1385 1015 ¹extreme
1409 987 1606 1017 internecione
1640 998 1690 1027 per
1712 988 1761 1018 Dei
1790 989 1913 1027 gratiam
1944 999 1992 1029 pe-

1233 1043 1235 1048 *
1255 1034 1334 1065 nitus
1350 1035 1575 1065 extinxerimns:
1590 1036 1656 1066 hinc
1673 1037 1707 1066 de
1726 1039 1776 1066 tua
1794 1037 1993 1068 sollicitudIne

1257 1082 1403 1120 vigilantia
1428 1087 1455 1113 et
1477 1085 1549 1113 cura
1581 1085 1763 1115 concreditas
1796 1090 1912 1115 nostras
1935 1085 1993 1115 ovi-

1258 1131 1338 1160 culas
1360 1131 1414 1161 sub
1438 1132 1523 1162 unius
1546 1133 1671 1172 pastoris
1704 1133 1772 1163 ovili
1795 1133 1903 1172 iugiter
1925 1144 1993 1165 con-

1256 1179 1368 1209 tinendi
1403 1180 1563 1211 clementer
1592 1181 1713 1216 confisi,
1738 1191 1861 1221 cumque
1883 1182 1992 1222 Capuc-

1255 1227 1387 1257 cinorum
1425 1229 1634 1259 monasterium
1674 1229 1703 1259 in
1748 1230 1854 1269 oppido
1892 1235 1991 1262 nostro

1255 1276 1425 1316 Dambsweg
1457 1287 1471 1307 a
1506 1278 1780 1317 praedecessoribus
1816 1280 1924 1310 nostris
1957 1280 1992 1310 ad

1255 1326 1410 1355 arcendam
1433 1335 1448 1355 a
1471 1327 1612 1365 religione
1644 1328 1744 1357 nostra
1779 1328 1892 1358 haeresi
1914 1328 1992 1359 luem

1256 1374 1457 1413 principaliter
1478 1375 1630 1405 fundatum
1653 1385 1716 1405 esse
1744 1376 1941 1415 dignoscatur,
1964 1382 1993 1408 et

1256 1426 1352 1462 patres
1384 1423 1470 1454 liuius
1496 1424 1526 1454 in
1560 1424 1746 1464 participium
1778 1429 1837 1455 tarn
1872 1426 1992 1465 gloriosi

1256 1471 1352 1510 operis
1375 1481 1489 1509 vocare,
1507 1473 1672 1512 eisdemque
1689 1478 1860 1513 perpetuum
1880 1478 1994 1514 aposto-

1255 1519 1328 1549 licae
1350 1520 1498 1550 missionis
1520 1531 1626 1551 munus
1642 1522 1671 1551 in
1687 1523 1871 1562 praefectura
1891 1524 1991 1554 nostra

1256 1568 1432 1606 Lungaviae,
1456 1570 1515 1608 qua
1537 1569 1607 1600 haec
1630 1570 1686 1600 late
1720 1570 1814 1610 quoad
1846 1575 1990 1611 tempora-

1255 1616 1311 1646 lem
1352 1617 1585 1647 iurisdictionem
1625 1622 1720 1657 patet,
1765 1619 1992 1650 clementissime

1255 1666 1435 1696 committere
1459 1671 1559 1697 tenore
1582 1668 1779 1706 praesentium
1795 1668 1989 1699 decrevimus.

1254 1713 1395 1744 Volumus
1418 1719 1573 1755 eapropter
1595 1720 1623 1746 et
1646 1717 1814 1756 paternitati
1832 1721 1896 1747 tuae
1914 1717 1991 1749 serio

1256 1762 1426 1792 mandamus
1448 1767 1603 1802 quatenus:

1294 1820 1313 1841 1.
1338 1811 1398 1841 Duo
1421 1811 1504 1841 nobis
1527 1817 1753 1851 praesententur
1775 1818 1872 1853 patres
1894 1814 1929 1844 de
1951 1814 1992 1844 sa-

1254 1859 1335 1889 milin
1357 1860 1526 1890 monasterii
1558 1860 1588 1890 in
1610 1860 1780 1900 Dambsvveg
1811 1862 1847 1892 ad
1881 1863 1992 1902 praefa—

1255 1913 1314 1938 tum
1337 1909 1511 1948 apostolicae
1534 1909 1681 1939 missionis
1713 1909 1907 1941 ministerium
1935 1912 1990 1941 rite

1253 1957 1419 1988 obeundum
1441 1957 1539 1987 idonei
1561 1962 1589 1988 et
1604 1958 1674 1998 apti,
1691 1959 1736 1989 vel
1753 1968 1768 1988 a
1783 1959 1901 1990 Summo
1917 1960 1992 1991 Pon-

1253 2007 1331 2038 tifiee
1363 2007 1406 2037 vel
1429 2016 1445 2036 a
1467 2007 1551 2037 sacra
1571 2007 1801 2046 Congregatione
1823 2009 1858 2039 de
1879 2011 1990 2049 Propa-

1253 2055 1360 2094 ganda,
1384 2065 1435 2085 seu
1458 2055 1494 2085 ab
1517 2065 1562 2094 eo,
1586 2056 1633 2085 cui
1656 2055 1691 2086 ab
1714 2056 1768 2086 hac
1787 2057 1853 2087 talis
1875 2057 1991 2096 delega-

1253 2103 1333 2133 bitur
1356 2103 1489 2142 facultas,
1513 2104 1675 2144 approbati,
1699 2105 1934 2145 necessariisque
1955 2105 1990 2136 ad

1254 2152 1408 2182 missiones
1440 2152 1614 2191 apostolicas
1645 2153 1808 2192 privilegiis
1830 2153 1988 2194 instructi,

1253 2210 1306 2230 nec
1328 2200 1381 2230 tibi
1403 2200 1680 2240 successoribusque
1702 2201 1759 2232 tuis
1777 2202 1924 2241 integrum
1940 2203 1988 2242 sit,

1254 2253 1405 2289 postquam
1438 2250 1481 2280 illi
1514 2251 1603 2280 semel
1635 2251 1743 2281 suerint
1772 2251 1806 2281 ad
1836 2252 1989 2283 missiones

1253 2303 1366 2329 nostras
1388 2299 1504 2337 delecti,
1523 2308 1572 2329 eos
1587 2308 1733 2338 amovere,
1757 2300 1812 2330 nisi
1835 2301 1885 2331 ubi
1903 2301 1990 2341 primi

1252 2346 1399 2384 integrum
1424 2346 1601 2377 absolverint
1624 2357 1733 2378 annum
1750 2372 1758 2386 ,
1782 2348 1990 2388 subrogatione

1253 2400 1281 2425 et
1304 2396 1539 2435 praesentatione
1561 2396 1685 2427 subinde
1707 2401 1792 2437 atque
1815 2398 1989 2429 successivis

1253 2444 1400 2483 perpetuis
1432 2444 1611 2483 temporibus
1644 2445 1679 2475 ea
1700 2446 1813 2476 ratione
1836 2447 1989 2485 faciende,

1252 2497 1283 2522 ut
1306 2501 1381 2523 unus
1404 2493 1449 2522 vel
1471 2493 1573 2523 saltem
1596 2493 1682 2532 adsit,
1706 2494 1757 2533 qui
1783 2494 1841 2524 iam
1868 2504 1919 2535 per
1940 2504 1989 2526 an-

1252 2550 1322 2570 num
1344 2540 1375 2571 in
1398 2541 1558 2581 praemisso
1581 2541 1682 2572 Ordiui
1706 2546 1755 2573 tuo
1777 2542 1924 2581 assignato
1946 2543 1990 2574 di-

1251 2590 1355 2620 strictu
1378 2590 1555 2621 missionarii
1579 2591 1745 2621 exercuerit
1767 2600 1884 2631 munus,
1904 2596 1987 2624 notos

1251 2638 1356 2669 habeat
1377 2638 1559 2670 subditorum
1582 2643 1611 2671 et
1631 2639 1797 2671 incolarum
1819 2649 1932 2681 mores,
1952 2640 1989 2672 sit

2207 0 2232 37 l!

1999 267 2048 296 An.
2065 269 2093 296 C.
2115 269 2178 300 ¹739
2210 276 2213 292 ²

2029 1825 2081 1849 Qum
2101 1830 2113 1846 a
2131 1825 2174 1846 min·

2002 1851 2098 1872 sionarins
2149 1851 2175 1872 sit

2002 1878 2152 1905 praestandum.
