2232 3178
255 211 304 238 An.
324 209 352 236 C.
371 210 437 237 1738
482 200 546 235 368

279 589 336 609 faeti
361 594 433 609 sertu‘.

324 1128 434 1148 Decretum

252 1153 274 1174 S,
315 1155 435 1179 congrega·

252 1183 275 1200 tit
284 1186 325 1201 nis.

488 260 610 292 neralis
621 259 891 301 Conyreqaeiom's
900 258 1075 290 Doctrinae
1094 257 1185 291 Chri-

489 314 612 344 stianae
645 312 882 345 Avenionensis
916 312 950 343 e'n
986 310 1078 343 domo
1111 320 1186 353 pro-

490 366 614 398 vinciae
638 365 804 397 Romanae
829 364 965 396 residere
991 363 1111 396 debeat.

658 453 793 479 Clemens
814 453 895 486 Papa
913 452 979 484 XII,

587 499 623 525 ad
643 498 779 524 futuram
798 497 842 524 rei
858 496 1044 524 memoriam.

490 579 504 621 ἓ
531 578 561 610 1.
582 577 748 610 Emanavit
764 587 871 619 nuper
889 587 905 608 a
923 575 1185 618 congregatione

447 630 632 672 particulari
678 631 911 663 nonnullorum
953 629 1186 662 venerabilium

447 684 580 716 fratrum
602 688 788 716 nostrorum
807 682 838 715 S.
855 682 892 714 R.
912 682 945 715 E.
964 682 1186 722 cardinalium,

445 747 462 768 a
483 737 576 769 nobis
603 736 634 768 in
659 738 756 769 causa
780 734 1048 778 Congregationis
1066 734 1187 766 Doctri-

446 800 506 822 nae
524 789 723 822 Christianae
742 788 974 821 Avenionensis
1000 788 1082 820 inter
1107 788 1186 820 dile-

446 848 512 875 ctos
537 841 620 875 lilios
652 842 860 885 presbyteros
896 841 1075 873 saeculares
1111 851 1186 883 pro·

445 894 569 928 vinciae
595 895 759 928 Romanae
785 905 821 927 ex
848 896 910 926 una
946 899 977 926 et
1003 892 1186 935 provincias

446 947 567 980 Galliae
594 947 698 981 dictae
723 946 992 990 Congregationis
1021 957 1057 978 ex
1085 947 1186 979 altera

447 1000 590 1043 partibus
608 1004 754 1033 vertente
772 1000 933 1042 deputata,
952 999 1119 1032 decretum
1141 1003 1186 1031 te-

446 1053 536 1087 noris
562 1053 615 1097 qui
641 1053 800 1096 sequitur,
825 1052 1000 1085 videlicet:

485 1119 536 1150 Die
558 1129 604 1150 xiv
626 1120 728 1159 aprilis
756 1128 955 1149 nnccxxxvm.
990 1118 1186 1157 Congregatio

446 1169 634 1209 particularis
670 1178 685 1198 a
719 1168 904 1198 sanctissimo
936 1167 1053 1198 domino
1085 1170 1186 1198 nostro

446 1218 580 1258 deputata
603 1217 903 1248 eminentissimorum
925 1222 953 1247 et
975 1216 1186 1247 reverendissi-

447 1276 560 1298 morum
583 1267 769 1297 dominorum
791 1266 984 1296 cardinalium
1012 1265 1184 1302 Barberini,

445 1316 595 1356 Spinulae,
610 1315 735 1353 Portiae,
750 1315 868 1352 Gentili‚
883 1315 1032 1353 subrogati
1048 1314 1185 1344 inlocum

446 1366 543 1396 clarae
566 1365 723 1395 memoriae
745 1364 902 1394 cardinalis
924 1364 1039 1402 ought,
1059 1368 1087 1394 et
1109 1363 1184 1394 Gua-

446 1414 545 1452 dagni,
563 1423 595 1444 ac
612 1413 669 1443 mei
685 1413 864 1452 infrascripti
880 1412 1029 1451 subrogati
1044 1412 1073 1442 in
1090 1412 1185 1441 locum

446 1462 601 1492 reverendi
625 1462 714 1501 patris
736 1462 846 1491 domini
878 1461 979 1491 Jachet
1011 1469 1076 1490 cum
1107 1464 1184 1498 voto,

446 1512 475 1541 in
499 1512 588 1541 causa
610 1510 848 1549 Congregationis
870 1510 1023 1540 Doctrinae
1046 1509 1187 1540 Christia-

446 1568 500 1589 nae
524 1559 737 1589 Avenionensis
761 1558 840 1588 inter
868 1558 1049 1597 provinciam
1080 1558 1185 1588 Rorna-

446 1617 513 1637 nam
537 1610 565 1637 et
588 1607 753 1646 provincias
785 1607 905 1645 Galliae,
937 1606 1042 1636 auditis
1071 1616 1185 1646 quoque

446 1656 580 1696 partibus
602 1665 691 1695 super
709 1656 792 1686 Bulla
809 1655 926 1685 unionis
946 1655 1112 1695 provinciae
1131 1656 1186 1685 Ro-

445 1714 548 1736 manae
564 1705 704 1735 ecclesiae
720 1708 748 1734 et
764 1704 879 1734 domus¹
895 1704 924 1735 S.
939 1704 1046 1734 Mariae
1061 1705 1091 1734 in
1107 1704 1186 1734 Mon·

445 1754 537 1785 ticelli
573 1758 691 1784 sanctae
728 1753 886 1784 memoriae
920 1753 1069 1783 Benedicti
1097 1753 1159 1782 xlll
1176 1776 1184 1790 ‚

444 1803 498 1833 sub
514 1803 614 1833 datum
630 1803 699 1833 anni
715 1811 874 1841 nnccxxvi,
898 1811 925 1833 ιν
949 1802 1087 1832 kalendas
1110 1812 1186 1832 mar-

446 1853 498 1891 tii,
521 1852 672 1892 rescripsit
695 1853 730 1883 ad
753 1857 892 1883 mentem.
920 1852 1000 1882 Mens
1023 1857 1086 1882 est:
1113 1852 1186 1883 Con-

445 1902 599 1933 sulendum
615 1902 816 1940 Sanctissimo,
834 1902 911 1941 quod
927 1902 1036 1932 ibidem
1054 1901 1184 1931 residere

445 1951 549 1982 debeat
571 1955 743 1991 procurator
770 1951 918 1989 generalis
952 1951 1040 1981 totius
1061 1950 1187 1989 Congre-

445 2000 571 2038 gationis
587 2000 742 2030 Doctrinae
758 1999 938 2030 Christianae
959 1998 1183 2038 AvenionensiS,

444 2049 548 2079 solutis
570 2048 728 2078 alimentis.

484 2098 632 2137 Factaque
654 2097 742 2127 etiam
769 2106 855 2136 super
876 2097 930 2126 hoc
945 2121 952 2135 ,
976 2097 1019 2126 die
1041 2097 1182 2136 sequenti,

444 2145 584 2176 relatione
615 2145 700 2175 liuius
730 2145 919 2176 resolutionis
947 2154 999 2184 per
1022 2155 1068 2175 me
1096 2146 1186 2175 infra-

444 2194 585 2234 scriptum
603 2194 696 2223 eidem
720 2193 905 2223 sanctissimo
928 2194 1044 2224 domino
1066 2199 1182 2233 nostro,

443 2242 586 2273 Sanctitas
599 2242 655 2273 Sua
672 2242 854 2281 supradictae
866 2241 1105 2280 Congregationis
1121 2251 1185 2281 par-

445 2291 576 2322 ticularis
610 2291 784 2321 sententiam
813 2291 843 2321 in
874 2291 927 2320 hac
955 2300 1071 2331 quoque
1104 2295 1184 2330 parte

444 2340 598 2380 probavit,
623 2349 655 2370 ac
678 2340 758 2370 iuxta
782 2349 846 2369 eam
869 2344 1048 2379 opportunas
1072 2340 1184 2370 litteras

443 2390 473 2419 in
490 2390 585 2419 forma
601 2389 700 2419 Brevis
716 2389 846 2428 expediri
862 2389 1020 2419 mandavit.
1037 2406 1074 2411 —-
1089 2389 1184 2419 Fen*-

445 2447 544 2468 ctsccs
560 2438 717 2477 episcopus
733 2438 874 2468 Ostiensis
894 2438 1051 2468 cardinalis
1069 2440 1185 2468 Bauer:-

444 2496 539 2517 nmus.
557 2505 595 2510 —
617 2487 762 2517 Nicotaus
777 2486 926 2517 Xavnmtts
949 2487 1184 2528 archiepiscopus

444 2536 637 2574 Athenarum,
661 2537 846 2566 secretarius.
870 2535 938 2566 Loco
959 2538 977 2574 †
998 2536 1097 2575 siyilli.

483 2601 493 2628 1
517 2598 618 2626 Forsan
638 2598 740 2626 domui
757 2600 796 2634 (a.
812 2600 862 2633 T.)-

1023 209 1209 234 BULLARIUM
1236 208 1393 234 ROMANUM

2180 0 2232 182 *l

1978 209 2026 237 An.
2046 209 2075 239 C.
2092 212 2154 242 ¹78⁸
2226 189 2232 246 1Ι

2028 270 2153 300 Confirmatio

1980 298 2094 322 pontiticia.

1271 257 1285 300 ᾗ
1311 257 1341 290 ⁶2.
1380 258 1454 290 Cum
1492 262 1598 291 autem
1617 285 1624 298 ,
1662 258 1747 291 sicut
1785 258 1968 302 presbyteri

1228 311 1412 343 saeculares
1432 310 1673 353 provinciarum
1692 311 1812 344 Galliae
1829 312 1969 353 Congre-

1228 363 1367 405 gationis
1383 363 1553 396 Doctrinae
1567 363 1768 396 Christianae
1783 363 1967 396 huiusmodi

1228 417 1323 449 nobis
1343 417 1483 449 subinde
1501 417 1620 460 exponi
1647 417 1802 456 fecerunt,
1830 416 1891 459 ipsi
1918 417 1968 449 de-

1229 474 1351 502 cretum
1370 470 1568 509 huiusmodi,
1587 481 1651 512 quo
1670 469 1792 502 firmius
1817 469 1971 502 subsistat

1229 528 1260 555 et
1284 528 1428 556 servetur
1452 523 1608 562 exactius,
1633 522 1833 566 apostolieae
1855 522 1970 555 confir-

1229 576 1380 609 mationis
1406 582 1536 609 nostrae
1562 576 1747 619 patrocinio
1773 576 1968 609 communiri

1229 639 1438 672 summopere
1471 629 1679 661 desiderent:
1714 639 1795 669 nos,
1822 629 1969 671 ipsorum

1231 682 1464 724 exponentium
1491 681 1571 713 votis
1596 681 1655 713 hac
1679 681 1711 713 in
1734 692 1787 720 re,
1810 686 1968 723 quantum

1229 745 1301 766 cum
1320 734 1456 767 Domino
1474 744 1656 777 possumus,
1678 733 1901 766 favorabiliter
1917 743 1970 765 an-

1230 797 1331 819 nuere
1366 787 1535 825 volentes,
1571 791 1602 818 et
1638 796 1750 819 eorum
1789 785 1969 827 singulares

1229 849 1387 882 personas
1401 850 1417 871 a
1432 839 1596 882 quibusvis
1613 837 1968 878 excommunicationis,

1230 891 1454 934 suspensionis
1482 897 1513 924 et
1538 890 1720 930 interdicti,
1754 890 1891 933 aliisque
1918 901 1969 923 ec-

1230 944 1417 977 clesiasticis
1437 945 1620 984 sententiis,
1633 944 1777 977 censuris
1796 948 1828 976 et
1845 944 1967 986 poenis,

1230 1008 1246 1029 a
1267 997 1338 1029 iure
1363 991 1411 1029 vel
1438 997 1476 1029 ab
1502 997 1647 1036 homine,
1667 996 1775 1040 quavis
1800 995 1969 1029 occasione

1231 1050 1280 1082 vel
1307 1051 1402 1082 causa
1426 1050 1509 1090 latis,
1532 1050 1558 1082 si
1584 1049 1700 1092 quibus
1725 1048 1971 1092 quomodolibet

1230 1103 1404 1136 innodatae
1429 1103 1580 1143 existunt,
1610 1103 1649 1135 ad
1686 1102 1836 1136 ell'ectum
1871 1111 1969 1145 prae-

1230 1156 1368 1189 sentium
1401 1155 1566 1188 dumtaxat
1596 1155 1877 1198 consequendum,
1905 1155 1967 1188 ha-

1230 1219 1301 1241 rum
1326 1208 1410 1241 serie
1433 1209 1640 1242 absolventes
1660 1213 1692 1241 et
1707 1208 1873 1241 absolutas
1898 1208 1969 1241 sore

1229 1267 1413 1301 censentes,
1441 1261 1733 1305 supplicationibus
1766 1272 1878 1294 eorum
1904 1271 1966 1294 no-

1229 1316 1315 1348 mine
1340 1316 1435 1349 nobis
1461 1326 1564 1359 super
1581 1316 1644 1349 boc
1662 1315 1830 1349 humiliter
1855 1325 1969 1358 porre-

1229 1370 1287 1402 ctis
1312 1369 1480 1410 inclinati,
1506 1370 1672 1403 decretum
1704 1369 1943 1413 praeinsertum
1959 1396 1967 1410 ,

1229 1423 1422 1455 auctoritate
1448 1422 1637 1465 apostolica,
1670 1427 1783 1455 tenore
1815 1432 1970 1465 praesen-

1231 1475 1319 1515 tium,
1339 1474 1571 1508 confirmamus
1597 1480 1628 1507 et
1652 1475 1884 1518 approbamus,
1904 1474 1965 1507 illi»

1231 1538 1294 1571 que
1335 1527 1534 1561 inviolabilis
1573 1528 1770 1571 apostolicae
1808 1527 1967 1560 firmitatis

1231 1582 1331 1614 robur
1356 1581 1538 1614 adiicimus.

1273 1634 1287 1677 g
1312 1634 1344 1667 3.
1372 1634 1598 1674 Decernentes,
1624 1635 1754 1668 easdem
1781 1640 1990 1679 praesentes
2014 1646 2153 1670 Praesenttnm

1230 1687 1355 1720 litteras
1378 1697 1506 1730 semper
1527 1688 1642 1728 sirmas,
1665 1688 1785 1721 validas
1810 1693 1840 1722 et
1864 1672 2093 1722 emiza-'thlissffmffl
2123 1675 2153 1696 ‘¹¹'

1230 1750 1284 1773 ces
1310 1740 1448 1773 existere
1474 1745 1506 1773 et
1529 1740 1605 1781 sore,
1633 1751 1775 1784 suosque
1803 1742 1968 1784 plenarios

1230 1799 1261 1826 et
1287 1793 1432 1836 integros
1459 1793 1590 1827 effectus
1615 1794 1724 1827 sortiri
1751 1800 1782 1828 et
1807 1795 1968 1836 obtinere,

1230 1857 1265 1880 ac
1291 1847 1368 1886 illis,
1386 1847 1424 1880 ad
1445 1857 1526 1890 quos
1544 1852 1669 1890 spectat
1690 1852 1720 1880 et
1737 1858 1797 1891 pro
1824 1853 1970 1892 tempore

1229 1900 1400 1943 spectabit,
1428 1900 1460 1933 in
1487 1900 1637 1933 omnibus
1655 1906 1686 1933 et
1703 1911 1760 1944 per
1782 1901 1891 1934 omnia
1907 1903 1971 1945 ple-

1229 1953 1360 1986 nissime
1387 1952 1565 1996 suffragari,
1591 1959 1623 1986 et
1646 1954 1684 1986 ab
1710 1954 1756 1987 eis
1788 1955 1970 1996 respective

1229 2007 1460 2040 inviolabiliter
1485 2007 1674 2047 observari,
1701 2007 1812 2051 sicque
1829 2008 1860 2040 in
1880 2018 1971 2051 prae-

1229 2060 1334 2093 missis
1360 2070 1419 2103 per
1445 2070 1669 2103 quoscumque
1694 2060 1817 2094 iudices
1843 2061 1968 2094 ordina·

1228 2113 1292 2146 rios
1319 2118 1351 2146 et
1376 2113 1551 2155 delegatos,
1591 2113 1686 2146 etiarn
1712 2124 1879 2146 causarum
1905 2125 1969 2157 pa-

1229 2166 1295 2199 latii
1335 2166 1505 2209 apostolici
1545 2166 1721 2207 auditores,
1762 2166 1899 2200 iudicari
1937 2173 1970 2200 et

1228 2218 1358 2252 deliniri
1384 2219 1516 2260 debere,
1543 2229 1578 2251 ac
1602 2219 1730 2251 irritum
1760 2225 1790 2252 et
1822 2220 1917 2253 inane
1942 2220 1969 2253 si

1229 2283 1323 2306 secus
1348 2283 1446 2316 super
1469 2272 1519 2305 his
1544 2283 1561 2305 a
1586 2283 1760 2316 quoquam,
1782 2274 1893 2317 quavis
1919 2284 1970 2306 au-

1228 2325 1386 2365 ctoritate,
1414 2325 1556 2357 scienter
1587 2327 1637 2359 vel
1671 2325 1866 2368 ignoranter,
1892 2337 1970 2360 con-

1229 2378 1336 2421 tigerit
1361 2378 1523 2411 attentari.

1272 2433 1286 2476 §
1311 2432 1343 2464 4.
1363 2431 1433 2465 Non
1456 2432 1663 2465 obstantibus
1683 2433 1969 2468 constitutionibus

1228 2491 1259 2519 et
1283 2485 1544 2518 ordinationibus
1571 2485 1769 2529 apostolicis,
1792 2497 1838 2528 ac,
1856 2493 1970 2531 quate-

1228 2549 1286 2571 nus
1299 2549 1380 2582 opus
1392 2538 1443 2579 sit,
1453 2544 1704 2572 memoratarum
1718 2539 1967 2583 provinciarum,

1228 2592 1326 2625 etiam
1346 2591 1540 2634 iuramento,
1569 2592 1816 2627 confirmatione
1840 2598 1967 2639 aposto-

2028 2439 2152 2461 obstantiu-

1979 2466 2095 2493 derogatio-
