2232 3178
29 204 78 230 An.
96 202 125 228 C.
147 199 212 226 ¹738

81 369 203 390 Proeuram

28 394 287 451 sssst'msstt‘in'ssiisitio
314 405 550 448 subiungebat,
578 406 681 439 dictus
707 406 845 438 Didacus
870 405 952 437 assi—

29 455 87 476 super
101 449 146 469 hoc.

30 1507 155 1522 necessariae
176 1501 201 1521 ad

29 1522 320 1581 ffssgfflgssssnfm‘nffllus
340 1532 376 1554 ex
396 1521 499 1553 dictae
525 1521 711 1563 provinciae
738 1522 889 1554 fratribus
914 1523 952 1555 ad

832 196 975 221 CLEMENS

215 257 354 290 cumque
389 246 519 279 Ordinis
557 246 715 289 praedicti
752 247 894 279 lectores
927 251 957 278 et

215 301 376 333 habentur
401 304 432 332 et
457 300 695 332 existimantur.

259 353 273 395 ξ
298 351 326 384 2.
353 352 430 385 Cum
455 357 581 392 autem,
610 353 691 385 sicut
716 352 829 385 eadem
856 362 954 394 expo-

214 465 301 492 stens
317 464 346 491 et
362 464 567 501 procurator,
587 464 619 491 ut
634 459 789 502 deinceps
811 458 955 490 eiusdem

213 511 397 556 provinciae
431 511 551 544 alumni
586 512 703 544 intuitu
730 510 865 554 praemii
892 511 956 543 avi-

215 565 284 597 dius
309 564 515 607 alacriusque
535 570 596 596 tam
612 565 650 597 ad
677 565 866 596 doctoratus
893 564 957 596 lau-

214 627 299 650 ream
326 618 565 657 assumendam,
585 628 680 660 quam
706 617 745 650 ad
771 616 955 649 substinen-

214 671 286 704 dam
307 670 404 702 talem
430 669 670 712 oppositionem
689 680 743 702 seu
764 678 953 701 concursum

213 733 274 766 pro
300 722 486 755 huiusmodi
524 722 663 765 publicis
692 721 823 755 lecturis
848 731 955 764 capes-

214 775 322 808 sendis
347 774 551 815 excitentur,
579 775 681 807 tribus
715 774 955 817 antiquioribus

215 828 404 862 doctoribus
430 828 534 861 dictae
560 828 789 867 universitatis,
816 827 870 870 qui
899 837 954 869 pu-

213 881 307 914 blicis
332 881 545 924 argunientiS,
562 882 755 924 assidueque
778 880 954 913 lectionum

215 940 246 968 et
280 934 526 977 oppositionum
560 934 802 973 exercitationi,
829 933 954 976 quoties

213 987 368 1020 cathedra
387 985 510 1030 aliqua⁴
530 987 562 1019 in
582 987 665 1019 dicta
682 986 891 1019 universitate
908 997 953 1018 va-

214 1051 288 1073 care
314 1039 504 1082 contigerit,
531 1039 650 1072 suerint
675 1039 815 1072 adstricti
843 1045 874 1072 et
900 1039 955 1072 ad-

214 1093 299 1134 dicti,
319 1093 429 1126 omnia
453 1093 541 1133 iura,
565 1093 691 1126 indulta
718 1099 748 1126 et
772 1092 952 1136 privilegia,

214 1147 329 1190 quibus
361 1147 459 1179 ceteri
485 1146 516 1179 in
543 1149 631 1179 saera
665 1146 830 1188 theologia
855 1145 955 1188 magi-

213 1199 270 1233 stri
294 1199 483 1243 provineiae
506 1204 538 1232 et
557 1199 687 1232 Ordinis
711 1198 953 1242 praedictorum

213 1253 252 1286 de
277 1253 356 1293 iure,
378 1263 437 1285 usu
464 1258 495 1285 et
520 1252 756 1285 consuetudine
783 1251 954 1294 potiuntur

213 1312 246 1340 et
269 1307 428 1349 gaudent,
451 1317 487 1339 ac
505 1306 559 1338 ut²
577 1316 689 1339 revera
708 1312 870 1349 tamquam
888 1316 954 1337 ma-

213 1361 302 1404 gistri
330 1360 520 1394 eorumdem
545 1360 675 1393 Ordinis
703 1365 734 1392 et
765 1360 953 1403 provinciae

213 1414 276 1447 sint
301 1418 333 1447 et
366 1413 549 1446 habeantur
574 1413 811 1457 (sequentibus
846 1419 953 1447 tamen

72 1474 202 1495 condamm
213 1467 352 1512 praeviis
377 1466 634 1506 conditionibus,
658 1478 795 1510 nempe:
822 1477 843 1500 Ι.
864 1467 953 1505 Quod

214 1575 348 1618 gradum
370 1574 557 1607 doctoratus
583 1573 615 1606 in
638 1574 723 1607 dicta
745 1575 954 1609 universitate

214 1627 399 1672 promoveri
425 1628 544 1667 valeat,
570 1627 632 1660 nisi
667 1628 704 1660 de
730 1628 861 1661 lieentia
890 1640 955 1662 mo-

214 1682 306 1715 derni
332 1687 361 1714 et
387 1692 446 1724 pro
475 1686 618 1724 tempore
645 1682 811 1714 existentis
835 1682 953 1725 prioris

214 1734 374 1779 generalis
396 1734 470 1767 dicti
489 1734 626 1774 Ordinis,
646 1740 743 1778 prout
764 1746 822 1778 per
839 1738 955 1769 cousti-

215 1789 355 1822 tutiones
395 1788 523 1821 Ordinis
563 1789 720 1832 praedicti
761 1790 954 1824 auctoritate

214 1843 392 1886 apostolica
416 1841 638 1884 confirmatas,
664 1848 755 1886 parte
780 1854 816 1883 v,
843 1854 912 1886 cap.
938 1855 955 1876 v

214 1902 246 1930 et
261 1907 334 1936 vui,
351 1895 588 1940 praescriptum
607 1896 790 1939 reperitur:
811 1908 845 1930 11.
865 1898 954 1936 Quod

214 1951 323 1983 nullus
349 1950 464 1982 doctor
488 1949 519 1981 in
545 1949 628 1982 dicta
653 1949 864 1983 universitate
893 1951 955 1983 Me-

215 2002 326 2036 xicana
343 2002 489 2045 magistri
508 2002 683 2045 privilegia
708 2002 859 2036 obtinere
881 2004 956 2037 inci-

214 2055 292 2099 piat,
311 2055 372 2088 nisi
395 2060 568 2098 postquam
594 2055 802 2089 laudabiliter
819 2067 895 2090 suae
914 2058 956 2090 le-

215 2114 325 2141 cturae
344 2108 576 2151 philosophiae
592 2114 622 2141 et
639 2119 747 2142 sacrae
766 2109 955 2152 theologiae

215 2162 399 2207 praedictae
436 2168 562 2206 tempus
601 2163 837 2206 compleverit,
871 2170 902 2197 et
939 2175 956 2197 a

215 2217 311 2259 pleno
333 2215 519 2249 definitorio
544 2216 730 2259 provinciae
758 2217 955 2259 huiusmodi,

216 2269 278 2302 sive
298 2269 329 2301 in
348 2268 490 2312 capitulo
512 2269 716 2312 provinciali,
738 2270 804 2303 sive
826 2270 857 2302 in
884 2282 956 2304 con-

216 2322 405 2365 gregatione
430 2322 642 2362 intermedia,
668 2323 770 2355 lector
800 2323 955 2357 iubilatus

216 2376 413 2417 declaretur,
443 2380 474 2408 et
501 2380 595 2416 tunc,
622 2376 744 2419 absque
776 2386 858 2410 novo
885 2388 955 2410 exa-

216 2429 314 2470 mine,
336 2439 407 2462 cum
434 2429 495 2461 iam
522 2429 552 2461 iu
575 2429 785 2472 susceptione
805 2430 955 2464 doctora-

217 2488 265 2516 tus
291 2483 324 2515 in
350 2483 464 2515 eadem
490 2482 699 2515 universitate
725 2485 951 2526 praecesserit,

253 2555 262 2581 1
287 2553 392 2580 Rectius
412 2554 580 2581 cathedram
600 2554 733 2588 aliquam
752 2556 789 2589 (u.
811 2555 859 2588 T.).

250 2599 266 2626 2
286 2598 427 2625 Coniunet.
450 2600 480 2625 uc
500 2606 548 2625 nos
568 2598 692 2625 addimus
711 2599 748 2632 (u.
770 2599 819 2632 τ,).

284 2653 361 2682 Buzt.
381 2653 466 2682 Rom.
486 2668 520 2674 —
544 2653 602 2681 Vol.
623 2653 726 2682 XXIV.
876 2653 910 2681 50

1001 196 1044 220 xit
1068 196 1117 220 ΡΡ.

1000 250 1032 277 et
1059 246 1120 278 alia
1146 245 1266 288 gradus
1293 245 1502 289 susceptione
1536 244 1742 283 istiusmodi,

1001 298 1152 331 doctores
1189 299 1369 342 privilegiis
1403 299 1634 341 magIstrorum
1668 310 1744 341 gau-

1001 352 1076 384 dere
1103 352 1278 395 incipiant,
1309 358 1341 384 et
1367 357 1529 395 tamquam
1556 352 1701 394 magistri
1727 363 1745 385 a

1000 405 1122 446 paritvr
1157 405 1316 438 moderno
1349 411 1380 438 et
1412 416 1470 448 pro
1498 411 1646 449 tempore
1678 405 1743 438 exi-

1000 463 1106 490 stente
1125 458 1234 500 priore
1254 459 1447 501 provinciali
1466 465 1745 501 recognoscantur

1000 516 1031 543 et
1050 511 1272 551 declarentur,
1291 512 1373 544 acin
1392 512 1492 552 libro,
1512 512 1543 544 in
1563 523 1626 556 quo
1644 514 1743 546 ceteri

999 563 1146 596 eiusdem
1172 564 1300 596 Ordinis
1325 565 1472 607 magistri
1500 566 1743 607 describuntur,

1000 615 1208 656 adnotentur,
1220 623 1301 650 etex
1319 623 1392 649 tunc
1407 618 1545 657 demum,
1560 629 1624 651 non
1636 624 1743 652 autem

1000 670 1181 701 secundum
1218 675 1347 713 tempus
1370 671 1510 714 suscepti
1537 671 1742 713 doctoratus,

1000 733 1114 755 eorum
1133 723 1307 766 antiquitas
1325 724 1412 756 inter
1430 725 1601 766 magistros
1615 725 1743 758 Ordinis

999 781 1223 818 computetur:
1250 787 1298 810 111.
1319 777 1410 815 Quod
1438 788 1473 809 ex
1494 778 1588 810 dictis
1607 779 1742 812 doctori-

999 828 1056 860 bus
1075 829 1307 868 universitatis,
1325 830 1391 873 qui,
1417 836 1451 862 ut
1467 841 1574 873 supra,
1591 831 1742 865 assiduae

998 881 1175 914 lectionum
1204 887 1234 914 et
1256 882 1502 925 oppositionum
1517 883 1743 917 exercitationi

999 934 1119 967 suerint
1144 935 1287 967 adstricti
1313 940 1345 968 et
1370 936 1501 975 addicti,
1528 942 1593 969 tres
1619 937 1744 970 dumta-

999 992 1051 1019 xat
1083 987 1304 1030 antiquiores,
1332 988 1387 1031 qui
1423 989 1526 1031 gradu
1564 989 1742 1032 magisterii

998 1040 1126 1074 Ordinis
1150 1041 1313 1084 praedicti
1338 1052 1403 1075 non
1430 1042 1495 1074 sint
1521 1043 1651 1076 aliunde
1689 1043 1743 1076 de-

998 1095 1122 1135 corati,
1150 1096 1379 1138 magistrorum
1414 1096 1598 1140 privilegiis
1635 1096 1743 1130 fruan-

999 1154 1060 1188 tur,
1084 1148 1200 1192 reliqui
1225 1154 1341 1188 autem,
1361 1149 1386 1181 si
1409 1150 1463 1192 qui
1484 1149 1612 1189 suerint,
1632 1160 1742 1192 quam-

998 1202 1043 1234 vis
1070 1201 1188 1234 ceteris
1224 1201 1436 1244 qualitatibus
1461 1213 1558 1246 supra
1583 1203 1743 1246 expressis

998 1254 1135 1297 praediti
1162 1255 1392 1297 reperiantur,
1419 1255 1474 1288 illa
1501 1256 1633 1289 minime
1661 1257 1744 1290 obti-

999 1313 1095 1340 neant
1116 1335 1122 1344 ‚
1150 1319 1320 1351 quousque
1347 1319 1406 1351 per
1431 1309 1569 1342 alicuius
1597 1320 1633 1342 ex
1649 1309 1743 1343 dictis

999 1361 1102 1393 tribus
1128 1361 1317 1393 doctoribus
1342 1362 1583 1404 antiquioribus
1616 1373 1743 1396 cessum

998 1415 1046 1447 vel
1073 1414 1241 1447 decessum
1268 1414 1313 1447 eis
1350 1416 1438 1448 locus
1474 1415 1528 1448 liat
1563 1417 1742 1450 seeundum

999 1468 1149 1500 ordinem
1175 1478 1250 1500 suae
1277 1467 1497 1511 antiquitatis,
1530 1479 1648 1513 nempe
1686 1470 1744 1503 do-

998 1526 1141 1554 ctoratus
1169 1521 1200 1552 in
1226 1522 1340 1554 eadem
1357 1522 1582 1562 universitate,
1606 1534 1671 1556 non
1689 1534 1743 1556 au-

999 1580 1062 1607 tem
1088 1573 1289 1616 antiquitatis
1315 1575 1533 1617 professionis
1560 1586 1616 1609 seu
1646 1577 1745 1610 lectu-

1000 1627 1067 1669 rae)
1089 1637 1105 1659 a
1130 1626 1224 1659 nobis
1249 1627 1386 1660 concedi
1413 1628 1588 1670 plurimum
1615 1629 1743 1663 deside-

1000 1685 1074 1720 ret,
1103 1685 1199 1722 prout
1224 1680 1263 1713 ab
1290 1680 1352 1713 liae
1384 1681 1501 1714 Sancta
1537 1682 1619 1715 Sede
1657 1688 1689 1716 et
1725 1694 1742 1716 a

999 1733 1093 1766 nobis
1120 1733 1190 1766 aliis
1216 1734 1403 1767 earumdem
1422 1735 1649 1778 Hispaniarum
1670 1746 1743 1779 pro-

1000 1786 1112 1819 vinciis
1127 1785 1254 1819 Ordinis
1269 1787 1426 1830 praedicti
1441 1797 1631 1821 concessum
1647 1789 1742 1823 fuisse

1000 1840 1132 1873 asserit:
1157 1840 1252 1874 nobis
1277 1847 1452 1885 propterea
1476 1842 1580 1876 dictus
1604 1842 1743 1877 Didacus

1000 1894 1157 1927 assistens
1183 1899 1215 1927 et
1239 1900 1435 1938 procurator
1453 1896 1599 1929 eiusdem
1617 1897 1745 1940 provin-

1000 1947 1067 1980 ciae
1100 1947 1233 1980 nomine
1270 1947 1441 1981 humiliter
1466 1949 1643 1992 supplicari
1670 1950 1746 1983 fecit

999 2006 1033 2032 ut
1059 2000 1090 2033 in
1122 2001 1310 2044 praemissis
1344 2007 1531 2045 opportune
1569 2002 1743 2045 providere

1001 2061 1032 2087 et
1058 2059 1093 2086 nt
1118 2054 1201 2087 infra
1226 2054 1397 2098 indulgere
1424 2056 1462 2089 de
1489 2055 1691 2099 benignitate
1715 2067 1744 2089 a·

1001 2108 1161 2151 postolica
1187 2109 1408 2151 dignaremur.

1043 2161 1106 2205 §3
1130 2162 1192 2195 Nos
1220 2162 1328 2205 igitur,
1351 2163 1501 2197 eiusdem
1528 2164 1638 2198 Didaci
1665 2165 1743 2198 assi-

1000 2274 1159 2312 quantum
1178 2280 1249 2302 cum
1263 2269 1401 2303 Domino
1420 2281 1603 2313 possumus,
1622 2270 1744 2304 favora-

999 2322 1111 2355 biliter
1131 2333 1277 2356 annuere
1309 2323 1464 2364 volentes,
1483 2329 1514 2357 et
1536 2334 1552 2356 a
1578 2324 1744 2367 quibusvis

999 2377 1362 2418 excommunicationis,
1389 2377 1613 2421 suspensionis
1640 2384 1671 2411 et
1696 2379 1744 2411 in-

999 2430 1138 2471 terdicti,
1154 2430 1290 2474 aliisque
1309 2431 1541 2464 ecclesiasticis
1559 2431 1744 2472 sententiis,

998 2484 1143 2517 censuris
1177 2489 1209 2517 et
1233 2484 1347 2527 poenis
1365 2512 1372 2525 ,
1399 2496 1416 2517 a
1441 2485 1509 2518 iure
1546 2486 1596 2518 vel
1621 2485 1660 2518 ab
1685 2485 1744 2519 ho-

997 2538 1104 2578 mine,
1132 2538 1242 2581 quavis
1268 2538 1439 2571 occasione
1471 2539 1520 2571 vel
1541 2540 1636 2572 causa
1653 2539 1740 2580 latis,

997 2591 1022 2624 si
1037 2592 1155 2635 quibus
1168 2591 1417 2635 quomodolibet
1429 2591 1575 2626 innodati
1589 2592 1742 2634 existunt,

1636 185 1700 220 393
1747 194 1800 222 An.
1817 194 1847 222 o.
1870 195 1938 224 1738

1793 2171 1939 2191 Procuratnrse

1755 2198 1851 2223 petitioni
1866 2199 1939 2219 annuit

1000 2214 1115 2248 stentis
1141 2221 1172 2248 et
1198 2219 1420 2259 procuratoris
1446 2217 1527 2250 votis
1555 2218 1615 2251 hac
1641 2217 1675 2250 in
1698 2229 1742 2260 re,
1755 2224 1858 2245 memens-
