2232 3178
250 183 302 209 An.
317 182 346 209 e.
370 181 436 208 1738
481 173 547 206 334

280 451 327 471 nati
339 450 434 470 commis·

253 484 302 498 tarn
327 483 362 503 pro
385 483 434 496 exe-

253 508 337 523 cutione
354 504 433 523 lutera*

254 536 305 551 rum.

444 236 476 263 et
501 231 590 263 licite
615 231 743 274 possint
768 235 798 262 et
821 230 965 268 valeant,
992 228 1075 261 dicta
1102 238 1180 270 apo-

444 283 557 316 stolica
583 283 796 321 auctoritate,
822 287 976 324 motuque
1002 281 1070 324 pari
1092 307 1098 321 ,
1127 290 1181 312 eo-

444 336 592 368 rumdem
620 341 732 367 tenore
758 334 1001 377 praesentium,
1029 333 1180 366 concedi-

445 399 514 420 mus
541 393 572 420 et
597 388 820 429 indulgemus.

487 442 502 484 ξ
527 441 580 473 M.
608 440 645 472 Ut
670 446 775 472 autem
809 446 871 473 tam
904 445 1094 483 praesentes
1125 451 1181 472 no-

445 499 528 526 strae
549 520 556 531 ,
585 503 680 535 quam
706 493 920 535 primodietae
946 493 1091 525 eiusdem
1117 492 1183 525 Cle·

445 545 562 578 mentis
580 545 836 587 praedecessoris
855 545 884 577 in
902 545 1003 578 forma
1019 544 1182 587 praedicta

447 597 615 640 expeditae
641 598 820 640 respective
847 597 986 637 litterae,
1007 598 1182 640 omniaque

448 656 479 682 et
503 650 630 693 singula
667 650 698 682 in
731 650 778 683 eis
813 650 991 693 respective
1018 655 1181 690 contenta,

449 714 530 745 quae
555 713 652 735 unum
680 703 896 746 eumdemque
923 703 1026 736 dictae
1052 703 1185 746 patriar¹

450 756 554 788 clialis
581 756 841 799 Ulyssiponensis
856 756 1066 788 occidentalis
1093 756 1186 788 deeo-

450 819 517 841 rem
541 809 694 852 illiusque
720 808 851 852 capituli
878 820 913 842 ac
939 809 1131 851 dignitatum
1157 813 1188 841 et

450 862 679 894 canonicorum
696 862 838 895 favorem
855 863 1041 905 respiciunt,
1060 862 1186 894 debitae

449 919 645 957 parataeque
679 914 880 951 executioni,
918 914 1188 957 omnimodaeqne

450 967 688 999 demandentur
713 967 950 1006 observantiae,
968 973 1066 1006 motu,
1087 967 1190 999 scien-

451 1019 492 1052 tia
517 1025 549 1052 et
574 1020 744 1063 potestatis
777 1020 981 1063 plenitudine
1016 1020 1186 1061 similibus,

451 1073 548 1106 etiam
575 1073 702 1106 dilectis
728 1073 802 1106 siliis
828 1080 938 1107 nostro
960 1079 991 1105 et
1008 1073 1096 1106 Sedis
1111 1075 1191 1116 Apo-

451 1127 583 1159 stolicae
611 1127 729 1159 nuncio
757 1127 787 1159 in
822 1127 1036 1169 l‘ortugalliae
1073 1133 1104 1160 et
1138 1126 1191 1160 Al-

451 1179 637 1220 garbiorum
665 1180 774 1221 regnis
799 1190 884 1212 nunc
909 1185 940 1212 ct
964 1191 1021 1222 pro
1044 1186 1190 1223 tempore

450 1232 675 1272 commoranti,
694 1242 822 1265 necnon
842 1232 968 1265 duobus
987 1232 1190 1274 dignioribus

453 1290 483 1317 et
509 1284 746 1327 antiquioribus
779 1285 945 1324 ministris,
983 1295 1048 1318 non
1086 1291 1190 1317 tamen

453 1337 669 1379 regularibuS,
698 1337 869 1370 tribunalis
896 1337 1117 1381 inquisitionis
1143 1348 1193 1370 re-

454 1399 592 1431 gnorum
620 1390 862 1432 praedictorum
881 1401 966 1422 nunc
984 1396 1014 1423 et
1039 1401 1098 1433 pro
1119 1396 1193 1423 tem-

454 1454 534 1487 pore
561 1443 786 1483 existentibus,
813 1444 844 1476 in
870 1445 975 1477 locum
1002 1444 1192 1476 dilectorum

455 1496 576 1540 pariter
601 1496 739 1530 tiliorum
762 1496 967 1540 inquisitoris
985 1496 1145 1539 generalis
1163 1502 1194 1529 et

456 1549 612 1582 auditoris
652 1560 707 1581 seu
743 1549 858 1582 iudicis
893 1549 1104 1582 ecclesiastici
1138 1560 1195 1592 pa-

457 1604 602 1635 tronaffls
629 1602 723 1644 regii,
749 1602 866 1645 quibus
891 1604 954 1635 una
979 1613 1050 1635 cum
1076 1602 1194 1635 nuncio

457 1655 622 1698 praedicto
648 1666 664 1688 a
689 1655 774 1688 dicto
799 1655 965 1688 Clemente
1002 1656 1196 1699 praedeees-

458 1718 531 1741 sore
556 1708 825 1751 primodictarum
844 1708 1026 1742 litterarum
1052 1709 1084 1741 in
1103 1719 1196 1752 prae-

460 1761 544 1794 dicta
570 1762 674 1794 forma
710 1763 933 1806 expeditarum
972 1763 1119 1796 executio
1145 1763 1198 1796 de—

459 1815 609 1848 mandata
634 1820 666 1848 et
690 1816 864 1848 commissa
882 1816 948 1855 suit,
970 1826 1029 1859 per
1047 1826 1199 1858 praesen-

461 1874 507 1902 tes
525 1868 753 1902 committimus
774 1874 803 1902 et
821 1870 1019 1909 mandamus,
1039 1875 1197 1912 quatenus

460 1922 533 1965 ipsi,
559 1923 609 1955 vel
636 1922 712 1962 duo,
734 1927 789 1954 aut
814 1933 898 1955 unus
924 1933 1048 1963 eorum,
1069 1933 1128 1965 per
1152 1933 1196 1964 se,

461 1976 510 2008 vel
536 1975 648 2016 alium,
669 1986 725 2008 seu
752 1976 842 2016 alios,
861 1976 957 2009 etiam
983 1977 1093 2019 quavis
1119 1976 1199 2009 diffi-

463 2029 582 2061 cultate
609 2035 801 2062 occurrente
823 2029 1019 2072 apraedicto
1034 2028 1198 2062 Clemente

462 2082 717 2126 praedecessore
734 2092 769 2115 ac
789 2093 806 2115 a
830 2082 924 2115 nobis
950 2093 1016 2116 non
1041 2082 1198 2126 praevisa,

464 2145 545 2178 quae
572 2134 720 2168 effectum
744 2140 806 2167 tam
826 2135 1089 2178 primodictarum
1116 2135 1198 2168 eius-

465 2189 537 2221 dem
563 2187 737 2221 Clementis
762 2188 1024 2231 praedecessoris
1050 2188 1080 2220 in
1117 2188 1201 2221 dicta

465 2242 567 2275 forma
610 2241 833 2285 expeditarum
881 2252 977 2285 quam
1020 2246 1200 2274 nostrarum

465 2295 683 2338 praesentium
718 2294 897 2338 respective
930 2295 1111 2328 litterarum
1143 2295 1202 2328 mi-

465 2348 551 2381 nime
576 2348 740 2381 retardare
766 2349 880 2389 valeat,
902 2348 1031 2392 easque¹
1050 2349 1203 2392 primodi-

468 2407 533 2434 ctas
559 2401 694 2445 praefati
721 2401 895 2434 Clementis
926 2401 1200 2445 praedecessoris,

1039 179 1220 204 BULLARIUM
1244 179 1399 203 ROMANUM

1224 233 1346 259 ctorum
1384 227 1567 267 fruetuum,
1606 227 1790 261 reddituum
1825 231 1856 259 et
1887 235 1957 270 pro-

1224 285 1377 312 ventuum
1405 279 1619 319 naturalium,
1644 279 1903 318 industrialium,
1928 283 1958 311 et

1225 332 1364 365 civilium
1405 332 1654 375 patriarchalis,
1690 332 1957 375 archiepiscopa-

1226 385 1304 419 lium
1332 390 1363 418 et
1388 385 1634 429 episcopalium,
1656 395 1715 418 nec
1741 395 1804 417 non
1832 389 1957 428 quarta-

1226 449 1295 470 rum
1327 438 1466 481 partium
1501 439 1676 479 fructuum,
1704 438 1905 477 reddituum,
1931 442 1963 469 et

1228 496 1441 534 proventuum
1468 502 1503 524 ex
1537 491 1746 534 dignitatibus
1770 501 1805 524 ac
1830 489 1963 523 canoni-

1228 545 1370 583 catibus,
1410 550 1441 577 et
1476 544 1673 586 praebendis
1718 543 1962 585 collegiatarum

1228 597 1406 640 respective
1450 597 1663 630 ecclesiarum
1703 597 1962 640 praedictarum,

1229 661 1322 693 quam
1349 650 1453 693 quoad
1481 650 1646 683 tertiarum
1673 650 1811 693 partium
1836 649 1966 692 praedi-

1230 709 1353 735 ctorum
1379 703 1552 743 fruetuum,
1574 703 1757 735 reddituum
1779 708 1810 735 et
1827 712 1967 745 proven-

1232 761 1334 796 tuum,
1353 756 1560 796 naturalium,
1580 755 1819 788 industrialium
1839 761 1870 788 et
1892 754 1968 788 civi-

1232 808 1309 840 lium
1336 809 1518 840 earumdem
1544 808 1787 851 patriarchalis,
1806 807 1967 850 archiepi-

1232 861 1406 903 scopalium
1426 866 1456 893 et
1482 861 1715 904 episcopalium
1743 860 1966 901 ecclesiarum,

1234 924 1292 946 nec
1317 924 1382 946 non
1409 919 1595 957 quartarum
1628 913 1766 957 partium
1806 913 1968 946 fructuum

1233 966 1418 1000 reddituum
1444 973 1475 1000 ct
1514 973 1727 1011 proventuum
1765 979 1781 1000 a
1807 966 1972 1010 dignitati-

1234 1020 1306 1060 bus,
1334 1031 1393 1053 nee
1411 1016 1480 1053 non¹
1498 1021 1741 1053 canonicatibus
1767 1026 1799 1053 et
1816 1019 1972 1063 praeben-

1236 1073 1293 1112 dis,
1319 1083 1354 1105 ac
1379 1073 1620 1106 canonicatibus
1639 1085 1711 1106 cum
1730 1073 1863 1106 dimidia
1881 1083 1972 1116 prae-

1236 1125 1349 1164 benda,
1391 1137 1446 1159 seu
1484 1127 1626 1159 dimidiis
1662 1127 1903 1159 canonicatibus
1942 1129 1974 1160 et

1237 1178 1378 1212 dimidiis
1406 1179 1613 1222 praebendis,
1639 1190 1698 1212 nec
1722 1190 1787 1213 non
1813 1179 1972 1222 omnium,

1237 1237 1269 1265 et
1293 1232 1496 1275 singulorum
1524 1233 1695 1273 fructuum,
1733 1233 1917 1266 reddituum
1942 1237 1975 1266 et

1236 1290 1452 1328 proventuum
1478 1285 1753 1318 ultimodictarum
1788 1286 1899 1319 decem
1923 1284 1973 1320 di-

1237 1338 1394 1380 gnitatum
1421 1338 1601 1381 respective
1621 1338 1926 1372 dismembrationes
1943 1342 1977 1371 et

1237 1391 1484 1434 applicationes,
1512 1392 1639 1434 aliaque
1658 1391 1766 1424 omnia
1793 1396 1825 1424 et
1845 1391 1975 1434 singula

1238 1455 1254 1476 a
1280 1443 1445 1486 praedicto
1465 1443 1628 1477 Clemente
1647 1444 1902 1487 praedecessore
1917 1454 1976 1487 per

1238 1497 1447 1539 primodictas
1472 1497 1503 1529 in
1531 1497 1630 1529 forma
1649 1497 1791 1540 praefata
1809 1497 1976 1541 expeditas

1238 1550 1365 1582 litteras
1392 1555 1423 1582 et
1448 1560 1464 1582 a
1490 1549 1583 1582 nobis
1619 1560 1679 1594 per
1713 1554 1904 1594 praesentes
1930 1559 1978 1583 re-

1239 1603 1381 1646 spective
1413 1614 1569 1636 concessa
1594 1609 1626 1637 et
1651 1614 1820 1647 expressa,
1845 1603 1975 1636 debitae

1239 1657 1421 1689 executioni
1444 1656 1628 1690 demandari
1648 1656 1780 1698 saciant,
1799 1667 1847 1697 ac,
1873 1655 1927 1689 uhi
1946 1661 1978 1689 et

1241 1709 1371 1753 quando
1411 1720 1492 1753 opus
1529 1709 1637 1750 suerit,
1677 1720 1713 1742 ac
1753 1710 1882 1752 quoties
1915 1718 1976 1752 pro

1240 1768 1331 1807 parte
1368 1768 1399 1796 et
1436 1763 1474 1796 ad
1511 1763 1697 1796 instantiam
1734 1773 1792 1805 pro
1829 1767 1976 1806 tempore

1242 1815 1449 1849 existentium
1474 1816 1623 1859 capituli,
1651 1816 1843 1858 dignitatum
1870 1821 1901 1849 et
1925 1825 1978 1848 ca-

1241 1870 1433 1903 nonicorum
1453 1870 1556 1903 dictae
1575 1869 1799 1913 patriarchalis
1813 1869 1980 1913 Ulyssipo-

1242 1923 1350 1956 nensis
1383 1923 1597 1956 occidentalis
1629 1922 1826 1956 coniunctim
1859 1923 1909 1956 vel
1937 1923 1981 1955 di-

1242 1976 1334 2009 visim
1362 1975 1480 2009 suerint
1511 1975 1677 2019 requisiti,
1704 1975 1897 2008 solemniter
1920 1985 1980 2019 pu-

1243 2029 1411 2069 blicanteS,
1441 2030 1552 2073 eisque
1579 2029 1611 2061 in
1634 2029 1821 2073 praemissis
1843 2028 1980 2062 efficacis

1244 2082 1441 2115 defensionis
1463 2081 1625 2126 praesidio
1645 2083 1842 2122 assistentes,
1864 2081 1981 2115 saciant

1245 2135 1421 2179 apostolica
1447 2136 1634 2168 auctoritate
1665 2135 1773 2168 omnia
1799 2140 1830 2168 et
1855 2135 1982 2176 singula

1244 2188 1434 2232 praemissa,
1463 2198 1521 2220 nec
1545 2198 1609 2220 non
1635 2187 1665 2220 in
1692 2187 1892 2230 primodictiS
1916 2187 1982 2221 Cte-

1245 2241 1361 2274 mentis
1387 2241 1652 2284 praedecessoris
1674 2239 1831 2284 praedicti
1849 2240 1880 2272 in
1899 2239 1983 2273 dicta

1247 2295 1349 2328 forma
1374 2294 1532 2338 expeditis
1557 2294 1672 2328 litteris
1698 2298 1848 2326 contenta
1873 2299 1905 2326 et
1929 2303 1982 2326 ex—

1247 2358 1358 2390 pressa
1384 2357 1630 2391 quaecumque,
1668 2352 1828 2390 quatenus
1859 2346 1982 2379 eisdem

1246 2401 1471 2444 praesentibus
1511 2411 1576 2433 non
1617 2400 1842 2440 adversentur,
1888 2409 1982 2432 suum

468 2465 504 2487 ac
523 2460 712 2497 praesentes
730 2460 856 2487 nostras
874 2454 1203 2498 respectivelitteras,
1247 2453 1392 2486 debitum
1419 2453 1525 2487 sortiri
1561 2452 1730 2492 effectum,
1756 2463 1792 2486 ac
1818 2452 1858 2485 ab
1884 2451 1983 2485 omni-

469 2512 531 2540 tam
558 2508 664 2550 quoad
690 2513 878 2550 quartarum
903 2508 1041 2551 partium
1075 2508 1204 2551 praedi·
1246 2507 1305 2539 bus
1331 2512 1362 2540 et
1386 2506 1644 2550 quibuscumque
1669 2505 1815 2549 personis
1847 2504 1983 2538 firmiter

504 2570 515 2596 1
539 2568 628 2596 Potius
647 2569 705 2605 lege
725 2569 837 2598 easdem
857 2569 896 2606 (n.
914 2570 961 2603 Τ.)-

1248 2564 1278 2595 et
1304 2559 1532 2594 inviolabiliter
1558 2559 1721 2594 observari
1739 2564 1771 2593 et
1788 2558 1980 2603 adimpleri;

2164 117 2168 148 l

1968 178 2016 204 An.
2032 177 2061 205 c.
2085 178 2151 206 ¹738
2167 155 2185 201 is

2165 211 2170 230 t
2178 209 2184 215 ⁶
2230 207 2232 209 ¹
