2232 3178
26 1027 29 1051 t

26 1077 30 1123 t

26 1125 31 1175 l

28 1228 33 1325 ’ὲ

37 187 84 214 An.
102 184 131 211 C.
148 182 214 210 1798

61 351 167 374 Ctamulao
185 351 211 370 ir-

36 383 125 402 ritantes.

79 1142 207 1163 Oba-tantiam

36 1170 148 1196 derogatio.

852 181 996 206 CLEMENS
1023 182 1069 206 ΧΠ
1095 183 1144 207 ΡΡ.

222 230 352 263 modum
367 230 605 273 aggregationis
624 236 655 263 et
671 230 740 263 sine
759 240 962 273 quacumque

223 283 456 327 dependentia,
482 284 691 317 concedimus
718 290 747 317 et
773 284 960 327 elargimur.

265 337 279 379 ξ
304 336 335 369 4.
364 337 598 377 Decernentes,
621 337 750 370 easdem
772 341 961 380 praesentes

221 389 346 422 litteras
381 399 509 432 semper
533 389 663 430 firmas,
690 390 815 423 validas
840 395 871 422 et
895 390 962 422 effi·
983 398 985 411 =

221 453 313 475 caces
340 443 478 476 existere
505 449 535 475 et
560 443 649 483 sore,
676 453 823 486 suosque
848 443 983 486 plena-1

219 496 284 529 rios
309 501 340 529 et
365 496 509 539 integros
534 496 667 529 etl‘ectus
693 496 802 529 sortiri
830 502 861 529 et
879 496 962 528 obti-

220 559 319 589 nere,
345 559 381 581 ac
406 549 489 589 illis,
515 549 554 581 ad
589 559 670 592 quos
698 553 821 592 spectat
846 554 878 582 et
903 558 961 591 pro

220 607 366 645 tempore
404 602 681 646 quandocumque
718 601 902 645 spectabit,
928 602 961 634 in

219 654 368 688 omnibus
394 660 425 688 et
451 665 509 698 per
533 655 642 687 omnia
675 654 864 698 plenissime
898 654 962 687 sut*-

220 708 355 750 l'ragari,
384 713 415 741 et
440 708 479 740 ab
506 708 551 741 eis
579 708 758 751 respective
791 708 962 741 inviolabi-

219 761 293 794 liter
313 761 493 801 observari,
513 761 624 804 sieque
647 761 677 793 in
696 761 883 805 praemissis
901 771 961 804 per

219 825 444 858 quoscumque
471 814 591 848 iudices
618 815 800 848 ordinarios
822 820 853 847 et
875 815 961 847 dele-

219 873 318 910 gatos,
345 868 442 901 etiam
466 878 634 901 causarum
659 867 768 911 palatii
787 868 959 911 apostolici

218 921 392 960 auditores,
419 921 553 953 iudicari
574 927 606 953 et
623 921 750 954 definiri
772 921 904 961 debere,
924 931 960 953 ae

217 974 342 1007 irritum
357 980 389 1007 et
405 975 501 1007 inane
517 974 542 1007 si
560 985 649 1007 secus
663 974 827 1017 superbis
847 985 863 1007 a
881 985 961 1017 quo-

218 1038 332 1072 quam,
369 1027 481 1071 quavis
507 1029 713 1069 auctoritate,
745 1028 886 1062 scienter
910 1029 960 1061 vel

218 1081 424 1125 ignoranter,
451 1081 626 1124 contigerit
650 1082 816 1115 attentari.

262 1136 277 1178 ἓ
302 1135 333 1168 5.
362 1134 429 1168 Non
456 1134 660 1167 obstantibus
686 1139 816 1168 nostrae
838 1139 870 1168 et
887 1134 961 1168 Can-

219 1188 369 1221 cellariae
395 1187 600 1231 Apostolicae
616 1189 730 1230 regula
747 1188 786 1220 de
805 1198 870 1220 non
888 1198 961 1221 con-

219 1242 374 1275 cedendis
401 1240 612 1284 indulgentiis
640 1241 807 1281 adinstar,
826 1240 961 1284 aliisque

218 1294 504 1328 constitutionibus
530 1300 561 1327 et
586 1294 848 1327 ordinationibus
878 1304 958 1337 apo-

218 1348 366 1389 stolicis;
405 1347 523 1391 quibus
554 1347 707 1380 omnibus
740 1352 771 1380 et
807 1347 961 1391 singulis,

217 1402 348 1435 illorum
369 1407 498 1434 tenores
528 1401 756 1445 praesentibus
780 1412 839 1444 pro
864 1402 962 1445 plene

219 1460 250 1488 et
278 1455 478 1487 sufficienter
503 1455 667 1498 expressis
695 1460 726 1487 et
750 1454 881 1487 insertis
908 1455 964 1487 ha-

217 1509 334 1542 bentes
351 1535 358 1548 ‚
400 1508 465 1542 illis
491 1509 571 1541 alias
597 1509 629 1541 in
654 1519 710 1542 suo
737 1509 856 1541 robore
890 1518 964 1551 per-

218 1562 400 1603 mansuris,
426 1562 464 1594 ad
502 1562 758 1605 praemissorum
796 1561 961 1602 effectum,

219 1615 279 1648 hae
311 1615 380 1648 vice
416 1615 591 1655 dumtaxat,
619 1615 809 1659 specialiter
840 1619 872 1648 et
904 1626 961 1648 ex-

218 1678 330 1711 presse
348 1669 564 1712 derogamus;
588 1669 772 1712 ceterisque
791 1668 963 1701 contrariis

219 1721 491 1765 quibuscumque.

262 1774 376 1807 Datum
402 1775 547 1818 Romae,
572 1775 657 1818 apud
683 1775 714 1808 S.
743 1775 874 1808 Mariam
900 1775 964 1808 Ma-

219 1827 341 1869 iorem,
373 1829 432 1861 sub
461 1830 582 1863 annulo
613 1830 802 1871 piscatoris,
834 1830 885 1863 dic
911 1840 963 1863 xtV

218 1882 325 1916 martii
350 1892 558 1917 moccxxxvtn
578 1911 585 1925 ,
621 1883 831 1927 pontificatus
859 1884 962 1917 nostri

220 1945 303 1970 anno
331 1946 400 1970 vnt.

254 1999 316 2026 Dat.
339 1999 385 2027 dic
408 1999 439 2026 14
459 1999 550 2027 martii
579 2000 662 2033 1738,
685 2000 788 2036 pontif.
810 2008 884 2028 anno
905 2007 962 2027 vm.

524 2206 653 2240 CCXXI.

221 2308 373 2345 Extensio
398 2311 541 2352 indulti,
568 2312 608 2345 ab
636 2311 766 2345 Urbano
798 2310 883 2344 VIII
903 2321 963 2354 pro

264 2365 404 2398 alumnis
429 2369 457 2398 et
482 2365 714 2398 convictoribus
739 2364 870 2407 colleyz'i
886 2365 965 2398 Pro-

262 2418 433 2462 payandae
450 2418 547 2452 Fidei
571 2419 720 2458 concessi,
745 2417 786 2450 nd
812 2417 964 2450 alutmzos

265 2475 293 2503 et
318 2472 509 2504 convictores
532 2482 592 2514 pro
616 2471 807 2504 Sincnsibus
825 2475 852 2503 el
869 2470 964 2503 Indis

266 2524 394 2568 collegii
418 2524 536 2558 Sacrae
560 2524 726 2558 Familiae
750 2524 824 2557 Iesu
843 2524 965 2558 Christi

266 2578 299 2611 in
324 2578 453 2612 civitate
476 2578 700 2623 Neapolitana
725 2578 831 2611 erecti.

1216 233 1351 259 Clemens
1372 234 1450 266 Papa
1470 233 1540 267 XII,

1122 277 1159 303 ad
1180 280 1360 310 perpetuam
1380 278 1425 304 rei
1445 278 1631 304 memoriam.

1050 338 1111 371 Pro
1129 341 1280 382 suprema
1298 339 1483 372 Catholicae
1498 339 1660 373 Ecclesiae
1678 350 1751 383 pro-

1007 392 1201 431 curatione,
1241 403 1338 435 quam
1380 397 1547 436 pastorum
1595 393 1749 436 princeps

1006 444 1092 477 lesus
1118 444 1264 477 Christus
1290 445 1450 479 altissimo
1478 446 1605 479 divinae
1643 446 1751 489 provi-

981 515 983 541 j
1006 497 1135 530 dentiae
1163 508 1239 530 suae
1266 498 1406 531 consilio
1433 499 1526 531 nobis
1559 500 1656 542 plane
1693 499 1750 531 im-

981 544 983 586 ξ’
1006 551 1208 583 merentibus
1235 551 1369 584 credere
1396 551 1549 594 dignatus
1576 557 1644 592 est,
1673 557 1751 584 tam-

1006 613 1101 644 quam
1116 602 1228 636 fideles
1244 604 1491 647 prudentesque
1508 604 1749 647 dispensatores

1007 655 1183 699 praecipua
1218 657 1415 699 apostolitzae
1452 657 1663 699 benignitatis
1696 668 1749 690 au-

1005 709 1232 753 ctoritatisque
1258 716 1448 752 argumenta
1475 710 1513 742 iis
1543 711 1748 753 potissimum

1007 762 1128 803 ingenti
1166 773 1239 795 eum
1279 762 1436 806 pontificii
1478 764 1585 796 cordis
1625 765 1747 797 laetitia

1006 815 1163 849 exhibere
1191 817 1384 859 satagimus,
1410 817 1463 859 qui
1491 818 1522 850 in
1549 818 1664 851 diebus
1692 829 1748 851 no-

1005 869 1079 901 stris
1104 870 1201 904 veluti
1221 875 1456 913 cooperatores
1483 876 1512 903 et
1538 871 1747 904 coadiutores

1006 922 1036 954 in
1064 923 1237 956 ministerii
1263 922 1366 956 nostri
1394 934 1476 966 opus
1514 935 1531 956 a
1563 923 1658 956 nobis
1696 924 1749 956 ad-

1008 976 1078 1008 sciti
1106 981 1137 1009 et
1163 977 1330 1009 constituti
1351 977 1380 1009 in
1397 978 1577 1010 excolenda
1591 978 1749 1010 vineaDei

1005 1028 1165 1061 sabbaoht
1180 1039 1238 1071 per
1252 1029 1438 1062 universum
1458 1036 1618 1063 terrarum
1638 1030 1749 1063 orbem

1005 1082 1153 1125 plantata
1179 1082 1316 1115 alacrius
1336 1083 1528 1117 adlaborare
1547 1089 1690 1127 pergunt
1708 1089 1751 1116 at-

1006 1145 1069 1177 que
1095 1135 1309 1168 contendunt.

1049 1187 1119 1230 gl.
1158 1188 1282 1231 Exponi
1318 1188 1480 1231 siquidem
1514 1190 1608 1222 nobis
1646 1200 1753 1233 nuper

1007 1241 1083 1273 feeit
1109 1241 1246 1274 dilectus
1274 1241 1357 1274 tilius
1377 1242 1555 1275 Matthaeus
1574 1243 1667 1286 Ripa,
1686 1243 1752 1275 sun-

1007 1294 1099 1326 dator
1124 1299 1155 1326 et
1180 1294 1360 1327 modernus
1388 1295 1542 1338 superior
1574 1306 1610 1328 ac
1642 1301 1753 1328 rector

1006 1347 1274 1390 Congregationis
1301 1353 1331 1381 et
1361 1349 1491 1391 collegii
1529 1349 1588 1382 sub
1625 1349 1752 1382 invoca-

1008 1402 1096 1434 tione
1121 1401 1238 1435 Sacrae
1264 1401 1418 1435 Familiae
1437 1402 1505 1435 lesu
1524 1402 1643 1436 Christi
1661 1408 1752 1436 extra

1007 1465 1115 1488 muros
1140 1454 1278 1488 civitatis
1303 1454 1536 1498 Neapolitanae
1557 1461 1750 1498 erectorum,

1008 1519 1147 1551 quorum
1174 1508 1357 1540 institutum
1384 1519 1444 1552 per
1469 1509 1546 1542 alias
1573 1515 1700 1542 nostras
1719 1509 1752 1542 in

1008 1561 1105 1594 simili
1122 1561 1223 1593 forma
1235 1561 1342 1593 Brevis
1355 1561 1478 1594 litteras
1492 1562 1633 1606 desuper
1643 1562 1694 1595 die
1708 1573 1751 1596 vit

1008 1615 1120 1658 aprilis
1149 1624 1321 1648 moccxxxu
1359 1614 1525 1658 expeditas
1562 1615 1752 1658 approbavi-

1008 1679 1090 1709 mus,
1106 1678 1142 1700 ac
1167 1667 1308 1700 subinde
1335 1668 1463 1710 regulas
1489 1679 1618 1711 quoque
1638 1668 1752 1701 contir-

1009 1721 1176 1762 mavimus,
1204 1721 1291 1764 quod
1318 1721 1396 1753 alias
1424 1721 1525 1754 felicis
1551 1721 1752 1754 recordatio-

1008 1775 1156 1807 Urbanus
1172 1774 1234 1807 Vlll
1253 1774 1490 1818 praedeeessor
1504 1780 1614 1807 noster
1626 1774 1752 1808 dilectis

1008 1827 1082 1860 filiis
1109 1833 1184 1860 tune
1210 1833 1240 1860 et
1264 1838 1324 1870 pro
1351 1832 1498 1870 tempore
1536 1827 1751 1860 existentibus

1008 1881 1148 1914 alumnis
1171 1885 1201 1914 et
1219 1880 1461 1913 convictoribus
1476 1880 1751 1923 Congregationis

1008 1935 1047 1967 de
1074 1934 1287 1978 Propaganda
1312 1933 1398 1973 Fide,
1426 1933 1565 1977 aliisque
1592 1934 1645 1977 qui
1672 1944 1753 1977 quo-

1008 1989 1173 2031 quomodo
1199 1989 1238 2021 ad
1271 1987 1456 2020 instantiam
1490 1987 1637 2020 eiusdem
1670 1987 1752 2020 Con-

1008 2041 1207 2085 gregationis
1234 2041 1358 2074 Romae
1385 2042 1433 2074 rel
1459 2041 1536 2073 alibi
1574 2041 1753 2074 educaren-

1009 2100 1067 2135 tur,
1094 2100 1128 2127 ut
1153 2094 1231 2138 ipsi,
1256 2095 1381 2138 absque
1407 2094 1525 2128 litteris
1552 2094 1752 2127 dimissoria-

1008 2149 1092 2182 libus
1117 2158 1246 2181 suorum
1272 2148 1519 2181 Ordinariorum
1542 2175 1549 2188 ,
1586 2152 1618 2180 et
1654 2147 1750 2180 etiam

1007 2202 1077 2235 sinc
1104 2203 1197 2235 titulo
1224 2201 1374 2234 beneficii
1401 2201 1609 2234 ecclesiastici
1631 2207 1683 2233 aut
1702 2212 1751 2245 pa-

1009 2255 1173 2295 trimonii,
1200 2255 1256 2288 sed
1287 2255 1325 2288 ad
1358 2255 1486 2288 titulum
1523 2261 1645 2287 tantum
1676 2255 1752 2286 mis-

1008 2309 1128 2349 sionis,
1155 2320 1171 2341 a
1197 2319 1403 2352 quocumque
1442 2319 1538 2352 quein
1576 2307 1750 2340 maluerint

1008 2363 1171 2395 catholico
1198 2362 1340 2394 antistite
1366 2362 1500 2404 gratiam
1539 2367 1569 2394 et
1607 2369 1751 2394 commu-

1008 2416 1140 2448 nionern
1177 2415 1269 2448 Sedis
1296 2415 1500 2458 Apostolieae
1540 2414 1681 2447 habente
1719 2419 1750 2446 et

1008 2469 1040 2501 in
1066 2469 1201 2512 propria
1227 2469 1368 2501 dioecesi
1400 2468 1566 2500 residente
1588 2493 1595 2507 ,
1632 2468 1681 2499 vel
1718 2467 1750 2499 in

1008 2523 1112 2556 aliena
1140 2524 1179 2555 de
1206 2521 1394 2555 Dioecesani
1415 2521 1475 2554 loci
1495 2521 1625 2553 licentia
1643 2521 1751 2564 ponti-

1008 2576 1111 2610 ficalia
1151 2580 1342 2616 exercente,
1369 2575 1407 2608 ad
1445 2580 1584 2617 quatuor
1609 2574 1750 2608 minores

1648 175 1712 208 349
1760 185 1809 210 Αιι.
1832 185 1945 212 (3.1798

1789 351 1837 370 Emi
1846 351 1910 373 diurn.

1805 1198 1881 1222 Capita
1897 1203 1948 1217 con-

1764 1231 1883 1245 te«tonuni
1920 1226 1945 1244 at·

1764 1252 1848 1272 Urbano
1867 1251 1909 1271 ῊΙΙ
1926 1258 1948 1271 a·

1764 1279 1838 1298 lumnis
1863 1278 1945 1302 cuttugit

1764 1304 1842 1324 Uituani
1880 1305 1947 1325 sacta-

1763 1337 1817 1352 runi.
