2232 3178
282 216 378 242 Amo.
402 216 468 243 1720
514 208 578 241 604

477 271 523 298 tra
547 267 626 298 alios
651 276 702 298 sex
727 276 856 298 menses
875 276 891 298 a
910 265 961 298 die
983 265 1084 299 sactae
1111 267 1213 299 nomi-

475 318 614 351 nationis
640 319 876 361 computandos
903 318 1068 361 expedire,
1088 329 1124 351 ac
1143 318 1211 351 iura

474 370 626 403 Gamerae
648 371 853 413 Apostolicae
878 382 914 404 ac
935 370 1006 403 aliis
1031 377 1208 414 propterea

474 424 583 456 debita
620 425 804 466 persolvere
843 424 977 457 omnino
1018 430 1210 465 teneantur3

473 476 629 519 alioquin,
649 476 741 508 dictis
767 486 820 508 sex
847 477 1011 509 mensibus
1030 478 1210 520 respective

474 530 611 573 elapsis,
638 530 677 562 de
710 531 914 563 monasteriis
944 542 979 563 ac
1015 531 1211 574 prioratibus

473 583 597 625 alisque
624 582 791 615 beneficiis
810 584 995 626 praedictis,
1018 590 1052 616 ut
1069 585 1211 626 praeser-

474 640 535 673 tur,
553 635 749 674 vacantibus,
764 646 821 678 per
839 646 897 668 nos
916 647 972 669 seu
989 647 1047 679 pro
1067 642 1210 680 tempore

473 687 661 720 existentem
688 687 868 721 Romanum
895 688 1082 722 Pontificem
1109 689 1211 723 libere

474 740 599 783 disponi
627 741 739 783 possit.

307 829 309 831 Ι
337 801 460 822 Huiusmodi
517 793 530 835 ἓ
557 793 588 825 7.
617 794 767 827 Volumus
794 795 914 837 pariter
939 800 971 827 ut
997 795 1124 828 indulto
1150 796 1210 828 hu-

279 829 624 885 311'31'1255'L0siI-L'fjusmodi,
646 847 701 879 tibi
722 858 756 880 ac
774 848 1017 882 successoribus
1041 849 1103 881 tuis
1131 850 1210 892 regi-

279 882 460 944 ?‡}051¹³¹¹'ss2¹i33
472 898 529 931 bus
555 899 834 934 christianissimis
861 902 1035 944 praedictis
1053 907 1087 933 ut
1116 913 1209 945 prae-

278 940 334 955 ΠΜ
474 951 572 983 fertur
604 963 759 986 concesso
776 980 783 994 ,
811 954 998 989 carissimus
1024 958 1056 990 in
1082 958 1208 992 Christo

472 1004 555 1037 silius
580 1011 690 1038 noster
707 1006 884 1040 Stanislaus
902 1008 1053 1043 Poloniae
1074 1010 1209 1044 illustris

472 1068 507 1089 ac
542 1058 771 1101 Lotharingiae
799 1065 830 1092 ct
857 1060 940 1092 ssarii
974 1062 1036 1094 dux
1065 1074 1128 1096 non
1154 1064 1209 1096 mi-

471 1120 530 1143 nus
567 1111 684 1153 pietate
717 1123 813 1154 quam
847 1114 1047 1148 orthodoxae
1080 1117 1210 1158 religio-

470 1162 520 1194 nis
545 1164 614 1196 zelo
640 1163 789 1206 insignis,
815 1166 920 1208 quoad
946 1167 1077 1207 vixerit,
1106 1169 1208 1202 libere

469 1225 505 1247 ac
531 1216 618 1248 licite
646 1217 691 1248 uti
718 1219 819 1259 possit
844 1224 876 1251 et
900 1220 1014 1252 valeat.

512 1267 624 1301 Datum
654 1269 793 1309 Romae,
819 1271 904 1313 apud
930 1271 961 1304 S.
989 1273 1118 1306 Mariam
1146 1273 1208 1306 Ma-

468 1320 588 1360 iorem,
620 1321 678 1354 sub
711 1323 832 1356 annulo
860 1323 1053 1365 Piscatoris,
1087 1326 1139 1359 die
1171 1337 1209 1361 xv

469 1373 604 1406 ianuarii
642 1384 821 1416 MDCCXL,
858 1376 1067 1419 pontificatus
1105 1379 1206 1413 nostri

468 1436 552 1459 anno
577 1437 605 1459 x.

502 1488 563 1515 Dat.
584 1488 627 1516 die
651 1489 682 1517 15
701 1489 818 1517 ianuarii
838 1490 918 1525 1740,
939 1491 1034 1526 pontif.
1056 1500 1126 1520 anno
1146 1502 1171 1520 x.

754 1632 919 1666 CCLXXII.

469 1710 679 1753 Confirmatio
715 1712 849 1755 requlae
880 1718 909 1745 et
939 1714 1210 1747 constitutionum

510 1765 746 1798 monachorum
788 1765 1033 1799 Maronitarum
1071 1766 1208 1800 Ordinis

510 1819 614 1851 sancti
630 1819 771 1852 Antonii
795 1819 922 1852 abbatis
940 1820 1207 1863 Conyreqationis

511 1872 617 1904 sancti
641 1871 748 1905 Isaiae
772 1873 809 1905 iii
833 1873 943 1916 Syriti.

679 1953 814 1981 clemens
836 1954 915 1987 Papa
933 1954 1000 1986 XII,

585 1997 622 2023 ad
639 2000 819 2031 perpetuam
838 1998 886 2025 rei
900 1999 1089 2026 memoriam.

296 2073 376 2094 Primus
387 2073 460 2094 delini-

276 2101 309 2119 tor
327 2100 389 2120 imm<
407 2101 460 2120 Gon·
514 2066 528 2109 g
545 2066 576 2099 t.
594 2066 889 2101 Misericordiarum
906 2073 1000 2112 pater
1018 2075 1047 2102 et
1061 2069 1144 2103 Deus
1164 2075 1209 2103 to-

277 2127 405 2164 rregaijoms
418 2121 533 2157 iio-tius
560 2120 806 2162 consolationis,
826 2122 880 2165 qui
906 2133 1045 2165 semper,
1064 2134 1100 2156 ac
1117 2134 1208 2167 prae-

276 2159 330 2173 ’ΜΠ
342 2154 448 2175 tomeun.
470 2173 579 2206 sertim
598 2173 684 2206 inter
698 2174 902 2216 gravissimas
918 2176 1113 2209 sacrosancti
1132 2187 1208 2219 apo-

470 2226 606 2258 stolatus
633 2237 726 2259 curas
746 2232 776 2259 et
792 2228 1041 2268 sollicitudines,
1060 2230 1208 2262 consola-

470 2284 521 2311 tur
535 2289 592 2312 nos
606 2279 638 2312 in
654 2279 742 2312 omni
763 2280 973 2313 tribulatione
992 2283 1109 2321 nostra,
1124 2286 1158 2313 ut
1177 2287 1208 2314 et

469 2332 531 2374 ipsi
550 2335 683 2376 paterna
702 2333 860 2366 charitate
877 2334 1133 2376 complectentes
1151 2345 1207 2367 eos

470 2386 523 2428 qui
541 2386 573 2418 in
591 2386 678 2418 omni
697 2388 850 2429 pressura
870 2392 943 2419 sunt
957 2387 1118 2420 consolari
1134 2397 1208 2429 pos-

469 2438 579 2477 simus,
600 2438 753 2472 inetl'abili
771 2439 915 2472 bonitate
940 2441 998 2472 sua
1021 2440 1206 2473 consolatus

469 2496 517 2523 est
541 2502 600 2524 nos
619 2492 650 2524 in
669 2493 809 2525 adventu
835 2493 944 2526 dilecti
962 2492 1018 2526 silii
1040 2493 1125 2526 Petri
1145 2493 1206 2526 na-

470 2549 538 2587 taya
564 2545 715 2578 monachi
730 2556 881 2589 expresse
899 2546 1039 2589 professi
1057 2556 1093 2579 ac
1110 2546 1204 2589 primi

470 2597 651 2632 definitoris
663 2598 791 2633 Ordinis
809 2600 911 2633 sancti
929 2600 1060 2634 Antonii
1079 2599 1205 2634 abbatis

1067 218 1246 242 BULLARIUM
1271 218 1426 243 ROMANUM

2004 219 2052 246 An.
2069 219 2097 246 C.
2119 219 2187 248 17⁴0

1256 266 1525 310 Congregationis
1551 267 1660 311 Syriae
1689 268 1788 302 sancti
1813 268 1912 302 isaiae
1938 279 1994 312 ap-

1255 320 1406 362 pellatae.

1300 374 1314 416 §
1339 373 1370 405 9..
1398 373 1455 406 llic
1480 378 1587 406 autem
1613 385 1629 407 e
1650 374 1749 418 Syria,
1768 374 1820 407 ubi
1840 375 1994 409 orthodo-
2023 385 2186 418 1ιηοιηῑιιειφιειμι

1255 436 1294 458 xa
1320 426 1477 458 catholica
1503 426 1580 459 fides
1598 426 1681 459 inter
1705 427 1856 460 adversas
1882 412 2188 470 siiper-r‘ii‘b'ssffif‘ss'r‘i'i'ssli

1256 478 1397 510 stitionis
1416 483 1445 510 et
1466 478 1610 511 haeresis
1637 485 1738 512 sectas
1763 490 1781 512 a
1806 467 2178 517 Maroniiieaals'p'ffltss'ttf'a'k*

1256 531 1387 563 natione
1414 531 1489 563 huie
1514 531 1648 564 Sanctae
1674 532 1747 564 Sedi
1779 543 1909 574 semper
1938 533 1994 565 ad-

1256 583 1432 616 dictissirna
1457 583 1668 626 integerrime
1695 585 1814 617 colitur
1838 591 1869 618 et
1889 591 1993 619 custo-

1256 635 1353 675 ditur,
1372 637 1559 676 adveniens,
1577 637 1671 669 nobis
1696 648 1800 681 nuper
1824 648 1883 681 pro
1902 643 1993 681 parte

1256 689 1448 722 dilectorum
1470 688 1610 722 filiorum
1631 690 1772 723 Simonis
1790 690 1921 723 Ilariddi
1943 691 1993 723 ab-

1255 742 1337 775 batis
1364 743 1545 785 generalis,
1572 748 1602 775 et
1628 743 1802 775 Abrahami
1828 743 1911 784 Esar,
1943 744 1994 777 Bi-

1255 795 1334 827 mini
1361 796 1458 838 Agin,
1479 795 1561 828 Petri
1589 800 1620 829 et
1653 796 1740 828 Pauli
1767 796 1886 828 Chiami
1914 796 1993 829 deti-

1255 848 1423 888 nitorum,
1456 854 1552 891 atque
1590 849 1735 882 omnium
1762 849 1992 882 monachorum

1255 900 1383 933 Ordinis
1418 906 1448 934 et
1473 901 1741 944 Congregationis
1774 902 1992 945 praefatorum

1255 956 1370 997 exponi
1399 955 1490 993 feeit,
1517 955 1621 997 quod,
1647 955 1725 988 licet
1756 954 1834 998 ipsi*
1863 955 1992 988 easdem

1254 1008 1513 1047 constitutiones,
1529 1009 1560 1040 in
1577 1008 1741 1041 nonnullis
1757 1009 1879 1041 levibus
1894 1009 1991 1042 rebus

1254 1060 1448 1100 immutatas,
1475 1071 1565 1103 quas,
1604 1071 1662 1102 per
1698 1061 1776 1093 alias
1808 1066 1933 1094 nostras
1958 1062 1991 1093 in

1254 1113 1350 1145 simili
1378 1113 1479 1146 forma
1499 1114 1601 1146 forma
1619 1113 1726 1146 Brevis
1746 1114 1796 1147 die
1817 1125 1868 1147 :oti
1885 1115 1991 1147 martii

1253 1177 1338 1199 anno
1364 1176 1537 1199 unccxxxn
1564 1167 1728 1209 expeditas
1755 1167 1879 1200 litteras
1897 1178 1914 1200 a
1934 1177 1992 1200 no-

1253 1219 1301 1251 bis
1334 1220 1528 1262 approbatas
1566 1225 1598 1252 et
1631 1220 1856 1262 confirmatas,
1883 1220 1990 1254 dilecti

1253 1273 1364 1305 itidem
1392 1273 1446 1305 filii
1466 1273 1616 1306 monachi
1636 1273 1702 1316 Syri
1717 1273 1892 1307 Maronitae
1911 1273 1991 1307 eius-

1253 1326 1324 1358 dem
1352 1326 1484 1368 quidem
1509 1326 1638 1359 Ordinis
1664 1326 1764 1359 sancti
1790 1327 1921 1360 Antonii
1939 1327 1992 1360 ab·

1253 1379 1335 1411 batis
1363 1379 1417 1412 sed
1445 1379 1712 1423 Congregationis
1734 1380 1847 1413 Montis
1876 1379 1989 1412 Libani

1254 1432 1356 1465 dictae
1382 1433 1574 1472 observant,
1604 1433 1710 1476 deque
1737 1433 1882 1477 ipsorum
1908 1432 1991 1466 Con-

1252 1486 1441 1528 gregatione
1467 1485 1567 1518 sancti
1594 1485 1691 1519 Isaiae
1717 1486 1749 1518 in
1774 1486 1926 1529 praefatis
1943 1485 1991 1519 lit·

1254 1538 1329 1571 teris
1347 1539 1466 1571 nostris
1492 1539 1574 1571 sacta
1599 1539 1694 1572 suerit
1719 1539 1854 1580 mentio,
1874 1545 1990 1579 tamen,

1253 1596 1286 1623 ut
1311 1591 1438 1624 fidelem
1466 1596 1497 1624 et
1521 1597 1736 1632 constantem,
1762 1603 1856 1635 quam
1883 1592 1988 1625 eidem

1252 1644 1385 1677 Sanctae
1410 1644 1483 1677 Sedi
1520 1644 1727 1688 profitentur,
1752 1637 1990 1679 obserrantiam

1253 1703 1284 1729 et
1304 1697 1521 1730 obedientiam
1545 1698 1681 1730 alacrius
1697 1703 1843 1731 testatam
1863 1699 1988 1739 saciant,

1253 1755 1283 1783 et
1308 1750 1481 1783 nationalis
1506 1751 1618 1794 synodi
1644 1751 1816 1784 novissime
1835 1752 1867 1784 in
1885 1752 1989 1785 Monte

1251 1803 1373 1836 Libano
1390 1803 1558 1846 praedicto
1578 1805 1762 1837 celebratae
1787 1804 1938 1845 decreto,
1957 1805 1988 1837 in

1252 1867 1316 1900 quo
1330 1857 1564 1900 praescriptum
1585 1856 1640 1889 suit
1656 1862 1689 1889 ut
1707 1857 1856 1890 monachi
1875 1867 1988 1890 omnes

1251 1909 1424 1942 Maronitae
1461 1920 1535 1942 suas
1569 1910 1817 1943 constitutiones
1841 1910 1880 1943 ab
1906 1911 1990 1953 Apo-

1252 1964 1363 1996 stolica
1400 1963 1484 1996 Sede
1520 1964 1664 2007 praefata
1700 1965 1927 2007 approbandas
1958 1969 1990 1997 et

1251 2016 1488 2050 confirmandas
1514 2022 1676 2058 curarent,
1695 2027 1809 2060 parere
1827 2022 1987 2061 satagant,

1251 2069 1518 2103 constitutionum
1545 2070 1745 2111 huiusmodi,
1763 2075 1796 2103 ut
1814 2071 1990 2114 praemitti-

1253 2127 1311 2163 tur,
1338 2122 1399 2154 iam
1427 2122 1681 2165 approbatarum
1708 2123 1989 2156 confirmatarum-

1251 2186 1313 2219 que
1349 2186 1407 2218 pro
1444 2176 1555 2208 eadem
1587 2176 1846 2219 Congregatione
1871 2176 1988 2210 Montis

1252 2228 1377 2269 Libani,
1399 2229 1669 2272 approbationem
1696 2229 1990 2263 confirmationem-

1251 2292 1313 2325 que
1340 2292 1400 2324 pro
1426 2282 1570 2324 ipsorum
1604 2282 1862 2326 Congregatione
1886 2283 1988 2316 sancti

1251 2335 1348 2368 Isaiae
1367 2335 1598 2376 desiderantes,
1616 2336 1709 2369 nobis
1727 2336 1896 2369 humiliter
1912 2346 1989 2380 sup-

1251 2388 1362 2430 plicari
1397 2388 1563 2429 fecerunt,
1591 2394 1625 2421 ut
1648 2389 1706 2422 sibi
1733 2389 1765 2422 in
1799 2389 1987 2433 praemissis

1251 2446 1436 2484 opportune
1473 2442 1643 2484 providere
1674 2447 1705 2475 et
1737 2443 1776 2475 de
1806 2443 1988 2486 apostolica

1249 2493 1449 2536 benignitate
1475 2495 1645 2537 indulgere
1671 2495 1888 2538 dignaremur.

1286 2610 1296 2635 1
1320 2608 1430 2636 Videtur
1444 2609 1540 2637 deesse
1551 2610 1674 2638 habeant
1686 2610 1726 2638 vel
1737 2611 1883 2640 observent
1895 2612 1984 2648 (R.T.).
