2232 3178
200 224 383 252 An.c.1736

200 290 247 309 lui<

201 323 252 336 inzn.

304 287 382 307 arnoia·

228 1900 256 1920 lle
273 1900 383 1919 rvnunrist-

200 1929 256 1946 ίιυιιι-
268 1927 314 1946 ostie
327 1933 383 1946 orntn

201 1956 218 1973 rt
233 1954 382 1978 subrogatione

200 1981 227 2000 ad
244 1981 286 2000 illa.

429 214 492 247 ν100

393 283 468 309 nus,
493 281 592 302 verum
626 271 712 301 etiam
746 268 943 300 assistentium
973 269 1129 299 cuiuslibet

394 322 561 362 provinciae
599 330 713 360 semper
749 324 777 349 et
815 319 1057 359 quandocumque
1094 319 1131 348 sit

394 370 612 410 incompatibilc
648 374 705 398 tam
743 377 807 398 cum
849 367 945 397 officio
980 367 1130 397 secretarii

393 420 538 459 generalis
563 428 648 458 quam
672 427 736 447 cum
760 416 856 446 officio
874 416 1010 455 praefecti
1034 417 1130 446 cuius-

393 478 518 507 cumque
540 470 712 503 conventus,
737 470 763 494 et
787 475 802 495 e
825 474 965 495 converso
988 465 1041 494 ista
1065 474 1130 494 cum

393 517 466 551 illis3
487 522 530 550 et,
548 516 571 545 si
594 514 750 553 aliquando
773 514 920 551 evenerit,
944 514 1128 552 religiosum,
1152 523 1153 530 ¹

393 566 491 604 aliquo
514 573 547 593 ex
572 562 730 603 praedictis
761 562 866 592 officiis
888 562 945 591 iam
968 562 1129 599 fruentem,

394 614 427 643 ad
451 614 574 642 alterum
605 611 789 650 promoveri,
815 614 882 640 tune
911 610 1039 640 osticium
1071 611 1131 640 sive

394 672 511 698 munus,
528 661 604 700 quod
621 661 702 700 prius
718 659 880 696 obtinebat,
901 664 981 689 vacet
1003 669 1037 689 eo
1056 659 1130 698 ipso,

394 711 525 750 illudque
542 710 583 739 sic
601 718 718 744 vacans,
738 708 822 738 alteri
837 708 974 746 religioso
991 709 1130 748 professo,

393 760 442 799 qni
461 759 495 789 ad
518 759 546 788 id
570 757 752 788 sufficienter
770 757 892 787 idoneus
915 761 1048 796 repertus
1073 758 1133 787 sue-

393 809 441 845 rit,
466 808 646 837 conseratur.
671 806 751 842 Quod
784 806 808 835 si
841 806 996 844 religiosus
1025 806 1059 835 ad
1089 815 1134 835 se-

393 857 519 887 cundum
553 865 658 886 munus
682 860 854 895 promotus,
878 855 950 885 illud
979 859 1132 894 acceptare

393 905 531 940 noluerit,
557 905 721 944 praefectus
743 903 887 942 generalis
917 913 982 933 cum
1011 913 1062 933 suo
1085 904 1134 933 de-

394 955 522 985 finitorio
538 953 668 992 generali
684 963 787 983 causas
803 952 995 983 recusationis
1010 953 1135 991 diligen-

395 1009 438 1034 ter
454 1008 611 1040 scrutetur,
635 1003 853 1042 compertisque
872 1003 981 1032 nullius
996 1006 1046 1032 aut
1061 1003 1133 1032 levis

394 1054 558 1088 momenti,
590 1053 624 1082 ad
654 1061 760 1082 munus
789 1051 972 1081 subeundum
1001 1051 1134 1080 eumdem

394 1102 564 1140 religiosum
588 1101 764 1140 compellat:
783 1100 807 1130 si
823 1109 893 1129 vero
912 1099 1006 1129 iustae
1022 1103 1050 1129 et
1065 1099 1134 1138 legi-

394 1151 482 1180 timae
504 1150 701 1188 reperiantur,
726 1152 794 1178 tunc
816 1148 845 1178 in
869 1148 964 1177 officio
987 1148 1063 1186 quod
1087 1147 1135 1177 ad-

394 1199 591 1235 ministrabat,
608 1202 751 1237 quatenus
775 1197 803 1227 id
826 1197 897 1227 utile
915 1197 1052 1235 religioni
1074 1198 1135 1226 t'ue-

394 1249 444 1285 rit,
459 1258 550 1286 usque
566 1247 600 1277 ad
617 1252 731 1286 tempus
751 1246 938 1285 praefinitum
956 1250 1132 1285 perseveret.

393 1297 534 1335 Denique,
548 1297 616 1335 quia
632 1297 711 1325 iuxta
724 1295 863 1334 disposita
880 1295 909 1324 iu
927 1294 1134 1324 constitutione

394 1354 456 1384 cap.
482 1354 526 1380 ix,
549 1344 562 1382 g
585 1344 620 1381 9,
651 1344 821 1373 assistentes
856 1342 1022 1382 provinciae
1055 1343 1135 1372 illius

394 1393 489 1432 regni,
514 1394 542 1423 in
566 1403 622 1432 quo
646 1393 810 1432 praefectus
833 1392 978 1431 generalis
1011 1392 1132 1430 residet,

394 1443 546 1482 proprium
564 1452 669 1471 munus
685 1451 820 1471 exercere
835 1445 999 1481 nequeunt,
1025 1441 1135 1471 idcirco

395 1496 462 1521 tunc
494 1491 634 1530 temporis
667 1490 778 1529 possint
809 1490 876 1528 eligi
906 1490 935 1519 in
970 1490 1136 1529 superiores

394 1540 501 1569 locales
517 1539 715 1578 hospitalium,
733 1542 761 1568 et
776 1539 805 1568 in
821 1539 880 1568 illis
896 1539 982 1568 etiam
1000 1548 1134 1568 exercere

394 1588 448 1617 alia
472 1588 565 1617 officia
582 1587 786 1617 conventualia
803 1587 927 1616 durante
944 1587 1036 1626 ipsius
1053 1597 1134 1626 prae-

393 1637 458 1666 fecti
482 1636 628 1674 generalis
644 1636 815 1666 residentia.
833 1635 889 1665 Ista
907 1645 974 1665 vero
991 1641 1133 1674 cessante,

393 1694 485 1724 eoque
507 1684 542 1714 ab
565 1694 622 1714 uno
645 1685 679 1714 ad
702 1684 826 1714 alterum
843 1693 966 1722 regnum
989 1694 1019 1714 se
1042 1689 1136 1715 trans·

394 1735 525 1772 ferente,
550 1733 600 1763 uni
634 1738 682 1763 aut
714 1733 799 1762 alteri
832 1733 928 1763 osticio
960 1735 1135 1763 renunciare

395 1787 560 1818 teneantur,
584 1791 637 1811 nec
656 1786 780 1821 utraque
802 1781 889 1811 simul
909 1782 1036 1811 retinere
1053 1791 1137 1820 prae—

395 1836 525 1861 sumant.

436 1889 462 1909 v.
486 1880 733 1918 Quotiescumque
756 1889 833 1909 unus
856 1883 904 1908 aut
921 1879 1020 1917 plures
1038 1889 1071 1909 ex
1091 1889 1136 1908 as-

395 1928 566 1959 sistentibus
588 1928 775 1966 generalibus
798 1937 850 1957 suo
877 1928 973 1957 officio
994 1928 1079 1957 iustis
1102 1937 1135 1957 ac

394 1978 534 2015 legitimis
556 1978 590 2007 de
613 1978 708 2007 causis
743 1986 794 2016 per
816 1977 984 2015 generalem
1015 1977 1135 2016 eiusque

395 2027 604 2064 definitorium‚
635 2031 666 2056 ut
698 2036 804 2066 supra,
829 2027 1074 2065 recognoscendis
1107 2032 1135 2057 et

395 2075 602 2115 approbandis,
626 2075 856 2113 renunciaverit,
881 2079 929 2104 aut
945 2075 980 2104 ab
999 2075 1136 2104 humanis

395 2125 574 2162 discesserit,
593 2129 660 2153 tunc
684 2124 758 2153 idem
782 2124 927 2162 generalis
945 2125 1004 2153 una
1019 2134 1135 2163 quoque

395 2183 461 2203 rum
484 2174 574 2212 ipsius
604 2173 770 2202 definitorio
792 2173 879 2211 eligat
907 2177 956 2202 aut
979 2172 1137 2203 substituat

396 2223 484 2252 alium
509 2226 555 2251 aut
578 2222 649 2251 alios
672 2222 823 2259 religiosos
845 2222 873 2251 in
898 2222 976 2251 illius
999 2231 1050 2252 seu
1073 2222 1137 2251 illo-

395 2280 459 2300 rum
483 2271 597 2306 officiis,
622 2270 865 2309 quemadmodum
888 2269 1007 2299 Ordinis
1030 2271 1138 2300 consti·

397 2320 469 2349 tutio
493 2318 676 2357 praescribit.
699 2318 727 2348 Si
757 2327 844 2354 vero,
869 2318 918 2357 qui
942 2318 1018 2348 dicta
1042 2319 1136 2348 officia

396 2367 600 2404 renunciavit,
625 2368 662 2396 sit
685 2376 719 2396 ex
742 2366 947 2396 assistentibus
971 2367 1137 2405 provinciae

395 2417 475 2445 illius
497 2417 595 2454 regni,
619 2416 647 2445 iu
676 2425 732 2454 quo
754 2415 899 2453 generalis
921 2424 979 2444 non
1009 2415 1136 2453 residet,

397 2470 467 2494 tunc
491 2469 626 2504 poterunt
643 2464 851 2502 vicegeneralis
874 2469 902 2494 et
924 2464 1054 2493 eiusdem
1072 2474 1138 2503 pro-

397 2513 510 2543 vinciae
533 2514 723 2551 assistentes,
748 2513 901 2552 perpensis
924 2513 1006 2552 prius
1028 2522 1060 2543 ac
1083 2514 1138 2543 rite

396 2562 570 2592 examinatis
602 2566 633 2592 ut
666 2571 753 2601 supra
777 2561 872 2591 causis
893 2562 1136 2600 renunciationis,

396 2611 476 2641 illam
499 2610 622 2641 reiicere
645 2611 689 2641 vel
722 2611 894 2648 admittere,
918 2615 1004 2652 prout
1026 2611 1136 2642 iustitia

980 219 1157 244 sst'LLMntJn
1184 219 1335 244 ROMANUM

1152 551 1154 580 Ῐ
1175 563 1304 601 religiosi
1328 564 1516 603 deputatione
1539 563 1600 592 sive
1622 562 1825 592 renunciantis
1846 571 1914 592 con-

1918 219 1970 246 An.
1988 218 2017 247 C.
2039 218 2108 247 1736

1172 268 1340 309 postulabit.
1364 268 1410 299 Sic
1433 267 1552 308 pariter,
1576 267 1599 298 si
1622 267 1728 308 aliquis
1749 271 1799 298 aut
1821 267 1912 307 aliqui

1173 318 1360 352 decesserint,
1384 327 1420 347 ne
1443 317 1544 356 religio
1566 317 1657 347 ullum
1674 317 1801 357 patiatur
1822 317 1912 347 detri-

1174 372 1319 403 mentum,
1343 368 1465 397 alterum
1493 367 1660 405 religiosum
1683 367 1743 396 sive
1766 366 1837 396 alios
1860 376 1912 406 pro

1174 416 1292 446 interim
1315 417 1455 456 deputare
1478 425 1528 445 seu
1551 415 1728 454 subrogare,
1752 415 1791 445 ita
1815 419 1911 445 tamen

1175 470 1205 496 ut
1227 466 1329 495 eodem
1361 470 1491 505 tempore
1522 465 1556 495 de
1578 465 1658 494 dicta
1690 464 1914 495 renunciatione

1174 519 1202 544 et
1225 515 1340 551 causis,
1364 524 1417 544 nec
1449 524 1506 543 non
1531 514 1565 543 de
1599 514 1763 553 respectiva
1794 514 1914 544 alterius

1175 612 1338 642 firmatione
1360 612 1396 641 ab
1419 612 1461 641 eis
1484 611 1720 651 provisionaliter
1741 611 1828 646 sacta,
1852 620 1915 640 cer-

1176 661 1277 690 tiorem
1301 661 1422 690 reddere
1446 664 1599 690 teneantur
1629 660 1805 699 praesectum
1829 669 1916 698 gene-

1177 710 1279 746 ralem,
1303 710 1338 739 ad
1361 718 1447 748 quem
1470 710 1529 738 una
1545 718 1610 738 cum
1629 709 1689 738 suis
1712 708 1916 739 assistentibus

1175 758 1361 797 generalibus
1383 762 1495 797 spectet
1517 762 1575 787 tam
1598 758 1742 797 praefatae
1761 757 1917 787 renuncia-

1176 807 1273 844 tionis,
1297 816 1383 846 quam
1408 806 1597 846 provincialis
1621 805 1839 845 subrogationis
1855 806 1916 837 sive

1176 856 1407 886 confirmationis
1430 856 1458 886 in
1482 856 1577 886 officio
1605 855 1775 895 approbatio
1798 859 1825 886 et
1847 865 1916 886 con-

1178 905 1323 941 firmati03
1348 908 1433 943 atque
1463 904 1529 934 ideo
1548 904 1572 934 si
1594 903 1792 944 compererint
1814 913 1916 935 causas

1177 954 1343 984 huiusmodi
1371 953 1603 983 renunciationis
1632 953 1798 983 nullatenus
1821 954 1917 984 verisi-
2184 973 2205 1004 ἢ

1177 1003 1236 1032 cari
1260 1011 1354 1041 neque
1377 1001 1548 1038 subsistere,
1573 1005 1654 1039 tune,
1678 1001 1791 1031 etiamsi
1808 1011 1822 1031 a
1841 1002 1918 1032 vice·
2178 1009 2203 1061 ’Ἰ

1177 1051 1307 1089 generali
1340 1060 1405 1080 cum
1437 1051 1567 1080 eiusdem
1590 1050 1757 1090 provinciae
1779 1050 1918 1080 assisten-
2185 1046 2205 1096 ἦ

1178 1100 1255 1130 tibus
1283 1100 1359 1129 dicta
1390 1099 1574 1129 renunciatio
1602 1098 1761 1138 approbata
1795 1099 1926 1138 fuisset,

1178 1150 1257 1179 illam
1279 1149 1403 1179 reiicere
1423 1153 1450 1179 et
1472 1149 1507 1179 ad
1530 1149 1617 1179 officii
1642 1149 1812 1178 exercitium
1829 1149 1917 1178 etiam

1177 1200 1369 1229 reluctantem
1393 1199 1520 1236 adigere,
1545 1208 1577 1228 ac
1600 1198 1736 1228 similiter
1758 1198 1920 1237 deputatio-

1178 1258 1243 1278 nem
1274 1252 1302 1278 et
1335 1247 1573 1286 subrogationem
1606 1247 1845 1286 provisionaliter
1877 1247 1918 1277 sa-

1178 1302 1252 1327 etam
1276 1297 1305 1327 in
1328 1306 1396 1326 casu
1420 1297 1532 1334 mortis,
1550 1296 1664 1336 quoties
1680 1296 1788 1326 iustum
1811 1296 1839 1326 id
1855 1305 1919 1326 esse

1178 1346 1379 1384 cognoverint,
1404 1345 1561 1385 reprobare
1585 1345 1696 1384 possint
1717 1354 1750 1374 ac
1773 1344 1901 1374 valeant.
2187 1364 2203 1390 ἢ

1217 1404 1255 1426 v1.
1281 1394 1382 1424 Nullus
1404 1394 1433 1423 in
1457 1394 1640 1423 assistentem
1669 1393 1836 1432 generalem
1869 1392 1919 1423 eli·
1957 1401 1985 1421 Αιι
2012 1401 2031 1421 in
2061 1401 2115 1421 assi.
2181 1394 2198 1419 .“

1177 1449 1273 1482 gatar,
1297 1444 1353 1473 nisi
1377 1443 1457 1482 prius
1487 1443 1530 1473 vel
1561 1442 1723 1472 assistentis
1752 1429 2116 1481 provinciaeiigi''‘i}2„‘¹¹¹im¹}2

1179 1493 1222 1522 vel
1245 1492 1395 1522 secretarii
1418 1492 1563 1530 generalis
1577 1501 1684 1521 munus
1696 1500 1746 1530 per
1761 1490 1919 1521 triennium
1932 1483 1981 1500 ⁵¹¹¹*
2191 1493 2210 1521 ².

1178 1541 1354 1576 exercuerit,
1378 1541 1421 1570 vel
1445 1550 1496 1580 per
1518 1539 1670 1570 consimile
1693 1544 1807 1578 tempus
1830 1539 1921 1577 magi·
2194 1539 2198 1542 '

1178 1594 1237 1619 ster
1259 1589 1436 1619 novitiorum
1459 1589 1501 1619 vel
1527 1589 1688 1628 praefectus
1704 1592 1753 1617 aut
1774 1587 1922 1627 viceprae-

1179 1639 1281 1675 fectus,
1305 1638 1367 1667 sive
1391 1638 1561 1677 praesidens
1594 1637 1722 1667 cuiusvis
1744 1640 1918 1670 conventus,

1178 1687 1281 1716 domus
1304 1686 1347 1716 vel
1372 1686 1490 1725 hospitii
1518 1686 1623 1724 fuerit,
1648 1685 1848 1715 sacerdotibus
1878 1689 1921 1715 ta-

1180 1745 1245 1765 men
1268 1744 1383 1774 semper
1405 1735 1542 1764 exclusis.

1218 1792 1268 1813 vn.
1291 1784 1429 1819 Quamvis
1452 1784 1481 1813 in
1510 1782 1770 1813 constitutionibus
1803 1782 1921 1812 Ordinis

1179 1842 1242 1871 cap.
1277 1842 1326 1870 ix,
1361 1832 1374 1870 ξ
1409 1832 1448 1869 8,
1472 1841 1609 1871 expresse
1642 1831 1814 1871 disponatur
1843 1831 1922 1870 quod

1179 1881 1330 1918 eligendus
1353 1881 1382 1910 in
1405 1881 1571 1918 generalem
1598 1881 1675 1910 inter
1704 1884 1801 1910 cetera
1823 1879 1921 1919 requi-

1179 1930 1233 1958 sita
1266 1928 1338 1958 illud
1372 1929 1459 1958 etiam
1496 1928 1603 1958 babere
1625 1928 1750 1964 debeat,
1774 1927 1849 1968 quod
1885 1928 1921 1958 ad

1181 1977 1276 2006 minus
1298 1977 1343 2006 bis
1365 1977 1482 2016 aliquod
1504 1987 1538 2007 ex
1560 1977 1709 2015 religionis
1729 1976 1922 2016 hospitalibus

1179 2026 1403 2065 gubernaverit·⁷
1424 2026 1626 2062 nihilominus,
1651 2031 1682 2056 ut
1705 2025 1799 2056 omnis
1822 2025 1922 2056 dubie-

1181 2080 1223 2105 tas
1245 2075 1279 2105 de
1303 2075 1397 2104 medio
1430 2075 1559 2113 tollatur,
1594 2084 1667 2115 quae
1700 2075 1791 2113 magis
1823 2074 1921 2104 idonei

1180 2124 1353 2153 electionem
1377 2127 1426 2153 aut
1450 2124 1578 2154 retardet
1611 2128 1660 2154 aut
1690 2123 1846 2163 impediat,
1869 2123 1923 2153 hu-

1181 2172 1305 2202 iusmodi
1325 2172 1467 2212 requisito
1491 2172 1599 2211 pollere
1622 2176 1799 2202 censeantur
1820 2181 1922 2201 ornnes

1180 2226 1207 2250 et
1229 2221 1336 2259 singuli
1361 2221 1488 2259 religiosi
1521 2221 1570 2260 qui
1593 2221 1705 2250 duabus
1727 2221 1827 2250 saltem
1852 2220 1923 2250 vici-

1182 2270 1235 2299 bus
1257 2270 1446 2299 exereuerint
1467 2270 1595 2299 officium
1619 2269 1771 2309 praefecti,
1795 2273 1844 2299 aut
1863 2270 1923 2299 una,

1182 2318 1329 2357 praefecti,
1353 2318 1446 2348 altera
1462 2319 1665 2357 praesidentis,
1690 2318 1751 2347 sive
1768 2318 1825 2347 una
1842 2326 1924 2356 prae-

2189 1145 2196 1158 Δ

2192 1191 2202 1206 k

2193 1220 2197 1229 ‹

2197 1236 2205 1257 b,

2190 1271 2203 1305 ¹,

1946 1797 2009 1817 Βοῖος
2023 1795 2115 1819 eligendi

1932 1824 1952 1844 in
1968 1823 2096 1849 generalem.

1181 2367 1248 2396 secti
1271 2367 1314 2397 vel
1339 2367 1548 2406 praesidentiS,
1572 2367 1665 2396 altera
1681 2376 1748 2396 vero
1770 2365 1923 2396 secretarii
2226 2345 2232 2411 1

1181 2417 1337 2454 generalis,
1362 2416 1406 2446 vel
1428 2416 1590 2446 assistentis
1614 2415 1781 2455 provinciae
1804 2415 1924 2454 (sacer-
2220 2412 2232 2495 Ι

1181 2465 1295 2494 dotibus
1311 2474 1426 2504 semper
1441 2465 1600 2504 exclusis),
1626 2464 1782 2494 dummodo
1805 2465 1834 2494 in
1852 2473 1923 2494 uno-

1181 2523 1296 2553 quoque
1319 2524 1352 2543 ex
1376 2513 1512 2553 praefatis
1528 2513 1632 2543 officiis
1649 2513 1806 2543 triennium
1826 2513 1924 2553 exple-

1182 2563 1289 2593 verint.

1220 2620 1280 2642 vin.
1311 2613 1396 2651 Cum,
1428 2611 1610 2653 experientia
1639 2615 1734 2650 teste,
1762 2611 1920 2652 aliquando
1959 2615 1991 2638 De
2011 2615 2117 2643 magistris
