2232 3178
275 224 323 250 Αη.
340 223 368 250 e.
393 224 459 250 1738
505 215 569 249 3⁵26

468 273 609 306 dimidiis
646 272 840 315 praebendis
876 271 1029 313 praefatis
1063 280 1080 302 a
1116 269 1208 302 nobis
1228 270 1230 279 ’

469 336 527 368 per
558 330 747 368 praesentes
780 330 814 356 ut
842 323 1026 366 praesertin·
1058 323 1209 355 dismem-

468 379 651 417 bratorum,
677 383 900 421 separatorum
926 382 957 409 et
988 377 1207 409 seiunctorum

468 431 650 474 respective
678 431 846 469 fructuum,
873 430 1058 462 reddituum
1085 434 1116 461 et
1134 439 1209 471 pro-

468 489 622 516 ventuum
648 483 866 525 praefatorum
894 481 1075 525 respective
1101 486 1208 524 partes

469 535 649 578 respective
665 546 728 568 non
747 535 914 574 excedant,
930 532 976 566 in'
998 534 1143 566 eiusdem
1157 543 1209 575 pa-

471 588 654 620 triarchalis
673 588 827 620 eeclesiae
843 586 1106 630 Ulyssiponensis
1126 585 1209 618 occi-

470 641 609 673 dentalis
635 640 774 673 fabricae
800 639 973 672 utilitatem
1005 645 1037 672 et
1061 639 1210 679 indigen-

471 694 528 727 tias
548 704 675 727 necnon
695 694 920 726 ministrorum
947 693 1052 726 eidem
1076 692 1209 734 patriar-

469 747 554 779 chali
573 746 733 779 ecclesiae
749 745 992 789 Ulyssiponensi
1013 743 1209 777 occidentali

471 810 558 831 nunc
574 805 604 831 et
620 809 678 842 pro
697 803 842 841 tempore
862 797 1103 830 inservientium
1118 797 1211 829 subs-

472 852 683 884 tentationem
709 851 952 890 convertendas,
979 856 1010 883 et
1035 862 1051 883 a
1077 849 1210 892 singuiis

472 905 683 946 dignitatibus
710 910 740 937 et
764 904 929 936 canonicis
955 903 1059 935 dictae
1080 902 1211 945 patriar-

471 957 573 990 chalis
587 958 741 990 ecclesiae
756 956 1014 1000 UlyssiponensIS
1027 956 1212 989 occidenta-

473 1012 511 1043 lis
528 1011 666 1054 singulis
684 1011 777 1043 annis
797 1010 954 1053 perpetuo
970 1009 1212 1053 pei-solvendas

473 1064 556 1097 infra
583 1070 710 1108 tempus
730 1063 839 1096 loanni
858 1063 924 1105 regi
952 1074 985 1095 ac
1008 1062 1213 1106 patriarchae

472 1117 628 1161 praefatis
654 1118 859 1156 benevisum,
886 1122 1028 1149 statuere
1055 1116 1158 1159 possit
1183 1121 1215 1148 et

474 1172 601 1214 valeat),
620 1172 663 1203 ita
681 1171 767 1214 quod
793 1172 888 1204 liccat
908 1180 993 1202 nunc
1010 1175 1041 1202 et
1059 1180 1116 1213 pro
1135 1175 1215 1202 tem-

474 1235 553 1268 pore
580 1224 791 1258 existentibus
817 1224 961 1256 eiusdem
988 1223 1214 1265 patriarchalis

474 1278 630 1311 ecclesiae
653 1276 913 1321 Ulyssiponensis
938 1276 1147 1309 occidentalis
1174 1275 1217 1307 di-

474 1330 651 1373 gnitatibus
667 1336 698 1362 et
712 1329 927 1369 canonicis,et
943 1339 1055 1362 eorum
1071 1329 1215 1368 cuilibet,

475 1395 534 1427 per
558 1395 591 1416 se
616 1385 664 1416 vel
690 1388 943 1426 procuratores,
970 1387 1116 1420 actores,
1145 1392 1216 1414 exa-

474 1442 580 1470 ctores
605 1438 653 1469 vel
681 1446 876 1469 oeconomos
903 1445 977 1468 suos
993 1462 1000 1474 ,
1026 1446 1139 1468 eorum
1164 1445 1216 1467 re-

475 1490 615 1534 spective
640 1490 784 1528 nomine,
811 1489 1030 1532 corporalem,
1058 1488 1217 1521 actualem

476 1549 508 1577 et
532 1543 657 1576 civilem
684 1543 827 1576 omnium
853 1547 885 1576 et
918 1542 1121 1584 singulorum
1154 1541 1217 1573 sru-

476 1603 582 1630 ctuum
601 1624 608 1637 ‚
649 1596 835 1629 reddituum
878 1601 910 1628 et
944 1600 1163 1638 proventuum
1201 1605 1218 1626 a

476 1650 571 1684 nobis
598 1661 657 1694 per
675 1655 870 1693 praesentes,
886 1654 921 1681 ut
945 1649 1136 1693 praefertur,
1156 1649 1219 1681 dis-

476 1705 742 1743 membratorum,
768 1708 993 1747 separatorum
1018 1701 1218 1735 etseiuneto·

477 1767 547 1790 rum
575 1757 697 1800 (quoad
723 1756 954 1796 ecclesiarum,
980 1755 1148 1793 videlicet,
1174 1754 1219 1787 di-

478 1810 657 1853 gnitatum,
679 1809 929 1843 canonicatuum
955 1814 986 1842 et
1010 1808 1216 1852 praebenda-

479 1875 562 1905 rum,
579 1874 614 1897 ac
628 1864 877 1897 canonicatuum
892 1873 961 1895 cum
980 1862 1113 1895 dimidia
1131 1871 1220 1904 prae-

479 1917 596 1958 benda,
616 1927 670 1950 seu
691 1916 900 1949 dimidiorum
919 1915 1168 1948 canonicatuum
1188 1919 1220 1947 et

480 1970 686 2003 dimidiarum
712 1969 985 2012 praebendarum,
1004 1979 1086 2011 quae
1113 1973 1144 2000 et
1165 1968 1219 2011 qui

482 2033 568 2056 nune
589 2028 721 2063 vacant,
743 2022 918 2061 videlicet²,
937 2032 953 2054 a
972 2021 1023 2053 die
1042 2022 1134 2054 datae
1150 2031 1221 2063 pre-

483 2077 640 2118 sentium,
661 2086 724 2119 quo
742 2086 818 2108 vero
832 2076 871 2108 ad
884 2075 1011 2109 illarum
1030 2081 1062 2108 et
1079 2075 1220 2114 illorum,

482 2140 562 2174 quae
578 2135 610 2163 et
629 2129 682 2173 qui
700 2129 831 2162 minime
856 2133 970 2161 vacant
988 2129 1026 2161 de
1045 2127 1221 2171 praesenti,

481 2183 659 2226 respective
686 2183 808 2215 fructus
828 2182 976 2215 redditus
999 2186 1029 2214 et
1046 2186 1221 2224 proventus

481 2241 517 2269 ut
541 2236 726 2280 praefertur
751 2235 996 2268 dismembratos
1012 2261 1019 2275 ‚
1058 2234 1221 2267 seiunctos

484 2294 516 2323 et
541 2295 728 2332 separatos,
758 2293 789 2322 et
819 2293 853 2320 ut
891 2288 973 2320 infra
1009 2287 1222 2331 applicandos

485 2343 679 2387 praedictos,
697 2353 714 2375 a
735 2343 786 2375 die
813 2342 940 2375 illarum
966 2346 997 2374 et
1022 2341 1154 2374 illorum
1178 2351 1225 2373 re-

484 2397 626 2441 spective
653 2400 826 2429 eventurae
852 2394 1026 2428 vacationis
1044 2393 1224 2437 respective

485 2450 815 2494 apprehendendam)
833 2449 1072 2492 possessionem
1093 2447 1225 2491 propria

522 2532 532 2557 1
557 2530 708 2565 Praeposit.
729 2531 760 2558 in
782 2538 830 2556 nos
849 2528 972 2556 addimus
991 2529 1029 2563 (R.
1046 2528 1096 2563 r).

521 2575 537 2602 2
552 2575 688 2603 Particula
704 2575 833 2603 videlicet
849 2574 973 2610 repetita,
991 2572 1160 2601 commodius
1177 2573 1226 2599 de-

487 2619 590 2647 leretur
610 2620 649 2655 (n.
666 2622 715 2654 τ.).

1035 221 1222 245 BULLARIUM
1246 220 1406 244 ROMANUM

1252 268 1444 300 auctoritate
1472 268 1574 301 libere
1599 267 1858 311 apprehendere,
1885 270 1917 299 et
1940 276 1991 308 ap-

1253 321 1444 364 prehensam
1471 321 1632 364 perpetut')
1658 319 1810 359 retinere,
1836 319 1990 362 ipsosque

1253 375 1384 413 fructus,
1412 374 1559 406 redditus
1586 379 1615 406 et
1640 377 1826 417 proventus,
1852 382 1911 415 per
1935 382 1989 411 se,

1253 428 1301 459 vel
1328 427 1442 465 alium,
1470 437 1524 460 scu
1548 427 1643 464 alios,
1671 426 1701 458 in
1727 426 1859 468 propria
1884 424 1991 468 specie

1253 486 1284 513 et
1309 491 1372 513 non
1400 481 1488 519 alias,
1514 486 1559 520 et,
1585 481 1611 512 si
1638 479 1766 523 species
1792 478 1992 521 inseparabi-

1253 533 1291 566 lis
1317 539 1349 566 et
1374 534 1541 566 individua
1566 533 1615 571 sit,
1635 534 1667 565 in
1687 533 1785 575 quota
1804 537 1895 575 parte
1917 531 1992 564 iusti

1253 587 1371 619 valoris
1397 586 1575 630 percipere,
1600 586 1836 623 administrare,
1863 584 1993 627 exigere

1254 645 1284 671 et
1310 641 1427 679 levare,
1454 650 1489 671 ac
1516 645 1578 672 tam
1606 650 1641 672 ex
1670 638 1793 671 horreis
1819 637 1994 671 communi-

1255 694 1325 731 bus,
1350 704 1444 736 quam
1470 704 1506 726 ex
1532 693 1600 725 aliis
1622 692 1880 735 quibuscumque
1898 689 1991 730 locis,

1255 746 1451 789 ubicumque
1478 745 1594 779 servati
1622 745 1776 784 existant,
1802 744 1995 781 extrahere.

1255 809 1374 842 eosque
1400 799 1502 831 libere
1521 799 1639 836 locare,
1660 803 1690 830 et
1709 797 1741 829 in
1760 796 1921 830 electione
1947 806 1997 828 ex-

1256 857 1397 885 actorum
1424 852 1582 884 dictorum
1611 852 1781 889 fructuum,
1809 849 1995 882 reddituum

1257 910 1288 938 ct
1313 909 1536 947 proventuum,
1562 904 1697 947 qiri‘osles
1724 907 1997 946 nuncupatorum,

1257 958 1458 1001 aliorumque
1485 957 1637 990 similium
1664 956 1860 997 officialium,
1885 965 1995 989 vocem

1257 1021 1314 1053 per
1346 1011 1433 1053 ipsos
1471 1010 1682 1043 conductores
1715 1019 1773 1041 seu
1807 1008 1997 1041 eorumdem

1258 1065 1448 1106 dignitatum
1474 1070 1504 1097 et
1530 1064 1762 1096 canonicorum
1802 1062 1907 1095 dietae
1943 1072 1999 1104 pa-

1260 1117 1440 1150 triarchalis
1458 1117 1614 1150 ecclesiae
1634 1115 1895 1160 Ulyssiponensis
1915 1114 2000 1148 occi-

1259 1171 1396 1204 dentalis
1415 1175 1642 1213 procuratores
1661 1170 1709 1201 vel
1728 1178 1925 1202 oeconomos
1943 1168 2001 1200 ha-

1258 1225 1346 1263 bere,
1372 1234 1500 1256 necnon
1528 1223 1566 1255 ab
1592 1223 1714 1256 eisdem
1740 1221 1925 1255 oeconomis
1944 1231 2001 1253 seu

1260 1277 1574 1310 administratoribus
1611 1276 1797 1309 reddituum
1832 1274 2001 1307 cathedra-

1260 1330 1336 1363 lium
1363 1329 1573 1362 ecclesiarum
1600 1334 1631 1361 et
1655 1328 1848 1371 dignitatum
1875 1337 1910 1359 ac
1946 1336 2000 1359 ca-

1261 1384 1467 1417 nonicatuum
1494 1388 1526 1416 et
1550 1383 1833 1426 praebendarum,
1872 1390 2001 1414 necnon

1261 1438 1508 1470 canonicatuum
1534 1447 1605 1468 cum
1632 1436 1766 1468 dimidia
1791 1434 2001 1477 praebenda.

1261 1502 1318 1524 seu
1343 1490 1551 1523 dimidiorum
1578 1489 1855 1527 canonicatuum,
1887 1492 1919 1520 et
1955 1486 2003 1519 di-

1261 1545 1431 1577 midiarum
1463 1543 1722 1587 praebendarum
1758 1541 1998 1585 praefatorum,

1262 1597 1459 1641 reliquisque
1484 1596 1674 1630 officialibus
1712 1595 1974 1639 quibuscumque
1991 1618 1999 1632 ‚

1263 1661 1298 1684 ac
1323 1649 1527 1684 exactoribus
1554 1649 1683 1682 illarum
1707 1658 1766 1681 seu
1792 1647 1934 1686 illorum,
1952 1645 2002 1679 vel

1264 1708 1295 1737 et
1319 1703 1357 1735 ab
1383 1703 1461 1746 ipsis
1492 1702 1683 1746 episcopis,
1720 1700 1933 1744 dignitatibus
1973 1703 2005 1732 et

1264 1756 1438 1796 canonicis,
1468 1761 1627 1798 quatenus
1653 1765 1734 1797 opus
1761 1754 1814 1794 sit,
1839 1754 2006 1786 iuramen-

1264 1816 1329 1842 tum
1357 1819 1453 1853 super
1478 1810 1552 1842 vera
1574 1809 1753 1853 quantitate
1772 1817 2004 1851 quorumcum-

1264 1874 1325 1907 que
1350 1862 1530 1906 respective
1557 1862 1743 1895 reddituum
1780 1861 2005 1904 praefatorum

1265 1917 1459 1960 exquirere,
1486 1927 1521 1949 ac
1548 1926 1602 1949 eos
1627 1916 1665 1948 ad
1702 1915 1882 1958 praefatum
1919 1914 2006 1946 iura-

1265 1975 1408 2003 mentum
1434 1969 1668 2013 praestandum
1702 1969 1921 2011 compellere,
1956 1977 2007 1999 ce-

1265 2029 1419 2067 terosque
1452 2023 1557 2055 dictae
1594 2019 1882 2054 administrationis
1915 2024 2004 2052 actus

1265 2086 1434 2116 exercerc,
1461 2075 1631 2116 dictosque
1657 2083 1769 2106 omnes
1799 2077 1830 2105 et
1858 2071 2006 2114 singulos

1265 2129 1403 2167 fructus,
1422 2127 1567 2160 redditus
1592 2131 1622 2159 et
1648 2131 1835 2170 proventu&
1853 2135 1888 2158 ex
1908 2124 2008 2167 patri-

1265 2181 1386 2215 archali
1414 2179 1657 2224 Ulyssiponensi
1677 2177 1881 2219 occidentali,
1905 2183 1936 2210 et
1961 2187 2009 2210 ar-

1266 2233 1562 2278 chiepiscopalil‘ms
1589 2237 1620 2265 et
1644 2231 1884 2276 episcopalibus
1909 2231 2009 2263 eccle-

1266 2289 1331 2327 siis,
1349 2297 1478 2321 necnon
1494 2285 1703 2328 dignitatibus
1718 2290 1749 2317 et
1763 2283 2008 2317 canonicatibus

1268 2347 1299 2374 et
1324 2339 1532 2383 praebendis,
1551 2349 1587 2372 ac
1604 2337 1845 2371 canonicatibus
1871 2347 1943 2369 cum
1967 2335 2008 2368 di-

1267 2393 1365 2426 midia
1391 2392 1586 2436 praebenda,
1606 2402 1659 2423 seu
1679 2390 1822 2423 dimidiis
1841 2389 2010 2422 canonica-

1269 2447 1353 2479 tibus
1375 2451 1406 2478 et
1424 2444 1566 2478 dimidiis
1592 2443 1788 2487 praebendis
1813 2441 1978 2486 praefatis,
1994 2451 2011 2474 a

1267 2500 1361 2533 nobis
1388 2509 1446 2542 per
1471 2502 1660 2542 praesentes
1685 2502 1720 2530 ut
1744 2496 1928 2540 praefertur
1949 2495 2012 2528 dis-

1269 2553 1463 2586 membratos
1483 2579 1490 2593 ‚
1516 2556 1684 2595 separatos
1710 2556 1742 2583 et
1765 2550 1926 2583 seiunctos
1943 2576 1951 2591 ,
1977 2557 2013 2581 ac

1270 2612 1305 2640 ut
1329 2607 1414 2640 infra
1439 2605 1651 2650 applicandos
1676 2604 1730 2648 (ab
1757 2603 1845 2638 omni
1869 2603 2012 2645 decima,

2158 0 2232 163 'sl

1999 216 2050 243 λη.
2071 216 2099 244 C.
2115 218 2176 248 ¹⁷38

2224 1939 2227 1941 ν
2226 1908 2232 1921 ..
2225 1872 2232 1887 .-
2224 1723 2232 1858 „mum-..-
