2232 3178
252 217 300 243 Αι.
317 216 346 244 C.
371 215 439 242 ¹736

289 2178 329 2199 Pro
345 2183 386 2199 uno
401 2183 432 2198 re-

251 2211 290 2231 gno
328 2204 432 2230 generalis

251 2231 380 2259 praefectus,
394 2237 431 2257 pro

250 2259 292 2279 alio
325 2260 432 2283 vtcvgene-

251 2285 300 2305 ralis
315 2284 432 2310 eligendus.

483 206 546 240 ¹108

446 265 557 294 litteras
580 265 754 304 apostolicas
777 265 806 294 in
830 264 923 293 sormi)⁴
939 263 1041 293 Brevis
1064 267 1180 293 sanctae

447 313 604 343 memoriae
636 313 785 343 Benedicti
817 312 878 341 xm
904 311 958 341 sub
980 311 1078 341 (latum
1101 320 1127 340 ix
1151 321 1181 340 a-

447 362 530 401 prilis
552 371 731 398 muccxxvui,
751 361 878 400 capitulo
903 361 1038 400 praefuit,
1063 360 1091 390 in
1115 360 1182 390 reli-

446 410 541 447 gionis
564 410 724 448 regimine,
749 409 854 439 nedum
878 413 1016 448 tanquam
1042 409 1180 444 vicarius

445 459 532 488 sicuti
555 459 583 488 in
606 458 815 488 constitutione
838 467 902 497 cap.
927 467 967 494 lx,
985 458 998 496 5
1014 458 1031 486 5
1054 457 1183 496 disponi-

446 512 504 544 tur,
525 508 677 537 continuet
699 508 759 536 una
780 515 846 536 cum
869 505 1074 535 assistentibus
1097 515 1183 543 gene-

445 555 555 585 ralibus
578 558 607 585 in
629 555 730 585 eodem
753 555 881 594 capitulo
910 554 1039 593 generali
1071 554 1181 590 electis,

443 605 494 634 sed
517 608 545 633 et
567 604 602 633 ab
625 604 687 642 ipso
709 604 849 643 capitulo,
866 608 1022 642 antequam
1044 603 1183 633 dissolve-

444 658 501 689 tur,
526 657 586 682 tres
608 652 657 682 alii
680 652 811 690 religiosi
835 661 886 691 per
908 656 1021 681 secreta
1044 651 1181 689 suffragia

443 702 601 740 eligantur,
625 702 675 741 qui
697 702 726 731 in
751 702 852 732 eodem
875 706 1021 732 conventu
1044 701 1079 731 de
1109 701 1184 732 Gua-

444 749 548 778 temala
578 752 817 786 commorentur,
849 749 940 778 donec
973 748 1183 787 acceptationis

442 796 527 826 electi
551 796 675 826 nuncius
691 796 869 836 pervenerit.
888 796 917 827 Si
934 800 1029 825 autem
1046 796 1182 826 electioni

442 844 476 873 de
499 854 529 874 se
552 845 644 874 sactae
667 845 721 874 iste
744 854 881 884 expresse
904 845 1114 881 renunciaret,
1139 844 1182 873 vel

442 893 560 922 interim
583 893 758 929 decederet,
782 893 817 922 ad
839 903 944 923 novam
975 894 1115 933 praefecti
1136 902 1184 931 ge-

442 942 549 971 neralis
572 942 744 971 electionem
768 942 940 972 deveniatur
962 951 1027 972 cum
1050 942 1118 972 solis
1137 952 1184 971 vo-

443 990 479 1019 tis
495 991 587 1030 ipsius
604 991 716 1028 vicarii,
734 996 859 1031 quatuor
876 991 1075 1021 assistentium
1098 1000 1184 1029 gene-

442 1039 561 1077 ralium,
577 1040 727 1070 secretarii
740 1040 887 1078 generalis
904 1040 1034 1069 eiusdem
1050 1040 1181 1079 capituli,

443 1092 470 1118 et
503 1088 649 1118 dictorum
683 1089 770 1118 trium
802 1089 1018 1127 religiosorum.
1048 1089 1129 1124 Quod
1158 1089 1182 1118 si

443 1142 512 1166 tunc
534 1147 610 1167 unus
634 1138 678 1167 vel
703 1137 803 1177 plures
825 1147 860 1167 ex
891 1138 1027 1177 praefatis
1050 1138 1182 1167 electori-

442 1185 496 1215 bus
519 1186 595 1216 ultra
619 1191 676 1216 tres
709 1187 802 1216 dietas
832 1187 982 1224 abessent,
1005 1187 1049 1216 vel
1077 1196 1108 1216 se
1130 1187 1183 1216 liu-

442 1235 567 1265 iusmodi
591 1244 712 1265 munere
733 1235 933 1271 abdicassent,
957 1240 1007 1266 aut
1028 1235 1181 1271 abiissent,

443 1283 472 1312 in
495 1283 696 1314 deficientium
719 1283 815 1314 locum
837 1283 987 1323 subrogati
1009 1288 1183 1314 censeantur

442 1331 572 1370 religiosi
594 1332 774 1371 antiqui0res
795 1333 876 1363 iuxta
899 1332 1103 1363 antianitatem
1120 1342 1184 1372 pro-

442 1380 576 1410 fessionis
598 1381 648 1420 qui
672 1385 741 1411 tunc
770 1381 799 1410 in
828 1381 906 1411 dicto
941 1386 1085 1411 conventu
1117 1382 1183 1412 ade-

443 1433 523 1466 runt,
546 1429 607 1459 sive
630 1430 838 1460 conventuales
860 1429 985 1468 suerint,
1009 1430 1070 1460 sive
1092 1430 1183 1460 inter-

443 1478 562 1516 polatim
595 1478 776 1513 residenteS,
799 1479 957 1508 dummodo
992 1478 1105 1508 nullum
1137 1488 1184 1518 pa-

443 1526 552 1556 tiantur
565 1527 736 1557 canonicum
751 1527 1003 1566 impedimentum.
1018 1527 1058 1556 Ita
1076 1527 1185 1566 pariter

442 1575 466 1604 si
489 1575 586 1605 obitus
608 1576 749 1615 praedicti
772 1577 873 1606 vicarii
897 1576 941 1606 vel
963 1577 1114 1606 secretarii
1135 1586 1184 1615 ge—

442 1624 551 1653 neralis
573 1625 724 1662 acciderit,
750 1625 902 1654 memorati
925 1625 1051 1663 vocales,
1075 1634 1185 1655 assum-

443 1672 499 1711 ptis
521 1672 622 1703 eodem
645 1673 731 1703 modo
753 1683 785 1703 ac
815 1673 909 1703 forma
931 1673 1081 1703 vocalibus
1113 1674 1184 1704 desi-

442 1721 588 1751 cientibus
606 1731 621 1751 e
637 1721 721 1751 domo
738 1722 899 1761 praedicta,
917 1731 1024 1752 novum
1042 1722 1183 1752 vicarium

443 1779 611 1809 novumque
641 1770 833 1800 secretarium
865 1770 1033 1808 generalem
1061 1771 1182 1809 eligant,

443 1822 474 1848 ut
495 1827 645 1857 nunquam
669 1818 764 1848 desint
780 1819 893 1848 vocales
916 1827 969 1858 pro
998 1828 1073 1849 novo
1102 1829 1185 1858 prae-

443 1868 517 1897 secto
539 1868 668 1906 generali
691 1868 837 1906 eligendo.
862 1868 1024 1906 Postremo,
1049 1869 1186 1898 evenien-

443 1921 471 1946 te
493 1916 575 1947 obitu
603 1922 652 1947 aut
674 1917 897 1947 renunciatione
926 1917 971 1947 vel
1000 1918 1183 1957 depositione

442 1967 584 2006 praefecti
606 1967 755 2005 generalis
778 1967 955 2007 perdurante
974 1968 1120 1998 novennio
1139 1968 1184 1998 sui

443 2015 614 2053 regiminis,
646 2015 804 2053 diligenter
836 2020 864 2046 et
896 2020 997 2046 exacte
1030 2021 1185 2047 serventur

444 2063 586 2103 disposita
611 2073 661 2103 per
682 2065 845 2095 antedictas
874 2065 988 2095 litteras
1010 2065 1185 2105 apostolicas

444 2117 562 2142 sanctae
585 2114 743 2143 memoriae
766 2113 917 2144 Benedicti
940 2113 1014 2143 XIII.

484 2170 542 2191 xiv.
566 2161 716 2192 Praefecto
738 2163 869 2201 generali
892 2163 922 2192 in
945 2173 1035 2202 regno
1051 2164 1184 2194 Peruano

443 2216 662 2248 commorante,
696 2211 941 2250 vice-praefectus
972 2213 1118 2250 generalis
1149 2213 1185 2243 ab

444 2259 507 2298 ipso
531 2261 590 2289 una
619 2269 685 2289 cum
708 2269 760 2289 suo
791 2260 959 2290 definitorio
982 2270 1016 2290 ex
1039 2261 1185 2299 religiosis

444 2309 527 2346 regni
542 2308 638 2338 Novae
651 2308 820 2348 Hispaniae,
833 2313 862 2339 et
881 2309 1032 2339 viceversa
1046 2310 1076 2339 in
1093 2319 1185 2348 regno

444 2356 540 2387 Novae
564 2357 722 2397 Hispaniae
754 2359 919 2395 residente,
944 2359 1186 2399 vice-praefectus

445 2406 592 2444 generalis
614 2416 649 2437 ex
672 2407 818 2445 religiosis
850 2407 934 2447 regni
966 2408 1111 2445 Peruani,
1135 2409 1185 2448 qui

446 2458 543 2484 tamen
566 2465 624 2485 non
648 2455 707 2485 siut
737 2455 895 2495 praefecti,
921 2465 973 2495 per
995 2461 1106 2486 secreta
1129 2457 1187 2486 sus-

447 2504 537 2542 fragia
569 2504 739 2544 eligantur,
774 2504 881 2544 quibus
913 2514 980 2535 suas
1012 2506 1075 2545 ipse
1109 2506 1186 2536 vices

447 2552 629 2582 committere
661 2553 782 2593 debeat,
806 2558 891 2593 prout
912 2554 943 2584 in
967 2554 1186 2584 constitutionis

448 2609 511 2640 cap.
537 2609 576 2640 ix,
599 2601 613 2641 ἓ
635 2602 653 2631 9
681 2602 835 2639 statuitur,
866 2607 954 2643 atque
980 2603 1010 2634 in
1042 2603 1119 2633 dicta
1141 2603 1186 2634 iu-

1023 214 1208 239 RULLARIUM
1232 213 1390 238 ROMANUM

1973 212 2025 240 An.
2041 211 2070 240 C.
2089 213 2158 241 1736

1224 262 1395 292 risdictione
1428 271 1485 291 non
1519 262 1643 302 amplius
1675 262 1759 292 duret
1794 271 1881 302 quam
1915 270 1967 301 per

1224 311 1450 350 quadriennium
1473 320 1539 341 cum
1563 311 1681 341 dimidia
1705 312 1773 341 anni
1799 315 1880 350 parte
1904 315 1966 340 tan-

1225 363 1285 388 tum
1308 369 1321 388 a
1346 360 1392 389 die
1415 364 1516 398 captae
1538 359 1573 389 ab
1607 369 1641 389 eo
1670 360 1861 398 possessionis
1890 369 1967 389 com-

1227 407 1406 446 putandum,
1430 417 1483 437 nec
1514 408 1542 437 in
1572 408 1674 437 eodem
1704 408 1800 437 officio
1823 417 1874 447 pro
1897 417 1968 447 qua-

1225 455 1363 485 driennio
1380 456 1547 485 immediate
1563 456 1699 494 sequenti
1714 456 1880 486 confirmari
1896 466 1968 495 quo-

1225 513 1283 542 quo
1306 504 1390 533 modo
1424 504 1534 542 possit3
1569 504 1765 542 quadrienni0
1799 509 1896 534 autem
1935 508 1968 534 ut

1226 562 1314 592 supra
1338 562 1403 582 cum
1428 553 1548 582 dimidio
1571 553 1641 582 anni
1663 553 1777 591 integre
1794 553 1922 592 expleto,
1942 553 1967 583 si

1226 602 1384 639 contigerit
1406 602 1495 631 alium
1513 602 1541 631 in
1559 611 1661 640 regno,
1686 602 1735 631 ubi
1750 603 1895 640 generalis
1909 612 1967 632 non

1226 651 1347 687 residet,
1373 650 1632 690 vice<praesectum
1648 652 1825 689 generalem,
1839 653 1888 691 qui
1904 651 1968 681 eius

1228 699 1305 728 vices
1328 699 1502 736 substineat,
1518 708 1574 729 non
1592 700 1682 729 fuisse
1698 699 1890 738 destinatum,
1907 700 1968 730 sive

1227 752 1346 786 propter
1368 757 1458 777 novae
1481 748 1634 778 electionis
1649 748 1831 787 dilationem,
1855 749 1916 779 sive
1932 748 1968 778 ob

1226 796 1310 826 electi
1333 797 1505 832 decessum,
1529 797 1599 826 illuc
1629 797 1726 827 debito
1758 801 1889 837 tempore
1910 807 1968 827 non

1227 845 1406 884 pervenisse,
1431 849 1500 875 tunc
1522 855 1573 884 pro
1588 846 1706 875 interim
1725 850 1863 880 assumat,
1887 846 1970 876 dicti-

1226 903 1282 931 que
1298 894 1456 931 generalis,
1474 894 1598 923 durante
1616 895 1801 933 necessitate,
1821 895 1898 924 vices
1918 904 1968 924 ex-

1226 947 1323 971 erceat
1357 943 1520 981 praefectus
1554 952 1605 981 pro
1639 947 1771 982 tempore
1805 948 1968 974 conventus

1227 992 1257 1019 S.
1282 990 1431 1020 Francisci
1454 991 1570 1021 Xaverii
1600 992 1727 1022 civitatis
1752 992 1918 1022 lllexicanae
1940 996 1969 1022 et

1226 1039 1389 1077 respective
1412 1041 1447 1068 B.
1465 1039 1573 1069 Mariae
1595 1040 1724 1078 Virginis
1739 1040 1774 1070 de
1789 1040 1884 1070 Monte
1901 1040 1969 1071 Car-

1227 1088 1301 1117 melo
1319 1088 1446 1118 civitatis
1462 1088 1578 1125 Limae;
1595 1094 1635 1127 et,
1652 1089 1675 1118 si
1692 1090 1856 1128 praefectus
1872 1094 1904 1120 ut
1919 1100 1969 1120 su-

1227 1146 1278 1175 pra
1300 1136 1475 1175 subrogatus
1491 1137 1610 1167 interim
1627 1147 1744 1177 quoque
1760 1139 1881 1178 periret,
1898 1145 1969 1169 tunc

1226 1185 1256 1215 in
1279 1185 1376 1215 officio
1391 1186 1615 1224 vice-generalis
1632 1187 1833 1218 dessnitorium
1850 1188 1970 1228 provin-

1224 1234 1286 1264 ciae
1306 1234 1460 1264 suffectum
1483 1244 1546 1265 esse
1564 1241 1728 1266 censeatur.

1266 1292 1312 1313 xv.
1339 1283 1585 1322 Vice-generales,
1609 1285 1658 1323 qui
1682 1285 1850 1316 huiusmodi
1872 1286 1969 1317 officio

1225 1381 1360 1411 brabitur
1382 1386 1539 1420 exercent,
1564 1383 1609 1412 vel
1641 1383 1716 1412 intra
1740 1384 1968 1422 quadriennium
1979 1384 2161 1431 ffleffilgffifflst

1226 1430 1271 1460 sui
1293 1431 1381 1460 officii
1403 1431 1575 1470 aliquandiu
1594 1437 1804 1470 exercuerunt,
1822 1433 1850 1462 in
1868 1433 1968 1463 eodem

1226 1478 1399 1517 suffragium
1423 1479 1561 1515 habeant,
1586 1481 1722 1519 quamvis
1746 1481 1889 1510 alteruter
1924 1481 1969 1511 vel

1227 1533 1370 1567 uterque,
1394 1528 1430 1558 ob
1453 1529 1608 1565 annalem,
1633 1529 1677 1559 vel
1705 1529 1892 1568 biennalem,
1917 1534 1968 1560 aut

1227 1576 1312 1606 aliam
1347 1576 1487 1606 maiorem
1521 1577 1713 1606 residentiam
1736 1582 1765 1607 et
1787 1587 1897 1608 moram
1920 1588 1969 1617 ge-

1226 1625 1334 1655 neralis
1356 1625 1386 1654 in
1409 1625 1555 1655 alterutro
1578 1627 1743 1664 respective
1765 1636 1866 1665 regno,
1884 1627 1920 1657 ab
1936 1628 1970 1657 il-

1227 1674 1284 1704 lius
1299 1674 1450 1712 exercitio,
1468 1674 1714 1713 quemadmodum
1729 1674 1846 1705 Ordinis
1863 1676 1970 1706 consti-

1227 1724 1301 1754 tutio
1324 1733 1387 1763 cap.
1413 1732 1440 1753 ix
1462 1723 1476 1762 ἓ
1499 1723 1516 1753 9
1539 1724 1669 1763 disponit
1684 1749 1691 1762 ‚
1715 1725 1872 1755 destiterit.
1893 1724 1970 1761 Quo-

1214 1774 1281 1803 ·ties
1303 1777 1401 1803 autem
1424 1773 1646 1811 vice-generalis
1667 1773 1756 1803 unius
1778 1774 1823 1804 vel
1847 1774 1969 1805 alterius

1227 1822 1310 1860 regni
1341 1821 1391 1852 ubi
1422 1822 1567 1860 generalis
1599 1831 1658 1852 non
1684 1822 1795 1852 residet
1817 1822 1852 1852 ob
1874 1823 1971 1862 legiti-

1228 1880 1303 1901 mam
1337 1880 1453 1901 causam
1487 1870 1588 1900 abesse
1611 1871 1772 1909 contingat,
1796 1881 1832 1901 ne
1854 1872 1967 1911 religio,

1227 1920 1353 1950 durante
1377 1919 1548 1949 huiusmodi
1580 1919 1736 1957 absentia,
1763 1925 1861 1950 careat
1884 1930 1971 1961 supe-

1227 1970 1316 2005 riore,
1339 1969 1495 2009 deputetur
1519 1978 1570 2008 per
1593 1969 1759 2007 generalem
1782 1969 1904 2010 eiusque
1922 1970 1970 2001 de-

1228 2019 1388 2049 finitorium
1424 2019 1488 2048 loco
1526 2019 1596 2048 dicti
1631 2020 1856 2057 vice-generalis
1893 2020 1968 2051 alius

1226 2068 1384 2107 religiosus
1406 2068 1457 2107 qui
1481 2077 1531 2107 pro
1554 2068 1671 2098 interim
1687 2068 1829 2106 gubernio
1846 2078 1878 2098 ac
1893 2069 1971 2108 regi-

1228 2118 1300 2148 mini
1323 2117 1487 2148 incumbat.
1508 2117 1542 2147 Et
1565 2117 1589 2147 si
1612 2117 1727 2147 litterae
1751 2122 1886 2157 patentes
1902 2127 1971 2148 con-

1227 2177 1300 2206 gruo
1335 2172 1467 2204 tempore
1502 2171 1569 2196 ante
1604 2166 1684 2196 illius
1716 2167 1875 2197 discessum
1909 2177 1968 2197 non

1228 2214 1443 2255 pervenissent,
1465 2215 1642 2254 gubernium
1665 2215 1702 2244 sit
1726 2223 1814 2253 penes
1836 2215 1967 2245 eiusdem

1228 2263 1311 2301 regni
1333 2273 1385 2293 seu
1408 2263 1574 2302 provinciae
1596 2263 1807 2293 definitorium.

1269 2320 1326 2341 xvi.
1350 2311 1544 2351 Imposterum
1566 2312 1601 2341 ad
1623 2312 1789 2350 generalem
1818 2312 1847 2342 in
1876 2321 1967 2351 regno
2006 2327 2162 2354 Aiiquomspa-

1228 2360 1278 2390 ubi
1300 2361 1427 2399 residet,
1451 2361 1481 2391 in
1503 2361 1596 2390 altero
1619 2370 1686 2391 vero
1713 2361 1748 2390 ad
1771 2361 1968 2400 vice-genera-
1979 2353 2162 2402 ffisssssfffssssuffiffij

1228 2410 1284 2439 lem
1303 2410 1446 2449 privative
1462 2414 1574 2450 spectet
1589 2410 1793 2448 religiosorum
1810 2406 2038 2440 numerum¹³¹¹⁰=

1228 2468 1336 2497 augere
1352 2458 1397 2488 vel
1411 2459 1600 2497 imminuere,
1618 2468 1667 2488 eos
1685 2463 1798 2488 mutare
1820 2468 1854 2488 ac
1873 2463 1967 2489 trans-

1228 2507 1305 2537 ferre
1327 2507 1362 2537 de
1385 2517 1443 2537 uno
1472 2507 1507 2538 ad
1537 2508 1659 2537 alterum
1694 2507 1852 2549 hospitale,
1885 2507 1967 2537 quta

1228 2557 1478 2595 opportunitatem
1514 2566 1565 2587 seu
1601 2556 1806 2587 necessitatem
1842 2565 1968 2586 conven-

1230 2608 1311 2635 tuum
1334 2609 1424 2645 atque
1454 2605 1603 2636 locorum:
1628 2605 1663 2636 ad
1690 2605 1769 2645 ipsos
1791 2604 1878 2635 etiam
1901 2613 1966 2645 per-

2006 1305 2056 1328 Ouis
2078 1305 2164 1331 provin-

1225 1342 1259 1362 eo
1282 1337 1413 1372 tempore
1446 1343 1503 1372 quo
1531 1334 1691 1372 capitulum
1724 1335 1861 1373 generale
1894 1331 2164 1382 celeffifflst‘ssssffssffi
