2232 3178
276 226 323 252 An.
341 226 370 252 c.
396 225 462 252 ¹738
507 215 571 249 320

295 394 375 413 (laus-aa
391 400 426 413 not
433 399 457 413 ao

277 420 387 439 faciundas
410 426 456 440 cun·

276 448 384 466 cessionis.

305 1080 417 1100 Concessio
434 1079 459 1098 do

278 1113 320 1133 qua
336 1113 355 1126 in
367 1106 459 1127 rubrica.

468 285 506 307 xv
532 275 684 307 kalendas
719 273 818 312 iunii,
844 271 1051 315 pontificatus
1080 272 1127 304 sui
1154 282 1207 304 an-

469 339 509 361 no
535 337 554 366 1,
580 327 709 371 plenius
735 325 929 358 continetur.

512 380 583 424 3⁶2.
622 379 698 412 Cum
736 382 857 418 autem,
897 378 979 411 sicut
1015 378 1209 421 accepimus,

469 432 626 476 praedicti
655 433 795 471 l'ructus,
822 436 857 463 ut
892 431 1075 474 praefertur
1108 431 1211 474 appli-

470 486 544 525 cati,
563 484 753 527 congruenti
774 495 809 516 ac
827 484 1025 517 honorificae
1052 494 1109 527 pro
1137 490 1211 516 tcm-

469 550 550 582 porc
576 538 784 571 existentium
804 538 996 579 dignitatum
1022 548 1057 570 ac
1077 537 1210 570 canoni-

469 603 580 624 corum
618 591 823 634 aliorumque
849 591 1072 624 ministrorum
1102 591 1209 624 eidem

468 644 676 688 patriarchali
693 644 936 688 Ulyssiponensi
956 645 1149 678 occidentali
1165 655 1211 677 ec-

468 698 585 731 clcsiae
618 698 865 731 inservientium
899 698 1147 732 substentationi
1181 704 1212 730 et

469 751 601 791 decori,
629 762 832 795 onerumque
870 751 975 784 eidem
1005 750 1210 794 patriarchali

470 804 628 837 ecclesiae
654 804 901 847 Ulyssiponensi
936 804 1129 837 occidentali
1164 806 1209 838 in-

470 857 690 889 cumbentium
718 857 959 900 supportationi
980 856 1118 899 impares
1140 867 1210 890 esse

471 911 715 953 dignoscantur,
747 910 1000 953 earumdemque
1028 910 1210 943 litterarum

471 962 722 1006 apostolicarum
750 962 896 995 executio
923 971 1079 1005 suspensa
1101 962 1213 995 extite-

470 1016 521 1057 rit,
549 1021 580 1049 et
606 1016 710 1048 adhuc
732 1016 845 1048 existat
868 1017 905 1049 de
930 1016 1093 1059 praesenti
1115 1027 1122 1048 z

515 1068 584 1112 §3
623 1068 684 1101 Nos
718 1068 833 1111 igitur,
872 1069 926 1111 qui
962 1068 1212 1111 patriarchalem

472 1123 641 1156 ecclesiam
668 1121 951 1165 Ulyssiponensem
978 1121 1213 1155 occidentalem

472 1177 649 1219 praefatam
670 1176 738 1218 pari
768 1181 969 1219 paternoque
988 1175 1215 1219 prosequimur

473 1229 599 1270 affectu,
619 1230 722 1271 probe
740 1228 880 1261 scientes
906 1229 959 1271 pia
985 1229 1141 1271 praedicti
1164 1229 1213 1261 lo-

474 1284 567 1315 annis
593 1282 675 1325 regis
707 1292 782 1323 erga
808 1281 908 1315 divini
935 1282 1039 1314 cultus
1064 1281 1097 1314 in
1123 1292 1216 1325 prae-

475 1336 559 1369 dicta
579 1334 787 1378 patriarchali
814 1335 951 1368 ecclesia
972 1334 1214 1378 Ulyssiponeusi

475 1389 667 1423 occidentali
686 1394 891 1431 augmentum
911 1388 1044 1432 eiusque
1064 1389 1214 1422 decorem

476 1443 653 1482 desideria,
679 1447 709 1475 et
734 1453 773 1474 ne
792 1442 914 1474 diutius
934 1442 1002 1485 ipsa
1020 1443 1213 1476 convenien-

476 1496 562 1528 tibus
587 1505 661 1528 suae
687 1495 832 1537 dignitati
858 1505 1058 1537 onerumque
1084 1495 1123 1528 ab
1144 1496 1215 1538 ipsa

476 1549 765 1582 substinendorum
803 1548 1044 1591 supportationi
1081 1559 1116 1581 ac
1146 1560 1217 1582 con-

476 1602 564 1645 gruis
597 1602 625 1635 ei
663 1602 887 1634 famulantium
922 1603 1158 1636 manutentioni
1185 1609 1216 1636 et

475 1655 747 1689 honorificentiae
773 1656 887 1688 orbata
916 1662 1082 1689 remaneat
1113 1656 1217 1689 subsi-

477 1710 561 1748 diis,
609 1709 743 1741 dilectos
780 1708 862 1741 filios
899 1708 1074 1742 modernos
1111 1709 1216 1742 dictae

476 1763 700 1807 patriarchalis
722 1762 876 1796 ecclesiae
891 1762 1151 1806 Ulyssiponensis
1165 1773 1217 1796 oc-

476 1815 648 1850 cidentalis
682 1815 855 1857 dignitates
893 1821 925 1848 et
961 1816 1154 1856 canonicos,
1181 1827 1217 1849 ac

477 1880 589 1903 eorum
625 1868 822 1912 quemlibet,
847 1879 863 1901 a
889 1868 1056 1911 quibusvis
1082 1879 1217 1912 suspen-

476 1922 576 1956 sionis
602 1927 634 1955 et
659 1921 834 1961 interdicti,
860 1921 997 1965 aliisque
1023 1923 1217 1956 ecclesiasti-

477 1977 522 2009 cis
543 1975 726 2015 sententiis,
747 1975 892 2008 censuris
911 1980 941 2008 et
958 1975 1083 2019 poenis,
1105 1986 1121 2008 a
1147 1976 1216 2010 iure

476 2031 524 2063 vel
563 2029 602 2062 ab
639 2028 791 2068 homine,
826 2028 937 2071 quavis
974 2029 1140 2062 occasione
1166 2031 1216 2063 vel

477 2083 572 2116 causei
597 2082 677 2121 latis,
704 2082 729 2114 si
756 2081 875 2125 quibus
900 2082 1147 2124 quomodolibet
1171 2082 1217 2115 in-

478 2135 588 2169 nodati
604 2135 756 2175 existunt,
780 2135 817 2167 ad
833 2134 979 2168 effectum
995 2135 1216 2178 praesentium

478 2193 601 2221 tantum
628 2187 904 2231 consequendum,
923 2187 1035 2220 harum
1053 2188 1137 2220 serie
1163 2189 1217 2220 ab-

477 2242 640 2275 solventes
674 2245 706 2273 et
742 2240 906 2273 absolutos
932 2241 1001 2273 sore
1027 2246 1216 2281 censentes,

477 2305 604 2328 necnon
630 2293 764 2337 praefati
791 2293 963 2327 Clementis
989 2295 1217 2337 praedecesso-

478 2349 521 2381 ris
546 2349 672 2381 litteras
699 2348 738 2380 ab
757 2348 948 2380 Innocentio
966 2348 1216 2391 praedecessore

477 2401 644 2445 praedicto
669 2401 700 2433 in
723 2401 808 2434 dicta
832 2401 933 2434 forma
958 2401 1141 2444 expeditas,
1167 2411 1218 2434 ea-

477 2465 615 2498 rumque
656 2459 757 2487 totum
798 2459 830 2487 et
868 2453 1031 2496 integrum
1071 2460 1218 2488 tenorem

478 2507 703 2551 praesentibus
725 2518 784 2551 pro
809 2507 968 2551 expressis
993 2518 1029 2540 ac
1054 2507 1093 2540 de
1118 2509 1217 2541 verbo

478 2562 517 2595 ad
543 2561 676 2595 verbum
702 2571 761 2604 pro
788 2561 919 2594 insertis
945 2561 1118 2602 habentes,
1145 2571 1215 2594 eas-

480 2625 542 2659 que
560 2625 596 2648 ac
613 2614 722 2647 onmia
740 2619 771 2648 et
789 2614 914 2657 singula
932 2613 966 2647 in
984 2614 1030 2648 eis
1056 2618 1216 2657 contenta,

1048 223 1231 247 BULLARIUM
1258 222 1413 248 ROMANUM

1254 271 1313 304 nisi
1340 277 1497 315 quatenus
1523 273 1746 316 praesentibus
1767 273 1990 314 adversentur,

1253 326 1493 368 approbanteS,
1519 325 1746 359 confirmantes
1781 331 1812 359 et
1837 327 1992 360 innovan-

1255 383 1309 417 tes,
1329 383 1368 417 et,
1388 378 1414 410 si
1440 377 1493 421 qui
1520 378 1660 421 desuper
1685 379 1828 412 desectus
1855 391 1992 423 quomo-

1255 430 1378 464 dolibet
1399 431 1649 471 intervenerint,
1668 432 1883 465 revalidantes
1897 460 1904 473 ‚
1925 444 1992 467 mo-

1256 490 1286 516 tu
1313 484 1426 525 simili,
1453 495 1518 518 non
1544 485 1583 518 ad
1608 485 1744 518 alicuius
1776 486 1871 519 nobis
1896 497 1993 531 super

1255 537 1316 570 hoc
1352 538 1478 570 oblatae
1511 538 1679 581 petitionis
1717 539 1911 580 instantiam,
1937 541 1993 574 sed

1255 601 1292 623 ex
1310 593 1395 623 certa
1412 591 1547 624 scientia
1571 602 1606 624 ac
1632 594 1754 624 matura
1783 593 1992 626 deliberatio—

1255 653 1295 676 ne
1321 643 1447 683 nostris,
1468 645 1571 687 deque
1589 645 1658 687 pari
1678 645 1873 688 apostolicae
1903 651 1995 689 pote-

1256 697 1344 729 statis
1365 696 1576 739 plenitudine,
1594 702 1715 731 attento
1735 709 1893 731 consensu
1918 699 1994 732 dicti

1256 749 1381 782 loannis
1407 750 1493 792 regis
1519 750 1559 782 ad
1584 750 1670 783 hunc
1696 750 1855 790 ellectum,
1884 756 1920 783 ut
1943 762 1995 784 ae-

1255 803 1410 846 cepimus,
1438 803 1499 836 iam
1525 804 1702 847 praestito,
1736 815 1753 837 a
1785 805 1992 847 patriarchali

1257 856 1499 899 Ulyssiponensi
1526 857 1740 896 occidentali,
1765 867 1801 889 ac
1835 857 1997 901 archiepi-

1257 909 1442 951 scopalibus
1470 914 1501 941 et
1527 909 1770 952 episcopalibus
1795 909 1941 942 ecclesiis
1963 909 1996 942 in

1259 961 1473 1003 Portugalliae
1500 967 1532 994 et
1549 962 1775 1004 Algarbiorum
1794 962 1903 1004 regnis
1932 961 1996 994 exi-

1258 1014 1416 1046 stentibus
1436 1014 1623 1057 praedietis,
1642 1015 1693 1047 ac¹
1713 1025 1848 1058 quarum
1868 1014 1996 1047 insimul

1259 1067 1394 1108 fruetus,
1412 1068 1557 1100 redditus
1577 1074 1608 1101 et
1624 1073 1800 1111 proventus
1815 1068 1852 1101 ad
1869 1073 1997 1101 centum

1260 1120 1388 1163 triginta
1406 1121 1486 1154 duos
1506 1121 1594 1154 mille
1613 1121 1807 1164 quingentos
1824 1120 1998 1163 sexaginta-

1259 1185 1311 1208 sex
1339 1174 1473 1207 ducatos
1499 1174 1569 1207 auri
1594 1185 1707 1217 pares,
1734 1180 1767 1206 ut
1793 1175 1887 1207 etiam
1912 1185 1998 1209 acce-

1260 1228 1374 1271 pimus,
1401 1228 1566 1260 annuatim
1588 1229 1776 1268 ascendunt,
1793 1238 1829 1260 ex
1848 1228 1997 1262 omnihus

1260 1288 1290 1316 et
1315 1283 1448 1325 singulis
1475 1293 1584 1316 earum
1616 1281 1797 1325 respective
1830 1283 1998 1324 fructibus,

1261 1336 1442 1369 redditibus
1480 1340 1512 1368 et
1542 1335 1756 1378 proventibus
1780 1337 1995 1378 naturalibus,

1260 1389 1505 1422 industrialibus
1531 1394 1563 1421 et
1587 1389 1741 1429 civilibus,
1767 1400 1802 1422 ex
1836 1390 1997 1431 censibus,

1261 1442 1440 1482 laudemus,
1455 1441 1753 1475 contributionibus
1770 1442 1999 1485 praedialibus,

1261 1498 1354 1538 vulgo
1377 1496 1547 1538 pilancas,
1574 1495 1712 1538 aliisque
1738 1495 1998 1538 obventionibus,

1261 1560 1387 1583 necnon
1413 1560 1449 1582 ex
1482 1549 1705 1582 iurisdictione
1743 1549 1838 1582 etiam
1879 1555 2002 1594 tempo-

1261 1603 1318 1635 rali
1350 1608 1381 1636 et
1413 1613 1449 1636 ex
1482 1602 1691 1636 cancellariae
1721 1613 1756 1635 ac
1780 1604 1999 1636 luctuosarum

1261 1656 1473 1700 proventibus
1504 1655 1786 1699 provenientibus,
1821 1657 2000 1701 ceterisque

1261 1709 1489 1742 emolumentis
1516 1708 1773 1752 quibuscumque
1799 1709 1837 1741 ad
1862 1710 2001 1753 patriar-

1260 1763 1384 1795 chalem
1403 1761 1686 1805 Ulyssiponensem
1707 1761 1942 1795 occidentalem
1964 1773 2001 1796 ac

1261 1815 1555 1858 archiepiscopales
1573 1819 1604 1847 et
1621 1814 1823 1857 episcopales
1848 1815 2001 1849 ecelesias

1260 1868 1440 1912 praedictas
1457 1878 1663 1911 quocomque
1683 1867 1787 1907 titulo,
1803 1868 1898 1901 etiam
1913 1869 2003 1903 unio-

1260 1922 1328 1961 nis,
1365 1921 1566 1960 donationis‚
1593 1921 1777 1953 contractus
1803 1921 2002 1964 cuiuslibet,

1261 1974 1355 2008 etiam
1381 1974 1526 2014 onerosi,
1551 1979 1605 2006 aut
1635 1973 1749 2015 legati,
1771 1973 1865 2006 etiam
1890 1985 2002 2018 perso-

1261 2027 1342 2060 nalis
1368 2026 1561 2070 nuncupati,
1588 2027 1638 2059 vel
1674 2026 1735 2060 alia
1772 2027 1881 2070 quavis
1908 2030 2003 2062 causa

1260 2092 1316 2114 seu
1342 2081 1434 2119 iure,
1461 2090 1547 2112 nunc
1573 2086 1603 2112 et
1628 2090 1687 2122 pro
1715 2085 1879 2123 tempore,
1906 2081 2002 2115 etiam

1261 2135 1299 2167 de
1324 2145 1406 2167 novo
1433 2133 1464 2165 in
1491 2134 1633 2166 futurum
1660 2134 1839 2176 respective
1858 2139 2003 2177 spectan-

1262 2187 1357 2226 tibus,
1383 2186 1455 2219 loco
1482 2192 1614 2229 quartae
1640 2186 1740 2228 partis
1767 2197 1877 2219 earum
1903 2187 2003 2220 cuius·

1261 2240 1340 2272 libet
1363 2240 1543 2282 respective
1568 2240 1738 2279 fructuum,
1761 2240 1947 2273 reddituum
1972 2234 2013 2274 etv

1260 2298 1476 2336 proventuum
1502 2303 1518 2325 a
1543 2292 1709 2336 praedicto
1726 2292 1889 2325 Clemente
1915 2304 2004 2337 prae-

1261 2347 1432 2380 decessore
1457 2346 1496 2379 ab
1518 2346 1563 2379 eis
1588 2346 1770 2389 respective
1790 2345 2003 2380 dismembra-

1263 2405 1323 2440 tae,
1352 2399 1563 2442 eiusdemque
1589 2398 1812 2442 patriarchalis
1844 2399 2002 2433 ecclesiae

1260 2453 1526 2497 Ulyssiponensis
1555 2452 1766 2486 occidentalis
1791 2452 2003 2495 dignitatibus

1261 2517 1296 2539 ac
1317 2506 1561 2540 canonicatibus
1588 2511 1619 2539 et
1638 2506 1836 2549 praebendis
1861 2506 2004 2550 applica-

1262 2564 1323 2600 tae,
1350 2559 1483 2593 insimul
1509 2559 1548 2592 ad
1574 2559 1703 2602 triginta
1729 2563 1792 2592 tres
1817 2559 1905 2593 mille
1929 2569 2004 2593 cen-

1297 2624 1309 2650 1
1331 2622 1472 2651 Coniunct.
1489 2630 1521 2651 ac
1534 2621 1619 2650 deleri
1634 2621 1777 2650 commode
1796 2624 1890 2658 posset
1909 2621 2001 2657 (mn).
