<?xml version="1.0" encoding="UTF-8"?>
<!DOCTYPE html PUBLIC "-//W3C//DTD XHTML 1.0 Transitional//EN"
    "http://www.w3.org/TR/xhtml1/DTD/xhtml1-transitional.dtd">
<html xmlns="http://www.w3.org/1999/xhtml" xml:lang="en" lang="en">
 <head>
  <title>
</title>
<meta http-equiv="Content-Type" content="text/html;charset=utf-8" />
  <meta name='ocr-system' content='tesseract 3.04.00' />
  <meta name='ocr-capabilities' content='ocr_page ocr_carea ocr_par ocr_line ocrx_word'/>
</head>
<body>
  <div class='ocr_page' id='page_1' title='image "./bullarumdiplomat24cath_0474.png"; bbox 0 0 2232 3178; ppageno 0'>
   <div class='ocr_carea' id='block_1_1' title="bbox 301 260 595 297">
    <p class='ocr_par' dir='ltr' id='par_1_1' title="bbox 301 260 595 297">
     <span class='ocr_line' id='line_1_1' title="bbox 301 260 595 297; baseline -0.01 -1"><span class='ocrx_word' id='word_1_1' title='bbox 301 269 349 297; x_wconf 73' lang='lat' dir='ltr'>An.</span> <span class='ocrx_word' id='word_1_2' title='bbox 367 270 393 296; x_wconf 83' lang='lat' dir='ltr'>c.</span> <span class='ocrx_word' id='word_1_3' title='bbox 417 269 484 297; x_wconf 79' lang='lat'>1738</span> <span class='ocrx_word' id='word_1_4' title='bbox 530 260 595 294; x_wconf 71' lang='lat'>440</span> 
     </span>
    </p>
   </div>
   <div class='ocr_carea' id='block_1_2' title="bbox 489 314 1233 2601">
    <p class='ocr_par' dir='ltr' id='par_1_2' title="bbox 490 314 1232 599">
     <span class='ocr_line' id='line_1_2' title="bbox 491 314 1230 358; baseline -0.008 -8"><span class='ocrx_word' id='word_1_5' title='bbox 491 320 562 358; x_wconf 92' lang='lat' dir='ltr'>tulo,</span> <span class='ocrx_word' id='word_1_6' title='bbox 584 318 661 358; x_wconf 90' lang='lat' dir='ltr'>quod</span> <span class='ocrx_word' id='word_1_7' title='bbox 684 326 734 358; x_wconf 89' lang='lat' dir='ltr'>per</span> <span class='ocrx_word' id='word_1_8' title='bbox 756 321 867 348; x_wconf 88' lang='lat' dir='ltr'>secreta</span> <span class='ocrx_word' id='word_1_9' title='bbox 889 315 1028 355; x_wconf 79' lang='lat' dir='ltr'>suffragia</span> <span class='ocrx_word' id='word_1_10' title='bbox 1049 314 1230 346; x_wconf 88' lang='lat' dir='ltr'>determina-</span> 
     </span>
     <span class='ocr_line' id='line_1_3' title="bbox 490 363 1231 407; baseline -0.007 -9"><span class='ocrx_word' id='word_1_11' title='bbox 490 369 550 405; x_wconf 87' lang='lat' dir='ltr'>bit)</span> <span class='ocrx_word' id='word_1_12' title='bbox 573 375 689 407; x_wconf 81' lang='lat' dir='ltr'>semper</span> <span class='ocrx_word' id='word_1_13' title='bbox 711 366 818 396; x_wconf 79' lang='lat' dir='ltr'>erunt²</span> <span class='ocrx_word' id='word_1_14' title='bbox 838 374 954 405; x_wconf 79' lang='lat' dir='ltr'>praeses</span> <span class='ocrx_word' id='word_1_15' title='bbox 982 364 1102 404; x_wconf 86' lang='lat' dir='ltr'>capituli</span> <span class='ocrx_word' id='word_1_16' title='bbox 1124 367 1152 393; x_wconf 90' lang='lat' dir='ltr'>et</span> <span class='ocrx_word' id='word_1_17' title='bbox 1174 363 1231 394; x_wconf 88' lang='lat' dir='ltr'>duo</span> 
     </span>
     <span class='ocr_line' id='line_1_4' title="bbox 490 411 1231 446; baseline -0.007 -1"><span class='ocrx_word' id='word_1_18' title='bbox 490 415 656 446; x_wconf 77' lang='lat' dir='ltr'>immediate</span> <span class='ocrx_word' id='word_1_19' title='bbox 680 414 813 444; x_wconf 77' lang='lat' dir='ltr'>sedentes</span> <span class='ocrx_word' id='word_1_20' title='bbox 836 414 869 444; x_wconf 84' lang='lat' dir='ltr'>ad</span> <span class='ocrx_word' id='word_1_21' title='bbox 892 413 1043 443; x_wconf 86' lang='lat' dir='ltr'>dexteram</span> <span class='ocrx_word' id='word_1_22' title='bbox 1071 416 1100 442; x_wconf 90' lang='lat' dir='ltr'>et</span> <span class='ocrx_word' id='word_1_23' title='bbox 1130 411 1164 441; x_wconf 87' lang='lat' dir='ltr'>ad</span> <span class='ocrx_word' id='word_1_24' title='bbox 1194 411 1231 441; x_wconf 85' lang='lat' dir='ltr'>si-</span> 
     </span>
     <span class='ocr_line' id='line_1_5' title="bbox 491 463 1232 503; baseline -0.008 -8"><span class='ocrx_word' id='word_1_25' title='bbox 491 465 613 495; x_wconf 88' lang='lat' dir='ltr'>nistram</span> <span class='ocrx_word' id='word_1_26' title='bbox 638 464 735 500; x_wconf 65' lang='lat' dir='ltr'>illius,</span> <span class='ocrx_word' id='word_1_27' title='bbox 759 464 809 502; x_wconf 90' lang='lat' dir='ltr'>qui</span> <span class='ocrx_word' id='word_1_28' title='bbox 832 463 949 503; x_wconf 91' lang='lat' dir='ltr'>quidem</span> <span class='ocrx_word' id='word_1_29' title='bbox 971 465 1150 492; x_wconf 81' lang='lat' dir='ltr'>scrutatores</span> <span class='ocrx_word' id='word_1_30' title='bbox 1173 464 1232 490; x_wconf 88' lang='lat' dir='ltr'>sta—</span> 
     </span>
     <span class='ocr_line' id='line_1_6' title="bbox 492 508 1229 551; baseline -0.005 -9"><span class='ocrx_word' id='word_1_31' title='bbox 492 514 541 543; x_wconf 90' lang='lat' dir='ltr'>tim</span> <span class='ocrx_word' id='word_1_32' title='bbox 559 512 666 542; x_wconf 83' lang='lat' dir='ltr'>faciant</span> <span class='ocrx_word' id='word_1_33' title='bbox 681 520 779 541; x_wconf 89' lang='lat' dir='ltr'>coram</span> <span class='ocrx_word' id='word_1_34' title='bbox 796 511 926 551; x_wconf 88' lang='lat' dir='ltr'>capitulo</span> <span class='ocrx_word' id='word_1_35' title='bbox 945 511 1142 540; x_wconf 88' lang='lat' dir='ltr'>iuramentum</span> <span class='ocrx_word' id='word_1_36' title='bbox 1159 508 1229 538; x_wconf 84' lang='lat' dir='ltr'>lide-</span> 
     </span>
     <span class='ocr_line' id='line_1_7' title="bbox 491 559 1069 599; baseline -0.003 -9"><span class='ocrx_word' id='word_1_37' title='bbox 491 561 581 591; x_wconf 80' lang='lat' dir='ltr'>litatis</span> <span class='ocrx_word' id='word_1_38' title='bbox 605 565 632 590; x_wconf 91' lang='lat' dir='ltr'>et</span> <span class='ocrx_word' id='word_1_39' title='bbox 655 560 776 597; x_wconf 85' lang='lat' dir='ltr'>secreti,</span> <span class='ocrx_word' id='word_1_40' title='bbox 800 559 935 599; x_wconf 86' lang='lat' dir='ltr'>sequenti</span> <span class='ocrx_word' id='word_1_41' title='bbox 957 560 1069 589; x_wconf 69' lang='lat' dir='ltr'>forma:</span> 
     </span>
    </p>

    <p class='ocr_par' dir='ltr' id='par_1_3' title="bbox 489 606 1232 929">
     <span class='ocr_line' id='line_1_8' title="bbox 529 606 1231 648; baseline -0.006 -9"><span class='ocrx_word' id='word_1_42' title='bbox 529 609 585 647; x_wconf 77' lang='lat' dir='ltr'>Eyo</span> <span class='ocrx_word' id='word_1_43' title='bbox 603 611 692 648; x_wconf 79' lang='lat' dir='ltr'>frater</span> <span class='ocrx_word' id='word_1_44' title='bbox 719 609 753 639; x_wconf 88' lang='lat' dir='ltr'>N.</span> <span class='ocrx_word' id='word_1_45' title='bbox 778 609 809 638; x_wconf 83' lang='lat' dir='ltr'>dc</span> <span class='ocrx_word' id='word_1_46' title='bbox 824 608 858 639; x_wconf 80' lang='lat' dir='ltr'>N.</span> <span class='ocrx_word' id='word_1_47' title='bbox 884 610 947 638; x_wconf 75' lang='lat' dir='ltr'>iuro</span> <span class='ocrx_word' id='word_1_48' title='bbox 973 613 997 637; x_wconf 85' lang='lat' dir='ltr'>et</span> <span class='ocrx_word' id='word_1_49' title='bbox 1020 607 1150 647; x_wconf 79' lang='lat' dir='ltr'>promitto</span> <span class='ocrx_word' id='word_1_50' title='bbox 1176 606 1231 636; x_wconf 84' lang='lat' dir='ltr'>Deo</span> 
     </span>
     <span class='ocr_line' id='line_1_9' title="bbox 490 654 1232 696; baseline -0.004 -10"><span class='ocrx_word' id='word_1_51' title='bbox 490 659 677 696; x_wconf 73' lang='lat' dir='ltr'>omnipotenti,</span> <span class='ocrx_word' id='word_1_52' title='bbox 693 656 727 686; x_wconf 85' lang='lat' dir='ltr'>B.</span> <span class='ocrx_word' id='word_1_53' title='bbox 747 656 853 686; x_wconf 74' lang='lat' dir='ltr'>Mariae</span> <span class='ocrx_word' id='word_1_54' title='bbox 868 666 975 695; x_wconf 82' lang='lat' dir='ltr'>semper</span> <span class='ocrx_word' id='word_1_55' title='bbox 995 656 1114 694; x_wconf 66' lang='lat' dir='ltr'>Virgini,</span> <span class='ocrx_word' id='word_1_56' title='bbox 1131 659 1155 684; x_wconf 83' lang='lat' dir='ltr'>et</span> <span class='ocrx_word' id='word_1_57' title='bbox 1171 654 1232 683; x_wconf 83' lang='lat' dir='ltr'>bea-</span> 
     </span>
     <span class='ocr_line' id='line_1_10' title="bbox 489 705 1230 745; baseline -0.004 -10"><span class='ocrx_word' id='word_1_58' title='bbox 489 707 524 736; x_wconf 72' lang='lat' dir='ltr'>tis</span> <span class='ocrx_word' id='word_1_59' title='bbox 537 706 663 745; x_wconf 74' lang='lat' dir='ltr'>patribus</span> <span class='ocrx_word' id='word_1_60' title='bbox 679 706 778 735; x_wconf 79' lang='lat' dir='ltr'>nostris</span> <span class='ocrx_word' id='word_1_61' title='bbox 793 705 891 735; x_wconf 81' lang='lat' dir='ltr'>Ioanni</span> <span class='ocrx_word' id='word_1_62' title='bbox 906 710 931 735; x_wconf 86' lang='lat' dir='ltr'>et</span> <span class='ocrx_word' id='word_1_63' title='bbox 946 705 1045 743; x_wconf 80' lang='lat' dir='ltr'>Felici,</span> <span class='ocrx_word' id='word_1_64' title='bbox 1062 714 1102 733; x_wconf 85' lang='lat' dir='ltr'>me</span> <span class='ocrx_word' id='word_1_65' title='bbox 1123 709 1230 734; x_wconf 80' lang='lat' dir='ltr'>scruta-</span> 
     </span>
     <span class='ocr_line' id='line_1_11' title="bbox 490 754 1230 794; baseline -0.005 -10"><span class='ocrx_word' id='word_1_66' title='bbox 490 756 585 784; x_wconf 80' lang='lat' dir='ltr'>tatoris</span> <span class='ocrx_word' id='word_1_67' title='bbox 603 755 722 794; x_wconf 74' lang='lat' dir='ltr'>officium</span> <span class='ocrx_word' id='word_1_68' title='bbox 743 754 860 793; x_wconf 83' lang='lat' dir='ltr'>fideliter</span> <span class='ocrx_word' id='word_1_69' title='bbox 879 756 1031 793; x_wconf 80' lang='lat' dir='ltr'>facturum,</span> <span class='ocrx_word' id='word_1_70' title='bbox 1053 757 1077 782; x_wconf 87' lang='lat' dir='ltr'>et</span> <span class='ocrx_word' id='word_1_71' title='bbox 1097 756 1230 782; x_wconf 75' lang='lat' dir='ltr'>secretum</span> 
     </span>
     <span class='ocr_line' id='line_1_12' title="bbox 489 802 1230 842; baseline -0.004 -10"><span class='ocrx_word' id='word_1_72' title='bbox 489 813 594 842; x_wconf 82' lang='lat' dir='ltr'>semper</span> <span class='ocrx_word' id='word_1_73' title='bbox 621 807 814 837; x_wconf 75' lang='lat' dir='ltr'>servaturum,</span> <span class='ocrx_word' id='word_1_74' title='bbox 846 812 899 832; x_wconf 79' lang='lat' dir='ltr'>non</span> <span class='ocrx_word' id='word_1_75' title='bbox 929 802 1074 832; x_wconf 76' lang='lat' dir='ltr'>revelando</span> <span class='ocrx_word' id='word_1_76' title='bbox 1099 810 1230 840; x_wconf 75' lang='lat' dir='ltr'>personas</span> 
     </span>
     <span class='ocr_line' id='line_1_13' title="bbox 490 850 1230 891; baseline -0.005 -10"><span class='ocrx_word' id='word_1_77' title='bbox 490 861 557 890; x_wconf 80' lang='lat' dir='ltr'>quae</span> <span class='ocrx_word' id='word_1_78' title='bbox 585 852 720 891; x_wconf 69' lang='lat' dir='ltr'>suffragia</span> <span class='ocrx_word' id='word_1_79' title='bbox 749 853 952 891; x_wconf 76' lang='lat' dir='ltr'>praestiterunt</span> <span class='ocrx_word' id='word_1_80' title='bbox 987 850 1030 880; x_wconf 76' lang='lat' dir='ltr'>vet</span> <span class='ocrx_word' id='word_1_81' title='bbox 1062 853 1230 888; x_wconf 67' lang='lat' dir='ltr'>negaverunt</span> 
     </span>
     <span class='ocr_line' id='line_1_14' title="bbox 489 899 724 929; baseline 0 -1"><span class='ocrx_word' id='word_1_82' title='bbox 489 900 553 929; x_wconf 78' lang='grc' dir='ltr'><em>Ιιιιὶσ</em></span> <span class='ocrx_word' id='word_1_83' title='bbox 574 899 615 929; x_wconf 77' lang='lat' dir='ltr'>vel</span> <span class='ocrx_word' id='word_1_84' title='bbox 632 899 724 929; x_wconf 77' lang='lat' dir='ltr'>alteri.</span> 
     </span>
    </p>

    <p class='ocr_par' dir='ltr' id='par_1_4' title="bbox 490 947 1231 1281">
     <span class='ocr_line' id='line_1_15' title="bbox 530 947 1230 987; baseline -0.003 -10"><span class='ocrx_word' id='word_1_85' title='bbox 530 956 588 978; x_wconf 80' lang='lat' dir='ltr'>xiv.</span> <span class='ocrx_word' id='word_1_86' title='bbox 612 947 722 978; x_wconf 87' lang='lat' dir='ltr'>Deinde</span> <span class='ocrx_word' id='word_1_87' title='bbox 744 947 904 987; x_wconf 88' lang='lat' dir='ltr'>capitulum</span> <span class='ocrx_word' id='word_1_88' title='bbox 922 956 973 987; x_wconf 90' lang='lat' dir='ltr'>per</span> <span class='ocrx_word' id='word_1_89' title='bbox 989 950 1098 977; x_wconf 86' lang='lat' dir='ltr'>secreta</span> <span class='ocrx_word' id='word_1_90' title='bbox 1115 954 1230 986; x_wconf 86' lang='lat' dir='ltr'>quoque</span> 
     </span>
     <span class='ocr_line' id='line_1_16' title="bbox 491 994 1230 1036; baseline -0.004 -9"><span class='ocrx_word' id='word_1_91' title='bbox 491 997 629 1036; x_wconf 79' lang='lat' dir='ltr'>suffragia</span> <span class='ocrx_word' id='word_1_92' title='bbox 653 997 740 1035; x_wconf 84' lang='lat' dir='ltr'>eligat</span> <span class='ocrx_word' id='word_1_93' title='bbox 761 1005 799 1026; x_wconf 82' lang='lat' dir='ltr'>ex</span> <span class='ocrx_word' id='word_1_94' title='bbox 821 995 1034 1026; x_wconf 83' lang='lat' dir='ltr'>scrutatoribus</span> <span class='ocrx_word' id='word_1_95' title='bbox 1056 1004 1147 1025; x_wconf 90' lang='lat' dir='ltr'>unum</span> <span class='ocrx_word' id='word_1_96' title='bbox 1181 994 1230 1034; x_wconf 90' lang='lat' dir='ltr'>qui</span> 
     </span>
     <span class='ocr_line' id='line_1_17' title="bbox 491 1043 1231 1084; baseline -0.004 -9"><span class='ocrx_word' id='word_1_97' title='bbox 491 1045 619 1075; x_wconf 81' lang='lat' dir='ltr'>officium</span> <span class='ocrx_word' id='word_1_98' title='bbox 643 1045 730 1074; x_wconf 87' lang='lat' dir='ltr'>saciat</span> <span class='ocrx_word' id='word_1_99' title='bbox 752 1044 906 1074; x_wconf 78' lang='lat' dir='ltr'>secretarii</span> <span class='ocrx_word' id='word_1_100' title='bbox 929 1043 1061 1084; x_wconf 88' lang='lat' dir='ltr'>praecise</span> <span class='ocrx_word' id='word_1_101' title='bbox 1089 1043 1120 1073; x_wconf 89' lang='lat' dir='ltr'>in</span> <span class='ocrx_word' id='word_1_102' title='bbox 1149 1051 1231 1072; x_wconf 87' lang='lat' dir='ltr'>scru-</span> 
     </span>
     <span class='ocr_line' id='line_1_18' title="bbox 493 1093 1231 1133; baseline -0.005 -8"><span class='ocrx_word' id='word_1_103' title='bbox 493 1095 586 1133; x_wconf 89' lang='lat' dir='ltr'>tiniis,</span> <span class='ocrx_word' id='word_1_104' title='bbox 611 1098 640 1124; x_wconf 93' lang='lat' dir='ltr'>et</span> <span class='ocrx_word' id='word_1_105' title='bbox 661 1094 772 1124; x_wconf 86' lang='lat' dir='ltr'>electus</span> <span class='ocrx_word' id='word_1_106' title='bbox 794 1094 898 1131; x_wconf 81' lang='lat' dir='ltr'>saciat,</span> <span class='ocrx_word' id='word_1_107' title='bbox 921 1093 1020 1123; x_wconf 87' lang='lat' dir='ltr'>statim</span> <span class='ocrx_word' id='word_1_108' title='bbox 1045 1102 1078 1122; x_wconf 90' lang='lat' dir='ltr'>ac</span> <span class='ocrx_word' id='word_1_109' title='bbox 1101 1101 1231 1132; x_wconf 89' lang='lat' dir='ltr'>pronun-</span> 
     </span>
     <span class='ocr_line' id='line_1_19' title="bbox 493 1136 1230 1182; baseline -0.005 -9"><span class='ocrx_word' id='word_1_110' title='bbox 493 1143 581 1173; x_wconf 89' lang='lat' dir='ltr'>tietur</span> <span class='ocrx_word' id='word_1_111' title='bbox 613 1152 628 1172; x_wconf 91' lang='lat' dir='ltr'>a</span> <span class='ocrx_word' id='word_1_112' title='bbox 661 1136 812 1182; x_wconf 81' lang='lat' dir='ltr'>praeside,</span> <span class='ocrx_word' id='word_1_113' title='bbox 843 1142 1040 1172; x_wconf 85' lang='lat' dir='ltr'>iuramentum</span> <span class='ocrx_word' id='word_1_114' title='bbox 1067 1141 1098 1171; x_wconf 84' lang='lat' dir='ltr'>in</span> <span class='ocrx_word' id='word_1_115' title='bbox 1127 1149 1230 1170; x_wconf 87' lang='lat' dir='ltr'>manus</span> 
     </span>
     <span class='ocr_line' id='line_1_20' title="bbox 490 1191 1230 1231; baseline -0.005 -9"><span class='ocrx_word' id='word_1_116' title='bbox 490 1192 577 1222; x_wconf 88' lang='lat' dir='ltr'>istius</span> <span class='ocrx_word' id='word_1_117' title='bbox 598 1192 633 1222; x_wconf 75' lang='lat' dir='ltr'>ea</span> <span class='ocrx_word' id='word_1_118' title='bbox 656 1192 748 1221; x_wconf 67' lang='lat' dir='ltr'>forma</span> <span class='ocrx_word' id='word_1_119' title='bbox 770 1200 843 1231; x_wconf 92' lang='lat' dir='ltr'>quae</span> <span class='ocrx_word' id='word_1_120' title='bbox 860 1191 953 1230; x_wconf 89' lang='lat' dir='ltr'>posita</span> <span class='ocrx_word' id='word_1_121' title='bbox 971 1194 1069 1220; x_wconf 87' lang='lat' dir='ltr'>manet</span> <span class='ocrx_word' id='word_1_122' title='bbox 1091 1198 1172 1219; x_wconf 92' lang='lat' dir='ltr'>num.</span> <span class='ocrx_word' id='word_1_123' title='bbox 1191 1197 1230 1218; x_wconf 85' lang='lat' dir='ltr'>xn</span> 
     </span>
     <span class='ocr_line' id='line_1_21' title="bbox 491 1240 878 1281; baseline -0.008 -9"><span class='ocrx_word' id='word_1_124' title='bbox 491 1251 543 1281; x_wconf 88' lang='lat' dir='ltr'>pro</span> <span class='ocrx_word' id='word_1_125' title='bbox 565 1240 724 1271; x_wconf 83' lang='lat' dir='ltr'>secretario</span> <span class='ocrx_word' id='word_1_126' title='bbox 746 1240 878 1280; x_wconf 87' lang='lat' dir='ltr'>capituli.</span> 
     </span>
    </p>

    <p class='ocr_par' dir='ltr' id='par_1_5' title="bbox 490 1288 1233 1915">
     <span class='ocr_line' id='line_1_22' title="bbox 531 1288 1229 1329; baseline -0.004 -8"><span class='ocrx_word' id='word_1_127' title='bbox 531 1300 579 1321; x_wconf 85' lang='lat' dir='ltr'>xv.</span> <span class='ocrx_word' id='word_1_128' title='bbox 603 1291 716 1320; x_wconf 85' lang='lat' dir='ltr'>Rursus</span> <span class='ocrx_word' id='word_1_129' title='bbox 739 1289 898 1329; x_wconf 87' lang='lat' dir='ltr'>capitulum</span> <span class='ocrx_word' id='word_1_130' title='bbox 921 1288 1009 1328; x_wconf 84' lang='lat' dir='ltr'>eligat</span> <span class='ocrx_word' id='word_1_131' title='bbox 1038 1297 1089 1328; x_wconf 90' lang='lat' dir='ltr'>per</span> <span class='ocrx_word' id='word_1_132' title='bbox 1117 1292 1229 1318; x_wconf 85' lang='lat' dir='ltr'>secreta</span> 
     </span>
     <span class='ocr_line' id='line_1_23' title="bbox 491 1337 1231 1378; baseline -0.004 -8"><span class='ocrx_word' id='word_1_133' title='bbox 491 1339 629 1378; x_wconf 77' lang='lat' dir='ltr'>suffragia</span> <span class='ocrx_word' id='word_1_134' title='bbox 651 1348 742 1368; x_wconf 90' lang='lat' dir='ltr'>unum</span> <span class='ocrx_word' id='word_1_135' title='bbox 765 1347 799 1368; x_wconf 86' lang='lat' dir='ltr'>ex</span> <span class='ocrx_word' id='word_1_136' title='bbox 828 1337 988 1375; x_wconf 87' lang='lat' dir='ltr'>vocalibus,</span> <span class='ocrx_word' id='word_1_137' title='bbox 1017 1338 1067 1377; x_wconf 91' lang='lat' dir='ltr'>qui</span> <span class='ocrx_word' id='word_1_138' title='bbox 1095 1342 1159 1377; x_wconf 88' lang='lat' dir='ltr'>post</span> <span class='ocrx_word' id='word_1_139' title='bbox 1187 1347 1231 1367; x_wconf 91' lang='lat' dir='ltr'>re-</span> 
     </span>
     <span class='ocr_line' id='line_1_24' title="bbox 490 1387 1230 1429; baseline -0.004 -10"><span class='ocrx_word' id='word_1_140' title='bbox 490 1389 588 1429; x_wconf 82' lang='lat' dir='ltr'>gulata</span> <span class='ocrx_word' id='word_1_141' title='bbox 606 1388 744 1426; x_wconf 74' lang='lat' dir='ltr'>suffiagia</span> <span class='ocrx_word' id='word_1_142' title='bbox 757 1388 786 1418; x_wconf 91' lang='lat' dir='ltr'>in</span> <span class='ocrx_word' id='word_1_143' title='bbox 801 1387 993 1417; x_wconf 86' lang='lat' dir='ltr'>electionibus</span> <span class='ocrx_word' id='word_1_144' title='bbox 1007 1387 1126 1417; x_wconf 88' lang='lat' dir='ltr'>nomine</span> <span class='ocrx_word' id='word_1_145' title='bbox 1138 1387 1230 1426; x_wconf 87' lang='lat' dir='ltr'>ipsius</span> 
     </span>
     <span class='ocr_line' id='line_1_25' title="bbox 492 1436 1231 1479; baseline -0.007 -9"><span class='ocrx_word' id='word_1_146' title='bbox 492 1438 614 1479; x_wconf 86' lang='lat' dir='ltr'>capituli</span> <span class='ocrx_word' id='word_1_147' title='bbox 637 1437 723 1468; x_wconf 79' lang='lat' dir='ltr'>faciat</span> <span class='ocrx_word' id='word_1_148' title='bbox 745 1440 773 1467; x_wconf 90' lang='lat' dir='ltr'>et</span> <span class='ocrx_word' id='word_1_149' title='bbox 796 1436 970 1476; x_wconf 83' lang='lat' dir='ltr'>pronunciet</span> <span class='ocrx_word' id='word_1_150' title='bbox 992 1436 1151 1466; x_wconf 87' lang='lat' dir='ltr'>electiones</span> <span class='ocrx_word' id='word_1_151' title='bbox 1174 1436 1231 1466; x_wconf 83' lang='lat' dir='ltr'>for-</span> 
     </span>
     <span class='ocr_line' id='line_1_26' title="bbox 492 1485 1231 1525; baseline -0.004 -8"><span class='ocrx_word' id='word_1_152' title='bbox 492 1489 541 1517; x_wconf 71' lang='lat' dir='ltr'>ma.</span> <span class='ocrx_word' id='word_1_153' title='bbox 573 1486 716 1525; x_wconf 72' lang='lat' dir='ltr'>signanda</span> <span class='ocrx_word' id='word_1_154' title='bbox 747 1485 881 1524; x_wconf 80' lang='lat' dir='ltr'>sequenti</span> <span class='ocrx_word' id='word_1_155' title='bbox 904 1486 931 1524; x_wconf 63' lang='grc' dir='ltr'>ξ,</span> <span class='ocrx_word' id='word_1_156' title='bbox 958 1494 1040 1515; x_wconf 89' lang='lat' dir='ltr'>num.</span> <span class='ocrx_word' id='word_1_157' title='bbox 1065 1494 1104 1523; x_wconf 79' lang='lat' dir='ltr'>iv,</span> <span class='ocrx_word' id='word_1_158' title='bbox 1128 1488 1156 1514; x_wconf 91' lang='lat' dir='ltr'>et</span> <span class='ocrx_word' id='word_1_159' title='bbox 1179 1494 1231 1523; x_wconf 93' lang='lat' dir='ltr'>pro</span> 
     </span>
     <span class='ocr_line' id='line_1_27' title="bbox 492 1533 1231 1574; baseline -0.005 -8"><span class='ocrx_word' id='word_1_160' title='bbox 492 1545 561 1566; x_wconf 90' lang='lat' dir='ltr'>casu</span> <span class='ocrx_word' id='word_1_161' title='bbox 584 1545 641 1574; x_wconf 90' lang='lat' dir='ltr'>quo</span> <span class='ocrx_word' id='word_1_162' title='bbox 663 1534 801 1572; x_wconf 79' lang='lat' dir='ltr'>suffragia</span> <span class='ocrx_word' id='word_1_163' title='bbox 835 1538 1013 1564; x_wconf 78' lang='lat' dir='ltr'>concurrant</span> <span class='ocrx_word' id='word_1_164' title='bbox 1046 1542 1098 1573; x_wconf 89' lang='lat' dir='ltr'>pro</span> <span class='ocrx_word' id='word_1_165' title='bbox 1132 1533 1231 1572; x_wconf 85' lang='lat' dir='ltr'>aliquo</span> 
     </span>
     <span class='ocr_line' id='line_1_28' title="bbox 492 1582 1232 1622; baseline -0.004 -8"><span class='ocrx_word' id='word_1_166' title='bbox 492 1583 587 1614; x_wconf 83' lang='lat' dir='ltr'>officio</span> <span class='ocrx_word' id='word_1_167' title='bbox 609 1583 638 1613; x_wconf 91' lang='lat' dir='ltr'>in</span> <span class='ocrx_word' id='word_1_168' title='bbox 662 1583 757 1622; x_wconf 91' lang='lat' dir='ltr'>ipsum</span> <span class='ocrx_word' id='word_1_169' title='bbox 787 1582 943 1612; x_wconf 88' lang='lat' dir='ltr'>electorem</span> <span class='ocrx_word' id='word_1_170' title='bbox 971 1591 1023 1612; x_wconf 89' lang='lat' dir='ltr'>seu</span> <span class='ocrx_word' id='word_1_171' title='bbox 1056 1582 1232 1621; x_wconf 88' lang='lat' dir='ltr'>pronuncia-</span> 
     </span>
     <span class='ocr_line' id='line_1_29' title="bbox 492 1630 1232 1672; baseline -0.004 -9"><span class='ocrx_word' id='word_1_172' title='bbox 492 1638 607 1671; x_wconf 91' lang='lat' dir='ltr'>torem,</span> <span class='ocrx_word' id='word_1_173' title='bbox 630 1632 788 1672; x_wconf 87' lang='lat' dir='ltr'>capitulum</span> <span class='ocrx_word' id='word_1_174' title='bbox 811 1631 900 1669; x_wconf 80' lang='lat' dir='ltr'>eligat</span> <span class='ocrx_word' id='word_1_175' title='bbox 931 1630 1056 1661; x_wconf 88' lang='lat' dir='ltr'>alterum</span> <span class='ocrx_word' id='word_1_176' title='bbox 1088 1631 1138 1670; x_wconf 92' lang='lat' dir='ltr'>qui</span> <span class='ocrx_word' id='word_1_177' title='bbox 1170 1630 1232 1660; x_wconf 86' lang='lat' dir='ltr'>eius</span> 
     </span>
     <span class='ocr_line' id='line_1_30' title="bbox 492 1678 1231 1720; baseline -0.005 -8"><span class='ocrx_word' id='word_1_178' title='bbox 492 1682 666 1712; x_wconf 83' lang='lat' dir='ltr'>electionem</span> <span class='ocrx_word' id='word_1_179' title='bbox 683 1680 868 1720; x_wconf 88' lang='lat' dir='ltr'>pronunciet.</span> <span class='ocrx_word' id='word_1_180' title='bbox 889 1679 970 1715; x_wconf 89' lang='lat' dir='ltr'>Quod</span> <span class='ocrx_word' id='word_1_181' title='bbox 993 1679 1017 1709; x_wconf 92' lang='lat' dir='ltr'>si</span> <span class='ocrx_word' id='word_1_182' title='bbox 1034 1679 1121 1709; x_wconf 86' lang='lat' dir='ltr'>aliter</span> <span class='ocrx_word' id='word_1_183' title='bbox 1136 1678 1231 1709; x_wconf 90' lang='lat' dir='ltr'>visum</span> 
     </span>
     <span class='ocr_line' id='line_1_31' title="bbox 491 1728 1233 1769; baseline -0.004 -8"><span class='ocrx_word' id='word_1_184' title='bbox 491 1740 549 1761; x_wconf 89' lang='lat' dir='ltr'>non</span> <span class='ocrx_word' id='word_1_185' title='bbox 574 1730 662 1760; x_wconf 87' lang='lat' dir='ltr'>fuerit</span> <span class='ocrx_word' id='word_1_186' title='bbox 684 1729 812 1769; x_wconf 85' lang='lat' dir='ltr'>capitulo</span> <span class='ocrx_word' id='word_1_187' title='bbox 835 1728 925 1768; x_wconf 88' lang='lat' dir='ltr'>(quod</span> <span class='ocrx_word' id='word_1_188' title='bbox 955 1738 1007 1768; x_wconf 91' lang='lat' dir='ltr'>per</span> <span class='ocrx_word' id='word_1_189' title='bbox 1034 1732 1146 1758; x_wconf 87' lang='lat' dir='ltr'>secreta</span> <span class='ocrx_word' id='word_1_190' title='bbox 1175 1728 1233 1758; x_wconf 89' lang='lat' dir='ltr'>sus-</span> 
     </span>
     <span class='ocr_line' id='line_1_32' title="bbox 492 1778 1233 1819; baseline -0.005 -8"><span class='ocrx_word' id='word_1_191' title='bbox 492 1780 584 1819; x_wconf 77' lang='lat' dir='ltr'>sragia</span> <span class='ocrx_word' id='word_1_192' title='bbox 613 1778 850 1817; x_wconf 80' lang='lat' dir='ltr'>determinabit),</span> <span class='ocrx_word' id='word_1_193' title='bbox 874 1787 989 1817; x_wconf 87' lang='lat' dir='ltr'>semper</span> <span class='ocrx_word' id='word_1_194' title='bbox 1012 1778 1124 1818; x_wconf 89' lang='lat' dir='ltr'>primus</span> <span class='ocrx_word' id='word_1_195' title='bbox 1152 1787 1233 1808; x_wconf 88' lang='lat' dir='ltr'>scru-</span> 
     </span>
     <span class='ocr_line' id='line_1_33' title="bbox 493 1827 1232 1867; baseline -0.004 -7"><span class='ocrx_word' id='word_1_196' title='bbox 493 1834 570 1860; x_wconf 85' lang='lat' dir='ltr'>tator</span> <span class='ocrx_word' id='word_1_197' title='bbox 591 1829 648 1859; x_wconf 89' lang='lat' dir='ltr'>erit</span> <span class='ocrx_word' id='word_1_198' title='bbox 676 1829 785 1858; x_wconf 84' lang='lat' dir='ltr'>elector</span> <span class='ocrx_word' id='word_1_199' title='bbox 806 1837 858 1858; x_wconf 88' lang='lat' dir='ltr'>seu</span> <span class='ocrx_word' id='word_1_200' title='bbox 880 1827 1102 1867; x_wconf 88' lang='lat' dir='ltr'>pronunciator,</span> <span class='ocrx_word' id='word_1_201' title='bbox 1126 1831 1154 1858; x_wconf 92' lang='lat' dir='ltr'>et</span> <span class='ocrx_word' id='word_1_202' title='bbox 1181 1836 1232 1866; x_wconf 92' lang='lat' dir='ltr'>pro</span> 
     </span>
     <span class='ocr_line' id='line_1_34' title="bbox 492 1875 1189 1915; baseline -0.004 -7"><span class='ocrx_word' id='word_1_203' title='bbox 492 1888 560 1909; x_wconf 87' lang='lat' dir='ltr'>casu</span> <span class='ocrx_word' id='word_1_204' title='bbox 582 1876 733 1908; x_wconf 85' lang='lat' dir='ltr'>electionis</span> <span class='ocrx_word' id='word_1_205' title='bbox 756 1885 841 1915; x_wconf 89' lang='lat' dir='ltr'>suae,</span> <span class='ocrx_word' id='word_1_206' title='bbox 865 1875 1013 1906; x_wconf 87' lang='lat' dir='ltr'>secundus</span> <span class='ocrx_word' id='word_1_207' title='bbox 1034 1880 1189 1906; x_wconf 87' lang='lat' dir='ltr'>scrutator.</span> 
     </span>
    </p>

    <p class='ocr_par' dir='ltr' id='par_1_6' title="bbox 493 1925 1232 2350">
     <span class='ocr_line' id='line_1_35' title="bbox 533 1925 1231 1965; baseline -0.003 -7"><span class='ocrx_word' id='word_1_208' title='bbox 533 1937 590 1958; x_wconf 79' lang='lat' dir='ltr'>XVI.</span> <span class='ocrx_word' id='word_1_209' title='bbox 609 1927 716 1958; x_wconf 89' lang='lat' dir='ltr'>Eadem</span> <span class='ocrx_word' id='word_1_210' title='bbox 738 1926 848 1963; x_wconf 87' lang='lat' dir='ltr'>forma,</span> <span class='ocrx_word' id='word_1_211' title='bbox 872 1925 1008 1964; x_wconf 87' lang='lat' dir='ltr'>idemque</span> <span class='ocrx_word' id='word_1_212' title='bbox 1038 1928 1131 1955; x_wconf 88' lang='lat' dir='ltr'>totum</span> <span class='ocrx_word' id='word_1_213' title='bbox 1155 1925 1231 1965; x_wconf 90' lang='lat' dir='ltr'>quod</span> 
     </span>
     <span class='ocr_line' id='line_1_36' title="bbox 493 1974 1231 2008; baseline -0.004 0"><span class='ocrx_word' id='word_1_214' title='bbox 493 1977 587 2008; x_wconf 89' lang='lat' dir='ltr'>tribus</span> <span class='ocrx_word' id='word_1_215' title='bbox 618 1975 749 2006; x_wconf 85' lang='lat' dir='ltr'>numeris</span> <span class='ocrx_word' id='word_1_216' title='bbox 782 1974 1027 2005; x_wconf 81' lang='lat' dir='ltr'>antecedentibus</span> <span class='ocrx_word' id='word_1_217' title='bbox 1055 1974 1165 2004; x_wconf 86' lang='lat' dir='ltr'>dictum</span> <span class='ocrx_word' id='word_1_218' title='bbox 1188 1979 1231 2005; x_wconf 90' lang='lat' dir='ltr'>est</span> 
     </span>
     <span class='ocr_line' id='line_1_37' title="bbox 493 2023 1232 2065; baseline -0.003 -9"><span class='ocrx_word' id='word_1_219' title='bbox 493 2035 560 2065; x_wconf 86' lang='lat' dir='ltr'>erga</span> <span class='ocrx_word' id='word_1_220' title='bbox 587 2029 781 2061; x_wconf 83' lang='lat' dir='ltr'>scrutatores,</span> <span class='ocrx_word' id='word_1_221' title='bbox 812 2023 1004 2053; x_wconf 88' lang='lat' dir='ltr'>secretarium</span> <span class='ocrx_word' id='word_1_222' title='bbox 1038 2023 1172 2053; x_wconf 90' lang='lat' dir='ltr'>scrutinii</span> <span class='ocrx_word' id='word_1_223' title='bbox 1204 2028 1232 2054; x_wconf 89' lang='lat' dir='ltr'>et</span> 
     </span>
     <span class='ocr_line' id='line_1_38' title="bbox 493 2071 1229 2113; baseline -0.007 -7"><span class='ocrx_word' id='word_1_224' title='bbox 493 2075 632 2106; x_wconf 82' lang='lat' dir='ltr'>electores</span> <span class='ocrx_word' id='word_1_225' title='bbox 667 2082 719 2103; x_wconf 90' lang='lat' dir='ltr'>seu</span> <span class='ocrx_word' id='word_1_226' title='bbox 754 2071 994 2113; x_wconf 85' lang='lat' dir='ltr'>pronunciatores</span> <span class='ocrx_word' id='word_1_227' title='bbox 1030 2072 1229 2111; x_wconf 89' lang='lat' dir='ltr'>electionum,</span> 
     </span>
     <span class='ocr_line' id='line_1_39' title="bbox 494 2120 1232 2161; baseline -0.005 -7"><span class='ocrx_word' id='word_1_228' title='bbox 494 2124 642 2154; x_wconf 76' lang='lat' dir='ltr'>servatur&#39;</span> <span class='ocrx_word' id='word_1_229' title='bbox 658 2122 787 2156; x_wconf 90' lang='lat' dir='ltr'>omnino,</span> <span class='ocrx_word' id='word_1_230' title='bbox 812 2121 1055 2161; x_wconf 87' lang='lat' dir='ltr'>quotiescumque</span> <span class='ocrx_word' id='word_1_231' title='bbox 1077 2120 1106 2150; x_wconf 90' lang='lat' dir='ltr'>in</span> <span class='ocrx_word' id='word_1_232' title='bbox 1129 2121 1232 2151; x_wconf 79' lang='lat' dir='ltr'>delini-</span> 
     </span>
     <span class='ocr_line' id='line_1_40' title="bbox 494 2170 1232 2211; baseline -0.005 -8"><span class='ocrx_word' id='word_1_233' title='bbox 494 2173 581 2211; x_wconf 89' lang='lat' dir='ltr'>torio,</span> <span class='ocrx_word' id='word_1_234' title='bbox 605 2172 666 2201; x_wconf 89' lang='lat' dir='ltr'>sive</span> <span class='ocrx_word' id='word_1_235' title='bbox 689 2171 718 2201; x_wconf 93' lang='lat' dir='ltr'>in</span> <span class='ocrx_word' id='word_1_236' title='bbox 741 2171 800 2200; x_wconf 73' lang='lat' dir='ltr'>alia</span> <span class='ocrx_word' id='word_1_237' title='bbox 821 2179 1006 2209; x_wconf 89' lang='lat' dir='ltr'>quacumque</span> <span class='ocrx_word' id='word_1_238' title='bbox 1027 2170 1232 2208; x_wconf 82' lang='lat' dir='ltr'>congregatio-</span> 
     </span>
     <span class='ocr_line' id='line_1_41' title="bbox 493 2218 1231 2260; baseline -0.005 -8"><span class='ocrx_word' id='word_1_239' title='bbox 493 2231 542 2260; x_wconf 90' lang='lat' dir='ltr'>ne,</span> <span class='ocrx_word' id='word_1_240' title='bbox 565 2225 648 2251; x_wconf 75' lang='lat' dir='ltr'>extra</span> <span class='ocrx_word' id='word_1_241' title='bbox 670 2220 715 2250; x_wconf 91' lang='lat' dir='ltr'>vel</span> <span class='ocrx_word' id='word_1_242' title='bbox 737 2219 814 2249; x_wconf 84' lang='lat' dir='ltr'>intra</span> <span class='ocrx_word' id='word_1_243' title='bbox 836 2218 997 2258; x_wconf 87' lang='lat' dir='ltr'>capitulum</span> <span class='ocrx_word' id='word_1_244' title='bbox 1019 2218 1167 2257; x_wconf 84' lang='lat' dir='ltr'>generale,</span> <span class='ocrx_word' id='word_1_245' title='bbox 1191 2219 1231 2249; x_wconf 85' lang='lat' dir='ltr'>fa-</span> 
     </span>
     <span class='ocr_line' id='line_1_42' title="bbox 494 2268 1231 2308; baseline -0.004 -7"><span class='ocrx_word' id='word_1_246' title='bbox 494 2270 598 2301; x_wconf 89' lang='lat' dir='ltr'>cienda</span> <span class='ocrx_word' id='word_1_247' title='bbox 628 2269 665 2299; x_wconf 90' lang='lat' dir='ltr'>sit</span> <span class='ocrx_word' id='word_1_248' title='bbox 693 2269 789 2308; x_wconf 87' lang='lat' dir='ltr'>aliqua</span> <span class='ocrx_word' id='word_1_249' title='bbox 816 2268 921 2298; x_wconf 89' lang='lat' dir='ltr'>electio</span> <span class='ocrx_word' id='word_1_250' title='bbox 943 2268 1082 2298; x_wconf 88' lang='lat' dir='ltr'>canonica</span> <span class='ocrx_word' id='word_1_251' title='bbox 1110 2268 1231 2308; x_wconf 87' lang='lat' dir='ltr'>praelati</span> 
     </span>
     <span class='ocr_line' id='line_1_43' title="bbox 494 2318 645 2350; baseline -0.007 -1"><span class='ocrx_word' id='word_1_252' title='bbox 494 2319 539 2350; x_wconf 88' lang='lat' dir='ltr'>vel</span> <span class='ocrx_word' id='word_1_253' title='bbox 561 2318 645 2349; x_wconf 87' lang='lat' dir='ltr'>socii.</span> 
     </span>
    </p>

    <p class='ocr_par' dir='ltr' id='par_1_7' title="bbox 495 2364 1233 2601">
     <span class='ocr_line' id='line_1_44' title="bbox 534 2364 1230 2406; baseline -0.003 -8"><span class='ocrx_word' id='word_1_254' title='bbox 534 2377 604 2399; x_wconf 84' lang='lat' dir='ltr'>xvn.</span> <span class='ocrx_word' id='word_1_255' title='bbox 622 2365 783 2398; x_wconf 88' lang='lat' dir='ltr'>Praedictis</span> <span class='ocrx_word' id='word_1_256' title='bbox 800 2365 892 2405; x_wconf 86' lang='lat' dir='ltr'>igitur</span> <span class='ocrx_word' id='word_1_257' title='bbox 910 2364 1110 2406; x_wconf 81' lang='lat' dir='ltr'>praeambulis</span> <span class='ocrx_word' id='word_1_258' title='bbox 1129 2366 1230 2405; x_wconf 82' lang='lat' dir='ltr'>sinitis,</span> 
     </span>
     <span class='ocr_line' id='line_1_45' title="bbox 495 2414 1233 2459; baseline -0.005 -11"><span class='ocrx_word' id='word_1_259' title='bbox 495 2416 633 2459; x_wconf 87' lang='lat' dir='ltr'>procedat</span> <span class='ocrx_word' id='word_1_260' title='bbox 655 2415 816 2455; x_wconf 85' lang='lat' dir='ltr'>capitulum</span> <span class='ocrx_word' id='word_1_261' title='bbox 838 2414 874 2444; x_wconf 85' lang='lat' dir='ltr'>ad</span> <span class='ocrx_word' id='word_1_262' title='bbox 895 2414 1070 2453; x_wconf 86' lang='lat' dir='ltr'>electiones,</span> <span class='ocrx_word' id='word_1_263' title='bbox 1094 2418 1122 2444; x_wconf 90' lang='lat' dir='ltr'>et</span> <span class='ocrx_word' id='word_1_264' title='bbox 1152 2424 1233 2454; x_wconf 86' lang='lat' dir='ltr'>prae-</span> 
     </span>
     <span class='ocr_line' id='line_1_46' title="bbox 495 2463 1232 2504; baseline -0.004 -7"><span class='ocrx_word' id='word_1_265' title='bbox 495 2466 578 2497; x_wconf 87' lang='lat' dir='ltr'>cedat</span> <span class='ocrx_word' id='word_1_266' title='bbox 600 2474 712 2502; x_wconf 88' lang='lat' dir='ltr'>omnes,</span> <span class='ocrx_word' id='word_1_267' title='bbox 731 2464 839 2504; x_wconf 86' lang='lat' dir='ltr'>fiatque</span> <span class='ocrx_word' id='word_1_268' title='bbox 862 2466 928 2494; x_wconf 88' lang='lat' dir='ltr'>ante</span> <span class='ocrx_word' id='word_1_269' title='bbox 951 2463 1106 2503; x_wconf 88' lang='lat' dir='ltr'>prandium</span> <span class='ocrx_word' id='word_1_270' title='bbox 1129 2464 1232 2494; x_wconf 92' lang='lat' dir='ltr'>electio</span> 
     </span>
     <span class='ocr_line' id='line_1_47' title="bbox 497 2511 1230 2555; baseline -0.004 -9"><span class='ocrx_word' id='word_1_271' title='bbox 497 2515 590 2555; x_wconf 86' lang='lat' dir='ltr'>patris</span> <span class='ocrx_word' id='word_1_272' title='bbox 606 2513 735 2545; x_wconf 87' lang='lat' dir='ltr'>ministri</span> <span class='ocrx_word' id='word_1_273' title='bbox 750 2512 907 2551; x_wconf 79' lang='lat' dir='ltr'>generalis,</span> <span class='ocrx_word' id='word_1_274' title='bbox 926 2516 965 2549; x_wconf 90' lang='lat' dir='ltr'>et,</span> <span class='ocrx_word' id='word_1_275' title='bbox 981 2511 1006 2542; x_wconf 90' lang='lat' dir='ltr'>si</span> <span class='ocrx_word' id='word_1_276' title='bbox 1022 2521 1160 2552; x_wconf 82' lang='lat' dir='ltr'>praesens</span> <span class='ocrx_word' id='word_1_277' title='bbox 1182 2513 1230 2552; x_wconf 88' lang='lat' dir='ltr'>sit,</span> 
     </span>
     <span class='ocr_line' id='line_1_48' title="bbox 495 2561 1231 2601; baseline -0.004 -6"><span class='ocrx_word' id='word_1_278' title='bbox 495 2564 594 2595; x_wconf 86' lang='lat' dir='ltr'>sedeat</span> <span class='ocrx_word' id='word_1_279' title='bbox 625 2562 795 2593; x_wconf 83' lang='lat' dir='ltr'>immediate</span> <span class='ocrx_word' id='word_1_280' title='bbox 827 2565 891 2601; x_wconf 90' lang='lat' dir='ltr'>post</span> <span class='ocrx_word' id='word_1_281' title='bbox 922 2565 1035 2601; x_wconf 86' lang='lat' dir='ltr'>patrem</span> <span class='ocrx_word' id='word_1_282' title='bbox 1063 2561 1231 2592; x_wconf 90' lang='lat' dir='ltr'>ministrum</span> 
     </span>
    </p>
   </div>
   <div class='ocr_carea' id='block_1_3' title="bbox 529 2619 1100 2701">
    <p class='ocr_par' dir='ltr' id='par_1_8' title="bbox 529 2619 1100 2701">
     <span class='ocr_line' id='line_1_49' title="bbox 529 2619 1041 2655; baseline -0.006 -6"><span class='ocrx_word' id='word_1_283' title='bbox 529 2622 543 2649; x_wconf 80' lang='lat'><strong>1</strong></span> <span class='ocrx_word' id='word_1_284' title='bbox 566 2621 638 2648; x_wconf 89' lang='lat' dir='ltr'>Edit.</span> <span class='ocrx_word' id='word_1_285' title='bbox 659 2620 728 2647; x_wconf 89' lang='lat' dir='ltr'>Main</span> <span class='ocrx_word' id='word_1_286' title='bbox 747 2620 812 2655; x_wconf 84' lang='lat' dir='ltr'>legit</span> <span class='ocrx_word' id='word_1_287' title='bbox 830 2622 916 2647; x_wconf 82' lang='lat' dir='ltr'>erant</span> <span class='ocrx_word' id='word_1_288' title='bbox 935 2619 976 2655; x_wconf 77' lang='lat' dir='ltr'>(n.</span> <span class='ocrx_word' id='word_1_289' title='bbox 991 2619 1041 2653; x_wconf 82' lang='grc' dir='ltr'>Τ.).</span> 
     </span>
     <span class='ocr_line' id='line_1_50' title="bbox 530 2664 1100 2701; baseline -0.004 -7"><span class='ocrx_word' id='word_1_290' title='bbox 530 2667 546 2694; x_wconf 75' lang='grc'>2</span> <span class='ocrx_word' id='word_1_291' title='bbox 566 2666 666 2694; x_wconf 83' lang='lat' dir='ltr'>Forsan</span> <span class='ocrx_word' id='word_1_292' title='bbox 685 2665 830 2701; x_wconf 84' lang='lat' dir='ltr'>legendum</span> <span class='ocrx_word' id='word_1_293' title='bbox 848 2667 977 2693; x_wconf 80' lang='lat' dir='ltr'>servetur</span> <span class='ocrx_word' id='word_1_294' title='bbox 995 2664 1035 2699; x_wconf 73' lang='lat' dir='ltr'>(a.</span> <span class='ocrx_word' id='word_1_295' title='bbox 1050 2664 1100 2700; x_wconf 81' lang='grc' dir='ltr'>Τ.).</span> 
     </span>
    </p>
   </div>
   <div class='ocr_carea' id='block_1_4' title="bbox 1252 814 1254 1561">
    <p class='ocr_par' dir='ltr' id='par_1_9' title="bbox 1252 814 1254 1561">
     <span class='ocr_line' id='line_1_51' title="bbox 1252 814 1254 1561; baseline 0 0"><span class='ocrx_word' id='word_1_296' title='bbox 1252 814 1254 1561; x_wconf 95' lang='lat' dir='ltr'> </span> 
     </span>
    </p>
   </div>
   <div class='ocr_carea' id='block_1_5' title="bbox 1253 1925 1255 2527">
    <p class='ocr_par' dir='ltr' id='par_1_10' title="bbox 1253 1925 1255 2527">
     <span class='ocr_line' id='line_1_52' title="bbox 1253 1925 1255 2527; baseline 0 0"><span class='ocrx_word' id='word_1_297' title='bbox 1253 1925 1255 2527; x_wconf 95' lang='lat' dir='ltr'> </span> 
     </span>
    </p>
   </div>
   <div class='ocr_carea' id='block_1_6' title="bbox 1080 265 1450 292">
    <p class='ocr_par' dir='ltr' id='par_1_11' title="bbox 1080 265 1450 292">
     <span class='ocr_line' id='line_1_53' title="bbox 1080 265 1450 292; baseline -0.003 0"><span class='ocrx_word' id='word_1_298' title='bbox 1080 265 1265 292; x_wconf 72' lang='lat' dir='ltr'>BULLARIUM</span> <span class='ocrx_word' id='word_1_299' title='bbox 1292 265 1450 292; x_wconf 79' lang='lat' dir='ltr'>ROMANUM</span> 
     </span>
    </p>
   </div>
   <div class='ocr_carea' id='block_1_7' title="bbox 1274 314 2015 2111">
    <p class='ocr_par' dir='ltr' id='par_1_12' title="bbox 1274 314 2013 889">
     <span class='ocr_line' id='line_1_54' title="bbox 1274 314 2010 356; baseline 0.001 -12"><span class='ocrx_word' id='word_1_300' title='bbox 1274 314 1442 353; x_wconf 83' lang='lat' dir='ltr'>generalem</span> <span class='ocrx_word' id='word_1_301' title='bbox 1466 315 1515 356; x_wconf 84' lang='lat' dir='ltr'>qui</span> <span class='ocrx_word' id='word_1_302' title='bbox 1538 315 1644 355; x_wconf 85' lang='lat' dir='ltr'>spirat,</span> <span class='ocrx_word' id='word_1_303' title='bbox 1669 315 1730 346; x_wconf 90' lang='lat' dir='ltr'>sive</span> <span class='ocrx_word' id='word_1_304' title='bbox 1759 319 1823 355; x_wconf 88' lang='lat' dir='ltr'>post</span> <span class='ocrx_word' id='word_1_305' title='bbox 1845 314 2010 355; x_wconf 85' lang='lat' dir='ltr'>praesidem</span> 
     </span>
     <span class='ocr_line' id='line_1_55' title="bbox 1275 363 2010 404; baseline 0 -10"><span class='ocrx_word' id='word_1_306' title='bbox 1275 363 1394 403; x_wconf 87' lang='lat' dir='ltr'>capituli</span> <span class='ocrx_word' id='word_1_307' title='bbox 1408 374 1416 401; x_wconf 81' lang='lat'>3</span> <span class='ocrx_word' id='word_1_308' title='bbox 1433 374 1491 394; x_wconf 91' lang='lat' dir='ltr'>non</span> <span class='ocrx_word' id='word_1_309' title='bbox 1507 368 1603 394; x_wconf 88' lang='lat' dir='ltr'>tamen</span> <span class='ocrx_word' id='word_1_310' title='bbox 1621 365 1796 404; x_wconf 86' lang='lat' dir='ltr'>praesideat,</span> <span class='ocrx_word' id='word_1_311' title='bbox 1812 373 1866 394; x_wconf 85' lang='lat' dir='ltr'>nec</span> <span class='ocrx_word' id='word_1_312' title='bbox 1882 364 2010 394; x_wconf 83' lang='lat' dir='ltr'>officium</span> 
     </span>
     <span class='ocr_line' id='line_1_56' title="bbox 1274 413 2012 452; baseline 0.001 -11"><span class='ocrx_word' id='word_1_313' title='bbox 1274 417 1411 442; x_wconf 82' lang='lat' dir='ltr'>exerceat</span> <span class='ocrx_word' id='word_1_314' title='bbox 1427 422 1579 452; x_wconf 89' lang='lat' dir='ltr'>usquequo</span> <span class='ocrx_word' id='word_1_315' title='bbox 1602 413 1721 443; x_wconf 83' lang='lat' dir='ltr'>finiatur</span> <span class='ocrx_word' id='word_1_316' title='bbox 1743 413 1914 452; x_wconf 91' lang='lat' dir='ltr'>capitulum.</span> <span class='ocrx_word' id='word_1_317' title='bbox 1932 413 2012 442; x_wconf 91' lang='lat' dir='ltr'>Nihi-</span> 
     </span>
     <span class='ocr_line' id='line_1_57' title="bbox 1274 460 2011 500; baseline 0.003 -11"><span class='ocrx_word' id='word_1_318' title='bbox 1274 460 1401 490; x_wconf 89' lang='lat' dir='ltr'>lominus</span> <span class='ocrx_word' id='word_1_319' title='bbox 1423 470 1523 491; x_wconf 88' lang='lat' dir='ltr'>omnes</span> <span class='ocrx_word' id='word_1_320' title='bbox 1539 465 1596 490; x_wconf 87' lang='lat' dir='ltr'>tam</span> <span class='ocrx_word' id='word_1_321' title='bbox 1617 461 1791 500; x_wconf 85' lang='lat' dir='ltr'>capitulares</span> <span class='ocrx_word' id='word_1_322' title='bbox 1813 470 1898 500; x_wconf 89' lang='lat' dir='ltr'>quam</span> <span class='ocrx_word' id='word_1_323' title='bbox 1922 461 2011 491; x_wconf 89' lang='lat' dir='ltr'>ceteri</span> 
     </span>
     <span class='ocr_line' id='line_1_58' title="bbox 1274 508 2012 546; baseline 0 -8"><span class='ocrx_word' id='word_1_324' title='bbox 1274 508 1402 546; x_wconf 81' lang='lat' dir='ltr'>religiosi</span> <span class='ocrx_word' id='word_1_325' title='bbox 1425 513 1607 546; x_wconf 88' lang='lat' dir='ltr'>conventus,</span> <span class='ocrx_word' id='word_1_326' title='bbox 1632 509 1730 539; x_wconf 87' lang='lat' dir='ltr'>statim</span> <span class='ocrx_word' id='word_1_327' title='bbox 1754 518 1787 539; x_wconf 90' lang='lat' dir='ltr'>ac</span> <span class='ocrx_word' id='word_1_328' title='bbox 1809 509 1913 539; x_wconf 88' lang='lat' dir='ltr'>electio</span> <span class='ocrx_word' id='word_1_329' title='bbox 1936 509 2012 539; x_wconf 82' lang='lat' dir='ltr'>sacta</span> 
     </span>
     <span class='ocr_line' id='line_1_59' title="bbox 1274 557 2011 596; baseline 0.001 -10"><span class='ocrx_word' id='word_1_330' title='bbox 1274 557 1322 595; x_wconf 89' lang='lat' dir='ltr'>sit,</span> <span class='ocrx_word' id='word_1_331' title='bbox 1347 562 1469 596; x_wconf 79' lang='lat' dir='ltr'>pergant</span> <span class='ocrx_word' id='word_1_332' title='bbox 1492 558 1749 596; x_wconf 87' lang='lat' dir='ltr'>processionaliter</span> <span class='ocrx_word' id='word_1_333' title='bbox 1776 567 1841 588; x_wconf 91' lang='lat' dir='ltr'>cum</span> <span class='ocrx_word' id='word_1_334' title='bbox 1865 557 1959 587; x_wconf 85' lang='lat' dir='ltr'>electo</span> <span class='ocrx_word' id='word_1_335' title='bbox 1981 557 2011 587; x_wconf 92' lang='lat' dir='ltr'>in</span> 
     </span>
     <span class='ocr_line' id='line_1_60' title="bbox 1274 605 2013 645; baseline 0 -10"><span class='ocrx_word' id='word_1_336' title='bbox 1274 605 1425 635; x_wconf 86' lang='lat' dir='ltr'>ecclesiam</span> <span class='ocrx_word' id='word_1_337' title='bbox 1448 610 1598 636; x_wconf 88' lang='lat' dir='ltr'>cantantes</span> <span class='ocrx_word' id='word_1_338' title='bbox 1621 607 1760 645; x_wconf 61' lang='lat' dir='ltr'>hymnum</span> <span class='ocrx_word' id='word_1_339' title='bbox 1788 607 1822 636; x_wconf 86' lang='lat' dir='ltr'>Te</span> <span class='ocrx_word' id='word_1_340' title='bbox 1842 606 1930 636; x_wconf 81' lang='lat' dir='ltr'>Deum</span> <span class='ocrx_word' id='word_1_341' title='bbox 1952 606 2013 635; x_wconf 87' lang='lat' dir='ltr'>lau-</span> 
     </span>
     <span class='ocr_line' id='line_1_61' title="bbox 1274 654 2010 694; baseline 0.001 -11"><span class='ocrx_word' id='word_1_342' title='bbox 1274 655 1380 692; x_wconf 74' lang='lat' dir='ltr'>damus,</span> <span class='ocrx_word' id='word_1_343' title='bbox 1399 659 1426 684; x_wconf 90' lang='lat' dir='ltr'>et</span> <span class='ocrx_word' id='word_1_344' title='bbox 1442 654 1482 684; x_wconf 90' lang='lat' dir='ltr'>ibi</span> <span class='ocrx_word' id='word_1_345' title='bbox 1498 655 1643 694; x_wconf 83' lang='lat' dir='ltr'>accipiant</span> <span class='ocrx_word' id='word_1_346' title='bbox 1659 655 1694 684; x_wconf 88' lang='lat' dir='ltr'>ab</span> <span class='ocrx_word' id='word_1_347' title='bbox 1710 664 1743 685; x_wconf 89' lang='lat' dir='ltr'>eo</span> <span class='ocrx_word' id='word_1_348' title='bbox 1765 655 2010 691; x_wconf 87' lang='lat' dir='ltr'>benedictionem,</span> 
     </span>
     <span class='ocr_line' id='line_1_62' title="bbox 1274 703 2011 743; baseline 0.001 -11"><span class='ocrx_word' id='word_1_349' title='bbox 1274 707 1302 733; x_wconf 90' lang='lat' dir='ltr'>et</span> <span class='ocrx_word' id='word_1_350' title='bbox 1325 703 1420 733; x_wconf 89' lang='lat' dir='ltr'>omnia</span> <span class='ocrx_word' id='word_1_351' title='bbox 1445 703 1513 733; x_wconf 86' lang='lat' dir='ltr'>fiant</span> <span class='ocrx_word' id='word_1_352' title='bbox 1537 704 1617 733; x_wconf 79' lang='lat' dir='ltr'>iuxta</span> <span class='ocrx_word' id='word_1_353' title='bbox 1642 704 1764 734; x_wconf 89' lang='lat' dir='ltr'>sormam</span> <span class='ocrx_word' id='word_1_354' title='bbox 1788 703 1959 743; x_wconf 86' lang='lat' dir='ltr'>dispositam</span> <span class='ocrx_word' id='word_1_355' title='bbox 1981 703 2011 733; x_wconf 90' lang='lat' dir='ltr'>in</span> 
     </span>
     <span class='ocr_line' id='line_1_63' title="bbox 1275 751 2011 792; baseline 0 -11"><span class='ocrx_word' id='word_1_356' title='bbox 1275 755 1374 782; x_wconf 89' lang='lat' dir='ltr'>nostro</span> <span class='ocrx_word' id='word_1_357' title='bbox 1407 752 1546 782; x_wconf 85' lang='lat' dir='ltr'>manuali.</span> <span class='ocrx_word' id='word_1_358' title='bbox 1570 752 1677 782; x_wconf 88' lang='lat' dir='ltr'>Tamen</span> <span class='ocrx_word' id='word_1_359' title='bbox 1711 753 1735 783; x_wconf 92' lang='lat' dir='ltr'>si</span> <span class='ocrx_word' id='word_1_360' title='bbox 1764 757 1845 792; x_wconf 87' lang='lat' dir='ltr'>pater</span> <span class='ocrx_word' id='word_1_361' title='bbox 1878 751 2011 782; x_wconf 87' lang='lat' dir='ltr'>minister</span> 
     </span>
     <span class='ocr_line' id='line_1_64' title="bbox 1274 800 2010 841; baseline 0 -11"><span class='ocrx_word' id='word_1_362' title='bbox 1274 801 1421 839; x_wconf 85' lang='lat' dir='ltr'>generalis</span> <span class='ocrx_word' id='word_1_363' title='bbox 1443 801 1553 832; x_wconf 86' lang='lat' dir='ltr'>electus</span> <span class='ocrx_word' id='word_1_364' title='bbox 1576 811 1714 841; x_wconf 88' lang='lat' dir='ltr'>praesens</span> <span class='ocrx_word' id='word_1_365' title='bbox 1729 811 1786 831; x_wconf 91' lang='lat' dir='ltr'>nou</span> <span class='ocrx_word' id='word_1_366' title='bbox 1805 801 1903 839; x_wconf 83' lang='lat' dir='ltr'>suerit,</span> <span class='ocrx_word' id='word_1_367' title='bbox 1927 800 2010 831; x_wconf 89' lang='lat' dir='ltr'>illum</span> 
     </span>
     <span class='ocr_line' id='line_1_65' title="bbox 1274 849 1981 889; baseline 0.001 -11"><span class='ocrx_word' id='word_1_368' title='bbox 1274 858 1332 879; x_wconf 90' lang='lat' dir='ltr'>non</span> <span class='ocrx_word' id='word_1_369' title='bbox 1355 854 1488 888; x_wconf 80' lang='lat' dir='ltr'>expectet</span> <span class='ocrx_word' id='word_1_370' title='bbox 1509 850 1680 889; x_wconf 87' lang='lat' dir='ltr'>capitulum,</span> <span class='ocrx_word' id='word_1_371' title='bbox 1705 849 1755 879; x_wconf 90' lang='lat' dir='ltr'>sed</span> <span class='ocrx_word' id='word_1_372' title='bbox 1779 853 1981 889; x_wconf 88' lang='lat' dir='ltr'>prosequatur.</span> 
     </span>
    </p>

    <p class='ocr_par' dir='ltr' id='par_1_13' title="bbox 1274 898 2015 1425">
     <span class='ocr_line' id='line_1_66' title="bbox 1315 898 2013 938; baseline 0 -11"><span class='ocrx_word' id='word_1_373' title='bbox 1315 906 1392 928; x_wconf 78' lang='lat' dir='ltr'>xvm.</span> <span class='ocrx_word' id='word_1_374' title='bbox 1410 900 1481 928; x_wconf 86' lang='lat' dir='ltr'>Post</span> <span class='ocrx_word' id='word_1_375' title='bbox 1503 908 1638 938; x_wconf 88' lang='lat' dir='ltr'>vesperas</span> <span class='ocrx_word' id='word_1_376' title='bbox 1660 899 1789 929; x_wconf 89' lang='lat' dir='ltr'>eiusdem</span> <span class='ocrx_word' id='word_1_377' title='bbox 1813 898 1870 928; x_wconf 90' lang='lat' dir='ltr'>diei</span> <span class='ocrx_word' id='word_1_378' title='bbox 1892 906 2013 936; x_wconf 89' lang='lat' dir='ltr'>congre-</span> 
     </span>
     <span class='ocr_line' id='line_1_67' title="bbox 1275 946 2012 986; baseline 0 -10"><span class='ocrx_word' id='word_1_379' title='bbox 1275 951 1380 985; x_wconf 81' lang='lat' dir='ltr'>gentur</span> <span class='ocrx_word' id='word_1_380' title='bbox 1412 947 1441 976; x_wconf 93' lang='lat' dir='ltr'>in</span> <span class='ocrx_word' id='word_1_381' title='bbox 1475 947 1540 977; x_wconf 79' lang='lat' dir='ltr'>aula</span> <span class='ocrx_word' id='word_1_382' title='bbox 1574 947 1730 986; x_wconf 88' lang='lat' dir='ltr'>capitulari</span> <span class='ocrx_word' id='word_1_383' title='bbox 1764 946 1878 977; x_wconf 87' lang='lat' dir='ltr'>vocales</span> <span class='ocrx_word' id='word_1_384' title='bbox 1908 955 2012 976; x_wconf 89' lang='lat' dir='ltr'>omnes</span> 
     </span>
     <span class='ocr_line' id='line_1_68' title="bbox 1274 994 2012 1035; baseline 0.001 -11"><span class='ocrx_word' id='word_1_385' title='bbox 1274 995 1354 1025; x_wconf 86' lang='lat' dir='ltr'>illius</span> <span class='ocrx_word' id='word_1_386' title='bbox 1372 995 1520 1034; x_wconf 64' lang='lat' dir='ltr'>familiae,</span> <span class='ocrx_word' id='word_1_387' title='bbox 1545 1005 1596 1035; x_wconf 89' lang='lat' dir='ltr'>pro</span> <span class='ocrx_word' id='word_1_388' title='bbox 1626 1005 1681 1035; x_wconf 87' lang='lat' dir='ltr'>qua</span> <span class='ocrx_word' id='word_1_389' title='bbox 1711 995 1845 1025; x_wconf 86' lang='lat' dir='ltr'>minister</span> <span class='ocrx_word' id='word_1_390' title='bbox 1867 994 2012 1033; x_wconf 81' lang='lat' dir='ltr'>generalis</span> 
     </span>
     <span class='ocr_line' id='line_1_69' title="bbox 1275 1043 2014 1084; baseline -0.001 -11"><span class='ocrx_word' id='word_1_391' title='bbox 1275 1044 1384 1083; x_wconf 88' lang='lat' dir='ltr'>spirat,</span> <span class='ocrx_word' id='word_1_392' title='bbox 1408 1048 1436 1073; x_wconf 90' lang='lat' dir='ltr'>et</span> <span class='ocrx_word' id='word_1_393' title='bbox 1458 1044 1592 1083; x_wconf 87' lang='lat' dir='ltr'>praeside</span> <span class='ocrx_word' id='word_1_394' title='bbox 1615 1044 1716 1074; x_wconf 86' lang='lat' dir='ltr'>eodem</span> <span class='ocrx_word' id='word_1_395' title='bbox 1746 1044 1795 1084; x_wconf 87' lang='lat' dir='ltr'>qui</span> <span class='ocrx_word' id='word_1_396' title='bbox 1825 1043 1913 1073; x_wconf 89' lang='lat' dir='ltr'>totius</span> <span class='ocrx_word' id='word_1_397' title='bbox 1935 1043 2014 1082; x_wconf 87' lang='lat' dir='ltr'>capi-</span> 
     </span>
     <span class='ocr_line' id='line_1_70' title="bbox 1276 1091 2014 1132; baseline -0.001 -10"><span class='ocrx_word' id='word_1_398' title='bbox 1276 1092 1329 1122; x_wconf 90' lang='lat' dir='ltr'>tuli</span> <span class='ocrx_word' id='word_1_399' title='bbox 1349 1101 1465 1132; x_wconf 91' lang='lat' dir='ltr'>praeses</span> <span class='ocrx_word' id='word_1_400' title='bbox 1488 1092 1586 1129; x_wconf 80' lang='lat' dir='ltr'>fuerit,</span> <span class='ocrx_word' id='word_1_401' title='bbox 1610 1096 1696 1132; x_wconf 85' lang='lat' dir='ltr'>atque</span> <span class='ocrx_word' id='word_1_402' title='bbox 1719 1092 1775 1122; x_wconf 90' lang='lat' dir='ltr'>sibi</span> <span class='ocrx_word' id='word_1_403' title='bbox 1797 1091 1896 1122; x_wconf 89' lang='lat' dir='ltr'>electis</span> <span class='ocrx_word' id='word_1_404' title='bbox 1918 1099 2014 1121; x_wconf 85' lang='lat' dir='ltr'>secre-</span> 
     </span>
     <span class='ocr_line' id='line_1_71' title="bbox 1276 1140 2013 1178; baseline -0.003 -7"><span class='ocrx_word' id='word_1_405' title='bbox 1276 1141 1369 1178; x_wconf 86' lang='lat' dir='ltr'>tario,</span> <span class='ocrx_word' id='word_1_406' title='bbox 1405 1141 1637 1178; x_wconf 86' lang='lat' dir='ltr'>scrutatoribus,</span> <span class='ocrx_word' id='word_1_407' title='bbox 1667 1141 1751 1170; x_wconf 90' lang='lat' dir='ltr'>modo</span> <span class='ocrx_word' id='word_1_408' title='bbox 1784 1140 1878 1177; x_wconf 92' lang='lat' dir='ltr'>dicto,</span> <span class='ocrx_word' id='word_1_409' title='bbox 1912 1148 2013 1170; x_wconf 88' lang='lat' dir='ltr'>omnes</span> 
     </span>
     <span class='ocr_line' id='line_1_72' title="bbox 1274 1189 2015 1228; baseline -0.001 -8"><span class='ocrx_word' id='word_1_410' title='bbox 1274 1190 1362 1220; x_wconf 93' lang='lat' dir='ltr'>simul</span> <span class='ocrx_word' id='word_1_411' title='bbox 1385 1190 1525 1220; x_wconf 87' lang='lat' dir='ltr'>canonice</span> <span class='ocrx_word' id='word_1_412' title='bbox 1547 1190 1656 1228; x_wconf 83' lang='lat' dir='ltr'>eligant</span> <span class='ocrx_word' id='word_1_413' title='bbox 1678 1189 1910 1220; x_wconf 87' lang='lat' dir='ltr'>commissarium</span> <span class='ocrx_word' id='word_1_414' title='bbox 1926 1198 2015 1227; x_wconf 85' lang='lat' dir='ltr'>gene-</span> 
     </span>
     <span class='ocr_line' id='line_1_73' title="bbox 1274 1238 2013 1277; baseline -0.001 -9"><span class='ocrx_word' id='word_1_415' title='bbox 1274 1239 1366 1269; x_wconf 88' lang='lat' dir='ltr'>ralem</span> <span class='ocrx_word' id='word_1_416' title='bbox 1389 1239 1424 1269; x_wconf 87' lang='lat' dir='ltr'>ad</span> <span class='ocrx_word' id='word_1_417' title='bbox 1447 1238 1609 1269; x_wconf 88' lang='lat' dir='ltr'>triennium</span> <span class='ocrx_word' id='word_1_418' title='bbox 1625 1239 1792 1269; x_wconf 86' lang='lat' dir='ltr'>immediate</span> <span class='ocrx_word' id='word_1_419' title='bbox 1808 1239 1936 1268; x_wconf 80' lang='lat' dir='ltr'>futurum</span> <span class='ocrx_word' id='word_1_420' title='bbox 1960 1246 2013 1277; x_wconf 91' lang='lat' dir='ltr'>pro</span> 
     </span>
     <span class='ocr_line' id='line_1_74' title="bbox 1275 1287 2013 1326; baseline 0 -8"><span class='ocrx_word' id='word_1_421' title='bbox 1275 1289 1328 1318; x_wconf 65' lang='lat' dir='ltr'>sua</span> <span class='ocrx_word' id='word_1_422' title='bbox 1350 1292 1378 1318; x_wconf 92' lang='lat' dir='ltr'>et</span> <span class='ocrx_word' id='word_1_423' title='bbox 1399 1297 1433 1318; x_wconf 84' lang='lat' dir='ltr'>ex</span> <span class='ocrx_word' id='word_1_424' title='bbox 1467 1288 1518 1317; x_wconf 73' lang='lat' dir='ltr'>sua</span> <span class='ocrx_word' id='word_1_425' title='bbox 1549 1287 1660 1317; x_wconf 73' lang='lat' dir='ltr'>familia</span> <span class='ocrx_word' id='word_1_426' title='bbox 1691 1291 1887 1326; x_wconf 89' lang='lat' dir='ltr'>assumptum,</span> <span class='ocrx_word' id='word_1_427' title='bbox 1911 1287 2013 1318; x_wconf 89' lang='lat' dir='ltr'>eodem</span> 
     </span>
     <span class='ocr_line' id='line_1_75' title="bbox 1275 1335 2013 1375; baseline 0 -9"><span class='ocrx_word' id='word_1_428' title='bbox 1275 1337 1359 1367; x_wconf 86' lang='lat' dir='ltr'>modo</span> <span class='ocrx_word' id='word_1_429' title='bbox 1392 1341 1420 1366; x_wconf 90' lang='lat' dir='ltr'>et</span> <span class='ocrx_word' id='word_1_430' title='bbox 1455 1337 1513 1366; x_wconf 89' lang='lat' dir='ltr'>ritu</span> <span class='ocrx_word' id='word_1_431' title='bbox 1552 1336 1659 1375; x_wconf 88' lang='lat' dir='ltr'>quibus</span> <span class='ocrx_word' id='word_1_432' title='bbox 1695 1336 1830 1366; x_wconf 90' lang='lat' dir='ltr'>minister</span> <span class='ocrx_word' id='word_1_433' title='bbox 1864 1335 2013 1374; x_wconf 87' lang='lat' dir='ltr'>generalis</span> 
     </span>
     <span class='ocr_line' id='line_1_76' title="bbox 1274 1385 1917 1425; baseline -0.002 -9"><span class='ocrx_word' id='word_1_434' title='bbox 1274 1386 1390 1417; x_wconf 90' lang='lat' dir='ltr'>Ordinis</span> <span class='ocrx_word' id='word_1_435' title='bbox 1413 1389 1480 1416; x_wconf 88' lang='lat' dir='ltr'>ante</span> <span class='ocrx_word' id='word_1_436' title='bbox 1502 1386 1657 1425; x_wconf 87' lang='lat' dir='ltr'>prandium</span> <span class='ocrx_word' id='word_1_437' title='bbox 1679 1385 1789 1415; x_wconf 88' lang='lat' dir='ltr'>electus</span> <span class='ocrx_word' id='word_1_438' title='bbox 1812 1385 1917 1416; x_wconf 88' lang='lat' dir='ltr'>suerat.</span> 
     </span>
    </p>

    <p class='ocr_par' dir='ltr' id='par_1_14' title="bbox 1274 1434 2015 1914">
     <span class='ocr_line' id='line_1_77' title="bbox 1315 1434 2011 1474; baseline 0 -9"><span class='ocrx_word' id='word_1_439' title='bbox 1315 1445 1373 1465; x_wconf 76' lang='lat' dir='ltr'>xlx.</span> <span class='ocrx_word' id='word_1_440' title='bbox 1406 1434 1547 1474; x_wconf 89' lang='lat' dir='ltr'>Sequenti</span> <span class='ocrx_word' id='word_1_441' title='bbox 1579 1435 1644 1473; x_wconf 87' lang='lat' dir='ltr'>die,</span> <span class='ocrx_word' id='word_1_442' title='bbox 1680 1434 1815 1464; x_wconf 87' lang='lat' dir='ltr'>videlicet</span> <span class='ocrx_word' id='word_1_443' title='bbox 1847 1434 2011 1474; x_wconf 63' lang='lat' dir='ltr'>dominica,</span> 
     </span>
     <span class='ocr_line' id='line_1_78' title="bbox 1275 1484 2011 1524; baseline -0.001 -8"><span class='ocrx_word' id='word_1_444' title='bbox 1275 1489 1491 1524; x_wconf 85' lang='lat' dir='ltr'>congregentur</span> <span class='ocrx_word' id='word_1_445' title='bbox 1513 1493 1614 1514; x_wconf 89' lang='lat' dir='ltr'>omnes</span> <span class='ocrx_word' id='word_1_446' title='bbox 1637 1484 1791 1524; x_wconf 86' lang='lat' dir='ltr'>utriusque</span> <span class='ocrx_word' id='word_1_447' title='bbox 1813 1485 1941 1515; x_wconf 88' lang='lat' dir='ltr'>familiae</span> <span class='ocrx_word' id='word_1_448' title='bbox 1963 1494 2011 1515; x_wconf 95' lang='lat' dir='ltr'>vo-</span> 
     </span>
     <span class='ocr_line' id='line_1_79' title="bbox 1275 1533 2015 1573; baseline 0 -9"><span class='ocrx_word' id='word_1_449' title='bbox 1275 1535 1364 1569; x_wconf 82' lang='lat' dir='ltr'>cales,</span> <span class='ocrx_word' id='word_1_450' title='bbox 1381 1538 1409 1564; x_wconf 86' lang='lat' dir='ltr'>et</span> <span class='ocrx_word' id='word_1_451' title='bbox 1431 1534 1570 1564; x_wconf 88' lang='lat' dir='ltr'>similiter</span> <span class='ocrx_word' id='word_1_452' title='bbox 1591 1542 1643 1573; x_wconf 90' lang='lat' dir='ltr'>per</span> <span class='ocrx_word' id='word_1_453' title='bbox 1665 1537 1777 1563; x_wconf 85' lang='lat' dir='ltr'>secreta</span> <span class='ocrx_word' id='word_1_454' title='bbox 1799 1533 1939 1572; x_wconf 81' lang='lat' dir='ltr'>suffragia</span> <span class='ocrx_word' id='word_1_455' title='bbox 1961 1533 2015 1565; x_wconf 90' lang='lat' dir='ltr'>eli-</span> 
     </span>
     <span class='ocr_line' id='line_1_80' title="bbox 1274 1582 2013 1622; baseline 0.003 -10"><span class='ocrx_word' id='word_1_456' title='bbox 1274 1587 1343 1622; x_wconf 81' lang='lat' dir='ltr'>gant</span> <span class='ocrx_word' id='word_1_457' title='bbox 1364 1583 1400 1613; x_wconf 81' lang='lat' dir='ltr'>ad</span> <span class='ocrx_word' id='word_1_458' title='bbox 1424 1583 1554 1613; x_wconf 79' lang='lat' dir='ltr'>futurum</span> <span class='ocrx_word' id='word_1_459' title='bbox 1577 1582 1750 1612; x_wconf 78' lang='lat' dir='ltr'>sexennium</span> <span class='ocrx_word' id='word_1_460' title='bbox 1774 1591 1824 1612; x_wconf 85' lang='lat' dir='ltr'>sex</span> <span class='ocrx_word' id='word_1_461' title='bbox 1843 1582 2013 1614; x_wconf 85' lang='lat' dir='ltr'>definitores</span> 
     </span>
     <span class='ocr_line' id='line_1_81' title="bbox 1275 1631 2013 1671; baseline 0.001 -9"><span class='ocrx_word' id='word_1_462' title='bbox 1275 1632 1426 1671; x_wconf 80' lang='lat' dir='ltr'>generales</span> <span class='ocrx_word' id='word_1_463' title='bbox 1459 1631 1576 1661; x_wconf 88' lang='lat' dir='ltr'>Ordinis</span> <span class='ocrx_word' id='word_1_464' title='bbox 1607 1631 1688 1661; x_wconf 87' lang='lat' dir='ltr'>iuxta</span> <span class='ocrx_word' id='word_1_465' title='bbox 1710 1631 1801 1661; x_wconf 89' lang='lat' dir='ltr'>Breve</span> <span class='ocrx_word' id='word_1_466' title='bbox 1833 1632 2013 1663; x_wconf 88' lang='lat' dir='ltr'>sanctissimi</span> 
     </span>
     <span class='ocr_line' id='line_1_82' title="bbox 1275 1679 2013 1719; baseline 0.001 -9"><span class='ocrx_word' id='word_1_467' title='bbox 1275 1681 1386 1711; x_wconf 89' lang='lat' dir='ltr'>domini</span> <span class='ocrx_word' id='word_1_468' title='bbox 1420 1680 1513 1710; x_wconf 85' lang='lat' dir='ltr'>nostri</span> <span class='ocrx_word' id='word_1_469' title='bbox 1545 1679 1701 1710; x_wconf 89' lang='lat' dir='ltr'>Clementis</span> <span class='ocrx_word' id='word_1_470' title='bbox 1723 1680 1818 1719; x_wconf 88' lang='lat' dir='ltr'>Papae</span> <span class='ocrx_word' id='word_1_471' title='bbox 1839 1679 1911 1719; x_wconf 84' lang='lat' dir='ltr'>XII,</span> <span class='ocrx_word' id='word_1_472' title='bbox 1935 1680 2013 1719; x_wconf 87' lang='lat' dir='ltr'>quod</span> 
     </span>
     <span class='ocr_line' id='line_1_83' title="bbox 1275 1729 2014 1769; baseline 0.003 -10"><span class='ocrx_word' id='word_1_473' title='bbox 1275 1730 1379 1769; x_wconf 85' lang='lat' dir='ltr'>incipit</span> <span class='ocrx_word' id='word_1_474' title='bbox 1409 1729 1561 1759; x_wconf 72' lang='lat' dir='ltr'>pastoralis</span> <span class='ocrx_word' id='word_1_475' title='bbox 1583 1729 1684 1768; x_wconf 80' lang='lat' dir='ltr'>officii,</span> <span class='ocrx_word' id='word_1_476' title='bbox 1713 1729 1880 1768; x_wconf 89' lang='lat' dir='ltr'>expeditum</span> <span class='ocrx_word' id='word_1_477' title='bbox 1912 1739 2014 1761; x_wconf 84' lang='lat' dir='ltr'>mense</span> 
     </span>
     <span class='ocr_line' id='line_1_84' title="bbox 1275 1778 2013 1818; baseline 0 -10"><span class='ocrx_word' id='word_1_478' title='bbox 1275 1778 1460 1818; x_wconf 85' lang='lat' dir='ltr'>septembris,</span> <span class='ocrx_word' id='word_1_479' title='bbox 1474 1778 1520 1807; x_wconf 89' lang='lat' dir='ltr'>die</span> <span class='ocrx_word' id='word_1_480' title='bbox 1535 1787 1562 1815; x_wconf 85' lang='lat' dir='ltr'>x,</span> <span class='ocrx_word' id='word_1_481' title='bbox 1576 1787 1652 1808; x_wconf 85' lang='lat' dir='ltr'>anno</span> <span class='ocrx_word' id='word_1_482' title='bbox 1667 1786 1816 1816; x_wconf 75' lang='lat' dir='ltr'>mnccxxx,</span> <span class='ocrx_word' id='word_1_483' title='bbox 1831 1778 1881 1817; x_wconf 93' lang='lat' dir='ltr'>qui</span> <span class='ocrx_word' id='word_1_484' title='bbox 1894 1778 2013 1818; x_wconf 85' lang='lat' dir='ltr'>quidem</span> 
     </span>
     <span class='ocr_line' id='line_1_85' title="bbox 1274 1827 2013 1866; baseline 0 -8"><span class='ocrx_word' id='word_1_485' title='bbox 1274 1828 1444 1858; x_wconf 83' lang='lat' dir='ltr'>definitores</span> <span class='ocrx_word' id='word_1_486' title='bbox 1465 1835 1580 1866; x_wconf 89' lang='lat' dir='ltr'>semper</span> <span class='ocrx_word' id='word_1_487' title='bbox 1602 1827 1771 1857; x_wconf 88' lang='lat' dir='ltr'>assumendi</span> <span class='ocrx_word' id='word_1_488' title='bbox 1793 1831 1881 1857; x_wconf 86' lang='lat' dir='ltr'>erunt</span> <span class='ocrx_word' id='word_1_489' title='bbox 1908 1837 1944 1858; x_wconf 83' lang='lat' dir='ltr'>ex</span> <span class='ocrx_word' id='word_1_490' title='bbox 1971 1827 2013 1858; x_wconf 86' lang='lat' dir='ltr'>sa-</span> 
     </span>
     <span class='ocr_line' id='line_1_86' title="bbox 1275 1875 1924 1914; baseline 0 -8"><span class='ocrx_word' id='word_1_491' title='bbox 1275 1876 1354 1906; x_wconf 80' lang='lat' dir='ltr'>milia</span> <span class='ocrx_word' id='word_1_492' title='bbox 1376 1875 1502 1906; x_wconf 87' lang='lat' dir='ltr'>ministri</span> <span class='ocrx_word' id='word_1_493' title='bbox 1524 1875 1669 1914; x_wconf 84' lang='lat' dir='ltr'>generalis</span> <span class='ocrx_word' id='word_1_494' title='bbox 1690 1875 1806 1906; x_wconf 90' lang='lat' dir='ltr'>noviter</span> <span class='ocrx_word' id='word_1_495' title='bbox 1826 1876 1924 1906; x_wconf 84' lang='lat' dir='ltr'>electi.</span> 
     </span>
    </p>

    <p class='ocr_par' dir='ltr' id='par_1_15' title="bbox 1274 1925 2013 2111">
     <span class='ocr_line' id='line_1_87' title="bbox 1314 1925 2012 1965; baseline 0.001 -10"><span class='ocrx_word' id='word_1_496' title='bbox 1314 1935 1364 1955; x_wconf 85' lang='lat' dir='ltr'>xx.</span> <span class='ocrx_word' id='word_1_497' title='bbox 1398 1925 1538 1956; x_wconf 90' lang='lat' dir='ltr'>Similiter</span> <span class='ocrx_word' id='word_1_498' title='bbox 1571 1928 1636 1964; x_wconf 90' lang='lat' dir='ltr'>post</span> <span class='ocrx_word' id='word_1_499' title='bbox 1667 1933 1805 1965; x_wconf 89' lang='lat' dir='ltr'>vesperas</span> <span class='ocrx_word' id='word_1_500' title='bbox 1837 1925 1925 1956; x_wconf 87' lang='lat' dir='ltr'>huius</span> <span class='ocrx_word' id='word_1_501' title='bbox 1954 1925 2012 1956; x_wconf 93' lang='lat' dir='ltr'>diei</span> 
     </span>
     <span class='ocr_line' id='line_1_88' title="bbox 1274 1974 2013 2014; baseline 0.001 -10"><span class='ocrx_word' id='word_1_502' title='bbox 1274 1978 1492 2014; x_wconf 82' lang='lat' dir='ltr'>congregentur</span> <span class='ocrx_word' id='word_1_503' title='bbox 1513 1983 1615 2004; x_wconf 89' lang='lat' dir='ltr'>omnes</span> <span class='ocrx_word' id='word_1_504' title='bbox 1637 1974 1688 2013; x_wconf 91' lang='lat' dir='ltr'>qui</span> <span class='ocrx_word' id='word_1_505' title='bbox 1710 1974 1903 2005; x_wconf 89' lang='lat' dir='ltr'>commissarii</span> <span class='ocrx_word' id='word_1_506' title='bbox 1925 1983 2013 2013; x_wconf 79' lang='lat' dir='ltr'>gene-</span> 
     </span>
     <span class='ocr_line' id='line_1_89' title="bbox 1274 2022 2013 2062; baseline 0 -8"><span class='ocrx_word' id='word_1_507' title='bbox 1274 2024 1349 2054; x_wconf 87' lang='lat' dir='ltr'>rales</span> <span class='ocrx_word' id='word_1_508' title='bbox 1381 2024 1497 2053; x_wconf 82' lang='lat' dir='ltr'>fuerant</span> <span class='ocrx_word' id='word_1_509' title='bbox 1529 2022 1622 2062; x_wconf 92' lang='lat' dir='ltr'>pridie</span> <span class='ocrx_word' id='word_1_510' title='bbox 1653 2023 1816 2061; x_wconf 89' lang='lat' dir='ltr'>electores,</span> <span class='ocrx_word' id='word_1_511' title='bbox 1841 2027 1869 2053; x_wconf 92' lang='lat' dir='ltr'>et</span> <span class='ocrx_word' id='word_1_512' title='bbox 1902 2033 1937 2054; x_wconf 88' lang='lat' dir='ltr'>ex</span> <span class='ocrx_word' id='word_1_513' title='bbox 1959 2024 2013 2054; x_wconf 61' lang='lat' dir='ltr'>sua</span> 
     </span>
     <span class='ocr_line' id='line_1_90' title="bbox 1274 2071 2013 2111; baseline 0.001 -9"><span class='ocrx_word' id='word_1_514' title='bbox 1274 2072 1396 2110; x_wconf 76' lang='lat' dir='ltr'>familia,</span> <span class='ocrx_word' id='word_1_515' title='bbox 1416 2076 1445 2102; x_wconf 91' lang='lat' dir='ltr'>et</span> <span class='ocrx_word' id='word_1_516' title='bbox 1465 2081 1515 2111; x_wconf 88' lang='lat' dir='ltr'>pro</span> <span class='ocrx_word' id='word_1_517' title='bbox 1537 2073 1584 2109; x_wconf 74' lang='lat' dir='ltr'>ea,</span> <span class='ocrx_word' id='word_1_518' title='bbox 1608 2080 1658 2101; x_wconf 85' lang='lat' dir='ltr'>sex</span> <span class='ocrx_word' id='word_1_519' title='bbox 1680 2071 1752 2102; x_wconf 89' lang='lat' dir='ltr'>alios</span> <span class='ocrx_word' id='word_1_520' title='bbox 1774 2071 1943 2102; x_wconf 82' lang='lat' dir='ltr'>definitores</span> <span class='ocrx_word' id='word_1_521' title='bbox 1964 2082 2013 2111; x_wconf 88' lang='lat' dir='ltr'>ge-</span> 
     </span>
    </p>
   </div>
   <div class='ocr_carea' id='block_1_8' title="bbox 2018 265 2232 300">
    <p class='ocr_par' dir='ltr' id='par_1_16' title="bbox 2018 265 2232 300">
     <span class='ocr_line' id='line_1_91' title="bbox 2018 265 2232 300; baseline 0.019 -8"><span class='ocrx_word' id='word_1_522' title='bbox 2018 265 2068 294; x_wconf 78' lang='grc' dir='ltr'>Αη.</span> <span class='ocrx_word' id='word_1_523' title='bbox 2087 266 2117 295; x_wconf 83' lang='lat' dir='ltr'>C.</span> <span class='ocrx_word' id='word_1_524' title='bbox 2133 267 2195 300; x_wconf 67' lang='lat'>¹⁷³8</span> <span class='ocrx_word' id='word_1_525' title='bbox 2225 266 2232 277; x_wconf 90' lang='lat'><strong>¹</strong></span> 
     </span>
    </p>
   </div>
   <div class='ocr_carea' id='block_1_9' title="bbox 1273 2119 2063 2159">
    <p class='ocr_par' dir='ltr' id='par_1_17' title="bbox 1273 2119 2063 2159">
     <span class='ocr_line' id='line_1_92' title="bbox 1273 2119 2063 2159; baseline 0 -7"><span class='ocrx_word' id='word_1_526' title='bbox 1273 2122 1388 2152; x_wconf 88' lang='lat' dir='ltr'>nerales</span> <span class='ocrx_word' id='word_1_527' title='bbox 1411 2121 1539 2151; x_wconf 82' lang='lat' dir='ltr'>familiae</span> <span class='ocrx_word' id='word_1_528' title='bbox 1567 2119 1678 2159; x_wconf 84' lang='lat' dir='ltr'>eligant</span> <span class='ocrx_word' id='word_1_529' title='bbox 1704 2121 1740 2150; x_wconf 86' lang='lat' dir='ltr'>ad</span> <span class='ocrx_word' id='word_1_530' title='bbox 1768 2121 1900 2151; x_wconf 86' lang='lat' dir='ltr'>futurum</span> <span class='ocrx_word' id='word_1_531' title='bbox 1923 2121 2012 2152; x_wconf 90' lang='lat' dir='ltr'>trien-</span> <span class='ocrx_word' id='word_1_532' title='bbox 2059 2126 2063 2131; x_wconf 85' lang='grc'><em>·</em></span> 
     </span>
    </p>
   </div>
   <div class='ocr_carea' id='block_1_10' title="bbox 1274 2169 2013 2699">
    <p class='ocr_par' dir='ltr' id='par_1_18' title="bbox 1274 2169 2010 2256">
     <span class='ocr_line' id='line_1_93' title="bbox 1274 2169 2010 2211; baseline 0.001 -11"><span class='ocrx_word' id='word_1_533' title='bbox 1274 2171 1377 2207; x_wconf 91' lang='lat' dir='ltr'>nium,</span> <span class='ocrx_word' id='word_1_534' title='bbox 1401 2169 1451 2210; x_wconf 91' lang='lat' dir='ltr'>qui</span> <span class='ocrx_word' id='word_1_535' title='bbox 1480 2178 1533 2199; x_wconf 92' lang='lat' dir='ltr'>nec</span> <span class='ocrx_word' id='word_1_536' title='bbox 1565 2169 1660 2199; x_wconf 87' lang='lat' dir='ltr'>vocari</span> <span class='ocrx_word' id='word_1_537' title='bbox 1690 2169 1802 2208; x_wconf 86' lang='lat' dir='ltr'>possint</span> <span class='ocrx_word' id='word_1_538' title='bbox 1832 2179 1886 2201; x_wconf 88' lang='lat' dir='ltr'>nec</span> <span class='ocrx_word' id='word_1_539' title='bbox 1912 2171 2010 2211; x_wconf 73' lang='lat' dir='ltr'>reipsa.</span> 
     </span>
     <span class='ocr_line' id='line_1_94' title="bbox 1274 2218 1878 2256; baseline -0.003 -6"><span class='ocrx_word' id='word_1_540' title='bbox 1274 2224 1360 2250; x_wconf 90' lang='lat' dir='ltr'>erunt</span> <span class='ocrx_word' id='word_1_541' title='bbox 1381 2219 1551 2249; x_wconf 82' lang='lat' dir='ltr'>definitores</span> <span class='ocrx_word' id='word_1_542' title='bbox 1573 2218 1725 2256; x_wconf 86' lang='lat' dir='ltr'>generales</span> <span class='ocrx_word' id='word_1_543' title='bbox 1748 2218 1878 2249; x_wconf 89' lang='lat' dir='ltr'>Ordinis.</span> 
     </span>
    </p>

    <p class='ocr_par' dir='ltr' id='par_1_19' title="bbox 1275 2266 2013 2699">
     <span class='ocr_line' id='line_1_95' title="bbox 1315 2266 2012 2304; baseline 0 -6"><span class='ocrx_word' id='word_1_544' title='bbox 1315 2277 1373 2298; x_wconf 79' lang='lat' dir='ltr'>xxi.</span> <span class='ocrx_word' id='word_1_545' title='bbox 1396 2266 1605 2298; x_wconf 85' lang='lat' dir='ltr'>Detinitoribus</span> <span class='ocrx_word' id='word_1_546' title='bbox 1634 2267 1770 2297; x_wconf 89' lang='lat' dir='ltr'>omnihus</span> <span class='ocrx_word' id='word_1_547' title='bbox 1801 2267 1913 2304; x_wconf 89' lang='lat' dir='ltr'>electis,</span> <span class='ocrx_word' id='word_1_548' title='bbox 1942 2277 2012 2298; x_wconf 88' lang='lat' dir='ltr'>con-</span> 
     </span>
     <span class='ocr_line' id='line_1_96' title="bbox 1275 2315 2010 2356; baseline -0.001 -9"><span class='ocrx_word' id='word_1_549' title='bbox 1275 2320 1412 2356; x_wconf 81' lang='lat' dir='ltr'>gregetur</span> <span class='ocrx_word' id='word_1_550' title='bbox 1428 2320 1487 2346; x_wconf 85' lang='lat' dir='ltr'>tota</span> <span class='ocrx_word' id='word_1_551' title='bbox 1509 2316 1629 2355; x_wconf 89' lang='lat' dir='ltr'>solaque</span> <span class='ocrx_word' id='word_1_552' title='bbox 1645 2315 1755 2346; x_wconf 79' lang='lat' dir='ltr'>familia</span> <span class='ocrx_word' id='word_1_553' title='bbox 1776 2316 2010 2355; x_wconf 85' lang='lat' dir='ltr'>intra-Hispana,</span> 
     </span>
     <span class='ocr_line' id='line_1_97' title="bbox 1275 2364 2013 2405; baseline -0.003 -9"><span class='ocrx_word' id='word_1_554' title='bbox 1275 2369 1303 2396; x_wconf 89' lang='lat' dir='ltr'>et</span> <span class='ocrx_word' id='word_1_555' title='bbox 1326 2365 1460 2405; x_wconf 84' lang='lat' dir='ltr'>praeside</span> <span class='ocrx_word' id='word_1_556' title='bbox 1481 2365 1582 2395; x_wconf 90' lang='lat' dir='ltr'>eodem</span> <span class='ocrx_word' id='word_1_557' title='bbox 1605 2364 1725 2404; x_wconf 87' lang='lat' dir='ltr'>capituli</span> <span class='ocrx_word' id='word_1_558' title='bbox 1747 2364 1904 2403; x_wconf 85' lang='lat' dir='ltr'>generalis,</span> <span class='ocrx_word' id='word_1_559' title='bbox 1928 2374 2013 2395; x_wconf 88' lang='lat' dir='ltr'>cano-</span> 
     </span>
     <span class='ocr_line' id='line_1_98' title="bbox 1275 2413 2013 2453; baseline -0.003 -8"><span class='ocrx_word' id='word_1_560' title='bbox 1275 2415 1341 2446; x_wconf 90' lang='lat' dir='ltr'>nice</span> <span class='ocrx_word' id='word_1_561' title='bbox 1363 2418 1391 2444; x_wconf 91' lang='lat' dir='ltr'>et</span> <span class='ocrx_word' id='word_1_562' title='bbox 1413 2414 1448 2444; x_wconf 89' lang='lat' dir='ltr'>ad</span> <span class='ocrx_word' id='word_1_563' title='bbox 1470 2413 1630 2444; x_wconf 90' lang='lat' dir='ltr'>triennium</span> <span class='ocrx_word' id='word_1_564' title='bbox 1653 2423 1688 2444; x_wconf 85' lang='lat' dir='ltr'>ex</span> <span class='ocrx_word' id='word_1_565' title='bbox 1711 2415 1764 2444; x_wconf 69' lang='lat' dir='ltr'>sua</span> <span class='ocrx_word' id='word_1_566' title='bbox 1793 2414 1903 2443; x_wconf 68' lang='lat' dir='ltr'>familia</span> <span class='ocrx_word' id='word_1_567' title='bbox 1924 2414 2013 2453; x_wconf 87' lang='lat' dir='ltr'>eligat</span> 
     </span>
     <span class='ocr_line' id='line_1_99' title="bbox 1276 2462 2013 2494; baseline -0.003 0"><span class='ocrx_word' id='word_1_568' title='bbox 1276 2464 1445 2494; x_wconf 88' lang='lat' dir='ltr'>ministrum</span> <span class='ocrx_word' id='word_1_569' title='bbox 1467 2463 1561 2493; x_wconf 90' lang='lat' dir='ltr'>nostri</span> <span class='ocrx_word' id='word_1_570' title='bbox 1583 2467 1744 2493; x_wconf 89' lang='lat' dir='ltr'>conventus</span> <span class='ocrx_word' id='word_1_571' title='bbox 1767 2462 1881 2492; x_wconf 86' lang='lat' dir='ltr'>romani</span> <span class='ocrx_word' id='word_1_572' title='bbox 1906 2462 1935 2493; x_wconf 87' lang='lat' dir='ltr'>S.</span> <span class='ocrx_word' id='word_1_573' title='bbox 1963 2463 2013 2493; x_wconf 89' lang='lat' dir='ltr'>Ca-</span> 
     </span>
     <span class='ocr_line' id='line_1_100' title="bbox 1276 2511 2012 2552; baseline -0.004 -8"><span class='ocrx_word' id='word_1_574' title='bbox 1276 2513 1341 2544; x_wconf 90' lang='lat' dir='ltr'>roli.</span> <span class='ocrx_word' id='word_1_575' title='bbox 1376 2513 1410 2543; x_wconf 91' lang='lat' dir='ltr'>Et</span> <span class='ocrx_word' id='word_1_576' title='bbox 1441 2515 1540 2552; x_wconf 87' lang='lat' dir='ltr'>postea</span> <span class='ocrx_word' id='word_1_577' title='bbox 1572 2511 1700 2549; x_wconf 83' lang='lat' dir='ltr'>familia,</span> <span class='ocrx_word' id='word_1_578' title='bbox 1724 2520 1759 2541; x_wconf 84' lang='lat' dir='ltr'>ex</span> <span class='ocrx_word' id='word_1_579' title='bbox 1791 2520 1846 2551; x_wconf 89' lang='lat' dir='ltr'>qua</span> <span class='ocrx_word' id='word_1_580' title='bbox 1877 2511 2012 2542; x_wconf 89' lang='lat' dir='ltr'>minister</span> 
     </span>
     <span class='ocr_line' id='line_1_101' title="bbox 1275 2560 2013 2602; baseline -0.003 -10"><span class='ocrx_word' id='word_1_581' title='bbox 1275 2562 1420 2602; x_wconf 79' lang='lat' dir='ltr'>generalis</span> <span class='ocrx_word' id='word_1_582' title='bbox 1453 2561 1562 2601; x_wconf 88' lang='lat' dir='ltr'>spirat,</span> <span class='ocrx_word' id='word_1_583' title='bbox 1597 2560 1735 2591; x_wconf 86' lang='lat' dir='ltr'>similiter</span> <span class='ocrx_word' id='word_1_584' title='bbox 1767 2560 1907 2590; x_wconf 90' lang='lat' dir='ltr'>canonice</span> <span class='ocrx_word' id='word_1_585' title='bbox 1927 2564 1956 2591; x_wconf 89' lang='lat' dir='ltr'>et</span> <span class='ocrx_word' id='word_1_586' title='bbox 1977 2561 2013 2591; x_wconf 88' lang='lat' dir='ltr'>ad</span> 
     </span>
     <span class='ocr_line' id='line_1_102' title="bbox 1276 2609 2013 2648; baseline -0.001 -8"><span class='ocrx_word' id='word_1_587' title='bbox 1276 2610 1437 2641; x_wconf 89' lang='lat' dir='ltr'>triennium</span> <span class='ocrx_word' id='word_1_588' title='bbox 1455 2609 1542 2648; x_wconf 81' lang='lat' dir='ltr'>eligat</span> <span class='ocrx_word' id='word_1_589' title='bbox 1564 2618 1600 2639; x_wconf 83' lang='lat' dir='ltr'>ex</span> <span class='ocrx_word' id='word_1_590' title='bbox 1629 2610 1683 2640; x_wconf 73' lang='lat' dir='ltr'>sua</span> <span class='ocrx_word' id='word_1_591' title='bbox 1712 2609 1822 2639; x_wconf 73' lang='lat' dir='ltr'>familia</span> <span class='ocrx_word' id='word_1_592' title='bbox 1844 2609 2013 2639; x_wconf 88' lang='lat' dir='ltr'>ministrum</span> 
     </span>
     <span class='ocr_line' id='line_1_103' title="bbox 1275 2658 2010 2699; baseline -0.001 -9"><span class='ocrx_word' id='word_1_593' title='bbox 1275 2660 1369 2692; x_wconf 92' lang='lat' dir='ltr'>nostri</span> <span class='ocrx_word' id='word_1_594' title='bbox 1390 2659 1507 2699; x_wconf 87' lang='lat' dir='ltr'>collegii</span> <span class='ocrx_word' id='word_1_595' title='bbox 1529 2658 1643 2690; x_wconf 85' lang='lat' dir='ltr'>romani</span> <span class='ocrx_word' id='word_1_596' title='bbox 1664 2659 1700 2690; x_wconf 92' lang='lat' dir='ltr'>de</span> <span class='ocrx_word' id='word_1_597' title='bbox 1718 2658 1910 2698; x_wconf 69' lang='lat' dir='ltr'>Propaganda</span> <span class='ocrx_word' id='word_1_598' title='bbox 1930 2658 2010 2690; x_wconf 86' lang='lat' dir='ltr'>Fide.</span> 
     </span>
    </p>
   </div>
  </div>
 </body>
</html>
