<?xml version="1.0" encoding="UTF-8"?>
<!DOCTYPE html PUBLIC "-//W3C//DTD XHTML 1.0 Transitional//EN"
    "http://www.w3.org/TR/xhtml1/DTD/xhtml1-transitional.dtd">
<html xmlns="http://www.w3.org/1999/xhtml" xml:lang="en" lang="en">
 <head>
  <title>
</title>
<meta http-equiv="Content-Type" content="text/html;charset=utf-8" />
  <meta name='ocr-system' content='tesseract 3.04.00' />
  <meta name='ocr-capabilities' content='ocr_page ocr_carea ocr_par ocr_line ocrx_word'/>
</head>
<body>
  <div class='ocr_page' id='page_1' title='image "./bullarumdiplomat24cath_0129.png"; bbox 0 0 2232 3178; ppageno 0'>
   <div class='ocr_carea' id='block_1_1' title="bbox 49 235 985 860">
    <p class='ocr_par' dir='ltr' id='par_1_1' title="bbox 49 235 985 860">
     <span class='ocr_line' id='line_1_1' title="bbox 49 235 231 264; baseline -0.005 0"><span class='ocrx_word' id='word_1_1' title='bbox 49 238 96 264; x_wconf 73' lang='lat' dir='ltr'>An.</span> <span class='ocrx_word' id='word_1_2' title='bbox 112 236 140 264; x_wconf 89' lang='lat' dir='ltr'>C.</span> <span class='ocrx_word' id='word_1_3' title='bbox 163 235 231 263; x_wconf 77' lang='lat'>1735</span> 
     </span>
     <span class='ocr_line' id='line_1_2' title="bbox 241 284 981 328; baseline -0.003 -11"><span class='ocrx_word' id='word_1_4' title='bbox 241 289 373 328; x_wconf 80' lang='lat' dir='ltr'>excepta</span> <span class='ocrx_word' id='word_1_5' title='bbox 389 284 599 328; x_wconf 86' lang='lat' dir='ltr'>laudataque,</span> <span class='ocrx_word' id='word_1_6' title='bbox 621 284 849 324; x_wconf 82' lang='lat' dir='ltr'>nihilominus,</span> <span class='ocrx_word' id='word_1_7' title='bbox 867 293 926 327; x_wconf 92' lang='lat' dir='ltr'>pro</span> <span class='ocrx_word' id='word_1_8' title='bbox 942 293 981 316; x_wconf 91' lang='lat' dir='ltr'>eo</span> 
     </span>
     <span class='ocr_line' id='line_1_3' title="bbox 241 336 982 381; baseline 0 -13"><span class='ocrx_word' id='word_1_9' title='bbox 241 337 330 381; x_wconf 87' lang='lat' dir='ltr'>qnod</span> <span class='ocrx_word' id='word_1_10' title='bbox 367 342 509 380; x_wconf 85' lang='lat' dir='ltr'>quatuor</span> <span class='ocrx_word' id='word_1_11' title='bbox 545 336 620 370; x_wconf 92' lang='lat' dir='ltr'>dicti</span> <span class='ocrx_word' id='word_1_12' title='bbox 657 337 829 370; x_wconf 70' lang='lat' dir='ltr'>vicariatus</span> <span class='ocrx_word' id='word_1_13' title='bbox 867 336 982 369; x_wconf 89' lang='lat' dir='ltr'>Curiae</span> 
     </span>
     <span class='ocr_line' id='line_1_4' title="bbox 240 389 984 432; baseline 0 -10"><span class='ocrx_word' id='word_1_14' title='bbox 240 390 458 423; x_wconf 85' lang='lat' dir='ltr'>notariatuum</span> <span class='ocrx_word' id='word_1_15' title='bbox 483 389 606 430; x_wconf 78' lang='lat' dir='ltr'>officiis,</span> <span class='ocrx_word' id='word_1_16' title='bbox 626 390 666 422; x_wconf 89' lang='lat' dir='ltr'>ab</span> <span class='ocrx_word' id='word_1_17' title='bbox 688 390 835 432; x_wconf 79' lang='lat' dir='ltr'>Eugenio</span> <span class='ocrx_word' id='word_1_18' title='bbox 849 389 896 429; x_wconf 68' lang='lat' dir='ltr'>JV,</span> <span class='ocrx_word' id='word_1_19' title='bbox 917 389 984 422; x_wconf 72' lang='lat' dir='ltr'>Ale-</span> 
     </span>
     <span class='ocr_line' id='line_1_5' title="bbox 240 442 984 477; baseline -0.004 -1"><span class='ocrx_word' id='word_1_20' title='bbox 240 443 365 476; x_wconf 75' lang='lat' dir='ltr'>xandro</span> <span class='ocrx_word' id='word_1_21' title='bbox 388 443 425 475; x_wconf 72' lang='lat' dir='ltr'>Vl</span> <span class='ocrx_word' id='word_1_22' title='bbox 452 448 484 476; x_wconf 92' lang='lat' dir='ltr'>et</span> <span class='ocrx_word' id='word_1_23' title='bbox 509 443 597 477; x_wconf 78' lang='lat' dir='ltr'>Sixto</span> <span class='ocrx_word' id='word_1_24' title='bbox 622 443 644 475; x_wconf 79' lang='lat' dir='ltr'>V</span> <span class='ocrx_word' id='word_1_25' title='bbox 675 443 830 476; x_wconf 84' lang='lat' dir='ltr'>Romanis</span> <span class='ocrx_word' id='word_1_26' title='bbox 858 442 984 475; x_wconf 77' lang='lat' dir='ltr'>Pontiu-</span> 
     </span>
     <span class='ocr_line' id='line_1_6' title="bbox 241 495 985 540; baseline -0.004 -10"><span class='ocrx_word' id='word_1_27' title='bbox 241 496 333 530; x_wconf 85' lang='lat' dir='ltr'>cibus</span> <span class='ocrx_word' id='word_1_28' title='bbox 360 507 470 529; x_wconf 80' lang='lat' dir='ltr'>eorum</span> <span class='ocrx_word' id='word_1_29' title='bbox 497 496 676 540; x_wconf 77' lang='lat' dir='ltr'>apostolica</span> <span class='ocrx_word' id='word_1_30' title='bbox 696 495 890 529; x_wconf 85' lang='lat' dir='ltr'>auctoritate</span> <span class='ocrx_word' id='word_1_31' title='bbox 918 506 985 528; x_wconf 88' lang='lat' dir='ltr'>ere-</span> 
     </span>
     <span class='ocr_line' id='line_1_7' title="bbox 240 549 985 593; baseline -0.003 -11"><span class='ocrx_word' id='word_1_32' title='bbox 240 549 312 590; x_wconf 87' lang='lat' dir='ltr'>ctis,</span> <span class='ocrx_word' id='word_1_33' title='bbox 338 560 422 593; x_wconf 90' lang='lat' dir='ltr'>quae</span> <span class='ocrx_word' id='word_1_34' title='bbox 447 550 603 583; x_wconf 86' lang='lat' dir='ltr'>vacabilia</span> <span class='ocrx_word' id='word_1_35' title='bbox 628 550 784 588; x_wconf 83' lang='lat' dir='ltr'>existunt,</span> <span class='ocrx_word' id='word_1_36' title='bbox 809 549 839 581; x_wconf 91' lang='lat' dir='ltr'>in</span> <span class='ocrx_word' id='word_1_37' title='bbox 860 559 985 581; x_wconf 88' lang='lat' dir='ltr'>eorum-</span> 
     </span>
     <span class='ocr_line' id='line_1_8' title="bbox 241 602 983 646; baseline -0.003 -11"><span class='ocrx_word' id='word_1_38' title='bbox 241 603 313 635; x_wconf 90' lang='lat' dir='ltr'>dem</span> <span class='ocrx_word' id='word_1_39' title='bbox 354 602 538 636; x_wconf 84' lang='lat' dir='ltr'>officiorum</span> <span class='ocrx_word' id='word_1_40' title='bbox 583 602 764 646; x_wconf 75' lang='lat' dir='ltr'>respective</span> <span class='ocrx_word' id='word_1_41' title='bbox 816 602 983 634; x_wconf 85' lang='lat' dir='ltr'>erectione</span> 
     </span>
     <span class='ocr_line' id='line_1_9' title="bbox 241 655 985 699; baseline -0.003 -11"><span class='ocrx_word' id='word_1_42' title='bbox 241 661 303 689; x_wconf 89' lang='lat' dir='ltr'>tam</span> <span class='ocrx_word' id='word_1_43' title='bbox 328 656 469 689; x_wconf 90' lang='lat' dir='ltr'>civilium</span> <span class='ocrx_word' id='word_1_44' title='bbox 508 667 601 699; x_wconf 88' lang='lat' dir='ltr'>qnam</span> <span class='ocrx_word' id='word_1_45' title='bbox 629 655 849 689; x_wconf 73' lang='lat' dir='ltr'>criminalium</span> <span class='ocrx_word' id='word_1_46' title='bbox 876 665 985 687; x_wconf 85' lang='lat' dir='ltr'>causa-</span> 
     </span>
     <span class='ocr_line' id='line_1_10' title="bbox 241 709 985 752; baseline 0 -11"><span class='ocrx_word' id='word_1_47' title='bbox 241 720 312 742; x_wconf 85' lang='lat' dir='ltr'>rum</span> <span class='ocrx_word' id='word_1_48' title='bbox 336 709 479 752; x_wconf 80' lang='lat' dir='ltr'>cognitio</span> <span class='ocrx_word' id='word_1_49' title='bbox 498 720 653 742; x_wconf 86' lang='lat' dir='ltr'>concessa</span> <span class='ocrx_word' id='word_1_50' title='bbox 676 709 747 749; x_wconf 81' lang='lat' dir='ltr'>suit,</span> <span class='ocrx_word' id='word_1_51' title='bbox 767 720 803 741; x_wconf 77' lang='lat' dir='ltr'>ex</span> <span class='ocrx_word' id='word_1_52' title='bbox 826 709 985 752; x_wconf 81' lang='lat' dir='ltr'>permixta</span> 
     </span>
     <span class='ocr_line' id='line_1_11' title="bbox 240 763 982 806; baseline -0.004 -9"><span class='ocrx_word' id='word_1_53' title='bbox 240 774 407 797; x_wconf 81' lang='lat' dir='ltr'>causarum</span> <span class='ocrx_word' id='word_1_54' title='bbox 446 763 632 797; x_wconf 86' lang='lat' dir='ltr'>huiusmodi</span> <span class='ocrx_word' id='word_1_55' title='bbox 671 763 861 806; x_wconf 69' lang='lat' dir='ltr'>cognitione</span> <span class='ocrx_word' id='word_1_56' title='bbox 901 763 982 795; x_wconf 89' lang='lat' dir='ltr'>assi-</span> 
     </span>
     <span class='ocr_line' id='line_1_12' title="bbox 241 816 985 860; baseline -0.003 -11"><span class='ocrx_word' id='word_1_57' title='bbox 241 819 338 860; x_wconf 77' lang='lat' dir='ltr'>gnata</span> <span class='ocrx_word' id='word_1_58' title='bbox 381 816 567 849; x_wconf 80' lang='lat' dir='ltr'>criminales</span> <span class='ocrx_word' id='word_1_59' title='bbox 604 827 720 849; x_wconf 87' lang='lat' dir='ltr'>causae</span> <span class='ocrx_word' id='word_1_60' title='bbox 756 816 803 848; x_wconf 89' lang='lat' dir='ltr'>sic</span> <span class='ocrx_word' id='word_1_61' title='bbox 839 816 985 848; x_wconf 86' lang='lat' dir='ltr'>civilibus</span> 
     </span>
    </p>
   </div>
   <div class='ocr_carea' id='block_1_2' title="bbox 239 864 1009 913">
    <p class='ocr_par' dir='ltr' id='par_1_2' title="bbox 239 864 1009 913">
     <span class='ocr_line' id='line_1_13' title="bbox 239 864 1009 913; baseline -0.001 -10"><span class='ocrx_word' id='word_1_62' title='bbox 239 870 419 913; x_wconf 71' lang='lat' dir='ltr'>permixtae</span> <span class='ocrx_word' id='word_1_63' title='bbox 445 870 577 912; x_wconf 85' lang='lat' dir='ltr'>vigilem</span> <span class='ocrx_word' id='word_1_64' title='bbox 614 869 722 910; x_wconf 87' lang='lat' dir='ltr'>illam,</span> <span class='ocrx_word' id='word_1_65' title='bbox 748 880 829 912; x_wconf 88' lang='lat' dir='ltr'>quae</span> <span class='ocrx_word' id='word_1_66' title='bbox 855 880 908 902; x_wconf 89' lang='lat' dir='ltr'>eas</span> <span class='ocrx_word' id='word_1_67' title='bbox 936 864 1009 902; x_wconf 51' lang='lat' dir='ltr'>des</span> 
     </span>
    </p>
   </div>
   <div class='ocr_carea' id='block_1_3' title="bbox 47 922 991 2576">
    <p class='ocr_par' dir='ltr' id='par_1_3' title="bbox 47 922 991 2576">
     <span class='ocr_line' id='line_1_14' title="bbox 241 922 983 966; baseline -0.001 -10"><span class='ocrx_word' id='word_1_68' title='bbox 241 928 292 956; x_wconf 88' lang='lat' dir='ltr'>cet</span> <span class='ocrx_word' id='word_1_69' title='bbox 316 928 348 956; x_wconf 88' lang='lat' dir='ltr'>et</span> <span class='ocrx_word' id='word_1_70' title='bbox 379 933 475 966; x_wconf 89' lang='lat' dir='ltr'>quam</span> <span class='ocrx_word' id='word_1_71' title='bbox 512 923 550 955; x_wconf 88' lang='lat' dir='ltr'>ad</span> <span class='ocrx_word' id='word_1_72' title='bbox 588 923 833 966; x_wconf 86' lang='lat' dir='ltr'>procurandum</span> <span class='ocrx_word' id='word_1_73' title='bbox 871 922 983 966; x_wconf 89' lang='lat' dir='ltr'>publi—</span> 
     </span>
     <span class='ocr_line' id='line_1_15' title="bbox 241 977 986 1021; baseline -0.003 -11"><span class='ocrx_word' id='word_1_74' title='bbox 241 988 312 1011; x_wconf 90' lang='lat' dir='ltr'>cum</span> <span class='ocrx_word' id='word_1_75' title='bbox 338 977 480 1010; x_wconf 87' lang='lat' dir='ltr'>iustitiae</span> <span class='ocrx_word' id='word_1_76' title='bbox 518 987 710 1020; x_wconf 89' lang='lat' dir='ltr'>morumque</span> <span class='ocrx_word' id='word_1_77' title='bbox 735 977 908 1021; x_wconf 75' lang='lat' dir='ltr'>probitatis</span> <span class='ocrx_word' id='word_1_78' title='bbox 931 977 986 1009; x_wconf 92' lang='lat' dir='ltr'>bo-</span> 
     </span>
     <span class='ocr_line' id='line_1_16' title="bbox 241 1030 986 1074; baseline 0 -12"><span class='ocrx_word' id='word_1_79' title='bbox 241 1040 316 1063; x_wconf 90' lang='lat' dir='ltr'>num</span> <span class='ocrx_word' id='word_1_80' title='bbox 354 1031 504 1074; x_wconf 80' lang='lat' dir='ltr'>exigunt,</span> <span class='ocrx_word' id='word_1_81' title='bbox 531 1030 716 1074; x_wconf 76' lang='lat' dir='ltr'>indaginem</span> <span class='ocrx_word' id='word_1_82' title='bbox 744 1030 903 1064; x_wconf 82' lang='lat' dir='ltr'>difficilius</span> <span class='ocrx_word' id='word_1_83' title='bbox 930 1030 986 1064; x_wconf 91' lang='lat' dir='ltr'>ob-</span> 
     </span>
     <span class='ocr_line' id='line_1_17' title="bbox 243 1084 376 1117; baseline 0.008 -1"><span class='ocrx_word' id='word_1_84' title='bbox 243 1084 376 1117; x_wconf 78' lang='lat' dir='ltr'>tinent.-</span> 
     </span>
     <span class='ocr_line' id='line_1_18' title="bbox 73 1137 987 1182; baseline -0.002 -10"><span class='ocrx_word' id='word_1_85' title='bbox 73 1150 147 1172; x_wconf 68' lang='lat' dir='ltr'>sauus</span> <span class='ocrx_word' id='word_1_86' title='bbox 172 1149 229 1182; x_wconf 61' lang='lat' dir='ltr'>dua-</span> <span class='ocrx_word' id='word_1_87' title='bbox 285 1139 300 1181; x_wconf 61' lang='grc' dir='ltr'><strong>ξ</strong></span> <span class='ocrx_word' id='word_1_88' title='bbox 325 1137 356 1171; x_wconf 84' lang='lat'>5.</span> <span class='ocrx_word' id='word_1_89' title='bbox 382 1138 421 1171; x_wconf 87' lang='lat' dir='ltr'>Et</span> <span class='ocrx_word' id='word_1_90' title='bbox 446 1138 654 1172; x_wconf 86' lang='lat' dir='ltr'>attendentes</span> <span class='ocrx_word' id='word_1_91' title='bbox 689 1139 795 1181; x_wconf 90' lang='lat' dir='ltr'>quod,</span> <span class='ocrx_word' id='word_1_92' title='bbox 821 1138 845 1170; x_wconf 87' lang='lat' dir='ltr'>si</span> <span class='ocrx_word' id='word_1_93' title='bbox 883 1138 987 1171; x_wconf 87' lang='lat' dir='ltr'>crimi-</span> 
     </span>
     <span class='ocr_line' id='line_1_19' title="bbox 47 1182 984 1235; baseline 0.001 -12"><span class='ocrx_word' id='word_1_94' title='bbox 47 1182 362 1229; x_wconf 55' lang='lat' dir='ltr'>fflssffl„.¹gh“;&#39;⁰2¹23natium</span> <span class='ocrx_word' id='word_1_95' title='bbox 395 1203 564 1225; x_wconf 86' lang='lat' dir='ltr'>causarum</span> <span class='ocrx_word' id='word_1_96' title='bbox 601 1193 745 1235; x_wconf 81' lang='lat' dir='ltr'>cognitio</span> <span class='ocrx_word' id='word_1_97' title='bbox 771 1203 787 1225; x_wconf 87' lang='lat' dir='ltr'>a</span> <span class='ocrx_word' id='word_1_98' title='bbox 812 1202 984 1225; x_wconf 80' lang='lat' dir='ltr'>causarum</span> 
     </span>
     <span class='ocr_line' id='line_1_20' title="bbox 47 1236 986 1291; baseline -0.005 -10"><span class='ocrx_word' id='word_1_99' title='bbox 47 1240 147 1281; x_wconf 49' lang='lat' dir='ltr'>35:351,ss</span> <span class='ocrx_word' id='word_1_100' title='bbox 159 1236 230 1291; x_wconf 17' lang='lat' dir='ltr'>*⁰²³3ss</span> <span class='ocrx_word' id='word_1_101' title='bbox 241 1244 382 1277; x_wconf 91' lang='lat' dir='ltr'>civilium</span> <span class='ocrx_word' id='word_1_102' title='bbox 400 1245 602 1288; x_wconf 80' lang='lat' dir='ltr'>cognitione,</span> <span class='ocrx_word' id='word_1_103' title='bbox 621 1251 654 1277; x_wconf 89' lang='lat' dir='ltr'>ut</span> <span class='ocrx_word' id='word_1_104' title='bbox 672 1246 767 1286; x_wconf 76' lang='lat' dir='ltr'>infra,</span> <span class='ocrx_word' id='word_1_105' title='bbox 787 1256 804 1277; x_wconf 89' lang='lat' dir='ltr'>a</span> <span class='ocrx_word' id='word_1_106' title='bbox 826 1245 920 1278; x_wconf 86' lang='lat' dir='ltr'>nobis</span> <span class='ocrx_word' id='word_1_107' title='bbox 940 1246 986 1285; x_wconf 92' lang='lat' dir='ltr'>(et</span> 
     </span>
     <span class='ocr_line' id='line_1_21' title="bbox 48 1293 986 1344; baseline -0.001 -13"><span class='ocrx_word' id='word_1_108' title='bbox 48 1294 118 1344; x_wconf 42' lang='lat' dir='ltr'>filiis?</span> <span class='ocrx_word' id='word_1_109' title='bbox 134 1293 230 1335; x_wconf 53' lang='lat' dir='ltr'>“132¹AEss</span> <span class='ocrx_word' id='word_1_110' title='bbox 241 1303 348 1342; x_wconf 90' lang='lat' dir='ltr'>prout,</span> <span class='ocrx_word' id='word_1_111' title='bbox 373 1298 454 1331; x_wconf 84' lang='lat' dir='ltr'>sicut</span> <span class='ocrx_word' id='word_1_112' title='bbox 481 1299 578 1331; x_wconf 86' lang='lat' dir='ltr'>etiarn</span> <span class='ocrx_word' id='word_1_113' title='bbox 603 1298 799 1342; x_wconf 68' lang='lat' dir='ltr'>accepimns,</span> <span class='ocrx_word' id='word_1_114' title='bbox 818 1299 850 1331; x_wconf 93' lang='lat' dir='ltr'>in</span> <span class='ocrx_word' id='word_1_115' title='bbox 876 1299 986 1342; x_wconf 83' lang='lat' dir='ltr'>provi-</span> 
     </span>
     <span class='ocr_line' id='line_1_22' title="bbox 48 1347 984 1396; baseline -0.002 -11"><span class='ocrx_word' id='word_1_116' title='bbox 48 1347 137 1368; x_wconf 69' lang='lat'>‘¹&#39;⁸³“’&#39;</span> <span class='ocrx_word' id='word_1_117' title='bbox 242 1353 291 1385; x_wconf 90' lang='lat' dir='ltr'>dis</span> <span class='ocrx_word' id='word_1_118' title='bbox 324 1352 460 1396; x_wconf 78' lang='lat' dir='ltr'>praefati</span> <span class='ocrx_word' id='word_1_119' title='bbox 498 1352 665 1385; x_wconf 85' lang='lat' dir='ltr'>Benedicti</span> <span class='ocrx_word' id='word_1_120' title='bbox 701 1352 984 1396; x_wconf 74' lang='lat' dir='ltr'>praedecessoris,</span> 
     </span>
     <span class='ocr_line' id='line_1_23' title="bbox 241 1406 986 1440; baseline -0.001 -1"><span class='ocrx_word' id='word_1_121' title='bbox 241 1406 362 1439; x_wconf 90' lang='lat' dir='ltr'>dilecto</span> <span class='ocrx_word' id='word_1_122' title='bbox 388 1406 483 1439; x_wconf 87' lang='lat' dir='ltr'>etiam</span> <span class='ocrx_word' id='word_1_123' title='bbox 509 1406 576 1440; x_wconf 78' lang='lat' dir='ltr'>silio</span> <span class='ocrx_word' id='word_1_124' title='bbox 608 1412 721 1439; x_wconf 82' lang='lat' dir='ltr'>nostro</span> <span class='ocrx_word' id='word_1_125' title='bbox 746 1406 916 1439; x_wconf 64' lang='lat' dir='ltr'>Vincentio</span> <span class='ocrx_word' id='word_1_126' title='bbox 953 1406 986 1438; x_wconf 88' lang='lat' dir='ltr'>ti-</span> 
     </span>
     <span class='ocr_line' id='line_1_24' title="bbox 242 1459 987 1503; baseline 0 -12"><span class='ocrx_word' id='word_1_127' title='bbox 242 1460 298 1492; x_wconf 91' lang='lat' dir='ltr'>tuli</span> <span class='ocrx_word' id='word_1_128' title='bbox 325 1459 355 1493; x_wconf 85' lang='lat' dir='ltr'>S.</span> <span class='ocrx_word' id='word_1_129' title='bbox 377 1459 560 1503; x_wconf 86' lang='lat' dir='ltr'>Honuplirii</span> <span class='ocrx_word' id='word_1_130' title='bbox 587 1459 733 1492; x_wconf 85' lang='lat' dir='ltr'>eiusdem</span> <span class='ocrx_word' id='word_1_131' title='bbox 759 1459 876 1493; x_wconf 79' lang='lat' dir='ltr'>S.R.E.</span> <span class='ocrx_word' id='word_1_132' title='bbox 896 1470 987 1503; x_wconf 88' lang='lat' dir='ltr'>pres-</span> 
     </span>
     <span class='ocr_line' id='line_1_25' title="bbox 241 1513 987 1557; baseline 0 -12"><span class='ocrx_word' id='word_1_133' title='bbox 241 1513 355 1557; x_wconf 88' lang='lat' dir='ltr'>bytero</span> <span class='ocrx_word' id='word_1_134' title='bbox 380 1513 534 1546; x_wconf 80' lang='lat' dir='ltr'>cardinali</span> <span class='ocrx_word' id='word_1_135' title='bbox 564 1513 657 1546; x_wconf 84' lang='lat' dir='ltr'>Petra</span> <span class='ocrx_word' id='word_1_136' title='bbox 690 1518 876 1556; x_wconf 88' lang='lat' dir='ltr'>nuncupato</span> <span class='ocrx_word' id='word_1_137' title='bbox 911 1519 987 1546; x_wconf 87' lang='lat' dir='ltr'>tunc</span> 
     </span>
     <span class='ocr_line' id='line_1_26' title="bbox 241 1567 988 1609; baseline -0.001 -9"><span class='ocrx_word' id='word_1_138' title='bbox 241 1568 409 1600; x_wconf 78' lang='lat' dir='ltr'>visitatore</span> <span class='ocrx_word' id='word_1_139' title='bbox 435 1567 580 1609; x_wconf 81' lang='lat' dir='ltr'>generali</span> <span class='ocrx_word' id='word_1_140' title='bbox 607 1567 765 1600; x_wconf 75' lang='lat' dir='ltr'>existente</span> <span class='ocrx_word' id='word_1_141' title='bbox 784 1567 814 1600; x_wconf 89' lang='lat' dir='ltr'>id</span> <span class='ocrx_word' id='word_1_142' title='bbox 834 1567 893 1599; x_wconf 89' lang='lat' dir='ltr'>sibi</span> <span class='ocrx_word' id='word_1_143' title='bbox 914 1577 988 1600; x_wconf 88' lang='lat' dir='ltr'>con-</span> 
     </span>
     <span class='ocr_line' id='line_1_27' title="bbox 243 1620 988 1664; baseline 0.001 -12"><span class='ocrx_word' id='word_1_144' title='bbox 243 1621 391 1660; x_wconf 87' lang='lat' dir='ltr'>sulente,</span> <span class='ocrx_word' id='word_1_145' title='bbox 418 1620 477 1652; x_wconf 85' lang='lat' dir='ltr'>suit</span> <span class='ocrx_word' id='word_1_146' title='bbox 503 1620 606 1664; x_wconf 88' lang='lat' dir='ltr'>votis)</span> <span class='ocrx_word' id='word_1_147' title='bbox 633 1620 673 1653; x_wconf 86' lang='lat' dir='ltr'>ab</span> <span class='ocrx_word' id='word_1_148' title='bbox 699 1620 822 1653; x_wconf 92' lang='lat' dir='ltr'>eisdem</span> <span class='ocrx_word' id='word_1_149' title='bbox 849 1626 988 1664; x_wconf 87' lang='lat' dir='ltr'>quatuor</span> 
     </span>
     <span class='ocr_line' id='line_1_28' title="bbox 244 1673 987 1717; baseline 0 -11"><span class='ocrx_word' id='word_1_150' title='bbox 244 1673 357 1707; x_wconf 82' lang='lat' dir='ltr'>officiis</span> <span class='ocrx_word' id='word_1_151' title='bbox 382 1674 539 1717; x_wconf 73' lang='lat' dir='ltr'>praefatis</span> <span class='ocrx_word' id='word_1_152' title='bbox 563 1679 739 1717; x_wconf 87' lang='lat' dir='ltr'>perpetuo,</span> <span class='ocrx_word' id='word_1_153' title='bbox 758 1680 792 1706; x_wconf 90' lang='lat' dir='ltr'>ut</span> <span class='ocrx_word' id='word_1_154' title='bbox 812 1674 906 1713; x_wconf 82' lang='lat' dir='ltr'>infra,</span> <span class='ocrx_word' id='word_1_155' title='bbox 924 1674 987 1707; x_wconf 85' lang='lat' dir='ltr'>dis-</span> 
     </span>
     <span class='ocr_line' id='line_1_29' title="bbox 242 1726 986 1770; baseline 0 -10"><span class='ocrx_word' id='word_1_156' title='bbox 242 1726 512 1767; x_wconf 71' lang='lat' dir='ltr'>membraretur&#39;,</span> <span class='ocrx_word' id='word_1_157' title='bbox 539 1729 641 1770; x_wconf 73' lang='lat' dir='ltr'>eaque</span> <span class='ocrx_word' id='word_1_158' title='bbox 667 1727 713 1760; x_wconf 84' lang='lat' dir='ltr'>sie</span> <span class='ocrx_word' id='word_1_159' title='bbox 739 1727 986 1767; x_wconf 80' lang='lat' dir='ltr'>dismembrata,</span> 
     </span>
     <span class='ocr_line' id='line_1_30' title="bbox 244 1781 989 1815; baseline -0.001 0"><span class='ocrx_word' id='word_1_160' title='bbox 244 1792 343 1815; x_wconf 88' lang='lat' dir='ltr'>unum</span> <span class='ocrx_word' id='word_1_161' title='bbox 369 1790 487 1814; x_wconf 89' lang='lat' dir='ltr'>novum</span> <span class='ocrx_word' id='word_1_162' title='bbox 514 1781 693 1814; x_wconf 83' lang='lat' dir='ltr'>notariatus</span> <span class='ocrx_word' id='word_1_163' title='bbox 718 1781 857 1815; x_wconf 87' lang='lat' dir='ltr'>officium</span> <span class='ocrx_word' id='word_1_164' title='bbox 885 1782 989 1815; x_wconf 88' lang='lat' dir='ltr'>crimi-</span> 
     </span>
     <span class='ocr_line' id='line_1_31' title="bbox 247 1834 990 1878; baseline 0 -10"><span class='ocrx_word' id='word_1_165' title='bbox 247 1835 320 1868; x_wconf 85' lang='lat' dir='ltr'>nale</span> <span class='ocrx_word' id='word_1_166' title='bbox 346 1834 601 1878; x_wconf 87' lang='lat' dir='ltr'>nuncupandum</span> <span class='ocrx_word' id='word_1_167' title='bbox 628 1845 686 1877; x_wconf 89' lang='lat' dir='ltr'>pro</span> <span class='ocrx_word' id='word_1_168' title='bbox 712 1835 816 1868; x_wconf 84' lang='lat' dir='ltr'>causis</span> <span class='ocrx_word' id='word_1_169' title='bbox 841 1835 990 1868; x_wconf 89' lang='lat' dir='ltr'>crimina-</span> 
     </span>
     <span class='ocr_line' id='line_1_32' title="bbox 246 1887 988 1922; baseline 0 -1"><span class='ocrx_word' id='word_1_170' title='bbox 246 1888 332 1922; x_wconf 85' lang='lat' dir='ltr'>libus</span> <span class='ocrx_word' id='word_1_171' title='bbox 358 1887 505 1921; x_wconf 87' lang='lat' dir='ltr'>eiusdem</span> <span class='ocrx_word' id='word_1_172' title='bbox 526 1888 697 1920; x_wconf 80' lang='lat' dir='ltr'>vicariatus</span> <span class='ocrx_word' id='word_1_173' title='bbox 718 1888 887 1921; x_wconf 86' lang='lat' dir='ltr'>tribunalis</span> <span class='ocrx_word' id='word_1_174' title='bbox 908 1889 988 1921; x_wconf 86' lang='lat' dir='ltr'>inibi</span> 
     </span>
     <span class='ocr_line' id='line_1_33' title="bbox 245 1941 989 1984; baseline 0 -10"><span class='ocrx_word' id='word_1_175' title='bbox 245 1941 468 1975; x_wconf 86' lang='lat' dir='ltr'>describendis</span> <span class='ocrx_word' id='word_1_176' title='bbox 503 1946 535 1974; x_wconf 93' lang='lat' dir='ltr'>et</span> <span class='ocrx_word' id='word_1_177' title='bbox 566 1941 715 1984; x_wconf 78' lang='lat' dir='ltr'>agendis,</span> <span class='ocrx_word' id='word_1_178' title='bbox 742 1947 776 1973; x_wconf 88' lang='lat' dir='ltr'>nt</span> <span class='ocrx_word' id='word_1_179' title='bbox 802 1941 902 1982; x_wconf 82' lang='lat' dir='ltr'>infra,</span> <span class='ocrx_word' id='word_1_180' title='bbox 931 1943 989 1974; x_wconf 88' lang='lat' dir='ltr'>eri-</span> 
     </span>
     <span class='ocr_line' id='line_1_34' title="bbox 246 1994 989 2038; baseline 0.001 -11"><span class='ocrx_word' id='word_1_181' title='bbox 246 2005 398 2038; x_wconf 85' lang='lat' dir='ltr'>geremus</span> <span class='ocrx_word' id='word_1_182' title='bbox 424 2000 455 2027; x_wconf 91' lang='lat' dir='ltr'>et</span> <span class='ocrx_word' id='word_1_183' title='bbox 480 1994 743 2035; x_wconf 78' lang='lat' dir='ltr'>institueremus,</span> <span class='ocrx_word' id='word_1_184' title='bbox 769 2005 805 2028; x_wconf 87' lang='lat' dir='ltr'>ex</span> <span class='ocrx_word' id='word_1_185' title='bbox 843 1995 989 2028; x_wconf 87' lang='lat' dir='ltr'>dismem-</span> 
     </span>
     <span class='ocr_line' id='line_1_35' title="bbox 245 2047 990 2088; baseline 0.001 -8"><span class='ocrx_word' id='word_1_186' title='bbox 245 2047 404 2088; x_wconf 88' lang='lat' dir='ltr'>bratione,</span> <span class='ocrx_word' id='word_1_187' title='bbox 430 2047 597 2081; x_wconf 82' lang='lat' dir='ltr'>erectione</span> <span class='ocrx_word' id='word_1_188' title='bbox 617 2054 649 2081; x_wconf 93' lang='lat' dir='ltr'>et</span> <span class='ocrx_word' id='word_1_189' title='bbox 668 2047 873 2081; x_wconf 84' lang='lat' dir='ltr'>institutione</span> <span class='ocrx_word' id='word_1_190' title='bbox 898 2060 915 2081; x_wconf 90' lang='lat' dir='ltr'>a</span> <span class='ocrx_word' id='word_1_191' title='bbox 933 2059 990 2081; x_wconf 91' lang='lat' dir='ltr'>no-</span> 
     </span>
     <span class='ocr_line' id='line_1_36' title="bbox 245 2101 990 2136; baseline 0.003 -2"><span class='ocrx_word' id='word_1_192' title='bbox 245 2101 293 2134; x_wconf 87' lang='lat' dir='ltr'>bis</span> <span class='ocrx_word' id='word_1_193' title='bbox 319 2107 353 2134; x_wconf 91' lang='lat' dir='ltr'>ut</span> <span class='ocrx_word' id='word_1_194' title='bbox 377 2101 460 2134; x_wconf 89' lang='lat' dir='ltr'>insra</span> <span class='ocrx_word' id='word_1_195' title='bbox 481 2101 640 2135; x_wconf 81' lang='lat' dir='ltr'>faciendis</span> <span class='ocrx_word' id='word_1_196' title='bbox 669 2102 853 2135; x_wconf 79' lang='lat' dir='ltr'>huiusmodi</span> <span class='ocrx_word' id='word_1_197' title='bbox 875 2113 990 2136; x_wconf 89' lang='lat' dir='ltr'>causae</span> 
     </span>
     <span class='ocr_line' id='line_1_37' title="bbox 247 2154 990 2200; baseline 0.004 -14"><span class='ocrx_word' id='word_1_198' title='bbox 247 2154 432 2188; x_wconf 82' lang='lat' dir='ltr'>criminales</span> <span class='ocrx_word' id='word_1_199' title='bbox 457 2155 537 2188; x_wconf 90' lang='lat' dir='ltr'>inibi</span> <span class='ocrx_word' id='word_1_200' title='bbox 570 2156 682 2189; x_wconf 89' lang='lat' dir='ltr'>debito</span> <span class='ocrx_word' id='word_1_201' title='bbox 716 2163 990 2200; x_wconf 86' lang='lat' dir='ltr'>promoverentur</span> 
     </span>
     <span class='ocr_line' id='line_1_38' title="bbox 250 2207 989 2253; baseline 0.005 -14"><span class='ocrx_word' id='word_1_202' title='bbox 250 2207 373 2249; x_wconf 90' lang='lat' dir='ltr'>studio,</span> <span class='ocrx_word' id='word_1_203' title='bbox 403 2214 435 2241; x_wconf 89' lang='lat' dir='ltr'>et</span> <span class='ocrx_word' id='word_1_204' title='bbox 459 2220 587 2242; x_wconf 89' lang='lat' dir='ltr'>morum</span> <span class='ocrx_word' id='word_1_205' title='bbox 613 2209 753 2253; x_wconf 84' lang='lat' dir='ltr'>pravitas</span> <span class='ocrx_word' id='word_1_206' title='bbox 780 2210 906 2244; x_wconf 82' lang='lat' dir='ltr'>debitas</span> <span class='ocrx_word' id='word_1_207' title='bbox 930 2211 989 2244; x_wconf 89' lang='lat' dir='ltr'>sibi</span> 
     </span>
     <span class='ocr_line' id='line_1_39' title="bbox 251 2260 944 2305; baseline 0.007 -13"><span class='ocrx_word' id='word_1_208' title='bbox 251 2260 355 2294; x_wconf 89' lang='lat' dir='ltr'>lueret</span> <span class='ocrx_word' id='word_1_209' title='bbox 380 2272 513 2305; x_wconf 86' lang='lat' dir='ltr'>poenas,</span> <span class='ocrx_word' id='word_1_210' title='bbox 539 2268 571 2296; x_wconf 92' lang='lat' dir='ltr'>et</span> <span class='ocrx_word' id='word_1_211' title='bbox 598 2269 741 2297; x_wconf 86' lang='lat' dir='ltr'>tueretur</span> <span class='ocrx_word' id='word_1_212' title='bbox 768 2264 944 2298; x_wconf 84' lang='lat' dir='ltr'>honestas:</span> 
     </span>
     <span class='ocr_line' id='line_1_40' title="bbox 60 2312 989 2367; baseline 0.008 -23"><span class='ocrx_word' id='word_1_213' title='bbox 60 2320 241 2367; x_wconf 40' lang='lat' dir='ltr'>&#39;arffgatuffipffi</span> <span class='ocrx_word' id='word_1_214' title='bbox 295 2312 309 2356; x_wconf 69' lang='grc' dir='ltr'><strong>ἓ</strong></span> <span class='ocrx_word' id='word_1_215' title='bbox 340 2313 371 2347; x_wconf 89' lang='grc'>6.</span> <span class='ocrx_word' id='word_1_216' title='bbox 397 2315 459 2348; x_wconf 89' lang='lat' dir='ltr'>Nos</span> <span class='ocrx_word' id='word_1_217' title='bbox 494 2316 602 2359; x_wconf 82' lang='lat' dir='ltr'>igitur,</span> <span class='ocrx_word' id='word_1_218' title='bbox 641 2328 675 2350; x_wconf 73' lang='lat' dir='ltr'>cv</span> <span class='ocrx_word' id='word_1_219' title='bbox 716 2317 851 2360; x_wconf 80' lang='lat' dir='ltr'>provida</span> <span class='ocrx_word' id='word_1_220' title='bbox 889 2318 989 2351; x_wconf 81' lang='lat' dir='ltr'>nostri</span> 
     </span>
     <span class='ocr_line' id='line_1_41' title="bbox 58 2368 990 2419; baseline 0.008 -22"><span class='ocrx_word' id='word_1_221' title='bbox 58 2373 240 2419; x_wconf 50' lang='lat' dir='ltr'>Elz;?:l&#39;“.›¹f⁰.l,.i..l”.</span> <span class='ocrx_word' id='word_1_222' title='bbox 252 2368 420 2408; x_wconf 88' lang='lat' dir='ltr'>pastoralis</span> <span class='ocrx_word' id='word_1_223' title='bbox 444 2369 539 2403; x_wconf 83' lang='lat' dir='ltr'>officii</span> <span class='ocrx_word' id='word_1_224' title='bbox 561 2373 638 2404; x_wconf 80' lang='lat' dir='ltr'>cura</span> <span class='ocrx_word' id='word_1_225' title='bbox 667 2371 886 2404; x_wconf 79' lang='lat' dir='ltr'>laudabilibus</span> <span class='ocrx_word' id='word_1_226' title='bbox 913 2371 990 2405; x_wconf 90' lang='lat' dir='ltr'>dicti</span> 
     </span>
     <span class='ocr_line' id='line_1_42' title="bbox 59 2419 991 2473; baseline 0.008 -22"><span class='ocrx_word' id='word_1_227' title='bbox 59 2427 114 2473; x_wconf 39' lang='lat'>2221?</span> <span class='ocrx_word' id='word_1_228' title='bbox 137 2432 158 2447; x_wconf 72' lang='lat' dir='ltr'>so</span> <span class='ocrx_word' id='word_1_229' title='bbox 184 2419 380 2452; x_wconf 49' lang='lat' dir='ltr'>nee-Ioannis</span> <span class='ocrx_word' id='word_1_230' title='bbox 408 2421 536 2455; x_wconf 83' lang='lat' dir='ltr'>Antonii</span> <span class='ocrx_word' id='word_1_231' title='bbox 562 2424 737 2457; x_wconf 85' lang='lat' dir='ltr'>cardinalis</span> <span class='ocrx_word' id='word_1_232' title='bbox 772 2424 881 2457; x_wconf 87' lang='lat' dir='ltr'>vicarii</span> <span class='ocrx_word' id='word_1_233' title='bbox 914 2436 991 2468; x_wconf 85' lang='lat' dir='ltr'>erga</span> 
     </span>
     <span class='ocr_line' id='line_1_43' title="bbox 108 2468 991 2512; baseline 0.01 -9"><span class='ocrx_word' id='word_1_234' title='bbox 108 2468 113 2474; x_wconf 84' lang='lat'>&#39;</span> <span class='ocrx_word' id='word_1_235' title='bbox 251 2472 373 2506; x_wconf 88' lang='lat' dir='ltr'>bonum</span> <span class='ocrx_word' id='word_1_236' title='bbox 410 2484 577 2509; x_wconf 87' lang='lat' dir='ltr'>causarum</span> <span class='ocrx_word' id='word_1_237' title='bbox 615 2477 830 2511; x_wconf 83' lang='lat' dir='ltr'>criminalium</span> <span class='ocrx_word' id='word_1_238' title='bbox 865 2479 895 2511; x_wconf 89' lang='lat' dir='ltr'>in</span> <span class='ocrx_word' id='word_1_239' title='bbox 922 2479 991 2512; x_wconf 92' lang='lat' dir='ltr'>eius</span> 
     </span>
     <span class='ocr_line' id='line_1_44' title="bbox 253 2526 991 2576; baseline 0.011 -18"><span class='ocrx_word' id='word_1_240' title='bbox 253 2526 403 2560; x_wconf 83' lang='lat' dir='ltr'>tribunali</span> <span class='ocrx_word' id='word_1_241' title='bbox 436 2531 694 2572; x_wconf 90' lang='lat' dir='ltr'>promovendum</span> <span class='ocrx_word' id='word_1_242' title='bbox 730 2532 814 2565; x_wconf 91' lang='lat' dir='ltr'>votis</span> <span class='ocrx_word' id='word_1_243' title='bbox 850 2532 991 2576; x_wconf 84' lang='lat' dir='ltr'>benigne</span> 
     </span>
    </p>
   </div>
   <div class='ocr_carea' id='block_1_4' title="bbox 252 2597 990 2680">
    <p class='ocr_par' dir='ltr' id='par_1_4' title="bbox 252 2597 990 2680">
     <span class='ocr_line' id='line_1_45' title="bbox 289 2597 990 2638; baseline 0.013 -15"><span class='ocrx_word' id='word_1_244' title='bbox 289 2598 299 2624; x_wconf 86' lang='lat'>1</span> <span class='ocrx_word' id='word_1_245' title='bbox 322 2597 389 2625; x_wconf 81' lang='lat' dir='ltr'>Male</span> <span class='ocrx_word' id='word_1_246' title='bbox 411 2602 439 2625; x_wconf 84' lang='lat' dir='ltr'>ut</span> <span class='ocrx_word' id='word_1_247' title='bbox 458 2603 523 2634; x_wconf 84' lang='lat' dir='ltr'>puto</span> <span class='ocrx_word' id='word_1_248' title='bbox 544 2600 609 2627; x_wconf 86' lang='lat' dir='ltr'>edit.</span> <span class='ocrx_word' id='word_1_249' title='bbox 630 2601 698 2628; x_wconf 72' lang='lat' dir='ltr'>lllaiu</span> <span class='ocrx_word' id='word_1_250' title='bbox 719 2601 785 2638; x_wconf 85' lang='lat' dir='ltr'>legit</span> <span class='ocrx_word' id='word_1_251' title='bbox 803 2603 990 2632; x_wconf 72' lang='lat' dir='ltr'>dismembra-</span> 
     </span>
     <span class='ocr_line' id='line_1_46' title="bbox 252 2643 470 2680; baseline 0.009 -11"><span class='ocrx_word' id='word_1_252' title='bbox 252 2650 349 2670; x_wconf 83' lang='lat' dir='ltr'>remus</span> <span class='ocrx_word' id='word_1_253' title='bbox 368 2643 405 2679; x_wconf 79' lang='lat' dir='ltr'>(n.</span> <span class='ocrx_word' id='word_1_254' title='bbox 422 2644 470 2680; x_wconf 61' lang='lat' dir='ltr'>L).</span> 
     </span>
    </p>
   </div>
   <div class='ocr_carea' id='block_1_5' title="bbox 857 232 1147 259">
    <p class='ocr_par' dir='ltr' id='par_1_5' title="bbox 857 232 1147 259">
     <span class='ocr_line' id='line_1_47' title="bbox 857 232 1147 259; baseline -0.003 0"><span class='ocrx_word' id='word_1_255' title='bbox 857 232 999 259; x_wconf 78' lang='lat' dir='ltr'>CLEMENS</span> <span class='ocrx_word' id='word_1_256' title='bbox 1025 232 1071 259; x_wconf 64' lang='lat'>311</span> <span class='ocrx_word' id='word_1_257' title='bbox 1095 233 1147 259; x_wconf 74' lang='lat' dir='ltr'>Pr.</span> 
     </span>
    </p>
   </div>
   <div class='ocr_carea' id='block_1_6' title="bbox 1005 324 1016 2661">
    <p class='ocr_par' dir='ltr' id='par_1_6' title="bbox 1005 324 1016 2661">
     <span class='ocr_line' id='line_1_48' title="bbox 1005 324 1016 2661; baseline 0 0"><span class='ocrx_word' id='word_1_258' title='bbox 1005 324 1016 2661; x_wconf 95' lang='lat' dir='ltr'> </span> 
     </span>
    </p>
   </div>
   <div class='ocr_carea' id='block_1_7' title="bbox 1026 227 1969 2576">
    <p class='ocr_par' dir='ltr' id='par_1_7' title="bbox 1026 227 1969 2576">
     <span class='ocr_line' id='line_1_49' title="bbox 1688 227 1963 266; baseline 0.015 -4"><span class='ocrx_word' id='word_1_259' title='bbox 1688 227 1730 262; x_wconf 84' lang='lat'>95</span> <span class='ocrx_word' id='word_1_260' title='bbox 1776 237 1963 266; x_wconf 76' lang='lat' dir='ltr'>An.c.1735</span> 
     </span>
     <span class='ocr_line' id='line_1_50' title="bbox 1026 283 1768 329; baseline 0.007 -15"><span class='ocrx_word' id='word_1_261' title='bbox 1026 292 1169 316; x_wconf 84' lang='lat' dir='ltr'>annuere</span> <span class='ocrx_word' id='word_1_262' title='bbox 1196 283 1362 325; x_wconf 87' lang='lat' dir='ltr'>volentes,</span> <span class='ocrx_word' id='word_1_263' title='bbox 1389 290 1476 318; x_wconf 91' lang='lat' dir='ltr'>motu</span> <span class='ocrx_word' id='word_1_264' title='bbox 1503 285 1642 329; x_wconf 88' lang='lat' dir='ltr'>proprio</span> <span class='ocrx_word' id='word_1_265' title='bbox 1668 291 1699 318; x_wconf 89' lang='lat' dir='ltr'>ct</span> <span class='ocrx_word' id='word_1_266' title='bbox 1730 296 1768 319; x_wconf 70' lang='lat' dir='ltr'>ex</span> 
     </span>
     <span class='ocr_line' id='line_1_51' title="bbox 1026 337 1769 382; baseline 0.007 -14"><span class='ocrx_word' id='word_1_267' title='bbox 1026 338 1114 369; x_wconf 75' lang='lat' dir='ltr'>certa</span> <span class='ocrx_word' id='word_1_268' title='bbox 1154 337 1292 370; x_wconf 76' lang='lat' dir='ltr'>scientia</span> <span class='ocrx_word' id='word_1_269' title='bbox 1331 340 1486 382; x_wconf 73' lang='lat' dir='ltr'>meraque</span> <span class='ocrx_word' id='word_1_270' title='bbox 1534 339 1769 373; x_wconf 85' lang='lat' dir='ltr'>deliberatione</span> 
     </span>
     <span class='ocr_line' id='line_1_52' title="bbox 1026 389 1768 436; baseline 0.005 -15"><span class='ocrx_word' id='word_1_271' title='bbox 1026 389 1169 430; x_wconf 86' lang='lat' dir='ltr'>nostris,</span> <span class='ocrx_word' id='word_1_272' title='bbox 1211 390 1317 434; x_wconf 86' lang='lat' dir='ltr'>deque</span> <span class='ocrx_word' id='word_1_273' title='bbox 1359 392 1558 435; x_wconf 81' lang='lat' dir='ltr'>apostolicae</span> <span class='ocrx_word' id='word_1_274' title='bbox 1597 393 1768 436; x_wconf 85' lang='lat' dir='ltr'>potestatis</span> 
     </span>
     <span class='ocr_line' id='line_1_53' title="bbox 1026 443 1769 489; baseline 0.005 -14"><span class='ocrx_word' id='word_1_275' title='bbox 1026 443 1242 485; x_wconf 83' lang='lat' dir='ltr'>plenitudine,</span> <span class='ocrx_word' id='word_1_276' title='bbox 1257 455 1273 477; x_wconf 92' lang='lat' dir='ltr'>a</span> <span class='ocrx_word' id='word_1_277' title='bbox 1289 446 1657 488; x_wconf 87' lang='lat' dir='ltr'>quatuornotariatuum</span> <span class='ocrx_word' id='word_1_278' title='bbox 1673 457 1769 489; x_wconf 87' lang='lat' dir='ltr'>prae-</span> 
     </span>
     <span class='ocr_line' id='line_1_54' title="bbox 1027 491 1770 542; baseline 0.007 -15"><span class='ocrx_word' id='word_1_279' title='bbox 1027 494 1188 528; x_wconf 89' lang='lat' dir='ltr'>dictorum</span> <span class='ocrx_word' id='word_1_280' title='bbox 1215 497 1341 536; x_wconf 83' lang='lat' dir='ltr'>officiis,</span> <span class='ocrx_word' id='word_1_281' title='bbox 1359 503 1390 531; x_wconf 85' lang='lat' dir='ltr'>et</span> <span class='ocrx_word' id='word_1_282' title='bbox 1415 509 1526 532; x_wconf 89' lang='lat' dir='ltr'>eorum</span> <span class='ocrx_word' id='word_1_283' title='bbox 1548 491 1714 542; x_wconf 68' lang='lat' dir='ltr'>quolibet,</span> <span class='ocrx_word' id='word_1_284' title='bbox 1736 510 1770 532; x_wconf 92' lang='lat' dir='ltr'>o-</span> 
     </span>
     <span class='ocr_line' id='line_1_55' title="bbox 1029 552 1770 596; baseline 0.007 -16"><span class='ocrx_word' id='word_1_285' title='bbox 1029 558 1134 581; x_wconf 89' lang='lat' dir='ltr'>mnem</span> <span class='ocrx_word' id='word_1_286' title='bbox 1161 554 1193 581; x_wconf 89' lang='lat' dir='ltr'>et</span> <span class='ocrx_word' id='word_1_287' title='bbox 1218 560 1454 595; x_wconf 84' lang='lat' dir='ltr'>quamcumque</span> <span class='ocrx_word' id='word_1_288' title='bbox 1481 552 1662 585; x_wconf 81' lang='lat' dir='ltr'>facultatem</span> <span class='ocrx_word' id='word_1_289' title='bbox 1689 563 1770 596; x_wconf 89' lang='lat' dir='ltr'>quo-</span> 
     </span>
     <span class='ocr_line' id='line_1_56' title="bbox 1029 603 1770 650; baseline 0.007 -16"><span class='ocrx_word' id='word_1_290' title='bbox 1029 603 1208 636; x_wconf 87' lang='lat' dir='ltr'>modolibet</span> <span class='ocrx_word' id='word_1_291' title='bbox 1222 604 1387 638; x_wconf 88' lang='lat' dir='ltr'>scribendi</span> <span class='ocrx_word' id='word_1_292' title='bbox 1407 611 1438 638; x_wconf 91' lang='lat' dir='ltr'>et</span> <span class='ocrx_word' id='word_1_293' title='bbox 1455 606 1571 648; x_wconf 81' lang='lat' dir='ltr'>agendi</span> <span class='ocrx_word' id='word_1_294' title='bbox 1591 606 1622 639; x_wconf 91' lang='lat' dir='ltr'>in</span> <span class='ocrx_word' id='word_1_295' title='bbox 1643 606 1770 650; x_wconf 88' lang='lat' dir='ltr'>quibus-</span> 
     </span>
     <span class='ocr_line' id='line_1_57' title="bbox 1028 658 1769 700; baseline 0.005 -11"><span class='ocrx_word' id='word_1_296' title='bbox 1028 667 1167 700; x_wconf 87' lang='lat' dir='ltr'>cumque</span> <span class='ocrx_word' id='word_1_297' title='bbox 1192 658 1296 690; x_wconf 79' lang='lat' dir='ltr'>causiS</span> <span class='ocrx_word' id='word_1_298' title='bbox 1329 659 1553 692; x_wconf 84' lang='lat' dir='ltr'>criminalibus</span> <span class='ocrx_word' id='word_1_299' title='bbox 1579 661 1617 693; x_wconf 88' lang='lat' dir='ltr'>ad</span> <span class='ocrx_word' id='word_1_300' title='bbox 1646 661 1769 693; x_wconf 90' lang='lat' dir='ltr'>dictum</span> 
     </span>
     <span class='ocr_line' id='line_1_58' title="bbox 1029 710 1769 756; baseline 0.005 -14"><span class='ocrx_word' id='word_1_301' title='bbox 1029 710 1200 743; x_wconf 77' lang='lat' dir='ltr'>vicariatus</span> <span class='ocrx_word' id='word_1_302' title='bbox 1238 711 1380 745; x_wconf 81' lang='lat' dir='ltr'>tribunal</span> <span class='ocrx_word' id='word_1_303' title='bbox 1422 713 1668 756; x_wconf 86' lang='lat' dir='ltr'>quomodolibet</span> <span class='ocrx_word' id='word_1_304' title='bbox 1701 724 1769 756; x_wconf 88' lang='lat' dir='ltr'>spe-</span> 
     </span>
     <span class='ocr_line' id='line_1_59' title="bbox 1029 764 1769 805; baseline 0.007 -10"><span class='ocrx_word' id='word_1_305' title='bbox 1029 764 1201 805; x_wconf 84' lang='lat' dir='ltr'>ctantibus,</span> <span class='ocrx_word' id='word_1_306' title='bbox 1227 765 1274 798; x_wconf 86' lang='lat' dir='ltr'>eis</span> <span class='ocrx_word' id='word_1_307' title='bbox 1301 771 1332 798; x_wconf 85' lang='lat' dir='ltr'>et</span> <span class='ocrx_word' id='word_1_308' title='bbox 1357 777 1469 799; x_wconf 92' lang='lat' dir='ltr'>eorum</span> <span class='ocrx_word' id='word_1_309' title='bbox 1495 767 1629 800; x_wconf 87' lang='lat' dir='ltr'>cuilibet</span> <span class='ocrx_word' id='word_1_310' title='bbox 1654 768 1693 800; x_wconf 87' lang='lat' dir='ltr'>ab</span> <span class='ocrx_word' id='word_1_311' title='bbox 1711 768 1769 800; x_wconf 88' lang='lat' dir='ltr'>Eu-</span> 
     </span>
     <span class='ocr_line' id='line_1_60' title="bbox 1030 817 1769 864; baseline 0.008 -16"><span class='ocrx_word' id='word_1_312' title='bbox 1030 817 1139 857; x_wconf 60' lang='lat' dir='ltr'>enum,</span> <span class='ocrx_word' id='word_1_313' title='bbox 1156 818 1341 852; x_wconf 73' lang='lat' dir='ltr'>Alexandro</span> <span class='ocrx_word' id='word_1_314' title='bbox 1367 825 1398 852; x_wconf 90' lang='lat' dir='ltr'>et</span> <span class='ocrx_word' id='word_1_315' title='bbox 1422 819 1508 853; x_wconf 79' lang='lat' dir='ltr'>Sixto</span> <span class='ocrx_word' id='word_1_316' title='bbox 1533 820 1769 864; x_wconf 88' lang='lat' dir='ltr'>praedecesso-</span> 
     </span>
     <span class='ocr_line' id='line_1_61' title="bbox 1032 871 1770 916; baseline 0.005 -14"><span class='ocrx_word' id='word_1_317' title='bbox 1032 871 1118 903; x_wconf 80' lang='lat' dir='ltr'>ribus</span> <span class='ocrx_word' id='word_1_318' title='bbox 1145 872 1297 914; x_wconf 84' lang='lat' dir='ltr'>praesatis</span> <span class='ocrx_word' id='word_1_319' title='bbox 1324 873 1506 916; x_wconf 77' lang='lat' dir='ltr'>respective</span> <span class='ocrx_word' id='word_1_320' title='bbox 1533 874 1562 906; x_wconf 89' lang='lat' dir='ltr'>in</span> <span class='ocrx_word' id='word_1_321' title='bbox 1590 885 1703 907; x_wconf 88' lang='lat' dir='ltr'>eorum</span> <span class='ocrx_word' id='word_1_322' title='bbox 1726 885 1770 907; x_wconf 89' lang='lat' dir='ltr'>re-</span> 
     </span>
     <span class='ocr_line' id='line_1_62' title="bbox 1030 925 1770 970; baseline 0.008 -15"><span class='ocrx_word' id='word_1_323' title='bbox 1030 925 1172 967; x_wconf 86' lang='lat' dir='ltr'>spective</span> <span class='ocrx_word' id='word_1_324' title='bbox 1210 926 1376 959; x_wconf 87' lang='lat' dir='ltr'>erectione</span> <span class='ocrx_word' id='word_1_325' title='bbox 1410 927 1659 970; x_wconf 84' lang='lat' dir='ltr'>quomodolibet</span> <span class='ocrx_word' id='word_1_326' title='bbox 1695 938 1770 961; x_wconf 90' lang='lat' dir='ltr'>con-</span> 
     </span>
     <span class='ocr_line' id='line_1_63' title="bbox 1030 979 1769 1021; baseline 0.005 -11"><span class='ocrx_word' id='word_1_327' title='bbox 1030 988 1163 1018; x_wconf 84' lang='lat' dir='ltr'>cessam,</span> <span class='ocrx_word' id='word_1_328' title='bbox 1183 979 1321 1021; x_wconf 85' lang='lat' dir='ltr'>perinde</span> <span class='ocrx_word' id='word_1_329' title='bbox 1348 990 1383 1012; x_wconf 88' lang='lat' dir='ltr'>ac</span> <span class='ocrx_word' id='word_1_330' title='bbox 1404 979 1428 1012; x_wconf 88' lang='lat' dir='ltr'>si</span> <span class='ocrx_word' id='word_1_331' title='bbox 1448 980 1493 1013; x_wconf 90' lang='lat' dir='ltr'>eis</span> <span class='ocrx_word' id='word_1_332' title='bbox 1513 986 1544 1012; x_wconf 90' lang='lat' dir='ltr'>et</span> <span class='ocrx_word' id='word_1_333' title='bbox 1569 991 1683 1013; x_wconf 89' lang='lat' dir='ltr'>eorum</span> <span class='ocrx_word' id='word_1_334' title='bbox 1703 982 1769 1014; x_wconf 88' lang='lat' dir='ltr'>cui-</span> 
     </span>
     <span class='ocr_line' id='line_1_64' title="bbox 1030 1031 1770 1074; baseline 0.005 -11"><span class='ocrx_word' id='word_1_335' title='bbox 1030 1031 1111 1063; x_wconf 88' lang='lat' dir='ltr'>libet</span> <span class='ocrx_word' id='word_1_336' title='bbox 1143 1042 1308 1074; x_wconf 87' lang='lat' dir='ltr'>nunquam</span> <span class='ocrx_word' id='word_1_337' title='bbox 1340 1043 1494 1066; x_wconf 85' lang='lat' dir='ltr'>concessa</span> <span class='ocrx_word' id='word_1_338' title='bbox 1531 1033 1660 1073; x_wconf 85' lang='lat' dir='ltr'>suisset,</span> <span class='ocrx_word' id='word_1_339' title='bbox 1701 1034 1770 1067; x_wconf 88' lang='lat' dir='ltr'>sine</span> 
     </span>
     <span class='ocr_line' id='line_1_65' title="bbox 1031 1085 1767 1131; baseline 0.004 -14"><span class='ocrx_word' id='word_1_340' title='bbox 1031 1091 1138 1118; x_wconf 90' lang='lat' dir='ltr'>tamen</span> <span class='ocrx_word' id='word_1_341' title='bbox 1190 1085 1392 1129; x_wconf 88' lang='lat' dir='ltr'>reliquarum</span> <span class='ocrx_word' id='word_1_342' title='bbox 1433 1086 1568 1119; x_wconf 89' lang='lat' dir='ltr'>aliarum</span> <span class='ocrx_word' id='word_1_343' title='bbox 1612 1098 1767 1131; x_wconf 89' lang='lat' dir='ltr'>quarum-</span> 
     </span>
     <span class='ocr_line' id='line_1_66' title="bbox 1030 1138 1768 1183; baseline 0.004 -13"><span class='ocrx_word' id='word_1_344' title='bbox 1030 1148 1168 1182; x_wconf 89' lang='lat' dir='ltr'>cumque</span> <span class='ocrx_word' id='word_1_345' title='bbox 1212 1138 1398 1172; x_wconf 81' lang='lat' dir='ltr'>sacultaturn</span> <span class='ocrx_word' id='word_1_346' title='bbox 1445 1150 1482 1172; x_wconf 89' lang='lat' dir='ltr'>ac</span> <span class='ocrx_word' id='word_1_347' title='bbox 1534 1150 1768 1183; x_wconf 88' lang='lat' dir='ltr'>quorumcum-</span> 
     </span>
     <span class='ocr_line' id='line_1_67' title="bbox 1030 1191 1772 1235; baseline 0.007 -14"><span class='ocrx_word' id='word_1_348' title='bbox 1030 1202 1090 1234; x_wconf 88' lang='lat' dir='ltr'>que</span> <span class='ocrx_word' id='word_1_349' title='bbox 1112 1191 1359 1235; x_wconf 76' lang='lat' dir='ltr'>privilegiorum</span> <span class='ocrx_word' id='word_1_350' title='bbox 1385 1204 1421 1225; x_wconf 89' lang='lat' dir='ltr'>ac</span> <span class='ocrx_word' id='word_1_351' title='bbox 1454 1193 1656 1226; x_wconf 88' lang='lat' dir='ltr'>indultorum</span> <span class='ocrx_word' id='word_1_352' title='bbox 1694 1194 1772 1226; x_wconf 89' lang='lat' dir='ltr'>scri-</span> 
     </span>
     <span class='ocr_line' id='line_1_68' title="bbox 1030 1245 1772 1289; baseline 0.004 -13"><span class='ocrx_word' id='word_1_353' title='bbox 1030 1245 1127 1277; x_wconf 88' lang='lat' dir='ltr'>bendi</span> <span class='ocrx_word' id='word_1_354' title='bbox 1154 1250 1186 1277; x_wconf 87' lang='lat' dir='ltr'>et</span> <span class='ocrx_word' id='word_1_355' title='bbox 1210 1245 1328 1287; x_wconf 77' lang='lat' dir='ltr'>agendi</span> <span class='ocrx_word' id='word_1_356' title='bbox 1355 1245 1386 1277; x_wconf 92' lang='lat' dir='ltr'>in</span> <span class='ocrx_word' id='word_1_357' title='bbox 1413 1245 1518 1278; x_wconf 88' lang='lat' dir='ltr'>causis</span> <span class='ocrx_word' id='word_1_358' title='bbox 1536 1246 1673 1289; x_wconf 86' lang='lat' dir='ltr'>aliisque</span> <span class='ocrx_word' id='word_1_359' title='bbox 1693 1247 1772 1280; x_wconf 87' lang='lat' dir='ltr'>actis</span> 
     </span>
     <span class='ocr_line' id='line_1_69' title="bbox 1030 1298 1774 1334; baseline 0.004 -3"><span class='ocrx_word' id='word_1_360' title='bbox 1030 1298 1181 1331; x_wconf 89' lang='lat' dir='ltr'>civilibus</span> <span class='ocrx_word' id='word_1_361' title='bbox 1219 1299 1265 1331; x_wconf 88' lang='lat' dir='ltr'>eis</span> <span class='ocrx_word' id='word_1_362' title='bbox 1296 1304 1328 1331; x_wconf 90' lang='lat' dir='ltr'>et</span> <span class='ocrx_word' id='word_1_363' title='bbox 1360 1309 1472 1332; x_wconf 84' lang='lat' dir='ltr'>eorum</span> <span class='ocrx_word' id='word_1_364' title='bbox 1509 1299 1641 1332; x_wconf 91' lang='lat' dir='ltr'>cuilibet</span> <span class='ocrx_word' id='word_1_365' title='bbox 1668 1311 1685 1332; x_wconf 88' lang='lat' dir='ltr'>a</span> <span class='ocrx_word' id='word_1_366' title='bbox 1711 1300 1774 1334; x_wconf 83' lang='lat' dir='ltr'>Ro-</span> 
     </span>
     <span class='ocr_line' id='line_1_70' title="bbox 1031 1350 1774 1396; baseline 0.005 -13"><span class='ocrx_word' id='word_1_367' title='bbox 1031 1352 1134 1384; x_wconf 87' lang='lat' dir='ltr'>manis</span> <span class='ocrx_word' id='word_1_368' title='bbox 1161 1350 1370 1384; x_wconf 83' lang='lat' dir='ltr'>Pontificibus</span> <span class='ocrx_word' id='word_1_369' title='bbox 1391 1353 1704 1396; x_wconf 76' lang='lat' dir='ltr'>praedecessoribus</span> <span class='ocrx_word' id='word_1_370' title='bbox 1721 1364 1774 1387; x_wconf 89' lang='lat' dir='ltr'>no-</span> 
     </span>
     <span class='ocr_line' id='line_1_71' title="bbox 1031 1405 1772 1449; baseline 0.005 -13"><span class='ocrx_word' id='word_1_371' title='bbox 1031 1405 1102 1438; x_wconf 86' lang='lat' dir='ltr'>stris</span> <span class='ocrx_word' id='word_1_372' title='bbox 1129 1416 1188 1448; x_wconf 88' lang='lat' dir='ltr'>per</span> <span class='ocrx_word' id='word_1_373' title='bbox 1221 1416 1333 1438; x_wconf 90' lang='lat' dir='ltr'>eorum</span> <span class='ocrx_word' id='word_1_374' title='bbox 1369 1406 1552 1449; x_wconf 80' lang='lat' dir='ltr'>respective</span> <span class='ocrx_word' id='word_1_375' title='bbox 1583 1407 1707 1440; x_wconf 86' lang='lat' dir='ltr'>litteras</span> <span class='ocrx_word' id='word_1_376' title='bbox 1740 1420 1772 1441; x_wconf 91' lang='lat' dir='ltr'>a-</span> 
     </span>
     <span class='ocr_line' id='line_1_72' title="bbox 1029 1459 1773 1504; baseline 0.004 -13"><span class='ocrx_word' id='word_1_377' title='bbox 1029 1459 1206 1502; x_wconf 86' lang='lat' dir='ltr'>postolicas</span> <span class='ocrx_word' id='word_1_378' title='bbox 1232 1469 1288 1492; x_wconf 89' lang='lat' dir='ltr'>seu</span> <span class='ocrx_word' id='word_1_379' title='bbox 1316 1459 1349 1491; x_wconf 91' lang='lat' dir='ltr'>iu</span> <span class='ocrx_word' id='word_1_380' title='bbox 1376 1459 1477 1493; x_wconf 79' lang='lat' dir='ltr'>forma</span> <span class='ocrx_word' id='word_1_381' title='bbox 1498 1460 1606 1493; x_wconf 87' lang='lat' dir='ltr'>Brevis</span> <span class='ocrx_word' id='word_1_382' title='bbox 1623 1461 1773 1504; x_wconf 82' lang='lat' dir='ltr'>&lt;quarum</span> 
     </span>
     <span class='ocr_line' id='line_1_73' title="bbox 1031 1512 1774 1556; baseline 0.004 -12"><span class='ocrx_word' id='word_1_383' title='bbox 1031 1512 1164 1555; x_wconf 90' lang='lat' dir='ltr'>quidem</span> <span class='ocrx_word' id='word_1_384' title='bbox 1206 1512 1387 1545; x_wconf 85' lang='lat' dir='ltr'>litterarum</span> <span class='ocrx_word' id='word_1_385' title='bbox 1425 1515 1602 1556; x_wconf 80' lang='lat' dir='ltr'>respective</span> <span class='ocrx_word' id='word_1_386' title='bbox 1642 1519 1774 1547; x_wconf 84' lang='lat' dir='ltr'>tenores</span> 
     </span>
     <span class='ocr_line' id='line_1_74' title="bbox 1032 1565 1774 1611; baseline 0.004 -13"><span class='ocrx_word' id='word_1_387' title='bbox 1032 1565 1155 1599; x_wconf 85' lang='lat' dir='ltr'>eisdem</span> <span class='ocrx_word' id='word_1_388' title='bbox 1182 1566 1409 1610; x_wconf 87' lang='lat' dir='ltr'>praesentibus</span> <span class='ocrx_word' id='word_1_389' title='bbox 1442 1567 1598 1600; x_wconf 83' lang='lat' dir='ltr'>siuiilitcr</span> <span class='ocrx_word' id='word_1_390' title='bbox 1629 1578 1687 1611; x_wconf 88' lang='lat' dir='ltr'>pro</span> <span class='ocrx_word' id='word_1_391' title='bbox 1722 1579 1774 1601; x_wconf 84' lang='lat' dir='ltr'>ex-</span> 
     </span>
     <span class='ocr_line' id='line_1_75' title="bbox 1030 1619 1775 1663; baseline 0.003 -12"><span class='ocrx_word' id='word_1_392' title='bbox 1030 1619 1153 1663; x_wconf 84' lang='lat' dir='ltr'>pressis</span> <span class='ocrx_word' id='word_1_393' title='bbox 1192 1619 1304 1652; x_wconf 87' lang='lat' dir='ltr'>liaberi</span> <span class='ocrx_word' id='word_1_394' title='bbox 1330 1620 1492 1663; x_wconf 82' lang='lat' dir='ltr'>volumus)</span> <span class='ocrx_word' id='word_1_395' title='bbox 1519 1620 1697 1663; x_wconf 76' lang='lat' dir='ltr'>apostolica</span> <span class='ocrx_word' id='word_1_396' title='bbox 1722 1632 1775 1654; x_wconf 88' lang='lat' dir='ltr'>au-</span> 
     </span>
     <span class='ocr_line' id='line_1_76' title="bbox 1032 1672 1774 1718; baseline 0.004 -14"><span class='ocrx_word' id='word_1_397' title='bbox 1032 1672 1181 1705; x_wconf 87' lang='lat' dir='ltr'>ctoritate</span> <span class='ocrx_word' id='word_1_398' title='bbox 1197 1673 1441 1716; x_wconf 87' lang='lat' dir='ltr'>quomodolibet</span> <span class='ocrx_word' id='word_1_399' title='bbox 1454 1683 1680 1706; x_wconf 85' lang='lat' dir='ltr'>concessarum</span> <span class='ocrx_word' id='word_1_400' title='bbox 1695 1674 1774 1718; x_wconf 87' lang='lat' dir='ltr'>(qui-</span> 
     </span>
     <span class='ocr_line' id='line_1_77' title="bbox 1033 1727 1775 1770; baseline 0.005 -12"><span class='ocrx_word' id='word_1_401' title='bbox 1033 1727 1091 1759; x_wconf 90' lang='lat' dir='ltr'>bus</span> <span class='ocrx_word' id='word_1_402' title='bbox 1113 1737 1198 1759; x_wconf 89' lang='lat' dir='ltr'>nunc</span> <span class='ocrx_word' id='word_1_403' title='bbox 1223 1727 1375 1758; x_wconf 80' lang='lat' dir='ltr'>fruuntur</span> <span class='ocrx_word' id='word_1_404' title='bbox 1400 1732 1430 1759; x_wconf 93' lang='lat' dir='ltr'>et</span> <span class='ocrx_word' id='word_1_405' title='bbox 1456 1727 1610 1769; x_wconf 79' lang='lat' dir='ltr'>gaudent,</span> <span class='ocrx_word' id='word_1_406' title='bbox 1629 1733 1660 1761; x_wconf 89' lang='lat' dir='ltr'>et</span> <span class='ocrx_word' id='word_1_407' title='bbox 1677 1728 1775 1770; x_wconf 88' lang='lat' dir='ltr'>quod-</span> 
     </span>
     <span class='ocr_line' id='line_1_78' title="bbox 1033 1780 1775 1825; baseline 0.003 -12"><span class='ocrx_word' id='word_1_408' title='bbox 1033 1780 1114 1814; x_wconf 88' lang='lat' dir='ltr'>libet</span> <span class='ocrx_word' id='word_1_409' title='bbox 1140 1791 1254 1813; x_wconf 88' lang='lat' dir='ltr'>eorum</span> <span class='ocrx_word' id='word_1_410' title='bbox 1282 1780 1397 1812; x_wconf 75' lang='lat' dir='ltr'>Fruitur</span> <span class='ocrx_word' id='word_1_411' title='bbox 1423 1786 1453 1812; x_wconf 89' lang='lat' dir='ltr'>et</span> <span class='ocrx_word' id='word_1_412' title='bbox 1479 1781 1607 1822; x_wconf 76' lang='lat' dir='ltr'>gaudet,</span> <span class='ocrx_word' id='word_1_413' title='bbox 1636 1791 1671 1813; x_wconf 90' lang='lat' dir='ltr'>ac</span> <span class='ocrx_word' id='word_1_414' title='bbox 1696 1792 1775 1825; x_wconf 87' lang='lat' dir='ltr'>quas</span> 
     </span>
     <span class='ocr_line' id='line_1_79' title="bbox 1033 1833 1774 1877; baseline 0.001 -10"><span class='ocrx_word' id='word_1_415' title='bbox 1033 1841 1064 1867; x_wconf 87' lang='lat' dir='ltr'>et</span> <span class='ocrx_word' id='word_1_416' title='bbox 1089 1844 1171 1877; x_wconf 87' lang='lat' dir='ltr'>quae</span> <span class='ocrx_word' id='word_1_417' title='bbox 1208 1833 1317 1867; x_wconf 88' lang='lat' dir='ltr'>omnia</span> <span class='ocrx_word' id='word_1_418' title='bbox 1349 1833 1394 1867; x_wconf 88' lang='lat' dir='ltr'>eis</span> <span class='ocrx_word' id='word_1_419' title='bbox 1433 1839 1465 1867; x_wconf 92' lang='lat' dir='ltr'>et</span> <span class='ocrx_word' id='word_1_420' title='bbox 1498 1845 1611 1867; x_wconf 89' lang='lat' dir='ltr'>eornm</span> <span class='ocrx_word' id='word_1_421' title='bbox 1644 1835 1774 1868; x_wconf 82' lang='lat' dir='ltr'>cuilibet</span> 
     </span>
     <span class='ocr_line' id='line_1_80' title="bbox 1033 1887 1776 1931; baseline 0.003 -12"><span class='ocrx_word' id='word_1_422' title='bbox 1033 1897 1091 1930; x_wconf 89' lang='lat' dir='ltr'>per</span> <span class='ocrx_word' id='word_1_423' title='bbox 1115 1887 1247 1920; x_wconf 89' lang='lat' dir='ltr'>easdem</span> <span class='ocrx_word' id='word_1_424' title='bbox 1273 1892 1464 1930; x_wconf 86' lang='lat' dir='ltr'>praesentes</span> <span class='ocrx_word' id='word_1_425' title='bbox 1503 1887 1614 1920; x_wconf 75' lang='lat' dir='ltr'>cadem</span> <span class='ocrx_word' id='word_1_426' title='bbox 1651 1894 1776 1931; x_wconf 81' lang='lat' dir='ltr'>aposto-</span> 
     </span>
     <span class='ocr_line' id='line_1_81' title="bbox 1033 1940 1776 1984; baseline 0.003 -11"><span class='ocrx_word' id='word_1_427' title='bbox 1033 1941 1094 1973; x_wconf 76' lang='lat' dir='ltr'>lica</span> <span class='ocrx_word' id='word_1_428' title='bbox 1119 1940 1310 1974; x_wconf 90' lang='lat' dir='ltr'>auctoritate</span> <span class='ocrx_word' id='word_1_429' title='bbox 1347 1941 1586 1984; x_wconf 83' lang='lat' dir='ltr'>approbamus,</span> <span class='ocrx_word' id='word_1_430' title='bbox 1612 1942 1776 1975; x_wconf 79' lang='lat' dir='ltr'>confirma-</span> 
     </span>
     <span class='ocr_line' id='line_1_82' title="bbox 1035 1995 1776 2038; baseline 0.003 -12"><span class='ocrx_word' id='word_1_431' title='bbox 1035 2005 1105 2027; x_wconf 91' lang='lat' dir='ltr'>mus</span> <span class='ocrx_word' id='word_1_432' title='bbox 1131 2001 1162 2028; x_wconf 89' lang='lat' dir='ltr'>et</span> <span class='ocrx_word' id='word_1_433' title='bbox 1188 1995 1399 2034; x_wconf 86' lang='lat' dir='ltr'>innovamus,</span> <span class='ocrx_word' id='word_1_434' title='bbox 1431 2005 1484 2036; x_wconf 88' lang='lat' dir='ltr'>ac,</span> <span class='ocrx_word' id='word_1_435' title='bbox 1511 2000 1670 2038; x_wconf 89' lang='lat' dir='ltr'>quatenus</span> <span class='ocrx_word' id='word_1_436' title='bbox 1696 2006 1776 2038; x_wconf 89' lang='lat' dir='ltr'>opus</span> 
     </span>
     <span class='ocr_line' id='line_1_83' title="bbox 1035 2047 1775 2091; baseline 0.001 -11"><span class='ocrx_word' id='word_1_437' title='bbox 1035 2048 1092 2089; x_wconf 86' lang='lat' dir='ltr'>sit,</span> <span class='ocrx_word' id='word_1_438' title='bbox 1120 2048 1159 2080; x_wconf 86' lang='lat' dir='ltr'>de</span> <span class='ocrx_word' id='word_1_439' title='bbox 1197 2058 1279 2080; x_wconf 85' lang='lat' dir='ltr'>novo</span> <span class='ocrx_word' id='word_1_440' title='bbox 1317 2047 1549 2091; x_wconf 85' lang='lat' dir='ltr'>concedimus&gt;</span> <span class='ocrx_word' id='word_1_441' title='bbox 1576 2048 1775 2091; x_wconf 88' lang='lat' dir='ltr'>praeiudicio</span> 
     </span>
     <span class='ocr_line' id='line_1_84' title="bbox 1035 2101 1776 2145; baseline -0.001 -10"><span class='ocrx_word' id='word_1_442' title='bbox 1035 2103 1174 2145; x_wconf 76' lang='lat' dir='ltr'>(attento</span> <span class='ocrx_word' id='word_1_443' title='bbox 1201 2101 1298 2134; x_wconf 89' lang='lat' dir='ltr'>etiam</span> <span class='ocrx_word' id='word_1_444' title='bbox 1324 2101 1410 2144; x_wconf 88' lang='lat' dir='ltr'>quod</span> <span class='ocrx_word' id='word_1_445' title='bbox 1437 2107 1574 2144; x_wconf 87' lang='lat' dir='ltr'>quatuor</span> <span class='ocrx_word' id='word_1_446' title='bbox 1596 2101 1776 2134; x_wconf 83' lang='lat' dir='ltr'>officiorum</span> 
     </span>
     <span class='ocr_line' id='line_1_85' title="bbox 1034 2154 1776 2198; baseline 0 -10"><span class='ocrx_word' id='word_1_447' title='bbox 1034 2155 1271 2198; x_wconf 77' lang='lat' dir='ltr'>praefatorum,</span> <span class='ocrx_word' id='word_1_448' title='bbox 1291 2164 1383 2198; x_wconf 84' lang='lat' dir='ltr'>quac,</span> <span class='ocrx_word' id='word_1_449' title='bbox 1411 2159 1445 2186; x_wconf 91' lang='lat' dir='ltr'>ut</span> <span class='ocrx_word' id='word_1_450' title='bbox 1469 2154 1662 2198; x_wconf 74' lang='lat' dir='ltr'>praefertur,</span> <span class='ocrx_word' id='word_1_451' title='bbox 1687 2165 1776 2188; x_wconf 89' lang='lat' dir='ltr'>vaca-</span> 
     </span>
     <span class='ocr_line' id='line_1_86' title="bbox 1034 2208 1776 2248; baseline 0 -6"><span class='ocrx_word' id='word_1_452' title='bbox 1034 2209 1112 2242; x_wconf 86' lang='lat' dir='ltr'>bilia</span> <span class='ocrx_word' id='word_1_453' title='bbox 1138 2209 1291 2248; x_wconf 78' lang='lat' dir='ltr'>existunt,</span> <span class='ocrx_word' id='word_1_454' title='bbox 1318 2208 1523 2242; x_wconf 85' lang='lat' dir='ltr'>vacabilitate</span> <span class='ocrx_word' id='word_1_455' title='bbox 1550 2209 1581 2241; x_wconf 91' lang='lat' dir='ltr'>in</span> <span class='ocrx_word' id='word_1_456' title='bbox 1608 2208 1776 2242; x_wconf 86' lang='lat' dir='ltr'>huiusmo-</span> 
     </span>
     <span class='ocr_line' id='line_1_87' title="bbox 1036 2262 1776 2306; baseline -0.001 -11"><span class='ocrx_word' id='word_1_457' title='bbox 1036 2262 1066 2295; x_wconf 85' lang='lat' dir='ltr'>di</span> <span class='ocrx_word' id='word_1_458' title='bbox 1093 2263 1221 2296; x_wconf 75' lang='lat' dir='ltr'>modica</span> <span class='ocrx_word' id='word_1_459' title='bbox 1247 2272 1359 2295; x_wconf 89' lang='lat' dir='ltr'>eorum</span> <span class='ocrx_word' id='word_1_460' title='bbox 1386 2262 1571 2295; x_wconf 88' lang='lat' dir='ltr'>detrimenti</span> <span class='ocrx_word' id='word_1_461' title='bbox 1591 2268 1682 2306; x_wconf 90' lang='lat' dir='ltr'>parte</span> <span class='ocrx_word' id='word_1_462' title='bbox 1701 2273 1776 2306; x_wconf 89' lang='lat' dir='ltr'>pcr-</span> 
     </span>
     <span class='ocr_line' id='line_1_88' title="bbox 1035 2316 1776 2360; baseline -0.001 -11"><span class='ocrx_word' id='word_1_463' title='bbox 1035 2322 1220 2360; x_wconf 89' lang='lat' dir='ltr'>opportune</span> <span class='ocrx_word' id='word_1_464' title='bbox 1246 2317 1429 2350; x_wconf 78' lang='lat' dir='ltr'>consultum</span> <span class='ocrx_word' id='word_1_465' title='bbox 1463 2316 1597 2358; x_wconf 79' lang='lat' dir='ltr'>existit),</span> <span class='ocrx_word' id='word_1_466' title='bbox 1624 2316 1776 2359; x_wconf 85' lang='lat' dir='ltr'>apostoli-</span> 
     </span>
     <span class='ocr_line' id='line_1_89' title="bbox 1035 2370 1773 2414; baseline -0.003 -10"><span class='ocrx_word' id='word_1_467' title='bbox 1035 2374 1070 2405; x_wconf 77' lang='lat' dir='ltr'>ca</span> <span class='ocrx_word' id='word_1_468' title='bbox 1089 2371 1280 2404; x_wconf 87' lang='lat' dir='ltr'>anctoritate</span> <span class='ocrx_word' id='word_1_469' title='bbox 1307 2375 1467 2414; x_wconf 82' lang='lat' dir='ltr'>perpetuo</span> <span class='ocrx_word' id='word_1_470' title='bbox 1494 2370 1773 2410; x_wconf 82' lang='lat' dir='ltr'>disincinbramus,</span> 
     </span>
     <span class='ocr_line' id='line_1_90' title="bbox 1035 2423 1776 2466; baseline -0.003 -9"><span class='ocrx_word' id='word_1_471' title='bbox 1035 2424 1233 2465; x_wconf 81' lang='lat' dir='ltr'>auferimus,</span> <span class='ocrx_word' id='word_1_472' title='bbox 1271 2424 1435 2464; x_wconf 83' lang='lat' dir='ltr'>delemus,</span> <span class='ocrx_word' id='word_1_473' title='bbox 1469 2423 1667 2466; x_wconf 87' lang='lat' dir='ltr'>penitusque</span> <span class='ocrx_word' id='word_1_474' title='bbox 1702 2423 1776 2456; x_wconf 89' lang='lat' dir='ltr'>abo-</span> 
     </span>
     <span class='ocr_line' id='line_1_91' title="bbox 1035 2479 1151 2512; baseline -0.009 -1"><span class='ocrx_word' id='word_1_475' title='bbox 1035 2479 1151 2512; x_wconf 79' lang='lat' dir='ltr'>temus.</span> 
     </span>
     <span class='ocr_line' id='line_1_92' title="bbox 1079 2529 1969 2576; baseline -0.001 -12"><span class='ocrx_word' id='word_1_476' title='bbox 1079 2532 1093 2576; x_wconf 67' lang='grc' dir='ltr'><strong>ἓ</strong></span> <span class='ocrx_word' id='word_1_477' title='bbox 1121 2532 1151 2564; x_wconf 91' lang='grc'>7.</span> <span class='ocrx_word' id='word_1_478' title='bbox 1179 2531 1287 2574; x_wconf 72' lang='lat' dir='ltr'>anuie</span> <span class='ocrx_word' id='word_1_479' title='bbox 1313 2541 1329 2562; x_wconf 90' lang='lat' dir='ltr'>a</span> <span class='ocrx_word' id='word_1_480' title='bbox 1362 2529 1456 2563; x_wconf 87' lang='lat' dir='ltr'>nobis</span> <span class='ocrx_word' id='word_1_481' title='bbox 1494 2539 1552 2572; x_wconf 88' lang='lat' dir='ltr'>per</span> <span class='ocrx_word' id='word_1_482' title='bbox 1584 2534 1773 2573; x_wconf 81' lang='lat' dir='ltr'>praesentes</span> <span class='ocrx_word' id='word_1_483' title='bbox 1812 2535 1969 2556; x_wconf 63' lang='lat' dir='ltr'>Nummum·</span> 
     </span>
    </p>
   </div>
   <div class='ocr_carea' id='block_1_8' title="bbox 1785 2564 1970 2586">
    <p class='ocr_par' dir='ltr' id='par_1_8' title="bbox 1785 2564 1970 2586">
     <span class='ocr_line' id='line_1_93' title="bbox 1785 2564 1970 2586; baseline 0 -5"><span class='ocrx_word' id='word_1_484' title='bbox 1785 2564 1861 2582; x_wconf 70' lang='lat' dir='ltr'>riatuin</span> <span class='ocrx_word' id='word_1_485' title='bbox 1873 2567 1909 2586; x_wconf 78' lang='lat' dir='ltr'>pro</span> <span class='ocrx_word' id='word_1_486' title='bbox 1921 2567 1970 2581; x_wconf 76' lang='lat' dir='ltr'>cau·</span> 
     </span>
    </p>
   </div>
   <div class='ocr_carea' id='block_1_9' title="bbox 1036 2582 1970 2635">
    <p class='ocr_par' dir='ltr' id='par_1_9' title="bbox 1036 2582 1970 2635">
     <span class='ocr_line' id='line_1_94' title="bbox 1036 2582 1970 2635; baseline -0.003 -18"><span class='ocrx_word' id='word_1_487' title='bbox 1036 2585 1082 2617; x_wconf 88' lang='lat' dir='ltr'>sic</span> <span class='ocrx_word' id='word_1_488' title='bbox 1124 2584 1353 2617; x_wconf 59' lang='lat' dir='ltr'>dismembrati]</span> <span class='ocrx_word' id='word_1_489' title='bbox 1370 2609 1376 2622; x_wconf 88' lang='lat'>,</span> <span class='ocrx_word' id='word_1_490' title='bbox 1414 2583 1518 2615; x_wconf 76' lang='lat' dir='ltr'>ablata</span> <span class='ocrx_word' id='word_1_491' title='bbox 1535 2609 1541 2621; x_wconf 82' lang='lat'>,</span> <span class='ocrx_word' id='word_1_492' title='bbox 1577 2582 1772 2626; x_wconf 84' lang='lat' dir='ltr'>penitusque</span> <span class='ocrx_word' id='word_1_493' title='bbox 1784 2594 1823 2635; x_wconf 45' lang='grc' dir='ltr'>ἴδ’</span> <span class='ocrx_word' id='word_1_494' title='bbox 1839 2588 1970 2635; x_wconf 44' lang='grc' dir='ltr'>Πξςτῑιιῗῖιιῖὸὴ·</span> 
     </span>
    </p>
   </div>
   <div class='ocr_carea' id='block_1_10' title="bbox 1035 2636 1772 2679">
    <p class='ocr_par' dir='ltr' id='par_1_10' title="bbox 1035 2636 1772 2679">
     <span class='ocr_line' id='line_1_95' title="bbox 1035 2636 1772 2679; baseline -0.003 -8"><span class='ocrx_word' id='word_1_495' title='bbox 1035 2638 1165 2679; x_wconf 78' lang='lat' dir='ltr'>abolita,</span> <span class='ocrx_word' id='word_1_496' title='bbox 1191 2647 1291 2669; x_wconf 88' lang='lat' dir='ltr'>uuum</span> <span class='ocrx_word' id='word_1_497' title='bbox 1317 2646 1435 2669; x_wconf 90' lang='lat' dir='ltr'>novum</span> <span class='ocrx_word' id='word_1_498' title='bbox 1463 2636 1642 2670; x_wconf 85' lang='lat' dir='ltr'>notariatus</span> <span class='ocrx_word' id='word_1_499' title='bbox 1668 2636 1772 2670; x_wconf 87' lang='lat' dir='ltr'>dictae</span> 
     </span>
    </p>
   </div>
  </div>
 </body>
</html>
