2232 3178
33 217 80 244 An.
95 215 125 242 C.
145 211 214 240 1739

33 279 95 302 Modo
110 275 214 303 supplicat

34 304 137 327 declarari
185 301 212 330 lc}-

33 334 122 354 ctionem
131 328 212 350 S.Scr¹·

34 362 106 386 ptume
131 362 150 376 tn
179 359 212 373 ec-

33 385 95 406 elesia
108 383 132 403 S.
144 383 212 404 Ancu-

34 412 80 433 sunt
106 410 131 430 de
157 408 212 428 Urbe

34 444 70 464 per
89 436 212 456 decennium

35 463 150 485 faciendam
172 459 212 480 sur-

35 491 96 511 strar·
118 488 145 508 ad
168 487 212 507 lau·

35 522 90 538 ream
140 518 212 534 conse-

34 542 144 570 quendam.
152 540 213 559 Pata-

34 571 128 594 viamque
160 568 213 585 iuter

49 593 159 620 rincipales
179 598 213 612 ut·-

34 603 71 643 ΒΗ
114 620 213 640 minume·

34 648 83 670 uri.

57 1705 135 1730 sicque
151 1703 221 1724 decla·

41 1734 73 1752 rat
93 1731 196 1752 Pontifex.

840 202 982 229 CLEMENS
1009 202 1054 227 xtl
1081 202 1131 227 ΓΡ.

268 260 283 303 ᾗ
308 258 340 292 4.
365 258 520 297 Quoniam
542 262 659 297 autem,
685 255 766 289 sicut
790 254 893 287 dictus
917 252 966 286 Ni-

223 313 332 347 colaus
357 311 520 345 Antonius
551 310 642 354 prior
666 309 830 353 generalis
868 307 964 340 nobis

223 375 328 408 nuper
353 364 470 408 exponi
496 364 583 404 fecit,
608 362 695 396 inter
720 368 828 396 cetera
854 360 965 403 requi-

223 418 284 451 sita
318 427 376 460 pro
411 417 616 459 assequendo
653 415 754 458 gradu
786 412 965 456 magisterii

224 470 420 512 huiusmodi,
437 469 533 503 lectio
548 479 657 502 sacrae
671 468 867 511 Scripturae‚
883 475 965 508 quae

224 524 256 557 in
282 524 423 557 ecclesia
446 523 475 556 S.
494 522 665 565 Augustini
692 522 730 555 de
752 521 863 553 eadem
882 519 967 551 Urbe

224 576 352 610 Ordinis
377 575 533 619 praedicti
560 575 710 614 habetur,
728 583 811 616 quae
837 571 966 604 maximi

224 629 345 662 laboris
370 634 428 668 est,
455 627 695 671 comprehensa
718 626 852 658 minime
878 635 968 668 repe-

225 683 328 722 ritur;
348 692 384 714 ac
402 681 536 724 insuper
554 681 586 713 in
612 679 800 723 supradicto
826 677 967 721 capitulo

226 737 372 779 generali
413 735 511 777 (licet
546 734 579 767 in
615 734 806 767 memoratis
846 732 968 765 nostris

225 789 343 823 litteris
380 789 412 822 id
447 787 580 821 minime
616 797 806 830 expressum
844 785 968 827 suerit)

226 843 385 876 sancitum
426 841 492 882 suit,
530 842 617 885 quod
654 841 739 873 intra
775 839 969 872 decennium

226 894 475 939 praedicationis
511 893 735 936 unusquisque
773 903 811 926 ex
845 891 971 935 praedi·

227 948 392 981 catoribus
417 947 593 991 praedictis
625 946 760 979 omnino
797 946 830 978 in
864 945 971 988 aliqua

227 1012 263 1035 ex
290 1001 473 1034 civitatibus
508 1010 626 1043 nempe
651 999 744 1032 Urbis
770 999 969 1042 praedictae,

227 1055 394 1088 Bononiae
420 1059 450 1086 et
475 1053 658 1087 Florentiae
684 1052 807 1096 absque
835 1052 901 1084 ulla
927 1051 974 1084 in-

228 1108 396 1150 dulgentia
421 1118 479 1150 pro
501 1106 708 1150 assequendo
741 1105 842 1148 gradu
877 1105 975 1147 magi-

228 1160 315 1193 sterii
341 1159 499 1203 praedicti
525 1160 661 1192 verbum
691 1158 748 1191 Dei
781 1157 973 1201 praedicare

229 1213 371 1252 deberet,
410 1213 480 1256 ipse
505 1212 656 1244 Nicolaus
687 1211 848 1244 Antonius
885 1211 975 1254 prior

229 1265 393 1309 generalis
415 1265 577 1298 civitatem
603 1264 701 1298 etiam
719 1264 905 1296 Paduanam
931 1264 974 1296 in-

231 1319 316 1351 tuitu
341 1317 559 1351 universitatis
580 1317 678 1350 studii
700 1316 873 1360 generalis,
892 1326 975 1360 quae

231 1373 264 1405 in
290 1374 327 1405 ea
353 1372 471 1413 existit,
489 1371 759 1415 comprehensam
784 1370 879 1402 etiam
906 1380 975 1403 esse

231 1436 292 1470 per
316 1436 374 1459 nos
401 1426 559 1459 declarari
585 1426 762 1468 plurimum
788 1423 974 1457 desiderat:

232 1479 326 1513 nobis
364 1485 541 1522 propterea
580 1478 751 1512 humiliter
798 1477 976 1520 supplicari

232 1532 308 1566 fecit
337 1538 373 1565 ut
403 1532 465 1564 sibi
503 1532 536 1564 in
574 1530 760 1575 praemissis
791 1535 978 1574 opportune

231 1586 406 1629 providere
434 1591 466 1618 et
489 1591 525 1618 ut
557 1585 641 1618 infra
666 1584 837 1627 indulgere
864 1584 903 1616 dc
928 1583 980 1616 be-

232 1639 393 1682 nignitate
419 1638 601 1682 apostolica
625 1638 848 1680 dignaremur.

276 1693 291 1735 ἓ
311 1692 342 1725 5.
370 1692 434 1725 Nos
458 1692 568 1734 igitur,
589 1691 710 1724 dictum
732 1689 899 1723 Nicolaum
918 1689 981 1722 An-

233 1746 360 1779 tonium
386 1745 554 1788 amplioris
580 1745 689 1777 favore
715 1743 839 1786 gratiae
865 1753 980 1786 prose-

234 1799 288 1843 qui
314 1800 474 1839 volentes‚
501 1803 532 1831 et
556 1809 573 1831 a
598 1797 766 1841 quibusvis
795 1807 980 1829 excommu-

233 1850 421 1892 nicationis,
463 1850 692 1894 suspensionis
733 1854 765 1882 et
804 1848 981 1889 interdicti,

235 1905 373 1948 aliisque
392 1903 621 1937 ecclesiasticis
636 1903 817 1943 sententiis,
832 1901 981 1936 censuris

235 1964 268 1992 et
291 1959 415 2003 poenis,
441 1968 458 1990 a
484 1958 553 1990 iure
573 1958 621 1990 vel
640 1958 680 1990 ab
699 1956 842 1997 homine,
868 1956 981 2000 quavis

238 2011 412 2045 occasione
453 2011 503 2044 vel
544 2012 641 2044 causa
679 2010 763 2048 latis,
800 2009 825 2042 si
865 2008 982 2052 quibus

237 2064 485 2109 quomodolibet
515 2063 692 2097 innodatus
725 2062 841 2103 existit,
868 2063 907 2096 ad
933 2062 981 2095 ef-

237 2120 357 2152 fectum
395 2118 618 2161 praesentium
659 2117 824 2150 dumtaxat
866 2126 982 2150 conse-

238 2172 416 2215 quendum,
448 2171 561 2203 harum
594 2170 677 2203 serie
711 2169 922 2203 absolventes
953 2174 985 2202 et

238 2226 425 2258 absolutum
464 2224 532 2256 sore
572 2228 756 2262 censentes,
796 2222 983 2255 huiusmodi

239 2278 532 2323 supplicationibus
557 2277 717 2317 inclinati,
744 2282 778 2308 ut
801 2277 840 2309 de
861 2281 982 2316 cetero,

238 2333 317 2366 licet
341 2332 427 2364 inter
451 2331 516 2364 alia
541 2330 697 2374 requisita
722 2330 754 2362 in
781 2330 913 2363 decreto
938 2340 984 2362 ca-

238 2385 333 2430 pituli
358 2384 521 2428 generalis
546 2383 723 2426 supradicti
748 2382 931 2427 praefinita,
953 2388 985 2416 et

239 2438 518 2484 praedicatoribus
536 2437 745 2482 generalibus
770 2437 914 2470 eiusdem
933 2436 985 2469 Or-

240 2493 325 2526 dinis
353 2503 412 2537 pro
439 2491 647 2535 assequendo
674 2491 776 2534 gradu
808 2490 983 2533 magisterii

239 2545 452 2591 praescripta,
472 2545 569 2579 lectio
588 2555 699 2578 sacrae
717 2544 903 2587 Scripturae
925 2553 984 2587 pro

243 2606 391 2644 tempore
410 2599 442 2632 in
460 2598 599 2633 ecclesia
624 2598 655 2632 S.
676 2597 844 2641 Augustini
871 2597 909 2631 de
936 2598 985 2631 ea-

1643 189 1704 223 551
1756 200 1804 224 tin*
1825 199 1852 224 c.
1881 197 1948 226 1739

1009 252 1081 286 dem
1116 251 1203 284 Urbe
1240 250 1317 284 dicti
1351 249 1480 283 Ordinis
1517 248 1754 292 comprehensa

1009 316 1074 339 non
1100 305 1150 345 sit,
1175 304 1392 338 nihilominus
1424 313 1489 337 non
1521 303 1625 336 solum
1657 302 1754 335 lectio

1009 359 1176 402 praedicta
1201 357 1393 400 cuicumque
1416 367 1451 390 ex
1474 355 1627 388 fratribus
1653 355 1754 398 ipsius

1009 411 1152 451 Ordinis,
1170 411 1225 454 qui
1251 421 1320 444 eam
1346 411 1379 442 in
1406 410 1490 442 dicta
1515 408 1655 442 ecclesia
1680 417 1752 450 per-

1010 464 1123 507 egerit,
1149 465 1189 496 ad
1216 463 1439 507 supradictum
1467 461 1616 494 effectum
1643 460 1756 493 suflra-

1009 522 1103 559 getur
1127 522 1157 549 et
1181 516 1350 558 suffragari
1377 515 1503 554 debeat,
1523 524 1633 546 verum
1660 513 1757 546 etiam

1011 576 1090 614 quot
1124 570 1216 602 annis
1252 570 1340 602 illam
1378 568 1568 611 expleverit,
1597 572 1642 600 tot
1679 567 1756 599 anni

1010 634 1072 668 pro
1107 623 1270 667 requisitis
1306 622 1482 666 praedictis
1518 624 1758 663 computentur,

1012 677 1206 710 auctoritate
1238 676 1423 719 praedicta,
1459 680 1571 707 tenore
1604 683 1759 717 praesen-

1013 731 1091 763 tium
1117 729 1322 764 decernimus
1349 734 1380 761 et
1405 729 1618 761 declaramus.

1057 785 1071 825 ξ
1096 784 1127 817 6.
1158 784 1203 816 Ae
1228 783 1363 825 insuper
1394 781 1462 824 pari
1488 780 1681 813 anctoritate
1707 789 1760 812 vo·
1798 789 1864 810 Euam
1882 788 1956 824 quoad

1013 839 1119 871 lumus
1157 842 1189 870 et
1223 835 1450 879 praecipimus,
1477 839 1512 866 ut
1536 817 1954 876 unusquisqueiiii'a'iii‘ffl*⁹¹¹¹*

1015 902 1052 924 ex
1091 890 1213 924 eisdem
1249 889 1404 921 fratribus
1439 888 1524 920 intra
1565 887 1761 920 decennium

1015 942 1280 988 praedicationis,
1308 947 1342 973 ut
1368 940 1595 984 praemittitur,
1621 949 1678 982 pro
1706 939 1761 971 liu-

1016 997 1154 1030 iusinodi
1193 994 1309 1028 effectu
1346 994 1585 1037 praescriptum
1623 992 1656 1025 in
1693 992 1763 1035 qui-

1017 1052 1219 1092 buscumque
1258 1047 1440 1081 civitatibus
1478 1045 1673 1089 supradictis
1711 1056 1763 1078 ex-

1017 1104 1186 1148 plendum,
1213 1102 1246 1134 in
1283 1101 1392 1144 aliqua
1428 1100 1561 1132 omnino
1598 1098 1764 1132 civitatum

1019 1158 1085 1190 sive
1110 1156 1203 1188 Urbis
1229 1159 1362 1187 nostrae
1386 1152 1584 1196 praedictae,
1613 1152 1680 1185 sive
1706 1153 1767 1184 Bo-

1019 1210 1151 1250 noniae,
1191 1208 1257 1240 sive
1296 1206 1497 1245 Florentiae,
1537 1206 1603 1238 sive
1638 1205 1767 1238 Paduae

1019 1262 1154 1296 verbum
1175 1261 1230 1294 Dei
1256 1271 1317 1304 pro
1350 1259 1559 1302 assequendo
1584 1258 1687 1301 gradu
1713 1259 1768 1290 liu-

1020 1315 1159 1348 iusmodi
1185 1314 1377 1358 praedicare
1406 1313 1524 1345 debeat
1549 1317 1581 1344 et
1606 1316 1765 1351 teneatur,

1021 1367 1166 1412 alioquin
1202 1366 1378 1400 conciones
1414 1376 1474 1409 per
1509 1375 1581 1397 eum
1615 1369 1769 1408 peractae

1021 1422 1085 1455 vim
1112 1420 1248 1464 legitimi
1273 1420 1313 1453 ad
1339 1417 1519 1463 praemissa
1537 1417 1685 1461 requisiti
1703 1427 1768 1450 non

1022 1476 1201 1510 obtineant.

1067 1531 1081 1573 ἓ
1106 1529 1136 1562 7.
1164 1529 1394 1567 Decernentes‚
1422 1527 1552 1560 easdem
1579 1531 1785 1571 praesentes
1849 1534 1962 1571 cumulas

1024 1583 1150 1616 litteras
1175 1592 1306 1625 semper
1323 1580 1442 1619 firmas,
1460 1580 1582 1613 validas
1609 1585 1640 1612 et
1665 1562 1829 1624 effica-‹iffm
1845 1561 1965 1613 rfrffliiiifiss

1025 1646 1079 1670 ces
1105 1635 1243 1668 existere
1270 1639 1301 1667 et
1326 1634 1405 1673 sore,
1432 1643 1574 1675 suosque
1606 1633 1770 1675 plenarios
1783 1619 1964 1661 Li'sskrm‘l'lllll'fn

1025 1695 1056 1722 et
1081 1688 1225 1730 integros
1251 1687 1386 1720 effectus
1416 1685 1524 1719 sortiri
1551 1690 1581 1718 ct
1606 1686 1770 1727 obtinere,

1026 1754 1061 1776 ac
1087 1743 1125 1775 ab
1151 1742 1229 1782 iltis,
1247 1741 1285 1774 ad
1304 1750 1382 1784 quos
1408 1745 1533 1784 spectat
1558 1745 1588 1773 et
1612 1751 1673 1783 pro
1693 1745 1772 1773 tein-

1027 1807 1109 1840 pore
1147 1795 1417 1839 quandocumque
1454 1793 1634 1837 spectabit,
1659 1794 1773 1827 incon-

1027 1860 1117 1884 cusse
1144 1849 1322 1889 observari,
1343 1849 1472 1892 illisque
1497 1848 1678 1892 respective
1703 1849 1773 1892 ple·

1026 1903 1158 1935 nissime
1183 1901 1365 1944 suffragari,
1393 1901 1502 1944 sicque
1528 1901 1560 1933 in
1586 1901 1773 1944 praemissis

1027 1966 1085 2000 per
1115 1965 1339 1999 quoscumque
1375 1954 1498 1987 iudices
1537 1954 1719 1987 ordinarios
1744 1959 1775 1988 et

1028 2010 1219 2051 delegatos,
1239 2008 1334 2042 etiam
1367 2018 1536 2041 causarum
1561 2007 1673 2050 palatii
1700 2017 1774 2050 apo-

1027 2062 1133 2096 stolici
1151 2061 1327 2101 auditores,
1349 2060 1487 2093 iudicari
1514 2065 1544 2093 et
1569 2059 1696 2093 definiri
1724 2060 1774 2093 dc-

1027 2117 1116 2156 bere,
1144 2127 1181 2149 ac
1206 2115 1332 2148 irritum
1350 2119 1381 2148 et
1398 2114 1494 2147 inane
1512 2113 1538 2146 si
1557 2124 1649 2147 secus
1676 2123 1775 2156 super

1028 2169 1078 2202 liis
1096 2180 1113 2202 a
1132 2178 1304 2212 quoquam,
1324 2167 1432 2211 quavis
1450 2167 1652 2208 auctoritate,
1671 2167 1775 2200 scien-

1029 2228 1078 2255 ter
1103 2223 1152 2255 vel
1177 2222 1374 2264 ignoranter,
1395 2220 1566 2262 contigerit
1592 2219 1752 2253 attentari.

1072 2276 1087 2318 ξ
1111 2274 1142 2308 8.
1169 2274 1240 2308 Νοη
1272 2273 1479 2307 obstantibus
1505 2272 1711 2316 praemissis,
1734 2283 1770 2305 ac
1787 2280 1969 2325 μὶ(ξοτριωνιοτυιιι

1028 2327 1316 2362 constitutionibus
1349 2332 1380 2359 et
1409 2326 1673 2359 ordinationibus
1698 2336 1774 2368 apo·
1802 2308 1903 2330 mmm

1029 2382 1165 2422 stolicis,
1187 2391 1329 2420 necnon,
1357 2386 1518 2423 quatenus
1543 2389 1623 2422 opus
1649 2379 1702 2418 sit,
1719 2390 1774 2411 su-

1028 2435 1165 2480 pradicti
1183 2435 1323 2474 Ordinis,
1342 2434 1452 2466 aliisve
1474 2432 1656 2476 quibusvis,
1678 2433 1774 2465 etiam

1028 2489 1222 2530 iuramento,
1241 2487 1487 2522 confirmatione
1506 2486 1703 2529 apostolica,
1723 2487 1773 2519 vel

1029 2543 1140 2586 quavis
1174 2542 1323 2574 firmitate
1350 2540 1411 2573 alia
1438 2539 1618 2580 roboratis,
1645 2539 1773 2572 statutis

1029 2601 1060 2630 et
1085 2595 1388 2635 consuetudinibus,
1414 2593 1591 2638 privilegiis
1620 2604 1772 2638 quoquc,
