2232 3178
269 231 318 257 An.
339 229 367 258 c.
385 230 452 258 1740
497 222 561 255 6020

463 280 593 319 privetur
615 284 641 310 et
665 279 811 318 suffragiis
841 279 960 310 divinis.
985 279 1013 309 Si
1037 289 1105 309 vero
1129 284 1201 309 tem-

464 329 604 368 poralium
625 329 766 358 bonorum
786 329 1071 359 administrationem
1092 329 1201 359 habue-

461 378 520 414 rit,
547 382 698 416 postquam
724 378 853 416 coeperit
875 377 1003 416 graviter
1025 382 1197 416 aegrotare,

461 430 487 454 ‹·t
512 426 635 455 maxime
658 426 681 454 si
705 426 783 455 nulla
813 426 850 455 sit
873 435 938 464 spes
971 426 1086 463 salutis,
1111 426 1199 455 abbas

460 474 571 503 duobus
594 479 641 503 aut
666 474 757 504 tribus
780 474 902 504 testibus
927 475 1077 504 monacbis
1100 476 1197 505 omnia

460 523 539 551 illius
563 523 735 561 repositoria
759 523 874 560 visitet,
899 527 927 552 et
949 523 1035 553 faciat
1067 523 1198 553 debitum

460 571 667 600 inventarium.
692 570 779 610 Siquo
803 572 962 601 necessitas
986 572 1197 610 postulaverit,

460 620 522 648 eius
545 619 740 648 ministerium
764 619 849 649 alteri
873 620 976 654 tradat,
1001 620 1092 650 donec
1117 620 1198 650 intir-

460 676 524 696 mus
546 668 730 697 convalescat
749 668 791 697 vel
817 669 970 698 moriatur.
995 668 1072 698 Idem
1096 669 1131 698 de
1149 669 1199 698 ab·

460 715 525 745 bate
541 716 656 745 infirmo
668 716 835 753 dicendum,
853 717 913 746 sive
927 716 1015 747 abbas
1029 717 1198 747 monasterii

459 764 508 801 sit,
532 764 592 793 sive
615 765 807 803 hegumenus,
832 765 892 794 sive
928 765 1015 794 etiam
1040 765 1127 795 abbas
1150 775 1199 804 ge-

459 813 577 842 neralis.
602 813 807 852 Quaecumque
829 818 925 843 autem
949 814 977 843 in
1002 814 1078 844 cella
1101 824 1199 844 mona-

459 861 505 890 chi
531 866 593 900 post
616 862 678 892 eius
701 862 812 892 obitum
839 867 953 902 reperta
988 863 1114 900 fuerint,
1139 872 1199 893 mo-

458 911 587 940 nasterio
610 912 806 950 applicentur.

498 968 527 989 n.
560 959 689 997 Diligens
720 969 787 989 cura
822 959 1005 989 intirmorum
1043 960 1196 997 habeatur,

459 1009 559 1047 eisque
575 1008 735 1038 secuudum
758 1008 939 1038 infirmitatis
963 1009 1153 1046 indigentiam
1170 1013 1198 1038 et

461 1057 620 1086 secundum
638 1057 815 1086 medicorum
833 1057 987 1086 consilium
1011 1057 1198 1096 provideatur

458 1106 494 1135 de
516 1106 651 1135 omnibus
668 1106 851 1135 necessariis.
870 1106 903 1135 Et
919 1105 1026 1144 aliquis
1044 1106 1196 1144 religiosus

458 1165 491 1184 ac
508 1154 571 1194 pius
588 1155 747 1184 monachus
766 1164 823 1184 non
847 1154 963 1184 aliunde
979 1158 1137 1194 occupatus
1155 1155 1214 1185 eis.

458 1204 625 1242 specialiter
652 1204 829 1242 assignetur,
856 1204 905 1243 qui
934 1204 1025 1242 sciat,
1054 1204 1144 1243 possit
1171 1208 1197 1233 et

458 1252 561 1282 debeat
584 1253 762 1283 ministrare.
781 1253 909 1292 Cumque
931 1253 1018 1283 horas
1041 1253 1197 1283 canonicas

458 1301 568 1339 gravati
600 1302 699 1332 morbo
732 1311 783 1341 per
811 1312 841 1332 se
874 1302 952 1341 ipsos
982 1302 1106 1331 recitare
1139 1311 1195 1331 non

458 1350 580 1388 possint,
599 1354 680 1387 tuuc,
698 1350 722 1380 si
737 1351 884 1380 sustinere
907 1355 1041 1390 possunt,
1062 1350 1197 1380 dicantur

458 1408 555 1428 coram
574 1399 615 1429 eis
631 1398 665 1429 ab
687 1399 796 1439 aliquo.

499 1457 539 1477 1n.
560 1447 591 1477 In
615 1447 745 1487 quolibet
768 1447 955 1486 monasterio,
974 1447 1023 1478 ubi
1046 1447 1196 1478 commode

461 1496 523 1526 lieri
546 1497 664 1536 poterit,
688 1502 859 1535 segregetur
882 1497 962 1527 locus
984 1506 1035 1536 pro
1058 1496 1194 1535 infirmis,

458 1545 545 1574 etiam
571 1554 636 1575 cum
674 1546 819 1575 oratorio:
855 1545 903 1575 ubi
936 1545 1059 1584 singulis
1094 1545 1197 1575 diebus

458 1593 544 1623 missa
567 1593 741 1631 celebretur,
766 1595 789 1624 si
813 1594 878 1634 quis
912 1594 949 1624 sit
978 1594 1123 1631 infirmuS,
1148 1594 1196 1633 qui

457 1652 519 1672 eam
543 1643 644 1672 audire
668 1643 768 1682 possit.

498 1699 535 1721 lv.
564 1691 637 1721 ltem
660 1692 689 1722 in
720 1692 845 1722 ecclesia
868 1692 1037 1722 monasterii
1059 1692 1197 1722 decenter

458 1744 485 1770 et
508 1740 629 1771 honeste
659 1745 851 1771 conservetur
884 1745 1069 1771 sacrosancta
1092 1741 1197 1771 eucha-

458 1789 538 1819 ristia
562 1799 613 1829 pro
636 1789 786 1820 monachis
808 1794 837 1819 et
860 1789 1054 1819 familiaribus
1078 1789 1195 1826 nostris,

459 1838 488 1868 in
512 1847 580 1868 casu
603 1839 788 1868 necessitatis
811 1839 852 1868 eis
876 1839 1060 1878 porrigenda.

500 1896 525 1916 v.
549 1887 619 1917 Item
650 1888 713 1917 oleo
742 1887 896 1917 benedicto
926 1887 1074 1917 infirmum
1108 1891 1197 1926 ungat

459 1936 548 1966 abbas
570 1937 614 1966 vel
638 1936 701 1967 eius
724 1936 861 1974 vicarius,
885 1937 965 1967 iuxta
987 1937 1077 1967 ritum
1099 1946 1197 1967 sacrae

458 1986 598 2026 lampadis
630 1986 691 2015 sive
725 1990 872 2016 extremae
905 1985 1070 2016 unctionis:
1095 1990 1122 2016 et
1147 1986 1198 2016 ha-

458 2033 583 2064 beantur
597 2035 626 2064 in
644 2034 774 2073 quolibet
789 2034 964 2064 monasterio
980 2033 1048 2063 libri
1065 2034 1196 2071 rituales,

459 2087 516 2112 tam
546 2092 597 2122 pro
620 2083 811 2113 eucharistiae
835 2083 1087 2112 administratione
1111 2091 1196 2122 quam

459 2141 511 2171 pro
535 2133 666 2161 extrema
702 2132 856 2169 unctione,
880 2136 907 2161 et
937 2140 989 2171 pro
1011 2132 1198 2162 commenda-

459 2181 538 2211 tione
561 2181 674 2210 animae
697 2185 726 2210 et
748 2181 890 2220 exequiis.

500 2238 535 2259 vi.
553 2229 655 2259 Nullus
671 2229 830 2259 monachus
847 2230 1030 2268 permittatur
1045 2230 1086 2259 uti
1105 2229 1198 2259 scien-

459 2279 500 2307 tia
521 2278 684 2308 medicinae
707 2282 763 2308 tam
788 2287 838 2317 pro
862 2278 1010 2307 monachis
1036 2287 1121 2317 quam
1146 2287 1197 2317 pro

459 2326 669 2365 saecularibus,
686 2326 742 2356 nisi
765 2327 1011 2366 dispensationem
1028 2336 1041 2355 a
1059 2327 1197 2365 legitimis

459 2375 660 2414 superioribus
683 2374 797 2412 habeat,
815 2375 901 2415 idque
917 2375 979 2405 sine
1003 2375 1145 2414 periculo,
1170 2380 1197 2405 et

459 2424 521 2453 sine
545 2424 692 2462 mercede,
714 2424 762 2453 sed
786 2433 819 2453 ex
843 2424 902 2454 sola
925 2423 1067 2453 charitate
1100 2424 1196 2454 faciat.

501 2483 547 2503 vu.
580 2473 676 2503 Abbas
709 2474 880 2504 monasterii
914 2473 1025 2504 obitum
1055 2474 1197 2513 cuiusque

459 2523 594 2552 monachi
617 2523 647 2553 in
670 2532 721 2553 suo
745 2524 919 2554 monasterio
946 2523 1112 2553 decedentis
1133 2523 1196 2553 sine

459 2570 598 2601 dilatione
614 2571 709 2602 abbati
725 2572 853 2610 generali
870 2576 897 2602 et
918 2571 1072 2602 abbatibus
1088 2576 1197 2601 cetero-

458 2629 524 2650 rum
539 2621 783 2652 monasteriorum
799 2621 955 2652 denunciet
971 2629 1022 2660 per
1043 2620 1194 2660 epistolam

1047 230 1229 255 BULLAntUM
1253 231 1409 256 ROMANUM

1243 280 1438 320 encyclicam,
1462 284 1493 310 ut
1516 290 1567 320 pro
1590 284 1702 311 mortuo
1725 281 1794 312 fiant
1823 281 1979 321 sutfragia3

1243 338 1347 368 nempe
1365 330 1391 359 in
1409 330 1597 366 monasterio,
1612 330 1640 360 in
1657 340 1713 369 quo
1730 331 1888 361 monachus
1901 331 1981 362 obie-

1243 378 1292 415 rit,
1314 378 1384 408 fiant
1401 379 1539 417 exequiae
1557 388 1634 409 more
1653 379 1738 409 solito
1753 384 1781 409 et
1799 380 1883 410 missa
1906 382 1982 410 sole-

1243 427 1332 463 mnis,
1347 431 1374 457 et
1390 427 1591 467 unusquisque
1608 429 1743 458 sacerdos
1758 428 1834 459 dicat
1850 433 1893 459 ter
1906 429 1981 468 psal-

1246 476 1351 505 terium
1375 476 1540 505 orationum
1563 476 1773 506 dominicarum
1790 482 1817 507 et
1832 477 1981 507 salutatio-

1243 533 1312 553 num
1330 524 1545 562 angelicarmn,
1563 524 1631 554 item
1650 525 1762 555 dicatur
1778 535 1828 565 pro
1844 535 1877 555 eo
1893 525 1980 555 missa

1243 574 1381 603 solemnis
1403 574 1433 603 in
1456 574 1502 603 die
1534 574 1753 613 quadragesimo
1785 574 1879 604 obitus
1901 578 1929 604 et
1950 574 1980 604 in

1243 620 1456 651 anniversario.
1481 622 1512 651 In
1542 622 1662 661 reliquis
1696 632 1763 652 vero
1795 623 1980 652 monasteriis

1244 680 1299 699 una
1324 670 1411 699 missa
1434 671 1547 700 dicatur
1569 680 1583 700 a
1606 670 1737 710 quolibet
1759 671 1921 707 sacerdote,
1951 675 1981 700 et.

1243 728 1333 748 unum
1365 719 1536 758 psalterium
1572 719 1735 748 orationum
1768 719 1979 749 dominicarum

1243 772 1270 797 ct
1293 767 1504 797 salutationum
1527 767 1727 805 angelicarum
1750 777 1764 796 a
1788 777 1845 797 non
1881 776 1980 797 sacer-

1242 816 1320 845 dote.
1345 816 1399 845 Pro
1422 815 1524 845 abbate
1547 825 1614 845 vero
1646 816 1773 854 generali
1797 820 1825 846 et
1848 824 1979 855 unoquo-

1242 874 1296 904 que
1319 874 1352 894 ex
1375 869 1502 905 quatuor
1524 865 1695 903 hegumenis
1711 865 1786 895 idem
1807 866 1855 894 fiat
1874 865 1903 894 in
1920 869 1979 895 toto

1241 913 1360 950 Ordine,
1384 914 1460 953 quod
1484 914 1515 943 fit
1537 914 1565 943 in
1590 913 1765 943 monasterio
1788 913 1816 943 in
1840 922 1896 952 quo
1919 922 1979 942 mo-

1241 962 1353 992 nachus
1377 962 1516 998 moritur;
1541 963 1626 1001 idque
1649 962 1871 1001 intelligendum
1888 966 1930 992 est
1945 962 1979 992 de

1241 1010 1300 1040 illis
1323 1011 1409 1040 etiam
1439 1011 1489 1049 qui
1528 1011 1682 1050 aliquando
1714 1020 1836 1040 munere
1867 1010 1979 1040 abbatis

1241 1059 1386 1097 generalis
1408 1064 1436 1089 et
1460 1060 1690 1097 hegumenorum
1714 1060 1804 1089 functi
1827 1064 1915 1097 sunt,
1939 1064 1980 1089 et-

1241 1108 1325 1137 iamsi
1354 1108 1427 1137 tales
1461 1118 1517 1137 non
1550 1109 1659 1138 suerint
1682 1117 1746 1138 cum
1770 1108 1877 1138 mortui
1902 1113 1979 1138 sunt.

1241 1156 1324 1186 Ilunc
1347 1161 1441 1185 autem
1462 1157 1616 1186 missarum
1639 1161 1667 1186 et
1689 1157 1854 1186 orationum
1877 1165 1979 1186 nume-

1240 1215 1324 1243 rum,
1348 1215 1432 1244 quem
1456 1214 1543 1244 supra
1566 1205 1782 1244 expressimus,
1806 1215 1912 1244 augere
1934 1205 1979 1235 vel

1241 1254 1406 1284 diminuere
1429 1255 1534 1293 poterit
1556 1255 1743 1293 congregatio
1766 1255 1911 1292 generalis
1928 1264 1979 1294 pro

1241 1303 1344 1332 maiori
1380 1303 1425 1332 vel
1460 1303 1566 1332 minori
1603 1304 1812 1334 monachorum
1845 1312 1976 1334 numero.

1280 1360 1339 1382 vni.
1363 1351 1472 1381 Audita.
1494 1356 1586 1382 morte
1606 1352 1712 1382 summi
1735 1352 1858 1383 Romani
1881 1352 1979 1382 Ponti-

1241 1401 1314 1437 fieis,
1339 1401 1382 1431 vel
1406 1401 1641 1431 reverendissimi
1668 1401 1776 1432 domini
1799 1401 1980 1441 patriarchae

1241 1449 1351 1486 nostri,
1377 1450 1446 1479 fiant
1469 1450 1608 1488 exequiae
1638 1450 1781 1480 solemnes
1803 1450 1832 1479 in
1856 1449 1979 1488 singulis

1241 1498 1442 1535 monasteriis,
1467 1502 1495 1528 et
1525 1499 1725 1538 unusquisque
1747 1499 1881 1529 sacerdos
1902 1499 1980 1528 dicat

1240 1556 1328 1576 unam
1345 1547 1473 1583 missam,
1491 1551 1519 1576 et
1536 1555 1592 1576 non
1611 1546 1746 1576 sacerdos
1763 1550 1878 1577 centum
1899 1546 1980 1576 Pater

1241 1600 1330 1625 noster
1345 1600 1371 1625 et
1388 1595 1445 1625 Ave
1461 1595 1563 1633 Maria,
1581 1596 1657 1634 quod
1678 1601 1720 1626 est
1736 1596 1884 1634 integrum
1904 1596 1980 1636 psal-

1241 1644 1345 1674 terium
1372 1653 1501 1683 precum.
1526 1644 1603 1673 Idem
1635 1644 1683 1674 fiat
1712 1654 1764 1683 pro
1786 1645 1924 1683 episcopo
1950 1645 1980 1674 in

1241 1692 1427 1721 monasteriis
1454 1701 1528 1731 quae
1551 1692 1579 1721 in
1603 1693 1666 1721 eius
1688 1692 1813 1722 dioecesi
1845 1696 1929 1730 sunt,
1953 1697 1980 1722 et

1242 1749 1293 1779 pro
1318 1740 1551 1770 benefactoribus
1570 1740 1735 1779 insignibus
1757 1741 1785 1770 in
1806 1740 1980 1770 monasterio

1241 1789 1287 1817 cui
1311 1787 1528 1818 benefecerunt.

1281 1846 1320 1866 ix.
1345 1837 1376 1866 In
1406 1837 1541 1867 omnibus
1569 1837 1753 1868 coemeteriis
1781 1838 1889 1868 nostris
1923 1847 1980 1868 mo-

1241 1885 1326 1915 nachi
1350 1895 1364 1915 a
1388 1885 1585 1916 saecularibus
1615 1887 1718 1916 semoti
1741 1886 1921 1925 sepeliantur
1949 1886 1980 1916 in

1241 1934 1360 1971 habitu,
1378 1943 1463 1973 quem
1487 1944 1615 1972 gessere,
1640 1935 1700 1964 sive
1723 1935 1921 1974 professorum
1936 1935 1980 1964 vel

1241 1982 1430 2012 novitiorum.

1282 2042 1308 2061 x.
1333 2031 1380 2061 Bis
1413 2032 1442 2061 in
1475 2041 1551 2061 anno
1585 2032 1635 2062 fiat
1666 2032 1902 2063 commemoratio
1929 2042 1980 2072 pro

1241 2080 1376 2110 omnibus
1400 2081 1551 2110 monachis
1567 2080 1712 2111 defunctis
1735 2081 1827 2111 nostri
1844 2080 1977 2118 Ordinis;

1241 2129 1285 2159 bis
1301 2139 1415 2169 quoque
1438 2139 1489 2169 pro
1513 2130 1693 2168 parentibus,
1711 2130 1848 2160 affinibus
1864 2135 1891 2160 et
1908 2131 1981 2160 ami-

1241 2178 1282 2207 cis
1316 2179 1542 2215 monachorum,
1566 2183 1594 2208 et
1627 2188 1677 2218 pro
1707 2179 1842 2209 omnibus
1877 2179 1978 2218 quiin

1241 2227 1424 2257 coemeteriis
1447 2228 1539 2257 nostri
1563 2228 1679 2258 Ordinis
1705 2228 1812 2268 sepulti
1842 2233 1928 2264 sunt,
1951 2232 1980 2258 et

1241 2275 1284 2305 his
1313 2286 1363 2315 pro
1397 2276 1629 2307 benefactoribus
1651 2282 1678 2307 et
1701 2287 1752 2316 pro
1775 2277 1833 2306 illis
1862 2277 1911 2316 qui
1934 2277 1980 2307 lit-

1242 2329 1318 2354 teras
1340 2326 1530 2355 fraternitatis
1546 2325 1662 2356 Ordinis
1685 2326 1777 2356 nostri
1801 2325 1978 2356 habuerunt.

1239 2373 1333 2403 Semel
1357 2374 1469 2404 scilicet
1500 2384 1599 2404 mense
1629 2375 1816 2414 novembris,
1840 2379 1868 2404 et
1889 2373 1978 2404 semel

1240 2427 1305 2453 ante
1319 2423 1434 2453 initium
1451 2423 1553 2453 ieiunii
1567 2423 1838 2463 quadragesimalis.
1851 2422 1884 2452 ln
1900 2423 1980 2452 utra-

1240 2483 1295 2512 que
1318 2474 1595 2503 commemoratione
1617 2473 1730 2503 dicatur
1747 2473 1776 2503 in
1803 2481 1977 2512 unoquoque

1241 2522 1416 2552 monasterio
1439 2522 1525 2552 missa
1548 2522 1706 2560 solemnis,
1730 2526 1758 2552 et
1780 2521 1903 2562 quilibet
1933 2532 1978 2554 sa-

1240 2571 1341 2601 cerdos
1365 2571 1442 2601 dicat
1465 2580 1552 2602 unam
1572 2571 1702 2609 missam,
1719 2576 1747 2602 et
1763 2581 1820 2602 non
1843 2572 1976 2603 sacerdos

1239 2620 1410 2660 psalterium
1434 2630 1566 2660 precum.

1992 233 2039 261 An.
2062 233 2090 261 C.
2108 233 2176 261 1740
