2232 3178
229 250 268 276 Λη
300 249 417 278 c.1735
464 241 505 275 702

425 298 636 342 sumpserint,
663 297 706 330 ita
731 300 764 329 ut
801 294 943 339 episcopi
978 294 1009 327 in
1044 304 1160 338 supra-

423 351 551 395 scriptis
587 351 715 383 casibus
740 349 773 382 in
799 347 1058 391 praenominatas
1084 357 1159 390 per-

423 415 529 443 sonas,
554 403 584 436 in
602 401 784 446 praemissis
809 400 959 433 omnibus
977 405 1007 433 et
1027 399 1162 442 singulis

423 461 477 488 aut
501 456 584 488 circa
609 466 645 486 ea
665 464 796 496 quoquo
815 452 910 485 modo
929 452 1163 495 delinquentes,

426 509 551 550 quoties
573 513 603 539 et
621 507 748 549 quando
766 516 847 548 opus
868 505 970 544 suerit,
997 505 1089 538 etiam
1117 515 1165 537 cx-

425 567 471 593 tra
490 559 700 592 visitationem
720 569 776 601 per
797 568 949 590 censuras
970 558 1165 591 ecelesiasti-

424 624 474 645 ‹Jas
492 613 635 654 aliasque
652 621 772 654 poenas
790 611 833 643 uti
849 611 993 644 eiusdem
1009 610 1099 643 Sedis
1117 610 1165 642 dc-

425 666 517 707 lcgati
543 665 733 708 procedere,
757 674 950 707 omnemque
969 663 1166 696 iurisdictio-

425 729 495 751 nem
523 727 671 751 exercere
710 717 812 750 libere
847 722 877 749 et
916 717 1002 750 licite
1027 717 1162 748 valeant.

425 772 648 810 Decernentes,
667 770 712 802 sic
726 781 784 813 per
805 779 1028 813 quoscumque
1044 768 1166 801 iudices

424 824 531 867 quavis
558 823 745 856 auctoritate
764 823 940 865 fungentes,
962 822 1056 854 etiam
1085 820 1165 853 sacri

424 876 533 919 palatii
556 875 732 915 auditores,
750 885 876 908 necnon
901 874 1025 908 S.R.E.
1056 872 1162 906 cardi-

425 930 523 970 nales,
544 929 667 962 sublata
685 928 728 961 eis
747 933 777 961 et
796 938 907 961 eorum
934 927 1065 960 cuilibet
1082 936 1163 969 qua-

425 982 469 1015 vis
497 983 590 1015 alitcr
614 982 778 1015 iudicandi
803 986 833 1014 et
856 979 1090 1024 interpretandi
1115 980 1166 1011 sa-

425 1035 544 1068 cultatc
564 1040 594 1068 et
612 1035 810 1074 auctoritate,
831 1033 966 1066 iudicari
988 1038 1017 1065 et
1038 1031 1165 1065 definiri

425 1089 554 1128 debere,
575 1089 700 1120 irritum
716 1098 846 1131 quoque
865 1092 896 1120 et
913 1088 1007 1119 inane
1025 1086 1050 1119 si
1072 1096 1165 1118 secus

424 1152 520 1184 super
545 1141 595 1173 his
609 1151 625 1172 a
648 1151 824 1183 quoquam,
842 1140 950 1183 quavis
968 1138 1164 1178 auctoritate,

423 1194 562 1226 scienter
583 1194 632 1226 vel
660 1193 855 1235 ignoranter,
876 1192 1049 1234 contigerit
1066 1196 1166 1224 atten-

425 1247 496 1279 tari.
520 1246 587 1279 Non
608 1246 810 1278 obstantibus
831 1245 1115 1279 constitutionibus
1136 1250 1166 1277 et

425 1298 875 1342 ordinationibusapostolicis
890 1298 921 1331 in
936 1299 1074 1331 savorem
1090 1308 1166 1340 qna-

427 1362 642 1395 rumcumque
670 1361 879 1395 personarum
900 1356 993 1395 atque
1010 1351 1165 1384 Ordinum

430 1411 492 1438 tam
512 1405 761 1438 mendicantium
785 1415 879 1449 quam
897 1416 961 1438 non
984 1405 1166 1438 mendican-

428 1459 516 1500 tium,
550 1458 735 1492 militiarum
762 1459 856 1492 etiam
881 1459 912 1492 S.
941 1458 1069 1491 Ioannis
1094 1458 1167 1491 Ilic-

426 1512 668 1556 rosolomytani,
695 1512 995 1555 congregationum,
1030 1512 1165 1545 societa-

426 1571 502 1605 tum,
528 1565 726 1601 accuiusvis
751 1565 881 1598 alterius
911 1564 1047 1598 institu'ti
1073 1565 1166 1597 etiam

426 1617 606 1651 necessario
640 1623 670 1649 et
701 1617 733 1649 in
760 1617 925 1650 individuo
950 1617 1163 1660 exprimendi,

426 1671 706 1710 monasteriorum,
739 1676 967 1710 conventuum,
1004 1670 1164 1713 capitulo-

426 1736 508 1766 rum,
535 1725 743 1758 ecclesiarum
780 1731 809 1757 et
844 1726 980 1758 aliorum
1007 1735 1163 1768 quorum-

425 1788 562 1821 cumque
587 1783 650 1810 tam
681 1779 890 1810 saecularium
917 1790 1013 1821 quam
1039 1779 1167 1820 regula-

426 1832 508 1863 rium
534 1832 695 1870 locorum,
731 1841 853 1864 necnon
890 1831 1032 1872 illorum,
1072 1831 1165 1864 etiam

427 1885 614 1923 iuramento,
641 1883 885 1917 confirmatione
910 1884 1100 1928 apostolica,
1117 1885 1165 1917 vel

427 1937 536 1979 quavis
563 1935 712 1969 firmitate
737 1936 798 1970 alia
834 1937 1003 1979 roboratis,
1040 1937 1165 1970 statutis

426 1991 473 2022 vel
489 1989 789 2029 consuetudinibus
809 1990 1071 2034 exemptionibus
1090 2001 1167 2034 quo-

427 2053 500 2085 que,
542 2042 676 2075 indultis
713 2047 744 2075 et
779 2043 967 2086 privilegiis,
1005 2043 1100 2077 etiam
1134 2043 1165 2076 in

427 2106 564 2138 corpore
591 2095 668 2128 iuris
694 2096 832 2136 clausis,
858 2102 911 2129 aut
947 2107 982 2129 ex
1013 2098 1110 2130 causa
1136 2102 1167 2130 et

428 2151 519 2183 titulo
545 2160 691 2191 oneroso,
717 2150 766 2183 vel
792 2150 822 2182 in
856 2150 968 2184 limine
1004 2151 1165 2184 fundatio-

427 2203 477 2236 nis
514 2202 693 2243 concessis,
731 2202 823 2235 etiam
860 2203 1074 2246 Marimagno,
1110 2214 1165 2237 seu

428 2255 539 2288 Bullea
558 2257 663 2295 aurea,
692 2261 745 2288 aut
764 2255 843 2289 alias
860 2256 1066 2299 nuncupatis,
1090 2267 1167 2290 con-

427 2313 625 2343 servatorum
666 2309 947 2352 deputationibus,
989 2320 1167 2353 eorumque

427 2367 522 2405 atque
536 2361 877 2402 aliisinliibitionibus,
891 2363 1008 2406 quibus
1024 2363 1166 2406 episcopi

428 2416 553 2448 deferre
587 2415 719 2448 minime
744 2420 925 2455 teneantur,
950 2421 980 2448 et
1004 2416 1167 2459 quibusvis

427 2468 508 2508 aliis,
526 2468 584 2501 sub
602 2468 812 2512 quiscumque
828 2469 994 2502 tenoribus
1012 2474 1042 2502 et
1055 2470 1165 2503 formis

428 2531 464 2553 ac
488 2531 560 2553 cum
587 2521 751 2563 quibusvis
769 2521 865 2554 etiam
888 2521 1166 2564 derogatoriarum

430 2575 653 2617 derogatoriis,
670 2574 805 2619 aliisque
822 2574 1055 2608 efficacioribus
1072 2580 1102 2607 et
1118 2574 1166 2607 in-

428 2627 532 2661 solitis
550 2627 710 2669 clausulis,
737 2638 863 2661 necnon
882 2627 1083 2661 irritantibus
1110 2628 1165 2661 de-

1011 244 1192 270 submittunt
1219 226 1373 269 nerianum

1208 293 1315 333 cretis,
1344 293 1437 326 etiam
1464 296 1554 326 motu
1579 292 1711 337 proprio
1736 297 1767 326 et
1796 303 1832 326 ex
1858 293 1945 326 certa

1207 346 1351 386 scientia,
1363 357 1398 379 ac
1409 347 1448 380 de
1460 346 1654 389 apostolicae
1663 346 1827 390 potestatis
1843 345 1945 390 pleni-

1208 400 1329 440 tudine,
1344 405 1399 432 aut
1412 400 1490 433 alias
1511 399 1758 442 quomodolibet
1772 399 1867 432 etiam
1888 409 1946 442 per

1208 453 1288 485 viam
1320 451 1619 486 communicationis
1655 461 1711 484 seu
1751 451 1946 485 extensionis

1208 505 1378 543 concessis,
1405 515 1441 538 ac
1465 504 1587 537 iteratis
1610 504 1734 537 vicibus
1758 504 1945 547 approbatis

1209 564 1240 590 et
1254 558 1424 595 innovatis,
1441 557 1565 590 etiamsi
1586 567 1645 599 pro
1664 557 1834 590 sufficienti
1853 558 1947 590 dero-

1208 610 1337 652 gatione
1356 611 1395 643 de
1410 610 1472 643 illis
1490 620 1667 652 eorumque
1691 610 1763 643 totis
1779 609 1946 642 tenoribus

1209 668 1241 695 et
1267 663 1378 696 formis
1403 663 1555 706 specialis
1580 668 1610 695 et
1635 662 1811 703 individua,
1847 673 1885 695 ac
1910 663 1949 695 de

1209 715 1308 748 verbo
1323 715 1363 748 ad
1379 715 1526 755 verbum,
1544 725 1608 748 non
1626 720 1730 747 autem
1748 725 1808 758 per
1825 715 1945 748 clausu-

1209 768 1254 800 las
1280 769 1447 810 generales
1472 767 1556 801 idem
1579 767 1799 812 importantes,
1825 767 1947 800 mentio

1209 831 1265 853 seu
1292 821 1421 864 quaevis
1445 821 1507 854 alia
1532 821 1693 864 expressio
1711 820 1869 862 habenda,
1895 825 1949 853 aut

1209 873 1315 917 aliqua
1341 874 1401 906 alia
1426 874 1586 918 exquisita
1606 874 1712 907 forma
1731 873 1887 908 servanda
1905 883 1948 906 es·

1209 932 1274 968 set,
1303 933 1431 960 tenores
1457 927 1652 968 huiusmodi,
1676 937 1712 960 ac
1736 927 1761 959 si
1787 927 1826 960 de
1852 928 1948 961 verbo

1209 981 1248 1014 ad
1286 981 1438 1021 verbum,
1470 981 1551 1014 nibil
1587 981 1715 1024 penitus
1751 980 1894 1020 omisso,
1918 985 1950 1013 et

1210 1034 1311 1066 fornia
1336 1034 1369 1067 in
1395 1034 1457 1067 illis
1482 1034 1598 1067 tradita
1634 1035 1801 1067 observata
1837 1034 1948 1067 inserti

1212 1088 1324 1128 forent,
1352 1087 1574 1131 praesentibus
1598 1098 1657 1131 pro
1694 1087 1852 1130 expressis
1890 1088 1948 1121 ha-

1209 1140 1338 1181 bentes,
1365 1141 1499 1184 quibus,
1526 1142 1632 1184 quoad
1663 1151 1700 1173 ea
1725 1151 1805 1183 quae
1829 1140 1947 1173 eisdem

1210 1194 1433 1237 praesentibus
1457 1195 1683 1235 adversantur,
1709 1195 1771 1227 illis
1806 1194 1884 1227 alias
1916 1195 1947 1227 in

1210 1258 1265 1280 suo
1301 1249 1418 1281 robore
1454 1248 1689 1291 permansuris,
1716 1248 1895 1291 specialiter
1919 1255 1950 1282 et

1210 1311 1357 1344 expresse
1382 1302 1589 1343 derogamus3
1620 1301 1795 1344 ceterisque
1827 1306 1950 1335 contra-

1211 1354 1264 1386 riis
1290 1354 1554 1398 quibuscumque.
1588 1354 1744 1395 Ceterum,
1776 1354 1849 1398 quia
1884 1354 1946 1387 dis-

1211 1408 1292 1441 sicile
1318 1408 1399 1441 soret
1424 1413 1607 1451 praesentes
1628 1407 1751 1441 litteras
1769 1408 1807 1441 ad
1824 1407 1950 1451 singula

1211 1472 1355 1505 quaeque
1373 1462 1443 1495 loca
1456 1461 1583 1502 deferri,
1601 1466 1635 1494 ut
1655 1471 1709 1494 eae
1728 1467 1834 1495 tamen
1852 1462 1950 1495 o'mni-

1210 1515 1270 1548 bus
1296 1514 1509 1554 innotescant,
1528 1514 1716 1547 mandamus
1736 1513 1806 1547 illas
1823 1515 1863 1547 ad
1886 1515 1949 1548 val-

1210 1578 1261 1600 vas
1295 1566 1516 1600 Lateranensis
1551 1572 1582 1599 et
1617 1566 1774 1610 Principis
1809 1568 1947 1611 Aposto-

1210 1621 1314 1652 lorum
1341 1620 1380 1653 de
1406 1619 1489 1652 Urbe
1513 1619 1731 1659 basilicarum,
1758 1624 1854 1662 atque
1874 1619 1950 1653 Can-

1210 1672 1358 1706 cellariae
1394 1672 1609 1715 Apostolicae‚
1634 1678 1664 1704 et
1688 1672 1718 1704 in
1752 1671 1818 1705 acie
1853 1671 1950 1706 Cam-

1210 1725 1344 1768 pissorae
1370 1725 1531 1768 publicari
1556 1729 1587 1757 et
1612 1724 1691 1757 inibi
1717 1725 1812 1766 astigi,
1838 1730 1869 1757 et
1893 1736 1951 1769 per

1210 1778 1339 1822 aliquod
1367 1777 1520 1821 temporis
1541 1777 1678 1820 spatium
1697 1777 1824 1817 dimitti,
1841 1777 1951 1822 eisque

1210 1832 1374 1872 deu-actis,
1400 1841 1510 1864 earum
1534 1832 1682 1874 exempla
1699 1841 1736 1864 eo
1757 1831 1788 1864 in
1807 1831 1877 1865 loco
1903 1842 1951 1865 re-

1209 1885 1330 1929 linqui:
1357 1895 1394 1918 ae
1417 1886 1564 1918 volumus
1589 1889 1624 1917 ut
1652 1885 1837 1918 earumdem
1858 1895 1950 1928 prae-

1208 1939 1348 1972 sentium
1382 1938 1562 1971 litterarum
1595 1938 1822 1981 transumptis,
1855 1939 1950 1972 etiam

1209 1992 1394 2035 impressis,
1426 2002 1523 2024 manu
1543 1991 1677 2024 alicuius
1699 1991 1815 2024 notarii
1829 1991 1951 2035 publici

1209 2045 1410 2089 subscriptis,
1441 2049 1472 2078 et
1498 2044 1605 2088 sigillo
1639 2045 1776 2089 praelati
1801 2055 1856 2078 seu
1880 2055 1951 2089 per-

1208 2109 1308 2132 sonae
1333 2099 1365 2131 in
1395 2098 1550 2141 dignitate
1582 2097 1801 2131 ecclesiastica
1832 2099 1952 2132 consti-

1210 2157 1297 2184 tutae
1328 2150 1460 2184 munitis
1475 2178 1482 2192 ,
1508 2150 1539 2183 in
1558 2150 1679 2183 iudicio
1702 2156 1733 2184 et
1752 2156 1840 2184 extra
1858 2151 1949 2193 illud,

1210 2204 1264 2237 ubi
1301 2214 1382 2247 opus
1419 2203 1525 2243 suerit,
1559 2203 1675 2236 eadem
1706 2214 1840 2246 prorsus
1869 2203 1950 2238 fides

1210 2257 1416 2297 adhibeatur,
1433 2267 1516 2300 quae
1533 2256 1611 2299 ipsis
1629 2256 1842 2299 originalibus
1856 2258 1949 2291 adhi-

1209 2312 1356 2351 beretur,
1388 2310 1413 2343 si
1435 2311 1543 2343 forent
1567 2309 1732 2343 exhibitae
1760 2311 1809 2344 vel
1840 2316 1951 2344 osten-

1209 2375 1275 2397 sae.
1314 2363 1399 2396 Nulli
1424 2373 1500 2406 ergo
1537 2363 1669 2396 omnino
1706 2363 1875 2397 hominum
1910 2364 1950 2398 li-

1210 2422 1281 2450 ceat
1306 2417 1390 2450 hanc
1420 2416 1570 2460 paginam
1606 2421 1792 2449 nostrorum
1831 2417 1949 2456 statuti,

1210 2469 1446 2509 declarationis,
1477 2470 1689 2509 decretorum,
1722 2469 1948 2512 derogationis,

1210 2523 1349 2556 mandati
1375 2527 1406 2555 et
1429 2522 1605 2556 voluntatis
1629 2522 1823 2565 infringere,
1850 2523 1900 2555 vel
1921 2521 1948 2554 ei

1210 2586 1289 2609 ausu
1314 2576 1483 2610 temerario
1509 2575 1676 2617 contraire;
1702 2575 1728 2609 si
1753 2575 1825 2619 quis
1842 2580 1949 2608 autern

1211 2629 1272 2663 hoc
1296 2633 1454 2662 attentare
1487 2628 1757 2674 praesumpserit,
1796 2627 1945 2672 indigna-

1954 244 2003 270 An.
2020 244 2048 270 C.
2073 243 2140 272 ¹735
