2232 3178
317 241 367 268 An.
387 241 415 268 c.
438 240 505 268 ¹738
550 231 614 266 430

338 1498 368 1519 De
381 1472 495 1519 ἓεῐὲἰιιίηηῑίι

312 1523 351 1545 bus
363 1527 384 1545 et
402 1526 496 1551 collegis.

511 294 589 328 petat
604 293 654 319 aut
671 289 853 329 praetendat,
871 299 924 319 nec
943 299 993 329 pro
1016 290 1072 319 alio
1087 289 1247 319 substitua-

511 341 569 374 tur,
594 347 700 376 neque,
725 342 757 366 nt
779 338 854 367 alius
877 347 938 367 eam
963 338 1155 376 adipiscatur,
1188 338 1245 366 sus-

510 385 634 423 sragium
658 387 741 415 serat.
767 386 905 415 Poterunt
922 391 1018 415 autem
1036 386 1125 415 nostri
1143 386 1246 415 docere

508 433 584 462 intra
609 434 753 470 claustra,
777 435 801 464 si
823 445 856 464 cx
887 435 1043 464 dotationis
1066 439 1116 464 aut
1145 434 1246 463 sunda-

509 481 598 510 tionis
620 483 790 519 gravamine
814 487 965 512 teneamur
981 483 1014 512 ad
1032 483 1070 519 id,
1088 481 1246 511 dummodo

509 530 659 559 studentes
682 531 773 560 nostri
796 531 869 560 nihil
892 541 957 560 cum
980 531 1181 561 saecularibus
1199 530 1245 559 ha-

508 576 596 607 beant
618 588 784 608 commuue.
809 579 993 609 Conlectorcs
1016 584 1113 608 autem
1129 601 1136 615 ,
1160 578 1246 615 vulgo

508 631 672 664 passautes,
696 636 754 656 non
777 627 1022 665 cognominentur
1044 628 1180 663 lectores,
1197 626 1245 655 sed

507 675 678 712 cognomine
712 676 908 714 respondente
948 676 1069 714 hispano
1106 675 1246 704 vocabulo

507 722 549 760 (in
567 724 620 753 sua
636 724 760 763 quisque
783 725 934 763 provincia
956 725 1169 762 distinguatur¹
1193 723 1247 753 lin-

506 773 561 808 gua
585 773 782 811 vernacula):
808 772 925 802 illorum
949 773 1026 802 enim
1051 773 1178 801 osticium
1203 776 1246 802 est

507 828 642 858 praeesse
664 821 852 850 conl'erentiis
874 821 902 850 iu
927 821 1092 860 praesentia
1115 821 1243 856 lectoris,

506 869 590 898 cuius
607 870 726 899 materia
749 870 778 899 in
802 870 981 899 conferentia
999 874 1042 899 est
1058 870 1244 908 disputanda,

507 917 623 955 legere,
649 918 796 956 explicare
819 918 976 956 lectiones,
1000 922 1027 947 et
1049 918 1246 947 conclusioni-

506 965 561 995 bus
584 976 719 1005 praeesse
742 966 777 995 ob
801 966 920 995 lectoris
953 966 1167 1003 infirmitatem,
1200 974 1245 995 ar-

505 1024 594 1052 guere
617 1015 646 1044 in
670 1014 805 1044 omuibus
827 1015 1087 1051 conclusionibus3
1122 1016 1189 1044 item
1215 1015 1244 1043 in

505 1063 620 1093 actibus
642 1064 792 1093 litterariis
818 1063 851 1093 ad
873 1068 951 1093 extra
976 1064 1141 1103 praesidere
1158 1063 1245 1094 colle-

505 1112 570 1150 giis,
593 1117 624 1141 ut
652 1112 741 1141 moris
771 1117 823 1142 est.
854 1112 1039 1143 Conlectores
1070 1113 1243 1150 theologiae,

506 1162 555 1200 qui
580 1161 635 1190 iam
667 1161 880 1201 philosophiam
906 1162 1090 1200 docuerunt,
1120 1162 1246 1201 philoso—

506 1210 591 1249 phiae
611 1220 678 1240 vero
694 1211 873 1240 conlectores
890 1211 943 1240 hac
959 1211 1059 1240 eadem
1076 1212 1245 1251 exceptione

507 1259 593 1298 potiri
610 1259 728 1297 debent,
752 1259 867 1297 quando
886 1269 970 1288 casus
993 1261 1168 1298 occurrerit,
1189 1271 1245 1299 quo

506 1307 647 1338 lecturam
671 1308 707 1337 ob
734 1308 852 1337 lectoris
879 1308 1079 1338 infirmitatem
1108 1319 1141 1338 ex
1174 1310 1246 1339 inte-

506 1366 557 1394 gro
574 1361 661 1395 agant
681 1357 910 1396 suppleantque,
934 1362 961 1387 et
986 1367 1037 1397 pro
1059 1358 1109 1387 illo
1132 1362 1244 1388 tantum

507 1410 648 1446 tempore.

546 1464 565 1484 1.
590 1455 690 1484 Patres
713 1454 907 1493 provinciales
923 1455 1077 1493 designent
1093 1456 1246 1494 religiosos

508 1503 619 1542 (unum
643 1504 744 1532 saltem
767 1513 875 1533 annum
898 1504 1074 1542 completum
1098 1509 1162 1543 post
1184 1515 1247 1545 pro-

506 1552 662 1582 fessionem
687 1551 852 1591 hahentes),
869 1552 919 1591 qui
936 1552 1150 1592 philosophiae,
1168 1554 1247 1583 theo-

506 1601 599 1639 logiae
631 1601 822 1630 scholasticae
837 1625 844 1639 ,
868 1601 1046 1640 expositivae
1068 1606 1096 1632 et
1128 1603 1246 1632 moralis

505 1650 610 1680 studiis
633 1650 763 1680 vacaturi
786 1655 874 1687 sunt,
904 1651 1027 1690 illosque
1057 1651 1166 1689 eligant
1188 1652 1247 1681 vir-

505 1703 566 1729 tute
582 1709 615 1729 ac
631 1700 716 1737 genio
733 1699 890 1738 praeditos,
909 1700 1079 1739 viribusque
1099 1700 1244 1737 robustos,

506 1757 558 1788 pro
581 1749 728 1787 iungendo
750 1749 846 1779 studio
873 1758 939 1778 cum
969 1750 1140 1779 austeritate
1169 1750 1246 1780 vitae

506 1802 624 1827 nostrae
640 1808 646 1835 3
671 1802 699 1827 et
721 1802 877 1836 antequam
894 1798 923 1827 in
940 1798 1094 1836 collegium
1111 1803 1244 1838 pergant,

506 1855 555 1876 eos
578 1846 787 1876 inviolabiliter
809 1847 971 1877 examinari
1004 1848 1110 1878 saciant
1131 1849 1165 1878 de
1188 1849 1247 1877 sus-

507 1895 639 1924 sicientia
661 1895 867 1933 grammaticae
896 1905 910 1925 a
934 1896 1080 1934 religiosis
1110 1896 1145 1926 ab
1174 1896 1246 1936 ipsis

507 1944 681 1982 assignatis:
704 1954 757 1974 nec
779 1945 835 1974 nisi
859 1945 1028 1984 approbatis
1059 1946 1155 1976 studia
1179 1956 1247 1976 con-

507 1993 623 2031 cedant,
648 1993 778 2033 alioquin
802 2003 815 2023 a
844 1995 995 2033 superiore
1028 1995 1156 2033 generali
1190 1996 1248 2035 pri-

507 2046 611 2072 ventur
647 2042 764 2078 studiis,
802 2047 830 2073 et
865 2043 894 2072 in
931 2043 1016 2073 domo
1049 2044 1246 2083 professorum

507 2100 600 2130 usque
623 2091 657 2121 ad
681 2092 841 2130 praefixum
866 2096 978 2132 tempus
1002 2093 1166 2123 mittantur.
1184 2094 1247 2124 Col-

507 2140 586 2178 legas
617 2144 715 2170 autem
748 2150 800 2180 pro
832 2142 954 2180 collegio
990 2147 1091 2172 nostro
1126 2152 1245 2173 romano

508 2188 718 2228 Propagandae
736 2189 818 2219 Fidei
842 2190 920 2220 solus
943 2190 1078 2220 minister
1101 2192 1246 2229 generalis

508 2238 615 2276 poterit
647 2238 813 2276 designare,
837 2238 917 2268 iuxta
940 2239 1032 2269 Breve
1068 2240 1245 2270 sanctissimi

508 2286 618 2316 domini
651 2286 743 2316 nostri
776 2286 938 2316 Innocentii
961 2287 1034 2316 XIII.
1066 2288 1119 2317 Eos
1151 2292 1245 2318 autem

510 2336 665 2374 designare
687 2335 845 2372 tenebitur,
869 2336 1003 2366 consulto
1025 2337 1178 2376 superiore
1199 2347 1247 2376 ge-

508 2384 601 2414 nerali
624 2384 746 2414 alterius
768 2384 907 2423 familiae,
931 2384 954 2414 si
977 2394 1012 2414 ex
1036 2385 1087 2414 illa
1115 2386 1245 2423 suerint,

509 2433 656 2473 eligatque
679 2442 794 2473 semper
816 2443 876 2471 eos,
901 2435 950 2473 qui
974 2433 1076 2463 saltem
1100 2443 1151 2473 per
1166 2434 1248 2464 bien-

508 2482 590 2513 nium
613 2483 775 2521 theologiae
797 2483 987 2513 scholasticae
1010 2483 1186 2518 studuerint,
1220 2488 1247 2514 et

509 2532 539 2562 in
556 2533 601 2569 ea,
618 2532 726 2561 iudicio
749 2532 951 2571 provincialis,
975 2532 1101 2562 ministri
1118 2536 1146 2562 et
1161 2532 1248 2562 lecto-

509 2590 586 2618 rum,
603 2590 661 2611 non
683 2581 868 2611 mediocriter
889 2581 1076 2621 profecerint.
1100 2581 1129 2611 Si
1152 2586 1246 2612 autem

548 2636 557 2664 1
581 2634 681 2662 Forsan
702 2635 925 2669 diseinquantur
943 2637 983 2671 (R.
999 2635 1049 2670 τ.).

1081 239 1262 265 BULLARIUM
1287 238 1444 263 ROMANUM

1290 288 1395 327 aliquis
1417 287 1458 317 sic
1480 287 1588 317 electus
1611 286 1829 317 excusationem
1856 285 2024 316 sibi‘simu-

1290 338 1328 366 let.
1351 341 1399 366 aut
1424 336 1604 375 praetendat,
1628 336 1767 365 inhabilis
1797 336 1934 365 reddatur
1961 345 2026 375 per-

1291 391 1376 424 petuo
1399 388 1432 415 att
1457 384 1575 415 Ordinis
1598 386 1725 415 lecturas
1741 390 1768 415 et
1784 385 1877 414 studia
1902 385 2024 414 biennii.

1290 435 1390 463 Sciant
1409 439 1557 473 praeterea
1581 443 1681 463 omnes
1704 434 1795 463 nostri
1818 434 1946 470 religiosi
1969 433 2027 463 dis-

1290 482 1460 518 suadentes,
1485 486 1513 511 et
1537 482 1609 511 male
1632 482 1818 511 consulentes
1845 491 1881 511 ne
1905 481 1954 520 qui
1978 481 2028 511 de-

1289 531 1457 568 signanter¹
1474 531 1502 560 in
1521 531 1700 570 praedictum
1718 535 1840 571 pergant
1856 531 2025 568 collegium,

1289 588 1319 608 se
1342 580 1491 609 incurrere
1514 589 1634 618 poenam
1658 580 1832 619 privationis
1855 579 1933 609 vocis
1955 579 2027 609 acti-

1290 637 1341 657 vae
1364 632 1393 657 et
1416 628 1558 667 passivae,
1579 638 1612 658 ac
1635 629 1705 658 alias
1736 628 1815 658 iuxta
1845 628 2026 668 praedictum

1291 677 1390 706 Breve.

1330 735 1359 754 u.
1384 725 1516 763 Collegae
1538 726 1630 755 nostri
1664 735 1713 765 per
1747 725 1906 756 triennium
1935 725 2027 765 philo-

1290 774 1427 813 sophiae,
1452 778 1479 804 et
1503 784 1552 813 per
1575 775 1652 804 aliud
1676 774 1835 804 triennium
1863 774 2026 812 theologiae

1290 824 1501 861 scholasticae,
1526 833 1558 853 ac
1581 823 1708 862 denique
1730 833 1781 862 per
1803 823 1953 853 biennium
1977 833 2028 853 ex-

1291 873 1432 910 positivae
1462 876 1490 901 et
1519 872 1621 901 morali
1654 872 1814 910 theologiae
1836 881 1953 911 operam
1978 872 2029 902 da-

1290 920 1374 959 bunt,
1398 921 1442 950 vel
1464 921 1568 950 saltem
1599 929 1651 959 per
1682 920 1835 950 biennium
1865 921 2027 959 theologiae

1290 971 1492 1006 scholasticae,
1504 980 1553 1008 per
1567 970 1726 1000 triennium
1744 970 1773 1000 in
1791 970 1913 1008 collegio
1929 974 2028 1000 nostro

1289 1019 1324 1048 de
1348 1019 1538 1058 Propaganda
1560 1019 1628 1048 Fide
1651 1019 1818 1056 linguarum
1850 1025 1937 1058 atque
1960 1019 2029 1057 dog-

1290 1072 1399 1097 matum
1417 1068 1523 1097 studiis
1541 1077 1644 1097 vacare
1660 1068 1776 1098 dehent.
1801 1068 1908 1098 Omnes
1930 1072 2026 1098 autem

1290 1120 1419 1155 tempore
1442 1117 1625 1146 vacationum
1659 1117 1688 1146 in
1722 1117 1783 1146 suis
1816 1117 1947 1155 collegiis
1969 1126 2030 1146 ma-

1290 1169 1387 1201 neant,
1412 1165 1468 1194 nisi
1492 1165 1637 1204 superior,
1662 1166 1711 1204 qui
1735 1166 1800 1195 illos
1832 1165 2030 1204 designaverit

1290 1214 1426 1252 collegas,
1454 1214 1530 1243 aliud
1554 1214 1741 1253 disposuerit.
1762 1214 1834 1244 Dum
1862 1219 1958 1244 autem
1984 1223 2030 1244 ar·

1290 1263 1360 1292 tium
1385 1267 1412 1292 et
1435 1263 1599 1301 theologiae
1631 1263 1727 1293 studio
1755 1263 1940 1301 incumbunt,
1970 1273 2028 1293 non

1290 1312 1409 1342 audiant
1432 1312 1641 1349 consessiones,
1666 1321 1719 1341 nec
1741 1312 1974 1342 concionentur:
1997 1311 2028 1342 in

1291 1360 1393 1389 ultimo
1425 1364 1521 1389 tamen
1555 1369 1632 1389 anno
1666 1361 1834 1390 huiusmodi
1868 1360 2030 1399 theologiae

1289 1409 1479 1438 scholasticae
1502 1409 1588 1438 liceat
1610 1409 1652 1438 eis
1675 1409 1703 1438 iu
1731 1418 1852 1439 munere
1874 1410 2029 1439 conciona-

1290 1459 1364 1488 torio
1387 1467 1416 1487 se
1439 1459 1595 1494 instruere,
1615 1458 1809 1497 praedicando
1833 1468 1929 1488 coram
1952 1468 2030 1489 com-

1291 1507 1434 1536 munitate
1451 1512 1478 1536 et
1495 1507 1523 1536 in
1540 1507 1698 1537 refectorio
1715 1508 1758 1538 vel
1775 1508 1843 1537 aula
1861 1508 2026 1547 capitulari.

1329 1565 1370 1585 ιιι.
1395 1555 1527 1593 Collegae
1551 1555 1718 1595 philosophi
1740 1556 1786 1586 vel
1803 1556 1930 1594 theologi
1946 1556 2030 1586 scho-

1290 1604 1385 1634 lastici
1405 1609 1534 1643 tempore
1557 1613 1661 1634 cursus
1694 1605 1811 1635 ordines
1844 1614 1941 1635 sacros
1971 1615 2028 1636 non

1290 1653 1445 1692 recipiant,
1470 1653 1525 1682 nisi
1548 1653 1598 1682 isti
1622 1654 1813 1684 conserantur
1835 1654 1865 1684 in
1888 1653 1951 1684 loco
1977 1653 2028 1684 ubi

1290 1706 1334 1732 est
1356 1702 1523 1740 collegium,
1542 1702 1586 1731 vel
1609 1702 1638 1731 in
1662 1703 1766 1741 oppido
1789 1712 1804 1732 a
1827 1703 1948 1741 collegio
1970 1712 2029 1733 non

1290 1751 1417 1780 distante
1440 1751 1516 1780 ultra
1541 1760 1593 1780 sex
1615 1751 1725 1780 leucas.
1743 1751 1801 1781 Nec
1819 1751 1946 1789 collegae
1967 1751 2027 1787 isti,

1290 1799 1358 1829 dum
1382 1799 1454 1829 tales
1477 1804 1556 1836 sunt,
1581 1799 1610 1829 in
1634 1800 1759 1838 patriam
1783 1809 1865 1830 suam
1893 1800 2027 1839 adibunt,

1290 1858 1344 1878 nec
1367 1848 1422 1878 alia
1445 1848 1551 1878 itinera
1575 1853 1671 1886 agent,
1690 1858 1744 1878 nec
1766 1858 1780 1878 a
1804 1849 1890 1879 domo
1906 1849 2028 1880 exibunt

1291 1897 1419 1936 (etiamsi
1442 1898 1501 1927 sint
1523 1897 1550 1926 in
1575 1897 1673 1936 aliquo
1695 1901 1841 1928 conventu
1863 1902 1945 1928 extra
1969 1898 2028 1929 col-

1291 1946 1441 1985 legium),
1466 1945 1522 1975 nisi
1545 1955 1610 1975 cum
1644 1947 1863 1985 communitate,
1887 1947 1931 1977 vel
1961 1956 2026 1977 cum

1290 2005 1343 2025 suo
1366 1995 1514 2033 ministro,
1538 1995 1584 2024 vel
1612 2004 1677 2024 cum
1706 1995 1838 2034 patribus
1868 1995 2029 2026 definitori-

1290 2043 1355 2073 bus.
1380 2044 1422 2073 Ad
1439 2043 1578 2073 exercitia
1596 2047 1692 2073 tamen
1710 2044 1876 2074 litterarum
1892 2048 2030 2084 poterunt

1291 2093 1372 2122 exire
1395 2101 1461 2122 cum
1483 2093 1544 2122 suis
1566 2092 1746 2131 lectoribus,
1775 2093 1825 2122 sed
1855 2093 1949 2122 solum
1972 2093 2038 2136 itti,

1290 2142 1340 2181 qui
1362 2151 1377 2171 a
1400 2141 1550 2171 visitatore
1566 2141 1758 2179 designentur
1773 2142 1808 2172 ad
1823 2142 1889 2174 hoc.
1905 2142 2029 2181 Collegis

1290 2191 1413 2224 biennii,
1437 2191 1482 2220 vel
1505 2190 1546 2220 eis
1568 2190 1616 2229 qui
1634 2191 1663 2220 in
1680 2190 1804 2229 collegio
1819 2191 2028 2230 Propagandae

1290 2240 1369 2270 Fidei
1392 2239 1545 2269 actualiter
1567 2239 1688 2278 suerint,
1712 2249 1815 2279 aeque,
1839 2243 1866 2270 et
1887 2249 1946 2270 non
1972 2240 2028 2270 alia

1290 2289 1384 2319 officia
1417 2288 1631 2318 distribuantur
1662 2288 1691 2317 in
1725 2288 1835 2326 tabula,
1863 2288 1921 2319 nisi
1954 2298 2028 2328 quae

1290 2337 1531 2367 conventualibus
1554 2337 1782 2367 distribuuntur.

1330 2395 1368 2416 tv.
1393 2386 1495 2416 Nullus
1518 2386 1628 2424 collega
1651 2386 1832 2424 ingrediatur
1864 2387 1952 2417 cellas
1981 2396 2028 2427 pa·

1290 2440 1367 2465 trum
1391 2435 1543 2464 lectorum.
1935 2446 1938 2450 ·

1330 2494 1357 2514 r.
1382 2484 1488 2515 Omnes
1511 2484 1662 2514 studentes
1680 2484 1837 2523 diligenter
1859 2484 2028 2515 examinen—

1291 2533 1388 2563 turin
1412 2532 1536 2571 singulis
1568 2532 1787 2562 visitationibus
1815 2542 1830 2562 a
1865 2533 2026 2573 visitatore,

1291 2582 1427 2612 ministro
1449 2585 1477 2612 et
1499 2581 1668 2619 lectoribus,
1692 2586 1720 2611 et
1742 2582 1792 2622 qui
1821 2583 1851 2612 in
1878 2582 2025 2622 facultate,

1328 2638 1338 2661 t
1360 2635 1472 2663 Videtur
1491 2634 1636 2669 legendum
1655 2634 1846 2669 desiynantur
1864 2636 1903 2669 (n.
1918 2636 1968 2671 τ.).

2159 0 2232 135 &mm

2140 98 2141 101 ¹
2202 96 2203 108 l

2202 126 2232 200 ,

2027 237 2079 266 An.
2099 239 2129 268 c.
2145 219 2207 281 nae}
2228 255 2232 272 .-

2206 288 2208 319 l

2225 1529 2232 1663 ——a—
