2232 3178
33 199 81 227 Au.
101 197 132 225 C.
149 196 217 224 1739

219 252 305 283 men,
322 247 493 286 postquam
520 243 597 276 illuc
621 243 750 276 invecta
777 242 906 283 suerint,
927 243 958 275 in

220 295 381 328 indicibus
408 306 463 328 seu
489 296 622 339 syllabis
649 296 806 329 librorum
833 306 958 330 rerum-

220 358 282 391 que
316 347 537 381 bibliothecae
573 349 758 392 praedictae
797 349 962 392 descripta

219 407 251 434 et
275 401 428 433 adnotata
454 402 667 444 reperiantur,
694 407 808 435 tenore
841 407 874 434 et
905 413 961 434 au-

219 454 366 487 ctoritate
391 455 535 497 paribus,
562 455 621 487 sub
646 455 762 488 iisdem
788 455 903 497 poenis
929 461 962 488 et

219 507 363 540 censuris
381 518 398 539 a
417 507 505 540 Sixto
523 507 688 550 praedicto
705 507 960 550 praedecessore

219 560 364 599 inflictis,
392 560 595 593 extendimus
621 566 652 594 et
674 561 878 603 ampliamus.

55 623 155 649 Legnsin
172 628 209 643 an·
262 612 277 655 g
302 612 331 645 5.
357 612 536 653 Praeterea,
564 623 604 646 ne
629 613 826 656 apostolicae
853 614 959 657 provi-

0 703 4 710 ·
30 653 131 704 ὗῖἳῖῗιῖῗ
147 650 369 706 diffidentiae,
396 666 609 699 ordinationis
642 677 678 700 ae
710 667 846 709 regulae
880 667 959 700 alias

31 703 456 761 ‘²¹²¹‘⁰”⁵⁰”³''‘sapientissime
481 720 686 759 constitutae,
713 721 805 762 lapsu
833 725 959 763 tempo-

218 771 262 803 ris
279 781 350 803 cum
366 771 511 804 eiusdem
526 771 745 805 bibliothecae
760 772 958 806 detrimento

218 824 251 856 in
288 824 533 857 desuetudinem
571 825 712 865 abeant,
751 835 815 858 non
851 826 958 859 solum

217 887 330 909 omnes
356 882 388 910 et
411 876 556 920 singulas
581 878 670 921 leges
695 888 754 921 pro
781 879 868 911 recta
904 879 960 911 ad-

216 929 457 963 ministratione
495 936 525 964 et
558 931 803 965 conservatione
841 937 907 964 tum
943 943 960 965 a

216 983 372 1027 praefatis
403 984 554 1017 Romanis
587 984 797 1017 Pontificibus
823 986 959 1028 praede-

217 1036 402 1069 cessoribus
428 1037 560 1077 nostris,
579 1042 644 1070 tum
670 1048 687 1070 a
711 1037 742 1071 S.
762 1039 797 1071 R.
816 1038 849 1071 E.
869 1049 960 1082 prae-

217 1090 321 1122 dictae
331 1090 553 1123 cardinalibus
570 1101 630 1134 pro
652 1096 799 1134 tempore
826 1092 961 1125 existen-

217 1143 304 1175 tibus
325 1143 593 1184 bibliothecariis,
615 1144 828 1178 seueiusdem
842 1145 960 1179 biblio-

219 1196 334 1229 thecae
359 1196 601 1239 protectoribus
622 1198 847 1241 praescriptas,
871 1198 959 1231 dum-

217 1250 314 1282 modo
339 1249 386 1289 iis,
406 1260 486 1293 quae
505 1260 577 1283 mox
595 1251 764 1284 statuenda
789 1257 874 1292 sunt,
895 1262 959 1285 non

218 1302 441 1343 adversentur,
467 1303 584 1336 iterum
612 1314 802 1337 renovamus
827 1310 858 1337 et
883 1316 960 1338 con-

217 1356 399 1397 firmamus,
415 1361 456 1397 et,
469 1362 627 1400 quatenus
645 1367 727 1400 opus
746 1357 800 1398 sit,
819 1357 858 1391 de
875 1368 960 1392 novo

218 1409 352 1442 serimus
378 1414 410 1443 et
433 1411 701 1453 promulgamus,
726 1421 837 1444 verum
864 1411 959 1444 etiam

217 1467 331 1495 tenore
369 1468 400 1495 et
432 1463 624 1497 auctoritate
657 1463 817 1497 similibus
850 1465 961 1498 statui-

217 1525 289 1547 mus
315 1520 345 1548 et
370 1515 402 1547 in
429 1520 596 1558 posterum
633 1517 803 1560 perpetuis
839 1517 957 1550 suturis

220 1568 423 1611 temporibus
449 1569 570 1602 servari
597 1570 800 1603 mandamus.

41 1627 207 1658 tureteaprae-
263 1631 285 1654 1.
313 1621 358 1654 Ac
383 1621 525 1665 primum
552 1622 683 1665 quidem
708 1623 816 1657 omnia
841 1629 874 1657 et
898 1625 961 1658 sin-

29 1657 207 1729 Ξιὲἕεύἐὶῑῖῃξὲἶ
219 1676 310 1716 gula,
335 1685 395 1717 per
419 1675 497 1708 alias
522 1682 648 1709 nostras
673 1676 703 1709 in
730 1677 826 1710 simili
859 1678 960 1711 forma

143 1723 148 1729 '
218 1727 328 1760 Brevis
351 1727 474 1761 litteras
499 1728 531 1760 in
559 1729 772 1772 deputatione
808 1735 868 1763 tam
894 1731 961 1774 pri-

218 1780 309 1813 marii
335 1791 429 1823 quam
461 1781 595 1814 secundi
627 1782 770 1815 custodis
794 1783 960 1826 expeditas

218 1833 352 1866 cuilibet
377 1834 523 1877 ipsorum
549 1834 701 1876 iniuncta,
721 1835 808 1868 iuxta
833 1846 960 1869 earum-

218 1886 293 1919 dem
318 1886 501 1920 litterarum
526 1887 644 1921 seriem
680 1893 711 1922 et
743 1893 891 1923 tenorem
925 1900 959 1923 o-

218 1939 331 1974 mnino
354 1945 574 1984 praestentur.

7 1996 208 2047 pmitffiffiriuffi
262 2003 297 2027 11.
324 1994 506 2038 Antequam
531 1995 679 2039 utrique,
696 1995 849 2040 primario
874 1997 961 2031 scili-

7 2050 207 2101 1:⁰355533fflffi
219 2051 269 2080 cet
299 2052 331 2080 et
360 2048 515 2089 secundo,
555 2048 701 2082 eiusdem
739 2049 959 2084 bibliothecae

8 2104 207 2160 lsss‘ffl‘ssefflssss·
220 2100 387 2144 designato
423 2101 548 2135 custodi
585 2113 644 2146 per
677 2102 708 2136 S.
737 2103 775 2136 R.
802 2103 837 2136 E.
864 2114 960 2147 prae-

201 2151 324 2187 'dictae
357 2154 558 2188 cardinalem
593 2155 876 2189 bibliothecarium
903 2167 959 2190 seu

220 2208 366 2241 eiusdem
397 2208 621 2242 bibliothecae
654 2215 873 2252 protectorem
899 2221 959 2253 pro

219 2266 369 2305 tempore
394 2262 583 2295 existentem
610 2263 642 2295 in
667 2263 736 2306 ipsa
761 2263 960 2297 bibliotheca

220 2315 315 2348 detur
339 2315 403 2348 sive
421 2315 556 2348 seorsim
582 2316 647 2348 sive
672 2316 872 2349 coniunctim
890 2327 960 2350 mu-

220 2368 308 2401 neris
345 2367 529 2401 demandati
565 2368 740 2412 possessio,
769 2368 960 2402 conficiatur

221 2422 439 2465 repertorium
476 2432 532 2455 seu
568 2422 783 2455 inventarium
813 2423 958 2456 omnium

221 2479 253 2507 ct
286 2475 487 2518 singularum
526 2486 633 2508 rerum
671 2485 706 2508 ac
742 2475 899 2509 librorum
926 2476 958 2508 in

220 2528 388 2571 praedicta
419 2528 620 2562 bibliotheca
658 2529 882 2569 existentium,
921 2529 960 2562 de

220 2580 337 2626 quibus
364 2581 515 2615 omnibus
542 2586 572 2615 et
597 2581 748 2625 singulis,
774 2592 847 2616 cum
879 2592 960 2626 opus

826 194 971 220 CLEMENS
995 194 1040 218 xn
1063 194 1115 218 1³1³.

1643 185 1708 219 573
1755 195 1809 221 An.
1826 194 1854 221 e.
1871 195 1939 222 ¹739

1005 242 1120 283 suerit,
1145 242 1209 285 ipsi
1242 243 1393 276 custodes
1430 242 1650 276 omnimodam
1675 242 1742 274 red-

1004 295 1081 328 dere
1109 300 1261 328 tenentur
1286 297 1456 329 rationem.
1484 296 1668 339 Repertorii
1688 306 1744 328 seu

1004 348 1173 381 inventarii
1196 349 1393 389 huiusmodi,
1413 357 1478 382 tum
1500 350 1540 382 ab
1566 350 1669 382 altero
1694 360 1747 381 cu-

1003 402 1117 441 stode,
1143 412 1160 434 a
1195 413 1260 445 quo
1297 403 1458 445 possessio
1499 401 1648 435 adeunda
1675 408 1744 439 est,

1003 458 1070 485 tum
1095 464 1112 485 a
1138 454 1312 487 tabellione
1345 465 1400 487 seu
1436 455 1562 487 notario
1599 454 1743 486 subscri-

1003 506 1110 545 bendi,
1131 507 1248 549 duplex
1270 509 1455 550 exemplum
1478 507 1540 546 siat,
1559 507 1692 539 alterum
1710 506 1743 538 in

1003 559 1082 591 actis
1123 560 1265 593 eiusdem
1298 561 1480 593 tabellionis
1517 570 1573 593 seu
1609 559 1743 599 notarii,

1002 612 1139 645 alterum
1167 613 1197 644 in
1225 613 1368 646 archivio
1400 614 1618 647 bibliothecae
1655 623 1746 656 prae-

1003 664 1106 698 dictae
1144 665 1411 706 custodiendum;
1449 667 1546 700 semel
1584 677 1643 709 pro
1678 677 1744 698 uuo

1002 717 1135 750 custode
1162 718 1278 751 sactum
1306 720 1410 762 (nova
1432 724 1539 752 tamen
1559 719 1745 752 earumdem

1002 780 1108 803 rerum
1136 770 1359 816 librorumque
1386 773 1604 815 praecedente
1636 783 1745 806 recen·

1002 822 1103 862 sione,
1128 823 1302 867 additaque
1320 825 1453 858 aliarum
1476 826 1612 858 sortasse
1636 836 1746 858 rerum

1004 882 1036 909 ct
1060 877 1218 910 librorum
1244 878 1283 911 de
1309 889 1391 911 novo
1417 879 1579 912 illatarum
1616 884 1647 911 ot
1679 879 1746 912 illa-

1002 935 1106 962 torum
1133 930 1344 973 accessione)
1370 932 1485 964 eodem
1506 932 1628 974 pariter
1648 931 1745 964 modo

1003 982 1228 1015 subscribatur
1252 984 1291 1016 ab
1317 985 1421 1017 altero
1446 984 1580 1017 custode
1599 989 1629 1016 et
1647 985 1746 1017 tabel-

1002 1036 1091 1069 lione
1118 1046 1174 1068 seu
1207 1036 1334 1069 notario
1368 1037 1399 1069 in
1432 1037 1652 1079 possessionis
1686 1037 1745 1069 hu-

1003 1089 1140 1121 iusmodi
1167 1089 1323 1122 aditione.

1048 1152 1096 1175 111.
1133 1141 1242 1174 Claves
1268 1142 1411 1174 indicum
1437 1153 1494 1176 seu
1528 1143 1940 1187 syllaborum¹1n=ucumc1aws

1003 1195 1151 1228 codicum
1178 1196 1489 1239 manuscriptorum,
1507 1197 1667 1230 librorum
1693 1181 1942 1232 ἰηΊ-ξῖἧῖἷῖνῗῖἶιιιῗῖἶῗ

1768 1240 1801 1252 unt
1819 1239 1867 1252 ΥΕΓΠ
1885 1239 1940 1258 quad

1002 1259 1206 1292 pressorum,
1222 1249 1426 1292 aliarumque
1445 1260 1564 1289 rerum,
1580 1249 1633 1282 siff
1646 1261 1745 1293 penes
1757 1239 1833 1279 istem
1850 1259 1942 1279 honum-

1756 1286 1794 1306 hu<
1824 1291 1940 1310 inspicien-

1002 1306 1178 1345 utrumque
1213 1302 1397 1342 custodem,
1432 1303 1574 1346 exceptis
1602 1304 1744 1337 clavibus
1757 1313 1783 1332 dd
1816 1313 1943 1348 &iubemur

1003 1366 1116 1389 eorum
1151 1355 1386 1397 armariorum,
1425 1356 1458 1389 in
1495 1357 1612 1400 quibus
1650 1340 1942 1391 solitafssaufffrfigig=35u⁸

1003 1408 1170 1442 vetustatis
1189 1416 1402 1443 monumenta
1420 1411 1539 1444 exteris
1557 1412 1745 1446 hominibus

1003 1462 1207 1506 inspicienda
1238 1463 1494 1508 admirandaque
1526 1465 1745 1506 exhibentur;

1004 1515 1067 1548 hae
1100 1516 1230 1559 quidem
1255 1517 1361 1549 claves
1386 1517 1425 1549 ad
1452 1517 1602 1550 effectum
1637 1518 1747 1551 huius-

1005 1569 1092 1601 modi
1108 1574 1139 1602 et
1157 1569 1346 1602 eorumdem
1366 1569 1536 1603 hominum
1551 1571 1747 1604 exterorum³

1004 1621 1209 1654 commodum
1248 1622 1533 1655 conservatoribus
1566 1623 1660 1666 vulgo
1684 1634 1748 1657 sco-

1001 1676 1114 1717 patori
1138 1675 1176 1707 ad
1200 1675 1344 1717 ipsorum
1378 1676 1551 1708 custodum
1577 1676 1746 1710 arbitrium

1006 1726 1084 1759 tradi
1122 1732 1272 1770 possunt.
1312 1727 1451 1768 Verum,
1477 1734 1513 1761 ut
1547 1729 1678 1771 longior
1714 1730 1746 1762 in

1004 1779 1192 1823 aperiendis
1217 1781 1493 1825 occludendisque
1518 1787 1564 1814 tot
1588 1783 1747 1823 armariis,

1004 1834 1036 1866 in
1062 1834 1181 1877 quihus
1209 1839 1271 1867 tam
1299 1834 1425 1868 diversa
1458 1835 1625 1876 codicum,
1650 1836 1748 1870 libro-

1004 1898 1085 1927 rum,
1112 1897 1288 1931 rerumque
1324 1888 1619 1931 pulcherrimarum
1655 1889 1748 1933 copia

1003 1940 1174 1974 recondita
1199 1946 1257 1981 est,
1279 1951 1368 1974 mora
1394 1942 1570 1983 auferatur,
1591 1946 1621 1975 et
1646 1943 1748 1976 maior

1003 2004 1113 2026 rerum
1147 1994 1290 2037 ipsarum
1328 1995 1473 2029 custodia
1509 1995 1679 2037 habeatur,
1714 1995 1747 2028 in

1003 2058 1102 2080 unum
1143 2052 1198 2080 aut
1238 2048 1334 2090 plura
1364 2049 1505 2081 armaria
1538 2049 1747 2083 conserantur

1003 2100 1305 2144 recondanturque,
1333 2111 1370 2134 ea
1407 2102 1552 2143 scilicet,
1581 2113 1685 2146 quae,
1711 2109 1747 2134 ut

1003 2155 1233 2198 praemittitur,
1252 2155 1428 2197 spectanda
1453 2162 1540 2188 sunt.

1048 2217 1090 2240 lv.
1118 2208 1151 2240 ln
1176 2207 1409 2241 bibliothecam
1435 2208 1540 2241 aditus
1565 2209 1614 2241 vel
1639 2218 1747 2242 acces·
1770 2212 1851 2234 Nemini
1867 2216 1941 2239 pateat

1757 2242 1827 2260 allitus
1853 2241 1879 2260 ad
1909 2242 1940 2261 hl·

1003 2271 1069 2301 sus,
1088 2262 1358 2304 quemadmodum
1375 2272 1479 2305 usque
1501 2262 1539 2295 ad
1558 2262 1641 2294 hanc
1658 2262 1744 2295 diem
1756 2268 1940 2314 &gsltltgfscafflffisi

1003 2324 1072 2347 mos
1098 2319 1203 2354 tenet,
1222 2315 1400 2357 unicuique
1426 2314 1463 2347 iis
1483 2315 1521 2347 dc
1541 2324 1635 2347 mane
1654 2314 1778 2347 dum-et
1793 2321 1858 2341 horis-

1004 2372 1089 2400 taxat
1114 2372 1224 2410 pateat
1243 2367 1370 2408 diebus,
1389 2368 1419 2399 in
1439 2367 1556 2410 quibus
1577 2367 1741 2407 custodes,

1039 2458 1050 2482 1
1074 2456 1144 2483 Edit.
1166 2456 1249 2483 Main.
1271 2456 1335 2490 legit
1355 2456 1533 2490 syllabarum
1556 2457 1595 2489 (u.
1612 2456 1661 2489 Τ.).

1036 2501 1053 2527 2
1073 2501 1186 2527 Videtur
1206 2501 1352 2536 legendum
1372 2500 1431 2527 sint
1450 2503 1488 2531 (n.
1505 2503 1555 2532 T.).

1037 2546 1053 2573 3
1073 2545 1144 2572 Edit.
1170 2545 1250 2572 Main.
1277 2545 1341 2580 legit
1365 2548 1526 2573 ceterorum
1556 2552 1607 2579 pro
1631 2548 1744 2573 attero-

1003 2598 1070 2619 rwn
1089 2592 1128 2626 (n.
1148 2590 1197 2624 Τ.).
