2232 3178
534 165 597 198 ⁶27ss

496 229 540 261 ut,
565 223 655 255 cuius
694 233 800 255 sacras
832 222 960 255 exuvias
993 231 1028 253 ac
1064 220 1234 262 religiosas

496 275 652 318 imagines
678 275 730 317 pio
746 274 926 307 devotionis
944 273 1058 306 atfectu
1078 283 1236 306 veneran-

497 334 557 366 tur,
582 327 648 371 pari
677 327 843 369 religionis
870 327 988 359 ardore
1017 326 1098 358 vitae
1123 326 1235 358 sant-ti-

304 176 354 201 Αη.
375 174 403 201 C.
422 173 486 200 ¹737

496 384 591 412 tatem
619 380 793 411 imitentur.
820 379 887 412 Non
915 379 1000 411 enim
1026 379 1137 411 beatos
1165 389 1258 411 esse*

495 433 644 465 homines
685 432 885 464 censendum
926 437 973 464 est
1013 432 1038 464 si
1078 431 1168 464 iustis
1205 436 1236 463 et

496 485 615 518 sanctis
641 485 746 517 carnis
773 485 1018 528 propinquitate
1046 485 1233 527 iungantur,

496 539 544 570 vel
571 537 668 570 natali
695 538 764 570 solo
790 537 976 577 socientur,
1004 538 1059 570 sed
1079 538 1103 569 si
1123 547 1234 570 eorum

496 590 662 623 doctrinae
698 601 731 622 ac
759 591 907 623 moribus
925 590 1111 623 obediendo
1139 596 1234 632 atque

495 643 650 676 imitando
675 643 920 676 cohaerescant.
948 643 1041 683 Nam,
1069 643 1152 676 sicut
1176 643 1235 675 fra-

496 696 598 728 tribus
624 696 742 728 Christi
768 696 913 737 domiin,
941 696 1023 729 idest
1056 696 1234 728 secundum

496 760 628 782 carnem
654 749 810 791 cognatis,
836 749 890 792 qui
918 760 984 782 non
1012 750 1042 781 in
1070 760 1142 782 eum
1169 759 1236 781 cre-

497 802 658 842 diderunt,
685 802 767 834 nibil
793 801 916 845 profuit
941 802 995 834 illa
1010 801 1170 843 cognatio,
1191 802 1234 834 sic

496 861 528 887 et
565 860 710 888 materna
748 855 972 898 propinquitas
1005 855 1087 887 nihil
1120 854 1234 887 Mariae

495 908 686 952 profuisset,
713 907 773 940 nisi
799 908 925 941 felicius
949 907 1111 941 Christum
1138 907 1235 940 corde

496 972 590 1005 quam
616 971 712 993 carne
739 966 907 1003 gestasset.

330 1025 484 1046 aiuiianaex
539 1016 554 1056 g
578 1013 608 1046 Q.
636 1014 677 1046 Ex
705 1013 894 1046 Falconeria
919 1019 1016 1056 gente
1043 1013 1233 1056 perillustri,

301 1054 586 1110 fiiii'issilfi-tor‘e‘ilpatre
613 1067 741 1099 nomine
767 1066 968 1106 clarissimo,
995 1073 1026 1099 et
1051 1072 1150 1100 matre
1176 1067 1236 1099 Re-

303 1108 345 1125 ¹¹⁸⁰
362 1107 462 1126 ‘'mnu‘'
497 1120 638 1159 cordata,
662 1119 826 1152 sterilibus
853 1126 948 1163 atque
975 1121 1006 1151 in
1033 1125 1235 1153 senet-tutem

496 1173 714 1215 vergentibus,
733 1178 809 1205 nata
831 1178 880 1205 est
905 1172 1025 1205 Iuliana
1043 1172 1234 1211 Florentiae,

496 1232 657 1269 tamquam
694 1226 873 1268 praemium
900 1231 1056 1268 paternae
1083 1226 1234 1268 pietatis,

495 1290 534 1312 eo
562 1285 709 1321 tempore
729 1279 760 1311 in
780 1279 882 1311 lucem
899 1279 1067 1322 prodiens,
1085 1290 1148 1322 quo
1168 1279 1236 1311 eius

494 1338 586 1375 puter
611 1332 818 1364 Florentinae
840 1331 1052 1375 Reipublicae
1072 1331 1235 1364 consulari

495 1391 653 1429 potestate
678 1386 846 1429 princeps,
866 1385 897 1418 in
917 1385 1122 1418 beatissimae
1140 1385 1237 1428 Virgi-

495 1439 544 1471 nis
570 1438 609 1471 ab
635 1439 760 1481 Angelo
785 1439 941 1471 salutatae
968 1439 1144 1479 honorem,
1169 1449 1235 1471 ma-

496 1490 647 1534 gnificum
674 1492 828 1534 templum
854 1491 919 1524 Deo
946 1492 1070 1534 optimo
1097 1491 1235 1524 maximo

496 1543 709 1576 extruendum
734 1544 881 1576 curabat.

302 1605 401 1652 mpsim
416 1605 484 1651 '1323
540 1596 554 1639 ἓ
578 1596 609 1629 3.
637 1596 699 1629 Sed
726 1597 879 1639 quoniam
906 1596 1067 1639 fastigium
1085 1597 1236 1630 nobilita-

302 1658 343 1678 tum
381 1649 535 1684 [stemmatis
561 1655 609 1682 est
633 1649 719 1682 inter
743 1649 797 1682 Dei
832 1649 914 1682 filios
940 1649 1144 1692 computari,
1179 1659 1237 1682 nec

301 1684 386 1704 nomina
402 1684 448 1704 lesu
464 1686 485 1704 et.

301 1710 484 1757 {ffiffiepmmm'
496 1703 615 1735 addere
641 1702 735 1735 nobis
761 1703 936 1746 quidquam
974 1703 1013 1735 ad
1047 1702 1236 1745 dignitatem

348 1753 352 1761 ’
497 1763 645 1790 terrenae
671 1757 807 1800 originis
833 1757 941 1797 decus,
967 1757 1029 1789 nisi
1048 1762 1236 1800 contemptu

496 1821 565 1851 suo,
590 1815 710 1854 potest;
735 1810 809 1843 ideo
830 1815 1015 1843 sanctorum
1035 1810 1235 1843 nobilitatem

496 1864 737 1905 caelestemque
773 1863 912 1906 patriam
948 1862 986 1895 ab
1021 1862 1156 1895 infantia
1190 1863 1235 1896 in-

497 1916 631 1959 quirens
651 1915 686 1948 Β.
704 1915 838 1956 Iuliana,
856 1915 1066 1958 splendorem
1088 1921 1236 1949 terrenae

497 1969 620 2011 patriae
657 1975 689 2002 et
714 1969 848 2012 originis
868 1969 966 2002 decus
984 1969 1169 2012 respuendo
1187 1980 1236 2002 au-

498 2022 551 2063 xit,
578 2022 821 2055 contemnendo
843 2021 997 2055 dilatavit.
1015 2021 1093 2054 Nam
1114 2022 1145 2054 in
1164 2022 1236 2065 ipso

496 2075 632 2108 nutricis
657 2074 751 2115 sinu,
781 2074 857 2107 dum
893 2074 1001 2108 fasciis
1037 2074 1234 2113 involvitur,

495 2128 661 2161 infantiles
686 2138 800 2161 manus
826 2133 944 2172 sponte
969 2129 1025 2161 sua
1054 2128 1086 2160 in
1111 2129 1235 2162 caelum

496 2181 657 2222 tendens,
695 2187 814 2214 mutam
853 2182 959 2214 adhuc
1001 2192 1061 2225 per
1097 2186 1234 2215 aetatem

495 2235 638 2278 linguam
676 2234 709 2266 in
745 2233 932 2267 dulcissima
964 2234 1036 2267 Iesu
1063 2240 1094 2267 et
1118 2234 1234 2268 Mariae

494 2287 626 2320 nomina
645 2287 810 2327 dissolvit,
838 2286 962 2320 seilicet
983 2297 1020 2320 ex
1038 2286 1235 2320 abundantia

495 2340 600 2373 cordis
637 2339 839 2373 sanctissima
876 2339 1008 2373 nomina
1044 2340 1235 2383 proferens,

495 2405 636 2438 quorum
655 2405 746 2427 amor
764 2400 874 2427 tenero
892 2394 924 2427 in
943 2399 1077 2437 pectore
1097 2394 1234 2434 latebat,

495 2447 645 2480 manibus
683 2453 792 2481 autem
828 2447 861 2480 in
896 2448 1022 2481 caelum
1048 2447 1236 2490 protensis,

495 2501 586 2545 quasi
611 2500 795 2534 bominibus
815 2500 982 2542 indicaret,
1001 2510 1075 2545 quo,
1093 2501 1237 2534 stadium

494 2554 638 2590 mortalis
675 2554 773 2588 huius
798 2554 880 2590 vitae
908 2554 1054 2598 ingressa
1072 2580 1081 2596 ,
1107 2564 1237 2589 cursum

1084 171 1264 195 numanum
1290 171 1445 194 ROMANUM

2028 172 2076 199 An.
2099 171 2127 199 C.
2145 173 2208 203 ¹7³7

1281 229 1389 259 suum,
1419 229 1562 261 superno
1588 220 1702 262 spirito
1729 219 1942 262 gubernante,
1971 219 2018 253 di-

1280 272 1411 313 rigeret.
1440 272 1519 303 llinc
1544 271 1660 304 factum
1687 277 1734 305 est
1766 278 1800 304 ut
1826 272 1964 315 puerilia
1989 282 2018 304 o-

1280 325 1366 356 mnia
1393 324 1477 357 illius
1504 324 1616 357 aetatis
1643 324 1831 361 declinans.
1867 324 2018 368 spiritua-

1279 378 1362 410 libus
1382 378 1544 410 dumtaxat
1562 378 1846 411 exercitationibus
1864 378 2017 418 studeret;

1279 431 1393 473 quibus
1420 431 1449 462 in
1477 430 1641 463 secretiori
1668 435 1756 473 parte
1791 431 1917 471 domus,
1943 441 2019 463 ana-

1279 484 1485 516 choretarum
1522 493 1667 516 secessus
1703 483 1845 525 imitata,
1872 484 2019 516 sedulam

1279 537 1360 570 adeo
1396 537 1533 569 navabat
1560 547 1715 579 operam,
1749 542 1782 569 ut
1808 537 1841 569 B.
1868 537 2017 576 Alexius,

1279 590 1419 622 Iulianae
1445 596 1588 633 patruus,
1614 600 1696 622 unus
1718 600 1753 622 ex
1785 595 1908 633 septem
1932 589 2019 623 Ordi-

1280 643 1327 675 nis
1345 642 1515 676 Servorum
1534 643 1649 675 Mariae
1669 643 1905 683 fundatoribus,
1929 643 2019 676 cuius

1280 697 1427 738 exemplo
1442 701 1473 728 et
1491 696 1647 728 doctrinis
1667 696 1908 735 instituebatur,
1924 697 1954 728 in
1975 701 2018 729 te-

1281 748 1368 781 neris
1383 749 1474 781 annis
1491 749 1706 791 grandaevam
1722 750 1850 792 puellae
1867 749 2018 782 virtutem

1281 802 1455 842 admirans,
1475 801 1624 844 genitrici
1650 803 1763 835 solitus
1784 802 1882 835 fuerit
1898 802 2018 842 dicere,

1258 871 1259 877 κ
1281 865 1348 886 eam
1366 865 1429 887 non
1445 856 1587 897 puellam
1603 855 1657 887 sed
1674 856 1824 897 angelum
1840 854 2016 898 peperisse.

1324 907 1394 950 gli.
1422 907 1458 939 Et
1496 907 1627 950 quidem
1664 908 1781 940 mentis
1816 908 2210 951 puritatem,Muntisrnriu-

1281 971 1344 1003 qua
1369 960 1525 1002 angelicis
1551 960 1718 1002 spiritibus
1740 960 1965 1001 assimilamur,
1986 943 2209 993 ini‘tii'tna‘iii'fflu'

1280 1013 1392 1056 primis
1418 1013 1528 1053 coluit,
1549 1012 1796 1055 diligentissime
1823 1023 2020 1056 praecavens

1281 1066 1389 1098 omnia
1415 1076 1494 1108 quae
1521 1076 1590 1098 eam
1618 1066 1745 1098 laedere
1763 1071 1911 1108 possent;
1936 1067 2020 1099 tanta

1281 1118 1365 1151 enim
1390 1117 1551 1151 modestia
1576 1129 1634 1150 usa
1659 1123 1716 1159 est,
1743 1124 1778 1151 ut
1803 1119 1916 1152 oculos
1943 1129 2020 1151 nun-

1280 1182 1374 1214 quam
1413 1171 1444 1203 in
1483 1177 1548 1204 toto
1581 1172 1664 1204 vitae
1691 1182 1784 1205 cursu
1810 1172 1848 1205 ad
1876 1172 2018 1205 hominis

1280 1224 1393 1257 faciem
1420 1224 1605 1257 intuendam
1632 1224 1794 1264 erexerit,
1825 1235 1890 1258 non
1917 1223 2020 1257 moni-

1280 1277 1356 1310 lium
1383 1282 1437 1309 aut
1468 1277 1602 1310 vestium
1628 1287 1787 1320 quaerens
1813 1282 2016 1317 ornamenta,

1280 1330 1337 1363 sed
1363 1341 1514 1370 morum·‚
1540 1332 1726 1373 speculum,
1752 1332 1878 1375 aliaque
1905 1332 2020 1364 mulie-

1280 1383 1346 1416 bris
1358 1383 1505 1416 vanitatis
1524 1383 1742 1417 instrumenta
1760 1395 1891 1428 semper
1904 1384 2019 1417 abhor-

1280 1436 1363 1477 ruit;
1390 1443 1421 1469 et
1447 1442 1638 1470 ornamento
1664 1437 1812 1478 crinium,
1839 1438 1924 1482 quod
1948 1437 2018 1471 alie-

1280 1501 1340 1524 nae
1365 1491 1521 1524 voluntati
1547 1491 1731 1535 obsequens
1752 1491 1907 1525 adbibere
1929 1502 2018 1534 coge-

1281 1544 1382 1584 batur,
1410 1544 1522 1587 spissis
1550 1544 1743 1578 acicularum
1770 1545 1889 1578 aculeis
1917 1544 2019 1577 infixis

1281 1597 1451 1640 ingeniose
1470 1603 1566 1641 caput
1585 1598 1756 1638 lacerabat,
1776 1608 1814 1631 ne
1832 1598 1916 1631 inter
1933 1608 2022 1630 mun·

1280 1650 1380 1683 danos
1407 1657 1539 1684 ornatus
1560 1661 1651 1684 amor
1669 1650 1818 1684 vanitatis
1843 1651 2019 1694 irreperet,

1280 1710 1310 1736 et
1335 1709 1475 1737 mentem
1494 1709 1612 1736 castam
1633 1714 1669 1736 ac
1689 1714 1804 1746 puram
1821 1703 1952 1746 Deoque
1974 1702 2021 1735 di-

1281 1762 1385 1790 catam
1405 1757 1585 1790 saecularia
1606 1757 1768 1790 desideria
1793 1756 2018 1800 profanarent.

1324 1811 1339 1853 g
1364 1810 1395 1842 5.
1416 1810 1580 1842 Decimum
1600 1815 1750 1852 quartum
1770 1809 1882 1842 aetatis
1901 1818 2020 1842 annum

1281 1873 1387 1905 agens,
1402 1862 1588 1905 conspicuis
1608 1862 1667 1894 sibi
1687 1861 1864 1905 propositis
1883 1861 2019 1904 nuptiis,

1283 1921 1349 1949 toto
1374 1916 1481 1948 animo
1508 1915 1674 1948 exhorruit
1705 1915 1878 1958 purissima
1903 1914 1994 1958 virgo
2011 1940 2018 1953 ,

1280 1966 1381 2010 probe
1408 1966 1524 2006 sciens,
1551 1966 1637 2009 quod
1664 1965 1790 2005 mulier,
1817 1975 1898 2008 quae
1919 1970 2021 2008 nupta

1280 2025 1339 2060 est,
1365 2020 1487 2062 cogitat
1511 2029 1591 2063 quae
1617 2024 1692 2052 sunt
1715 2018 1836 2060 mundi,
1854 2018 2019 2062 quomodo

1280 2074 1406 2116 placeat
1444 2073 1533 2113 viro;
1576 2082 1658 2115 quae
1696 2082 1773 2105 vero
1813 2071 1953 2114 innupta
1990 2077 2022 2104 et.

1279 2127 1368 2169 virgo
1393 2126 1513 2168 cogitat
1540 2136 1622 2170 quae
1648 2125 1776 2158 Domini
1801 2130 1898 2167 sunt,
1924 2130 1959 2158 ut
1979 2125 2022 2157 sit

1279 2185 1387 2212 sancta
1424 2189 1560 2222 corpore
1598 2184 1629 2212 et
1669 2179 1797 2222 spiritu.
1839 2177 2019 2222 Urgebatur

1279 2232 1444 2266 blanditiis
1482 2237 1514 2265 et
1549 2231 1643 2264 minis
1677 2230 2017 2274 consanguineorum

1281 2286 1338 2319 sed
1366 2286 1449 2318 forte
1474 2291 1598 2328 peetus,
1617 2285 1703 2328 quod
1722 2282 1887 2317 caelestis¹
1904 2283 2020 2327 Sponsi

1279 2350 1368 2372 amor
1387 2344 1611 2382 occupaverat,
1631 2349 1690 2372 nec
1707 2338 1818 2371 mundi
1835 2338 2019 2380 illecebrae,

1280 2403 1339 2425 nec
1373 2391 1542 2425 hominum
1580 2392 1802 2424 territamenta
1833 2400 2019 2434 expugnare

1280 2450 1466 2488 potuerunt.
1495 2444 1592 2484 Nam,
1625 2445 1663 2477 de
1689 2446 1746 2477 sua
1771 2444 1955 2476 infirmitate
1983 2442 2019 2474 ti-

1280 2509 1381 2539 mens,
1407 2498 1439 2531 in
1465 2497 1620 2531 auxilium
1644 2503 1779 2531 matrem
1804 2502 1836 2530 et
1854 2497 2020 2541 exemplar

1314 2562 1327 2590 1
1350 2561 1421 2590 Edit.
1442 2561 1527 2590 Maia.
1548 2560 1616 2597 legit
1635 2561 1749 2590 caeleste·
1768 2562 1809 2596 (n.
1825 2561 1877 2595 τ,).

2086 1868 2206 1889 saeculam

2031 1897 2110 1921 respuit
2121 1896 2205 1921 nuptm.
2228 1899 2230 1903 ¹
