2232 3178
65 200 118 227 An.
134 198 162 226 C.
185 197 253 226 1735

258 246 314 279 bet
338 245 435 279 etiam
462 246 669 289 quantumvis
693 246 845 279 formales
870 252 901 279 et
926 246 1002 278 sub-

259 298 427 331 stantiales
454 298 610 338 desectus,
635 299 658 332 si
687 299 740 342 qui
765 299 796 331 in
815 298 1004 342 praemissis

260 352 309 385 vel
336 363 448 385 eorum
474 352 582 395 aliquo
604 352 878 395 quandocumque
904 352 1004 384 inter·
1025 375 1026 378 η

260 406 416 445 venerint,
443 416 498 439 seu
527 405 741 438 intervenisse
767 405 840 445 diei,
864 405 1001 445 censeri,

261 459 429 502 praetendi
456 460 504 492 vel
533 459 674 501 intelligi
700 468 843 501 unquam
862 463 1004 500 possent,

261 513 388 547 etiamsi
415 514 454 546 de
477 513 554 552 iltis,
573 513 612 545 ad
638 513 699 545 hoc
725 518 759 544 ut
784 513 892 544 sanari
921 506 1027 544 vale-¹

261 573 334 599 rent
366 566 515 610 specifica
554 567 675 599 mentio
714 566 859 599 facienda
898 571 1004 605 esset,

260 620 449 663 plenissime
476 626 506 653 et
532 619 731 662 amplissime
758 620 948 662 supplemus
975 624 1006 652 et

262 685 424 713 sanamus,
443 684 478 706 ac
497 673 629 717 penitus
649 678 680 706 et
699 673 833 706 omniuo
854 673 1005 713 tollimus,

263 737 465 761 removemus
485 733 515 760 et
541 727 723 760 abolemus.

67 790 250 821 {vovommraua-
306 782 321 824 ἓ
346 780 376 814 6.
406 780 511 824 thue
537 781 668 813 Camera
694 785 805 813 nostra
841 780 1006 823 praedicta
1027 802 1028 806 =

67 820 477 891 {¹3¹}ffii'2ifi'e'32¹3p1'012081t11111,
513 839 727 877 optatumque
761 834 858 867 finem
893 845 1006 867 conse-

67 881 70 890 '
111 874 152 893 Μ’
263 893 390 931 quatur,
407 899 443 920 ac
458 898 540 930 quae
555 887 671 920 exinde
689 892 900 930 expectantur
918 898 1006 920 com-

261 942 357 974 moda
375 941 482 984 reipsa
502 941 636 979 sentiat,
662 940 876 973 meminerint
896 951 1006 984 super·
1027 941 1028 958 ³

261 994 472 1027 intendentes
499 993 544 1026 sic
564 994 706 1037 deputati
728 1004 763 1026 ac
781 1004 840 1037 pro
860 999 1005 1036 tempore

262 1048 454 1091 deputandi,
491 1048 575 1091 quod
602 1058 698 1080 omne
725 1057 835 1080 eorum
863 1046 1005 1080 studium

261 1112 298 1134 ac
322 1111 432 1134 curam
458 1101 497 1134 eo
524 1101 644 1143 iugiter
670 1101 820 1134 conferre
846 1106 877 1133 et
901 1100 1006 1134 inten-

262 1154 338 1187 dere
372 1154 525 1194 debeant,
553 1159 588 1186 ut
614 1154 872 1197 quibuscumque
907 1153 1005 1186 detri-

261 1207 391 1249 menits,
410 1207 537 1240 damnis
563 1213 595 1240 et
619 1206 838 1250 praeiudiciis,
858 1218 940 1250 quae
966 1207 1006 1239 ei-

262 1261 336 1294 dem
362 1260 513 1294 Gamerae
551 1272 682 1304 quoquo
720 1261 814 1294 modo
847 1266 878 1293 et
903 1260 1005 1293 unde-

261 1325 400 1358 cumque
427 1314 595 1355 obvenire,
622 1325 678 1347 seu
706 1315 818 1347 inferri
845 1320 876 1347 et
901 1314 1006 1347 inten-

262 1368 322 1401 tari
348 1374 496 1412 possent,
518 1369 634 1401 sedulo
660 1373 847 1401 occurrant.

94 1429 250 1476 ΙΛὶνίεῑεῑῑπὶιᾷιιο
306 1421 373 1466 §7-
400 1420 468 1460 Quo
495 1432 570 1455 vero
599 1422 676 1465 ipsis
702 1422 1006 1465 superintendenti-

67 1462 322 1508 ¹c=·⁰··5a=ie⁵q{ii›0=¹23bus
353 1486 445 1508 mens
482 1481 514 1508 et
550 1475 687 1508 intentio
719 1481 838 1515 nostra,
866 1480 898 1508 ct
922 1485 1004 1518 quae

68 1510 325 1582 ifss3³31=ffliiw³e¹i3sibi
353 1528 499 1562 facienda
524 1534 556 1561 et
582 1528 779 1572 praestanda
796 1528 927 1570 suerint,
943 1528 1006 1571 ple·

83 1570 127 1586 „uni
138 1571 150 1583 a
166 1566 204 1583 siut
216 1564 252 1584 de-
288 1581 293 1587 .

68 1590 142 1610 ctam-
262 1591 334 1615 nius
355 1582 568 1622 innotescant,
596 1589 662 1615 tum
687 1593 747 1626 pro
774 1584 811 1615 ea
837 1593 933 1626 quam
961 1593 1004 1615 re·

263 1645 335 1668 rum
371 1636 580 1669 cameralium
619 1636 775 1668 hahemus
817 1635 1004 1678 cognitione

263 1699 299 1722 ac
332 1690 556 1732 experientia,
591 1694 657 1721 tum
694 1699 731 1721 ex
768 1688 901 1731 provida
928 1688 1003 1721 dicti

261 1742 406 1785 magistri
425 1742 529 1776 Caroli
548 1742 665 1775 Mariae
694 1742 887 1775 thesaurarii
907 1753 1006 1784 genc-

261 1795 339 1828 ralis
366 1806 448 1839 opus
470 1796 531 1829 hoc
557 1802 689 1829 strenue
708 1797 932 1839 promoventis
957 1795 1006 1828 in-

261 1849 464 1890 sinuatione,
487 1859 568 1893 quae
594 1860 665 1882 mox
691 1849 908 1882 subiiciuntur
933 1859 1005 1892 spe-

262 1904 387 1937 cialiter
427 1904 490 1937 illis
531 1903 669 1947 aliisque
710 1903 812 1936 dictae
853 1902 1004 1936 Gamerae

261 1957 417 1990 ministris
454 1963 486 1990 et
521 1955 713 1990 officialibus
747 1955 937 1999 praecipere
968 1966 1004 1989 ac

263 2010 407 2043 indicare
432 2015 654 2053 opportunum
680 2009 942 2043 existimavimus.

71 2068 253 2116 „,¹d‘2{,⁵?,}{¹1¹,2²,?„·
307 2065 322 2109 ἓ
346 2063 376 2098 8.
401 2064 576 2108 Postquam
602 2063 698 2107 igitur
724 2063 869 2097 confecta
906 2063 1006 2096 suerit

73 2126 253 2168 „ffiffissgffli—
264 2129 324 2161 per
341 2118 490 2151 eumdem
508 2117 697 2161 magistrum
711 2118 860 2151 Carolum
872 2117 1003 2150 Mariam

73 2172 123 2193 ''tf‘’
147 2174 166 2193 ³¹¹
190 2179 253 2199 vecu-
265 2172 500 2206 thesaurarium
541 2172 726 2215 generalem
767 2171 910 2215 aequalis
952 2171 1006 2204 illa

74 2199 120 2219 icari
136 2199 197 2220 llhro.

877 197 1019 221 CLEMENS
1043 197 1089 221 ΧΠ
1114 197 1162 221 ΡΡ.

266 2223 377 2257 divisio
409 2234 463 2258 seu
495 2225 628 2269 partitio
665 2226 852 2268 appaltuum
883 2230 915 2258 et
940 2224 1006 2257 affi-

267 2281 373 2310 ctuum
398 2279 624 2318 camel-alium,
662 2288 757 2322 quam
784 2278 816 2311 in
842 2279 943 2311 altera
969 2289 1005 2311 ex

266 2329 474 2372 praeinsertis
496 2331 664 2364 schedulis
689 2331 809 2364 nostris
826 2330 1004 2374 Motuspro-

266 2381 328 2425 prii
370 2382 653 2426 demandavimus,
694 2385 1005 2428 superintendentes

266 2435 438 2478 praedicti,
452 2438 537 2470 ultra
554 2437 806 2482 descriptionem
821 2438 1006 2482 generieam

265 2488 298 2521 in
323 2488 407 2522 libro
432 2489 556 2523 maiore
583 2491 729 2525 eiusdem
755 2491 909 2525 Gamerae
947 2502 1006 2535 pro

267 2542 465 2576 dimetienda
504 2543 603 2577 totius
641 2544 828 2588 patrimonii
868 2546 1006 2579 extantis

265 2596 442 2639 quantitate
481 2597 674 2639 faciendam,
715 2599 848 2633 alteram
885 2599 1006 2633 addant

1046 245 1303 289 descriptionem
1325 246 1467 278 onmium
1494 245 1666 284 bonorum,
1683 255 1791 278 rerum

1047 310 1083 331 ac
1110 298 1226 331 iuriurn
1245 299 1348 331 dictae
1366 298 1519 332 Gamerae
1540 298 1571 330 in
1591 297 1788 341 peculiarem

1049 351 1166 384 librum
1192 352 1230 384 ad
1259 351 1287 384 id
1316 351 1545 385 destinandum
1572 350 1790 389 referendam,

1025 403 1087 436 ''ad
1115 404 1296 437 evitandam
1323 415 1560 448 quamcumque
1588 414 1700 436 eorum
1728 403 1793 435 dis-

1049 458 1281 501 perditionem,
1299 464 1399 501 utque
1421 463 1599 502 perpetuae
1625 467 1794 490 conserva-

1051 510 1129 543 tioni
1168 511 1268 554 ipsius
1293 512 1483 554 patrimonii
1520 511 1622 554 magis
1660 515 1792 544 cautum

1050 564 1113 604 sit,
1142 564 1172 596 in
1199 575 1264 608 quo
1290 564 1419 608 quidem
1445 565 1602 608 peculiari
1631 564 1716 597 libro
1747 563 1794 596 di-

1050 623 1177 650 ctorum
1195 618 1355 651 bonorum
1376 618 1562 661 qualitates,
1583 619 1791 661 quantitates,

1050 671 1131 704 lines
1165 682 1201 704 ac
1234 671 1482 714 dependentiae,
1509 682 1626 714 resque
1659 677 1690 704 et
1722 671 1792 703 iura

1051 725 1194 767 praefata
1221 724 1410 767 singillatim
1435 724 1681 767 specificentur,
1709 729 1741 756 et
1766 723 1790 756 si

1052 777 1122 810 fieri
1148 783 1265 821 potest,
1292 777 1480 811 eorumdem
1507 778 1670 811 bonorum
1703 786 1792 809 men-

1051 842 1146 864 surae
1176 832 1343 875 annuique
1370 831 1514 864 redditus
1542 835 1792 869 recenseantur,

1051 885 1095 918 ita
1113 891 1156 925 ut,
1179 886 1203 918 si
1230 885 1307 928 quid
1326 885 1432 928 quoad
1450 885 1545 924 bona,
1568 884 1723 923 redditus,
1743 894 1792 916 res

1052 945 1083 972 et
1107 939 1177 971 iura
1196 938 1363 981 praedicta
1382 938 1583 971 immutatum
1610 948 1665 970 scu
1692 937 1792 969 varia-

1053 998 1118 1025 tum
1146 991 1423 1035 deprehendatiu·,
1460 991 1545 1024 unde
1578 991 1608 1023 id
1647 990 1792 1023 evenerit

1027 1053 1028 1062 ¹
1051 1045 1197 1088 dignosci
1221 1054 1467 1087 congruumque
1494 1043 1674 1076 remedium
1701 1043 1793 1075 adhi-

1050 1098 1120 1131 beri
1147 1098 1261 1140 possit.

1095 1152 1109 1195 ξ
1130 1152 1161 1185 9.
1185 1152 1222 1184 Et
1248 1152 1323 1194 quia
1348 1151 1542 1184 mutationes
1568 1161 1621 1182 seu
1649 1149 1794 1182 variatio·
1841 1169 1850 1181 v.
1884 1167 1932 1187 ψ.»

1051 1216 1108 1238 nes
1146 1206 1232 1238 circa
1267 1205 1362 1243 bona,
1400 1204 1557 1245 redditus,
1590 1214 1640 1236 res
1666 1209 1697 1235 et
1722 1203 1792 1235 iura
1842 1222 1852 1234 u

1051 1257 1209 1291 eiusmodi
1237 1257 1451 1300 imposterum
1476 1255 1649 1299 provenire
1683 1255 1790 1288 forsan

1051 1316 1202 1354 poterunt
1239 1311 1288 1343 vel
1315 1320 1351 1343 ex
1379 1310 1468 1343 novis
1495 1309 1716 1342 contractibus
1744 1308 1792 1340 in-

1051 1364 1165 1397 eundis
1203 1364 1251 1396 vel
1294 1374 1330 1396 ex
1370 1361 1540 1395 sententiis
1580 1372 1615 1394 ac
1656 1361 1792 1394 decretis

1051 1428 1133 1462 quae
1160 1429 1177 1450 a
1199 1416 1418 1449 tribunalibus
1443 1421 1496 1449 aut
1521 1414 1681 1448 iudicibus
1706 1415 1794 1447 ordi-

1050 1471 1150 1505 nariis
1176 1476 1207 1504 et
1233 1470 1392 1513 delegatis
1418 1470 1520 1503 almae
1545 1469 1638 1502 Urbis
1663 1474 1792 1502 nostrae

1050 1526 1193 1568 desuper
1211 1523 1351 1568 proferri
1372 1523 1555 1566 contigerit,
1570 1522 1669 1555 iidem
1686 1532 1794 1565 super-

1050 1579 1259 1612 intendentes
1286 1578 1316 1610 in
1344 1578 1430 1610 dicto
1456 1575 1612 1620 peculiari
1639 1576 1722 1608 libro
1746 1576 1792 1607 di—

1049 1633 1189 1676 ligenter
1207 1632 1365 1664 adnotent
1381 1640 1494 1664 omnes
1513 1635 1544 1663 et
1561 1629 1704 1672 singulas
1722 1639 1791 1661 mu-

1050 1686 1189 1719 tationes
1219 1695 1276 1717 scu
1302 1684 1496 1717 variationes
1516 1709 1523 1721 ,
1548 1683 1573 1715 si
1612 1693 1693 1726 quae
1732 1692 1791 1725 pro

1050 1746 1196 1783 tempore
1223 1738 1500 1782 quandocumque
1526 1748 1562 1770 ex
1596 1736 1688 1769 dictis
1718 1746 1793 1769 con-

1050 1793 1206 1826 tractibus
1232 1793 1281 1825 vel
1307 1791 1478 1824 sententiis
1511 1800 1546 1823 ac
1572 1789 1711 1822 decretis
1739 1795 1793 1822 aut

1049 1847 1180 1880 aliunde
1206 1852 1237 1879 et
1273 1856 1310 1879 ex
1336 1844 1447 1889 quavis
1474 1844 1535 1877 alia
1561 1844 1657 1876 causa
1681 1848 1712 1875 et
1738 1853 1792 1875 oc-

1049 1900 1179 1933 casione
1215 1898 1455 1943 processerint3
1486 1897 1678 1930 mandantes
1713 1906 1792 1939 quo-

1049 1965 1121 1998 que,
1148 1965 1206 1998 pro
1224 1953 1347 1986 maiore
1366 1958 1398 1986 et
1418 1951 1574 1985 ulteriore
1593 1950 1728 1990 cautela,
1745 1949 1792 1982 di-

1050 2008 1141 2041 lectis
1169 2007 1266 2040 etiam
1293 2005 1367 2040 tiliis
1392 2005 1559 2038 modernis
1582 2014 1617 2036 ac
1635 2013 1693 2047 pro
1714 2009 1793 2036 tein-

1049 2072 1128 2106 pore
1143 2061 1293 2094 similiter
1307 2059 1518 2093 existentibus
1533 2057 1685 2091 Gamerae
1700 2067 1793 2100 prae-

1050 2116 1131 2148 fatae
1158 2113 1292 2147 notariis
1318 2123 1372 2146 seu
1399 2110 1606 2150 secretariis,
1633 2115 1791 2153 quatenus

1049 2169 1251 2211 singulorum
1286 2171 1510 2200 contractuum
1548 2175 1584 2197 ac
1621 2163 1792 2197 sententia-

1050 2232 1120 2255 rum
1146 2227 1177 2255 et
1202 2221 1433 2259 decretorum,
1469 2228 1549 2262 quae
1585 2227 1645 2261 per
1680 2226 1790 2249 eorum

1049 2280 1118 2308 acta
1145 2274 1324 2318 respective
1352 2272 1538 2312 celebrata,
1575 2272 1638 2304 lata
1672 2275 1703 2303 et
1734 2280 1791 2312 pu-

1049 2329 1165 2361 blicata
1191 2327 1311 2361 suerint
1329 2354 1336 2366 ,
1362 2326 1469 2359 statim
1497 2324 1679 2357 distinctam
1700 2350 1707 2362 ‚
1732 2323 1791 2354 cla-

1050 2392 1117 2415 ram
1143 2386 1174 2413 et
1199 2379 1326 2413 fidelem
1354 2379 1501 2411 notulam
1527 2377 1655 2409 tradant
1679 2375 1726 2408 illi
1753 2386 1788 2407 ev

1050 2432 1396 2479 superintendentibus
1422 2430 1596 2474 praefatis,
1624 2429 1714 2461 cuius
1740 2439 1791 2461 cu-

1051 2500 1104 2523 rae
1130 2488 1302 2522 commissa
1328 2485 1447 2519 suerint
1473 2484 1569 2524 bona,
1594 2493 1645 2516 res
1668 2488 1697 2516 et
1719 2482 1790 2516 iura

1050 2543 1152 2577 dictae
1180 2541 1359 2579 Gamerae,
1387 2548 1469 2581 quac
1503 2536 1686 2569 istiusmodi
1713 2546 1790 2569 eon-

1051 2602 1169 2631 tractu:
1207 2606 1240 2626 ae
1275 2592 1453 2625 contamino
1481 2597 1508 2622 et
1537 2591 1664 2623 decreta
1691 2590 1790 2633 respi-

1711 187 1753 218 553
1800 197 1852 221 An.
1873 196 1900 222 C.
1922 196 1987 223 ¹735
