2232 3178
265 234 314 263 An.
335 232 363 260 c.
387 231 454 260 1736
499 223 563 257 tto

303 2205 402 2228 Eiusdem
412 2210 462 2232 por-

280 2236 344 2260 potua
356 2233 462 2254 validitas.

460 281 506 313 fra
531 281 702 324 indulgere
730 281 768 313 de
794 278 996 322 benignitate
1020 277 1199 321 apostolica

460 335 676 376 dignaremur.
691 333 754 366 Nos
770 333 877 375 igitur,
894 332 1024 365 eosdem
1038 341 1200 375 exponen-

461 393 507 420 tes
525 387 717 430 specialibus
736 385 895 418 favoribus
914 390 945 418 et
961 384 1073 428 gratiis
1091 394 1200 427 prosc-

461 440 513 483 qui
530 441 686 479 volentes,
701 449 879 482 eorumque
897 438 1076 480 singulares
1091 447 1198 480 perso-

461 503 516 525 nas
534 504 551 525 a
570 492 737 535 quibusvis
755 490 1111 530 excommunicationis,
1128 501 1198 523 sus-

459 545 627 589 pensionis
649 550 680 578 et
697 544 872 585 interdicti,
890 544 1028 587 aliisque
1047 543 1201 576 ecclesia-

460 598 546 631 sticis
561 597 739 636 sententiis,
756 597 900 631 censuris
915 603 946 630 et
960 597 1083 640 poenis,
1099 608 1116 629 a
1129 597 1199 629 iure

460 652 508 684 vel
524 652 563 683 ab
578 650 719 690 homine,
736 650 847 693 quavis
859 649 1028 683 occasione
1045 650 1094 682 vel
1106 651 1200 682 cansa

460 703 540 741 latiS,
562 701 587 734 si
610 701 726 745 quibus
751 701 1002 745 quomodolibet
1026 700 1199 734 innodatae

460 755 613 795 existunt,
635 755 673 788 ad
692 754 840 789 effectum
866 754 1091 798 praesentium
1110 753 1201 787 dum-

461 813 546 841 taxat
574 808 836 852 consequendum
854 835 861 848 ‚
887 808 1001 840 liat-um
1033 807 1117 840 serie
1147 807 1201 840 ab·

459 863 620 895 solventes
646 867 678 895 et
702 861 884 895 ahsolutum
916 861 981 894 sore
1015 865 1199 900 censentes,

460 916 646 949 huiusmodi
673 915 969 959 supplicationibus
994 914 1152 954 inclinati,
1171 919 1202 946 et

460 970 581 1002 attenta
608 969 768 1002 relatione
793 968 987 1001 venerabilis
1013 967 1119 1000 fratris
1144 978 1201 1000 no-

460 1023 516 1055 stri
535 1022 685 1055 Ludovici
701 1021 846 1065 episcopi
863 1020 1053 1054 Albanensis
1067 1020 1097 1053 S.
1112 1020 1148 1052 R.
1164 1020 1199 1052 E.

462 1074 635 1107 cardinalis
672 1074 736 1107 Pici
774 1073 952 1117 nuncupati
971 1100 978 1112 ‚
1022 1072 1201 1116 supradicti

463 1127 590 1161 Ordinis
616 1127 700 1172 apud
726 1138 786 1160 nos
812 1133 843 1160 et
867 1127 983 1160 Sedem
1001 1126 1202 1170 praedictam

462 1181 681 1225 protectoris,
709 1181 764 1224 qui
791 1181 877 1213 iussu
903 1186 1015 1213 nostro
1041 1180 1199 1212 constitu-

464 1234 569 1268 tiones
585 1240 616 1267 et
635 1234 858 1267 ordinationes
874 1233 1061 1266 huiusmodi
1080 1237 1202 1265 mature

464 1288 706 1331 diligenterque
732 1286 951 1327 examinavit,
977 1286 1070 1320 nobis
1103 1296 1204 1329 super

461 1342 651 1386 praemissis
677 1342 758 1374 sacta
775 1368 782 1382 ,
809 1340 1061 1381 constitutiones
1088 1345 1119 1373 et
1155 1349 1204 1373 or-

466 1395 648 1429 dinationes
676 1395 916 1438 praeinsertas,
948 1404 1020 1427 cum
1052 1393 1204 1427 omnibus

466 1454 498 1482 et
522 1448 655 1490 singulis
680 1448 713 1480 in
738 1448 784 1481 eis
810 1447 987 1487 contentis,
1014 1446 1204 1480 auctoritate

466 1501 666 1544 apostolica,
692 1505 805 1533 tenore
831 1499 1066 1544 praesentium,
1092 1499 1207 1532 contir-

466 1564 589 1587 mamus
614 1558 645 1587 et
677 1554 915 1597 approbamus,
940 1552 1072 1596 illisque
1107 1551 1207 1584 invio-

465 1608 540 1641 bilis
566 1608 764 1652 apostolicae
790 1607 947 1640 firmitatis
972 1607 1072 1640 robur
1097 1605 1207 1639 adiici-

465 1672 553 1702 mus,
578 1672 615 1695 ac
640 1671 865 1706 quoscumque
891 1660 969 1694 iuris
997 1666 1027 1694 et
1052 1659 1126 1693 sacti
1154 1659 1208 1692 de-

467 1716 580 1756 sectus,
601 1716 626 1748 si
653 1715 707 1759 qui
733 1716 874 1759 desuper
899 1713 1146 1758 quomodolibet
1161 1713 1209 1746 in-

467 1769 682 1809 tervenerint‚
702 1780 758 1802 seu
777 1768 992 1802 intervenisse
1019 1768 1095 1807 diei,
1114 1777 1209 1810 prae-

468 1823 559 1856 tendi
586 1834 620 1856 ac
645 1823 771 1856 censeri
796 1827 943 1866 possent,
970 1822 1161 1865 supplemus
1179 1825 1211 1853 et

468 1887 635 1917 sanamus,
661 1876 871 1920 ipsarumque
892 1875 1160 1908 constitutionum
1180 1879 1212 1907 et

470 1929 713 1963 ordinationum
740 1935 882 1962 exactam
918 1939 954 1961 ac
988 1928 1210 1961 inviolabilem

470 1983 707 2017 observantiam
744 1982 894 2015 omnibus
928 1986 960 2015 et
995 1981 1145 2024 singulis,
1172 1981 1210 2013 ad

471 2048 552 2081 quos
577 2041 702 2080 spectat
727 2041 758 2069 et
784 2046 842 2079 pro
880 2040 1029 2078 tempore
1065 2034 1212 2078 quando-

471 2100 610 2133 cumque
636 2089 808 2132 spectabit,
835 2088 1027 2121 auctoritate
1047 2092 1078 2120 et
1100 2092 1213 2121 tenore

472 2143 625 2187 praefatis
650 2141 870 2186 praecipimus
895 2145 927 2174 et
962 2140 1210 2174 demandamus.

519 2195 534 2240 {⁸3
559 2195 591 2229 4.
618 2195 851 2235 Decernentes,
873 2194 1002 2227 easdem
1026 2198 1214 2237 praesentes

474 2249 596 2283 litteras
622 2259 751 2292 semper
771 2247 888 2290 firmas,
906 2246 1026 2281 validas
1052 2252 1084 2280 et
1109 2246 1214 2279 effica-

475 2314 528 2337 ces
554 2303 691 2337 existere
713 2307 744 2336 et
770 2302 853 2342 sore,
881 2311 1022 2344 suosque
1049 2300 1215 2344 plenarios

476 2363 509 2391 et
533 2357 679 2399 integros
706 2355 840 2389 effectus
862 2354 972 2388 sortiri
1000 2358 1031 2387 et
1054 2353 1214 2394 obtinere,

475 2422 512 2445 ac
537 2411 584 2451 its,
611 2421 693 2454 quos
719 2413 933 2450 concernunt,
951 2408 982 2440 in
1007 2407 1159 2441 omnibus
1186 2411 1217 2440 ot

475 2475 536 2508 per
559 2463 667 2497 omnia
694 2463 884 2506 plenissime
910 2461 1087 2504 suffragari,
1105 2461 1216 2504 sicque

477 2523 509 2551 et
533 2528 598 2551 non
624 2517 717 2550 aliter
740 2517 774 2549 in
804 2515 988 2560 praemissis
1025 2525 1083 2558 per
1119 2524 1216 2558 quos-

477 2581 615 2614 cumque
642 2570 763 2604 iudices
792 2569 973 2603 ordinarios
991 2573 1023 2602 et
1039 2568 1216 2611 delegatos,

478 2625 572 2658 etiam
591 2633 759 2657 causarum
777 2623 886 2667 palatii
906 2621 1075 2667 apostolici
1095 2621 1218 2655 audito-

1043 227 1226 253 BULLARIUM
1251 226 1408 252 ROMANUM

1991 224 2040 251 An.
2056 224 2087 251 C.
2107 223 2174 254 ¹736

1241 287 1301 316 res,
1319 275 1452 309 iudicari
1472 280 1502 309 et
1517 275 1646 308 definiri
1662 274 1791 315 debere,
1808 284 1844 307 ac
1857 272 1982 306 irritum

1242 334 1274 362 et
1299 329 1394 362 inane
1420 329 1445 362 si
1472 339 1565 362 secus
1584 339 1680 372 super
1698 328 1748 362 his
1766 339 1783 361 a
1802 337 1979 371 quoquam,

1242 383 1350 426 quavis
1368 383 1568 422 auctoritate,
1590 382 1729 415 scienter
1754 381 1801 414 vel
1827 381 1981 423 ignoran-

1244 442 1306 477 ter,
1333 436 1507 480 contigerit
1531 435 1692 468 attentari.

1287 491 1302 534 ξ,
1327 489 1358 523 5.
1385 489 1454 522 'Non
1477 487 1681 521 obstantibus
1699 487 1886 530 praemissis
1912 496 1984 520 con-

1244 543 1466 576 stitutionibus
1492 547 1523 575 et
1555 540 1819 574 ordinationibus
1855 545 1985 583 aposto-

1243 597 1326 636 licis,
1345 607 1474 629 necnon
1500 595 1574 628 dicti
1600 594 1743 635 Ordinis,
1763 594 1913 637 illiusque
1930 593 1986 627 lio-

1244 650 1419 693 spitalium‚
1437 649 1548 683 aliisve
1574 648 1752 692 quibusvis,
1779 647 1876 680 etiam
1902 647 1987 680 iura-

1245 710 1379 745 mento,
1419 703 1669 737 confirmatione
1701 701 1879 745 apostolica
1898 727 1906 741 ,
1937 701 1987 733 vel

1244 758 1357 801 quavis
1384 757 1533 790 firmitate
1559 757 1620 789 alia
1647 755 1831 795 roboratis,
1858 753 1987 787 statutis

1246 817 1276 844 et
1300 809 1612 850 consuetudinibus,
1636 807 1815 852 privilegiis
1841 816 1986 850 quoque,

1246 865 1379 898 indultis
1404 870 1435 896 et
1458 864 1574 896 litteris
1598 861 1783 905 apostolicis
1809 861 1840 894 in
1864 865 1990 894 contra-

1246 917 1328 950 rium
1360 917 1615 961 praemissorum
1643 913 1889 959 quomodolibet
1913 923 1990 946 con-

1245 970 1358 1011 cessis,
1383 969 1581 1003 confirmatis
1607 973 1637 1002 et
1662 966 1843 1008 innovatis;
1871 965 1990 1010 quibus

1247 1024 1398 1058 omnibus
1432 1029 1463 1056 et
1498 1022 1654 1065 singulis,
1692 1021 1824 1054 illorum
1858 1026 1990 1052 tenores

1248 1077 1474 1122 praesentibus
1508 1087 1568 1120 pro
1601 1076 1698 1118 plene
1731 1079 1760 1107 et
1795 1072 1992 1106 sufficienter

1248 1130 1411 1175 expressis
1440 1140 1476 1162 ac
1509 1130 1548 1162 de
1582 1128 1679 1161 verbo
1712 1127 1749 1160 ad
1783 1126 1918 1160 verbum
1944 1125 1992 1158 in-

1247 1186 1344 1219 sertis
1372 1185 1542 1224 habenteS,
1568 1182 1632 1216 illis
1650 1179 1729 1215 alias
1755 1181 1787 1214 in
1802 1191 1859 1214 suo
1872 1179 1991 1213 robore

1247 1238 1470 1284 permansuris
1487 1263 1496 1278 ‚
1520 1237 1582 1270 hac
1605 1237 1674 1269 vice
1699 1235 1864 1268 dumtaxat
1883 1261 1890 1275 ,
1921 1243 1992 1277 spe-

1248 1293 1374 1328 cialiter
1410 1297 1442 1324 et
1471 1300 1625 1334 expresse
1659 1289 1873 1331 derogamus,
1907 1291 1992 1320 cete-

1248 1347 1358 1390 risque
1383 1344 1553 1378 contrariis
1579 1342 1852 1386 quibuscumque.

1292 1400 1306 1443 §
1331 1399 1362 1432 6.
1385 1398 1541 1432 Volumus
1561 1402 1668 1429 autem
1688 1400 1722 1428 ut
1740 1395 1885 1438 ipsarum
1899 1402 1992 1436 prae·
2003 1397 2187 1445 uugissiffigniiffi

1249 1453 1389 1487 sentium
1433 1450 1644 1493 transumptis
1662 1476 1670 1490 ,
1707 1459 1765 1482 seu
1805 1445 1964 1490 exemplis
1983 1451 2092 1498 ,gffisrtis
2115 1449 2186 1471 damst

1250 1506 1346 1540 etiam
1375 1504 1562 1549 impressis,
1588 1513 1684 1535 manu
1710 1501 1847 1535 alicuius
1871 1498 1992 1533 notarii

1250 1559 1372 1603 publici
1398 1557 1612 1601 subscriptis,
1640 1562 1671 1589 et
1695 1555 1803 1598 sigillo
1831 1563 1993 1599 personae

1251 1614 1284 1646 in
1326 1612 1482 1656 dignitate
1529 1609 1751 1645 ecclesiastica
1796 1607 1993 1642 constitutae

1252 1666 1408 1707 munitis,
1435 1666 1548 1699 eadem
1584 1674 1720 1708 prorsus
1756 1662 1836 1696 sides
1872 1661 1994 1704 ubique

1252 1722 1401 1754 locorum
1439 1724 1504 1752 tam
1539 1718 1572 1750 in
1614 1716 1732 1750 iudicio
1771 1725 1868 1759 quam
1904 1718 1995 1747 extra

1252 1774 1333 1808 illud
1358 1772 1574 1811 adhibeatur,
1601 1781 1682 1814 quae
1711 1769 1791 1813 ipsis
1818 1767 1996 1812 praesenti-

1253 1829 1312 1861 bus
1329 1827 1545 1861 adhiberetur
1571 1825 1596 1859 si
1623 1825 1728 1858 forent
1754 1822 1919 1856 exhibitae
1945 1821 1994 1855 vel

1255 1887 1418 1915 ostensae.

1298 1936 1413 1968 Datum
1435 1933 1568 1974 Romae,
1589 1931 1674 1975 apud
1700 1930 1730 1964 S.
1751 1930 1881 1964 Mariam
1898 1928 1997 1962 Maio-

1255 2000 1336 2030 rem,
1364 1989 1423 2022 snb
1449 1987 1570 2020 annulo
1604 1984 1776 2029 Pjscatoris
1794 2011 1801 2024 ‚
1833 1983 1884 2017 die
1908 1992 1998 2016 xxvii

1256 2041 1410 2075 februarii
1433 2049 1637 2080 unccxxxw,
1663 2036 1869 2081 pontificatus
1894 2034 1997 2070 nostri

1257 2105 1342 2128 anno
1366 2105 1410 2128 v1.

1293 2157 1352 2184 Dat.
1373 2157 1417 2184 die
1436 2156 1469 2184 27
1491 2155 1626 2183 februarii
1649 2154 1727 2189 1735,
1747 2152 1844 2190 pontif.
1865 2159 1937 2179 anno
1961 2156 1998 2178 vt.

2044 495 2176 518 obstantium

1995 521 2113 548 derogatio.

1549 2350 1705 2385 CLXXIII.

1261 2459 1472 2502 Confirmatio
1505 2458 1694 2492 concordiae
1724 2457 1810 2490 inter
1842 2454 2003 2498 archiepi-

1304 2524 1435 2558 scopum
1460 2517 1487 2546 εί
1512 2510 1808 2545 archimandritam
1837 2509 2003 2542 Messanae

1304 2568 1405 2600 inimo
1429 2577 1525 2611 super
1549 2565 1685 2600 diversis
1707 2563 1838 2608 punctis
1863 2561 2004 2596 iurisdi-

1306 2619 1511 2654 climatibus.

2221 2246 2232 2276 a}

2224 2350 2232 2365 u

2223 2367 2232 2399 {j

2219 2459 2232 2491 t!

2219 2507 2232 2521 ιΙ

2229 2532 2232 2544 t

2223 2566 2224 2578 l

2219 2604 2232 2627 i·

2217 3138 2232 3153 ,Ἰ

2217 3153 2232 3178 tt
