<?xml version="1.0" encoding="UTF-8"?>
<!DOCTYPE html PUBLIC "-//W3C//DTD XHTML 1.0 Transitional//EN"
    "http://www.w3.org/TR/xhtml1/DTD/xhtml1-transitional.dtd">
<html xmlns="http://www.w3.org/1999/xhtml" xml:lang="en" lang="en">
 <head>
  <title>
</title>
<meta http-equiv="Content-Type" content="text/html;charset=utf-8" />
  <meta name='ocr-system' content='tesseract 3.04.00' />
  <meta name='ocr-capabilities' content='ocr_page ocr_carea ocr_par ocr_line ocrx_word'/>
</head>
<body>
  <div class='ocr_page' id='page_1' title='image "./bullarumdiplomat24cath_0152.png"; bbox 0 0 2232 3178; ppageno 0'>
   <div class='ocr_carea' id='block_1_1' title="bbox 253 205 441 233">
    <p class='ocr_par' dir='ltr' id='par_1_1' title="bbox 253 205 441 233">
     <span class='ocr_line' id='line_1_1' title="bbox 253 205 441 233; baseline -0.011 0"><span class='ocrx_word' id='word_1_1' title='bbox 253 205 305 233; x_wconf 84' lang='lat' dir='ltr'>An.</span> <span class='ocrx_word' id='word_1_2' title='bbox 322 205 351 232; x_wconf 88' lang='lat' dir='ltr'>C.</span> <span class='ocrx_word' id='word_1_3' title='bbox 373 205 441 232; x_wconf 67' lang='lat'><strong>1736</strong></span> 
     </span>
    </p>
   </div>
   <div class='ocr_carea' id='block_1_2' title="bbox 447 252 1191 1999">
    <p class='ocr_par' dir='ltr' id='par_1_2' title="bbox 447 252 1191 1999">
     <span class='ocr_line' id='line_1_2' title="bbox 448 252 1190 290; baseline 0 -8"><span class='ocrx_word' id='word_1_4' title='bbox 448 258 611 283; x_wconf 74' lang='lat' dir='ltr'><strong>remanent.</strong></span> <span class='ocrx_word' id='word_1_5' title='bbox 643 254 787 290; x_wconf 61' lang='lat' dir='ltr'>Secundo,</span> <span class='ocrx_word' id='word_1_6' title='bbox 814 252 1033 282; x_wconf 66' lang='lat' dir='ltr'>illustrissimus</span> <span class='ocrx_word' id='word_1_7' title='bbox 1056 257 1084 282; x_wconf 85' lang='lat' dir='ltr'>et</span> <span class='ocrx_word' id='word_1_8' title='bbox 1108 262 1190 282; x_wconf 78' lang='lat' dir='ltr'>reve·</span> 
     </span>
     <span class='ocr_line' id='line_1_3' title="bbox 448 301 1189 338; baseline -0.003 -6"><span class='ocrx_word' id='word_1_9' title='bbox 448 303 641 333; x_wconf 84' lang='lat' dir='ltr'>rendissimus</span> <span class='ocrx_word' id='word_1_10' title='bbox 664 302 798 332; x_wconf 89' lang='lat' dir='ltr'>dominus</span> <span class='ocrx_word' id='word_1_11' title='bbox 821 301 1061 338; x_wconf 77' lang='lat' dir='ltr'>archimandrita,</span> <span class='ocrx_word' id='word_1_12' title='bbox 1086 306 1117 331; x_wconf 86' lang='lat' dir='ltr'>ut</span> <span class='ocrx_word' id='word_1_13' title='bbox 1140 311 1189 330; x_wconf 90' lang='lat' dir='ltr'>su-</span> 
     </span>
     <span class='ocr_line' id='line_1_4' title="bbox 449 350 1189 390; baseline 0.003 -13"><span class='ocrx_word' id='word_1_14' title='bbox 449 361 511 389; x_wconf 70' lang='lat' dir='ltr'>pra,</span> <span class='ocrx_word' id='word_1_15' title='bbox 546 360 596 390; x_wconf 77' lang='lat' dir='ltr'>per</span> <span class='ocrx_word' id='word_1_16' title='bbox 625 360 655 380; x_wconf 76' lang='lat' dir='ltr'>se</span> <span class='ocrx_word' id='word_1_17' title='bbox 689 355 716 379; x_wconf 89' lang='lat' dir='ltr'>et</span> <span class='ocrx_word' id='word_1_18' title='bbox 750 358 932 379; x_wconf 71' lang='lat' dir='ltr'>successores</span> <span class='ocrx_word' id='word_1_19' title='bbox 954 358 1021 379; x_wconf 88' lang='lat' dir='ltr'>suos</span> <span class='ocrx_word' id='word_1_20' title='bbox 1044 350 1189 387; x_wconf 84' lang='lat' dir='ltr'>obligatus</span> 
     </span>
     <span class='ocr_line' id='line_1_5' title="bbox 449 398 1189 438; baseline -0.001 -10"><span class='ocrx_word' id='word_1_21' title='bbox 449 400 504 436; x_wconf 83' lang='lat' dir='ltr'>sit,</span> <span class='ocrx_word' id='word_1_22' title='bbox 530 404 616 438; x_wconf 91' lang='lat' dir='ltr'>prout</span> <span class='ocrx_word' id='word_1_23' title='bbox 640 399 738 437; x_wconf 76' lang='lat' dir='ltr'>vigore</span> <span class='ocrx_word' id='word_1_24' title='bbox 762 399 923 437; x_wconf 87' lang='lat' dir='ltr'>praesentis</span> <span class='ocrx_word' id='word_1_25' title='bbox 946 408 976 427; x_wconf 89' lang='lat' dir='ltr'>se</span> <span class='ocrx_word' id='word_1_26' title='bbox 998 398 1138 436; x_wconf 81' lang='lat' dir='ltr'>obligavit</span> <span class='ocrx_word' id='word_1_27' title='bbox 1161 403 1189 428; x_wconf 92' lang='lat' dir='ltr'>et</span> 
     </span>
     <span class='ocr_line' id='line_1_6' title="bbox 451 447 1189 486; baseline -0.001 -9"><span class='ocrx_word' id='word_1_28' title='bbox 451 447 582 486; x_wconf 80' lang='lat' dir='ltr'>obligat,</span> <span class='ocrx_word' id='word_1_29' title='bbox 616 449 728 477; x_wconf 79' lang='lat' dir='ltr'>solvere</span> <span class='ocrx_word' id='word_1_30' title='bbox 751 448 900 477; x_wconf 75' lang='lat' dir='ltr'>annuatim</span> <span class='ocrx_word' id='word_1_31' title='bbox 938 447 1138 477; x_wconf 79' lang='lat' dir='ltr'>illustrissimo</span> <span class='ocrx_word' id='word_1_32' title='bbox 1161 452 1189 476; x_wconf 90' lang='lat' dir='ltr'>et</span> 
     </span>
     <span class='ocr_line' id='line_1_7' title="bbox 449 496 1187 535; baseline 0 -10"><span class='ocrx_word' id='word_1_33' title='bbox 449 497 694 526; x_wconf 64' lang='lat' dir='ltr'>reverendissimo</span> <span class='ocrx_word' id='word_1_34' title='bbox 741 496 963 535; x_wconf 73' lang='lat' dir='ltr'>archiepiscopo</span> <span class='ocrx_word' id='word_1_35' title='bbox 1009 496 1187 526; x_wconf 82' lang='lat' dir='ltr'>Messanensi</span> 
     </span>
     <span class='ocr_line' id='line_1_8' title="bbox 449 545 1186 584; baseline 0 -10"><span class='ocrx_word' id='word_1_36' title='bbox 449 545 550 574; x_wconf 86' lang='lat' dir='ltr'>uncias</span> <span class='ocrx_word' id='word_1_37' title='bbox 572 545 717 574; x_wconf 77' lang='lat' dir='ltr'>sexdecim</span> <span class='ocrx_word' id='word_1_38' title='bbox 740 548 768 574; x_wconf 89' lang='lat' dir='ltr'>et</span> <span class='ocrx_word' id='word_1_39' title='bbox 790 545 940 574; x_wconf 88' lang='lat' dir='ltr'>carolenos</span> <span class='ocrx_word' id='word_1_40' title='bbox 962 549 1027 574; x_wconf 90' lang='lat' dir='ltr'>octo</span> <span class='ocrx_word' id='word_1_41' title='bbox 1045 545 1186 584; x_wconf 86' lang='lat' dir='ltr'>pecuniae</span> 
     </span>
     <span class='ocr_line' id='line_1_9' title="bbox 448 593 1189 631; baseline 0 -9"><span class='ocrx_word' id='word_1_42' title='bbox 448 594 594 622; x_wconf 83' lang='lat' dir='ltr'>currentis</span> <span class='ocrx_word' id='word_1_43' title='bbox 624 593 710 622; x_wconf 89' lang='lat' dir='ltr'>buius</span> <span class='ocrx_word' id='word_1_44' title='bbox 744 594 826 631; x_wconf 73' lang='lat' dir='ltr'>regni</span> <span class='ocrx_word' id='word_1_45' title='bbox 859 593 922 623; x_wconf 89' lang='lat' dir='ltr'>iure</span> <span class='ocrx_word' id='word_1_46' title='bbox 955 603 1060 623; x_wconf 86' lang='lat' dir='ltr'>census</span> <span class='ocrx_word' id='word_1_47' title='bbox 1092 593 1189 623; x_wconf 87' lang='lat' dir='ltr'>debite</span> 
     </span>
     <span class='ocr_line' id='line_1_10' title="bbox 448 642 1189 681; baseline 0.001 -11"><span class='ocrx_word' id='word_1_48' title='bbox 448 642 527 670; x_wconf 81' lang='lat' dir='ltr'>iuxta</span> <span class='ocrx_word' id='word_1_49' title='bbox 553 646 680 671; x_wconf 86' lang='lat' dir='ltr'>tenorem</span> <span class='ocrx_word' id='word_1_50' title='bbox 704 642 884 671; x_wconf 79' lang='lat' dir='ltr'>fundationis</span> <span class='ocrx_word' id='word_1_51' title='bbox 918 642 1123 681; x_wconf 85' lang='lat' dir='ltr'>regiorumque</span> <span class='ocrx_word' id='word_1_52' title='bbox 1147 642 1189 672; x_wconf 88' lang='lat' dir='ltr'>di-</span> 
     </span>
     <span class='ocr_line' id='line_1_11' title="bbox 448 689 1189 729; baseline 0.001 -10"><span class='ocrx_word' id='word_1_53' title='bbox 448 690 620 729; x_wconf 87' lang='lat' dir='ltr'>plomatum.</span> <span class='ocrx_word' id='word_1_54' title='bbox 644 689 760 726; x_wconf 87' lang='lat' dir='ltr'>Tertio,</span> <span class='ocrx_word' id='word_1_55' title='bbox 794 695 996 720; x_wconf 88' lang='lat' dir='ltr'>convenerunt</span> <span class='ocrx_word' id='word_1_56' title='bbox 1028 695 1056 720; x_wconf 90' lang='lat' dir='ltr'>et</span> <span class='ocrx_word' id='word_1_57' title='bbox 1084 700 1189 720; x_wconf 88' lang='lat' dir='ltr'>conve-</span> 
     </span>
     <span class='ocr_line' id='line_1_12' title="bbox 447 738 1189 777; baseline 0.003 -10"><span class='ocrx_word' id='word_1_58' title='bbox 447 738 533 768; x_wconf 89' lang='lat' dir='ltr'>niunt</span> <span class='ocrx_word' id='word_1_59' title='bbox 562 738 639 777; x_wconf 90' lang='lat' dir='ltr'>quod</span> <span class='ocrx_word' id='word_1_60' title='bbox 666 738 886 768; x_wconf 76' lang='lat' dir='ltr'>illustrissimus</span> <span class='ocrx_word' id='word_1_61' title='bbox 908 739 1138 769; x_wconf 80' lang='lat' dir='ltr'>archimandrita</span> <span class='ocrx_word' id='word_1_62' title='bbox 1162 744 1189 769; x_wconf 83' lang='lat' dir='ltr'>et</span> 
     </span>
     <span class='ocr_line' id='line_1_13' title="bbox 447 787 1189 827; baseline 0.001 -11"><span class='ocrx_word' id='word_1_63' title='bbox 447 796 634 816; x_wconf 77' lang='lat' dir='ltr'>successores</span> <span class='ocrx_word' id='word_1_64' title='bbox 667 787 711 816; x_wconf 89' lang='lat' dir='ltr'>sui</span> <span class='ocrx_word' id='word_1_65' title='bbox 744 787 772 816; x_wconf 89' lang='lat' dir='ltr'>in</span> <span class='ocrx_word' id='word_1_66' title='bbox 807 787 1070 818; x_wconf 78' lang='lat' dir='ltr'>archimandritam</span> <span class='ocrx_word' id='word_1_67' title='bbox 1099 789 1189 827; x_wconf 83' lang='lat' dir='ltr'>possit</span> 
     </span>
     <span class='ocr_line' id='line_1_14' title="bbox 447 836 1188 867; baseline 0.003 -2"><span class='ocrx_word' id='word_1_68' title='bbox 447 836 606 865; x_wconf 79' lang='lat' dir='ltr'>concedere</span> <span class='ocrx_word' id='word_1_69' title='bbox 629 836 839 866; x_wconf 81' lang='lat' dir='ltr'>dimissoriales</span> <span class='ocrx_word' id='word_1_70' title='bbox 856 837 967 866; x_wconf 83' lang='lat' dir='ltr'>litteras</span> <span class='ocrx_word' id='word_1_71' title='bbox 983 837 1043 867; x_wconf 92' lang='lat' dir='ltr'>suis</span> <span class='ocrx_word' id='word_1_72' title='bbox 1062 837 1188 867; x_wconf 89' lang='lat' dir='ltr'>subditis</span> 
     </span>
     <span class='ocr_line' id='line_1_15' title="bbox 447 885 1188 924; baseline 0.001 -10"><span class='ocrx_word' id='word_1_73' title='bbox 447 885 482 914; x_wconf 90' lang='lat' dir='ltr'>ad</span> <span class='ocrx_word' id='word_1_74' title='bbox 506 885 622 914; x_wconf 87' lang='lat' dir='ltr'>ordines</span> <span class='ocrx_word' id='word_1_75' title='bbox 639 885 851 924; x_wconf 84' lang='lat' dir='ltr'>suscipiendos,</span> <span class='ocrx_word' id='word_1_76' title='bbox 870 885 908 915; x_wconf 84' lang='lat' dir='ltr'>ita</span> <span class='ocrx_word' id='word_1_77' title='bbox 928 890 1025 915; x_wconf 86' lang='lat' dir='ltr'>tamen</span> <span class='ocrx_word' id='word_1_78' title='bbox 1042 890 1083 923; x_wconf 87' lang='lat' dir='ltr'>ut,</span> <span class='ocrx_word' id='word_1_79' title='bbox 1103 886 1188 916; x_wconf 86' lang='lat' dir='ltr'>toties</span> 
     </span>
     <span class='ocr_line' id='line_1_16' title="bbox 448 934 1187 972; baseline 0.003 -9"><span class='ocrx_word' id='word_1_80' title='bbox 448 934 562 972; x_wconf 84' lang='lat' dir='ltr'>quoties</span> <span class='ocrx_word' id='word_1_81' title='bbox 592 934 656 963; x_wconf 89' lang='lat' dir='ltr'>illos</span> <span class='ocrx_word' id='word_1_82' title='bbox 680 934 827 964; x_wconf 78' lang='lat' dir='ltr'>dimittere</span> <span class='ocrx_word' id='word_1_83' title='bbox 850 934 973 972; x_wconf 79' lang='lat' dir='ltr'>habeat,</span> <span class='ocrx_word' id='word_1_84' title='bbox 998 939 1131 965; x_wconf 84' lang='lat' dir='ltr'>teneatur</span> <span class='ocrx_word' id='word_1_85' title='bbox 1153 946 1187 965; x_wconf 83' lang='lat' dir='ltr'>ex</span> 
     </span>
     <span class='ocr_line' id='line_1_17' title="bbox 448 983 1188 1022; baseline 0.003 -10"><span class='ocrx_word' id='word_1_86' title='bbox 448 987 532 1021; x_wconf 87' lang='lat' dir='ltr'>pacto</span> <span class='ocrx_word' id='word_1_87' title='bbox 555 983 654 1021; x_wconf 82' lang='lat' dir='ltr'>vigore</span> <span class='ocrx_word' id='word_1_88' title='bbox 678 984 839 1022; x_wconf 85' lang='lat' dir='ltr'>praesentis</span> <span class='ocrx_word' id='word_1_89' title='bbox 862 984 1065 1014; x_wconf 80' lang='lat' dir='ltr'>conventionis</span> <span class='ocrx_word' id='word_1_90' title='bbox 1091 985 1188 1014; x_wconf 88' lang='lat' dir='ltr'>dimit-</span> 
     </span>
     <span class='ocr_line' id='line_1_18' title="bbox 447 1032 1188 1072; baseline 0.004 -12"><span class='ocrx_word' id='word_1_91' title='bbox 447 1036 526 1069; x_wconf 84' lang='lat' dir='ltr'>tere,</span> <span class='ocrx_word' id='word_1_92' title='bbox 550 1032 817 1071; x_wconf 87' lang='lat' dir='ltr'>dimissorialesque</span> <span class='ocrx_word' id='word_1_93' title='bbox 845 1033 960 1062; x_wconf 82' lang='lat' dir='ltr'>litteras</span> <span class='ocrx_word' id='word_1_94' title='bbox 981 1033 1107 1071; x_wconf 80' lang='lat' dir='ltr'>dirigere</span> <span class='ocrx_word' id='word_1_95' title='bbox 1131 1033 1188 1072; x_wconf 90' lang='lat' dir='ltr'>pri-</span> 
     </span>
     <span class='ocr_line' id='line_1_19' title="bbox 448 1080 1188 1120; baseline 0.004 -11"><span class='ocrx_word' id='word_1_96' title='bbox 448 1080 544 1109; x_wconf 88' lang='lat' dir='ltr'>vative</span> <span class='ocrx_word' id='word_1_97' title='bbox 567 1080 766 1110; x_wconf 91' lang='lat' dir='ltr'>illustrissimo</span> <span class='ocrx_word' id='word_1_98' title='bbox 783 1081 1004 1120; x_wconf 83' lang='lat' dir='ltr'>archiepiscopo</span> <span class='ocrx_word' id='word_1_99' title='bbox 1020 1084 1188 1112; x_wconf 80' lang='lat' dir='ltr'>Messanen-</span> 
     </span>
     <span class='ocr_line' id='line_1_20' title="bbox 447 1130 1188 1168; baseline 0.004 -10"><span class='ocrx_word' id='word_1_100' title='bbox 447 1130 488 1166; x_wconf 79' lang='lat' dir='ltr'>si3</span> <span class='ocrx_word' id='word_1_101' title='bbox 512 1130 736 1160; x_wconf 87' lang='lat' dir='ltr'>advenientibus</span> <span class='ocrx_word' id='word_1_102' title='bbox 758 1136 856 1160; x_wconf 88' lang='lat' dir='ltr'>autem</span> <span class='ocrx_word' id='word_1_103' title='bbox 879 1131 1119 1168; x_wconf 75' lang='lat' dir='ltr'>contingentibus</span> <span class='ocrx_word' id='word_1_104' title='bbox 1142 1141 1188 1161; x_wconf 89' lang='lat' dir='ltr'>ca-</span> 
     </span>
     <span class='ocr_line' id='line_1_21' title="bbox 448 1178 1188 1220; baseline 0.004 -13"><span class='ocrx_word' id='word_1_105' title='bbox 448 1178 529 1208; x_wconf 88' lang='lat' dir='ltr'>sibus</span> <span class='ocrx_word' id='word_1_106' title='bbox 546 1179 589 1208; x_wconf 90' lang='lat' dir='ltr'>vel</span> <span class='ocrx_word' id='word_1_107' title='bbox 605 1179 823 1217; x_wconf 86' lang='lat' dir='ltr'>impedimentis</span> <span class='ocrx_word' id='word_1_108' title='bbox 839 1180 949 1209; x_wconf 91' lang='lat' dir='ltr'>domini</span> <span class='ocrx_word' id='word_1_109' title='bbox 965 1181 1188 1220; x_wconf 89' lang='lat' dir='ltr'>archiepiscopi,</span> 
     </span>
     <span class='ocr_line' id='line_1_22' title="bbox 448 1227 1187 1269; baseline 0.004 -13"><span class='ocrx_word' id='word_1_110' title='bbox 448 1227 493 1257; x_wconf 90' lang='lat' dir='ltr'>vel</span> <span class='ocrx_word' id='word_1_111' title='bbox 515 1228 599 1266; x_wconf 81' lang='lat' dir='ltr'>longe</span> <span class='ocrx_word' id='word_1_112' title='bbox 622 1227 770 1258; x_wconf 82' lang='lat' dir='ltr'>absentiae</span> <span class='ocrx_word' id='word_1_113' title='bbox 793 1229 1043 1266; x_wconf 86' lang='lat' dir='ltr'>ordinandorum,</span> <span class='ocrx_word' id='word_1_114' title='bbox 1070 1230 1111 1259; x_wconf 88' lang='lat' dir='ltr'>sic</span> <span class='ocrx_word' id='word_1_115' title='bbox 1140 1239 1187 1269; x_wconf 90' lang='lat' dir='ltr'>pe-</span> 
     </span>
     <span class='ocr_line' id='line_1_23' title="bbox 448 1275 1187 1308; baseline 0.004 -3"><span class='ocrx_word' id='word_1_116' title='bbox 448 1275 600 1305; x_wconf 90' lang='lat' dir='ltr'>culiariter</span> <span class='ocrx_word' id='word_1_117' title='bbox 623 1277 824 1306; x_wconf 89' lang='lat' dir='ltr'>conveniunt:</span> <span class='ocrx_word' id='word_1_118' title='bbox 850 1277 1068 1307; x_wconf 85' lang='lat' dir='ltr'>illustrissimus</span> <span class='ocrx_word' id='word_1_119' title='bbox 1092 1278 1187 1308; x_wconf 90' lang='lat' dir='ltr'>archi-</span> 
     </span>
     <span class='ocr_line' id='line_1_24' title="bbox 448 1325 1188 1365; baseline 0.004 -11"><span class='ocrx_word' id='word_1_120' title='bbox 448 1325 603 1364; x_wconf 87' lang='lat' dir='ltr'>episcopus</span> <span class='ocrx_word' id='word_1_121' title='bbox 626 1326 760 1362; x_wconf 80' lang='lat' dir='ltr'>assentit,</span> <span class='ocrx_word' id='word_1_122' title='bbox 777 1326 891 1365; x_wconf 87' lang='lat' dir='ltr'>quoties</span> <span class='ocrx_word' id='word_1_123' title='bbox 907 1326 1010 1356; x_wconf 83' lang='lat' dir='ltr'>Sancta</span> <span class='ocrx_word' id='word_1_124' title='bbox 1027 1326 1115 1357; x_wconf 88' lang='lat' dir='ltr'>Sedes</span> <span class='ocrx_word' id='word_1_125' title='bbox 1138 1337 1188 1357; x_wconf 88' lang='lat' dir='ltr'>an-</span> 
     </span>
     <span class='ocr_line' id='line_1_25' title="bbox 448 1374 1187 1414; baseline 0.003 -12"><span class='ocrx_word' id='word_1_126' title='bbox 448 1377 531 1411; x_wconf 90' lang='lat' dir='ltr'>nuat,</span> <span class='ocrx_word' id='word_1_127' title='bbox 556 1378 697 1412; x_wconf 88' lang='lat' dir='ltr'>quantum</span> <span class='ocrx_word' id='word_1_128' title='bbox 721 1374 749 1403; x_wconf 92' lang='lat' dir='ltr'>in</span> <span class='ocrx_word' id='word_1_129' title='bbox 774 1383 804 1403; x_wconf 89' lang='lat' dir='ltr'>se</span> <span class='ocrx_word' id='word_1_130' title='bbox 827 1379 888 1413; x_wconf 87' lang='lat' dir='ltr'>est,</span> <span class='ocrx_word' id='word_1_131' title='bbox 922 1384 1005 1414; x_wconf 90' lang='lat' dir='ltr'>posse</span> <span class='ocrx_word' id='word_1_132' title='bbox 1037 1375 1187 1405; x_wconf 90' lang='lat' dir='ltr'>dominum</span> 
     </span>
     <span class='ocr_line' id='line_1_26' title="bbox 449 1421 1188 1454; baseline 0.004 -4"><span class='ocrx_word' id='word_1_133' title='bbox 449 1421 710 1452; x_wconf 87' lang='lat' dir='ltr'>archimandritam</span> <span class='ocrx_word' id='word_1_134' title='bbox 741 1422 853 1452; x_wconf 86' lang='lat' dir='ltr'>litteras</span> <span class='ocrx_word' id='word_1_135' title='bbox 880 1423 1091 1453; x_wconf 78' lang='lat' dir='ltr'>dimissoriales</span> <span class='ocrx_word' id='word_1_136' title='bbox 1118 1424 1188 1454; x_wconf 87' lang='lat' dir='ltr'>diri-</span> 
     </span>
     <span class='ocr_line' id='line_1_27' title="bbox 450 1471 1189 1512; baseline 0.004 -12"><span class='ocrx_word' id='word_1_137' title='bbox 450 1480 519 1509; x_wconf 88' lang='lat' dir='ltr'>gere</span> <span class='ocrx_word' id='word_1_138' title='bbox 543 1471 577 1500; x_wconf 90' lang='lat' dir='ltr'>ad</span> <span class='ocrx_word' id='word_1_139' title='bbox 602 1471 784 1510; x_wconf 89' lang='lat' dir='ltr'>praedictum</span> <span class='ocrx_word' id='word_1_140' title='bbox 807 1473 1060 1512; x_wconf 88' lang='lat' dir='ltr'>archiepiscopum</span> <span class='ocrx_word' id='word_1_141' title='bbox 1084 1473 1189 1503; x_wconf 87' lang='lat' dir='ltr'>Messa-</span> 
     </span>
     <span class='ocr_line' id='line_1_28' title="bbox 450 1521 1188 1562; baseline 0.004 -13"><span class='ocrx_word' id='word_1_142' title='bbox 450 1529 590 1557; x_wconf 90' lang='lat' dir='ltr'>nensem,</span> <span class='ocrx_word' id='word_1_143' title='bbox 616 1525 644 1550; x_wconf 90' lang='lat' dir='ltr'>et</span> <span class='ocrx_word' id='word_1_144' title='bbox 676 1529 709 1550; x_wconf 91' lang='lat' dir='ltr'>eo</span> <span class='ocrx_word' id='word_1_145' title='bbox 732 1521 890 1560; x_wconf 89' lang='lat' dir='ltr'>impedito,</span> <span class='ocrx_word' id='word_1_146' title='bbox 914 1522 949 1551; x_wconf 91' lang='lat' dir='ltr'>ad</span> <span class='ocrx_word' id='word_1_147' title='bbox 972 1531 1188 1562; x_wconf 89' lang='lat' dir='ltr'>quemcumque</span> 
     </span>
     <span class='ocr_line' id='line_1_29' title="bbox 449 1568 1189 1608; baseline 0.003 -10"><span class='ocrx_word' id='word_1_148' title='bbox 449 1568 636 1607; x_wconf 85' lang='lat' dir='ltr'>episcopum,</span> <span class='ocrx_word' id='word_1_149' title='bbox 670 1569 751 1599; x_wconf 85' lang='lat' dir='ltr'>iuxta</span> <span class='ocrx_word' id='word_1_150' title='bbox 785 1570 890 1608; x_wconf 84' lang='lat' dir='ltr'>stylum</span> <span class='ocrx_word' id='word_1_151' title='bbox 914 1575 942 1600; x_wconf 88' lang='lat' dir='ltr'>et</span> <span class='ocrx_word' id='word_1_152' title='bbox 964 1571 1086 1599; x_wconf 88' lang='lat' dir='ltr'>sormam</span> <span class='ocrx_word' id='word_1_153' title='bbox 1120 1580 1189 1600; x_wconf 88' lang='lat' dir='ltr'>con-</span> 
     </span>
     <span class='ocr_line' id='line_1_30' title="bbox 450 1617 1189 1656; baseline 0.003 -10"><span class='ocrx_word' id='word_1_154' title='bbox 450 1621 586 1654; x_wconf 82' lang='lat' dir='ltr'>suetam3</span> <span class='ocrx_word' id='word_1_155' title='bbox 610 1617 688 1656; x_wconf 86' lang='lat' dir='ltr'>quod</span> <span class='ocrx_word' id='word_1_156' title='bbox 711 1618 820 1656; x_wconf 90' lang='lat' dir='ltr'>pariter</span> <span class='ocrx_word' id='word_1_157' title='bbox 842 1618 1067 1656; x_wconf 82' lang='lat' dir='ltr'>intelligendum</span> <span class='ocrx_word' id='word_1_158' title='bbox 1089 1623 1133 1648; x_wconf 90' lang='lat' dir='ltr'>est</span> <span class='ocrx_word' id='word_1_159' title='bbox 1154 1619 1189 1649; x_wconf 90' lang='lat' dir='ltr'>de</span> 
     </span>
     <span class='ocr_line' id='line_1_31' title="bbox 451 1666 1188 1706; baseline 0.004 -12"><span class='ocrx_word' id='word_1_160' title='bbox 451 1666 621 1704; x_wconf 87' lang='lat' dir='ltr'>apostolicis</span> <span class='ocrx_word' id='word_1_161' title='bbox 637 1666 777 1696; x_wconf 88' lang='lat' dir='ltr'>Brevihus</span> <span class='ocrx_word' id='word_1_162' title='bbox 793 1676 879 1706; x_wconf 88' lang='lat' dir='ltr'>super</span> <span class='ocrx_word' id='word_1_163' title='bbox 901 1667 1119 1706; x_wconf 81' lang='lat' dir='ltr'>dispensatione</span> <span class='ocrx_word' id='word_1_164' title='bbox 1142 1677 1188 1698; x_wconf 91' lang='lat' dir='ltr'>ae-</span> 
     </span>
     <span class='ocr_line' id='line_1_32' title="bbox 452 1714 1188 1754; baseline 0.004 -11"><span class='ocrx_word' id='word_1_165' title='bbox 452 1714 519 1743; x_wconf 87' lang='lat' dir='ltr'>tatis</span> <span class='ocrx_word' id='word_1_166' title='bbox 536 1714 580 1744; x_wconf 88' lang='lat' dir='ltr'>vel</span> <span class='ocrx_word' id='word_1_167' title='bbox 598 1720 760 1753; x_wconf 88' lang='lat' dir='ltr'>temporum</span> <span class='ocrx_word' id='word_1_168' title='bbox 777 1715 960 1754; x_wconf 81' lang='lat' dir='ltr'>interstitiis3</span> <span class='ocrx_word' id='word_1_169' title='bbox 978 1721 1006 1746; x_wconf 90' lang='lat' dir='ltr'>et</span> <span class='ocrx_word' id='word_1_170' title='bbox 1021 1717 1056 1746; x_wconf 89' lang='lat' dir='ltr'>ad</span> <span class='ocrx_word' id='word_1_171' title='bbox 1073 1726 1188 1746; x_wconf 84' lang='lat' dir='ltr'>omnem</span> 
     </span>
     <span class='ocr_line' id='line_1_33' title="bbox 450 1763 1189 1802; baseline 0.005 -11"><span class='ocrx_word' id='word_1_172' title='bbox 450 1763 719 1802; x_wconf 82' lang='lat' dir='ltr'>aequivocationem</span> <span class='ocrx_word' id='word_1_173' title='bbox 748 1764 924 1802; x_wconf 89' lang='lat' dir='ltr'>tollendam,</span> <span class='ocrx_word' id='word_1_174' title='bbox 948 1768 1083 1795; x_wconf 88' lang='lat' dir='ltr'>statuunt</span> <span class='ocrx_word' id='word_1_175' title='bbox 1105 1765 1189 1796; x_wconf 92' lang='lat' dir='ltr'>modo</span> 
     </span>
     <span class='ocr_line' id='line_1_34' title="bbox 453 1812 1190 1851; baseline 0.003 -9"><span class='ocrx_word' id='word_1_176' title='bbox 453 1821 505 1851; x_wconf 86' lang='lat' dir='ltr'>pro</span> <span class='ocrx_word' id='word_1_177' title='bbox 533 1812 620 1850; x_wconf 72' lang='lat' dir='ltr'>longa</span> <span class='ocrx_word' id='word_1_178' title='bbox 650 1813 784 1843; x_wconf 71' lang='lat' dir='ltr'>absentia</span> <span class='ocrx_word' id='word_1_179' title='bbox 816 1814 1049 1844; x_wconf 85' lang='lat' dir='ltr'>ordinandorum</span> <span class='ocrx_word' id='word_1_180' title='bbox 1080 1814 1190 1844; x_wconf 88' lang='lat' dir='ltr'>intelli-</span> 
     </span>
     <span class='ocr_line' id='line_1_35' title="bbox 452 1862 1190 1902; baseline 0.004 -12"><span class='ocrx_word' id='word_1_181' title='bbox 452 1865 537 1899; x_wconf 81' lang='lat' dir='ltr'>gatur</span> <span class='ocrx_word' id='word_1_182' title='bbox 569 1862 813 1901; x_wconf 87' lang='lat' dir='ltr'>quotiescumque</span> <span class='ocrx_word' id='word_1_183' title='bbox 848 1862 1034 1902; x_wconf 85' lang='lat' dir='ltr'>reperiantur</span> <span class='ocrx_word' id='word_1_184' title='bbox 1069 1867 1097 1893; x_wconf 90' lang='lat' dir='ltr'>et</span> <span class='ocrx_word' id='word_1_185' title='bbox 1131 1864 1190 1894; x_wconf 90' lang='lat' dir='ltr'>sint</span> 
     </span>
     <span class='ocr_line' id='line_1_36' title="bbox 452 1910 1191 1952; baseline 0.004 -12"><span class='ocrx_word' id='word_1_186' title='bbox 452 1915 533 1940; x_wconf 89' lang='lat' dir='ltr'>extra</span> <span class='ocrx_word' id='word_1_187' title='bbox 562 1910 718 1941; x_wconf 87' lang='lat' dir='ltr'>dioecesim</span> <span class='ocrx_word' id='word_1_188' title='bbox 747 1911 857 1941; x_wconf 91' lang='lat' dir='ltr'>domini</span> <span class='ocrx_word' id='word_1_189' title='bbox 886 1912 1098 1952; x_wconf 89' lang='lat' dir='ltr'>archiepiscopi</span> <span class='ocrx_word' id='word_1_190' title='bbox 1120 1913 1191 1943; x_wconf 89' lang='lat' dir='ltr'>Mes-</span> 
     </span>
     <span class='ocr_line' id='line_1_37' title="bbox 452 1960 1191 1999; baseline 0.003 -10"><span class='ocrx_word' id='word_1_191' title='bbox 452 1960 597 1998; x_wconf 84' lang='lat' dir='ltr'>sanensis,</span> <span class='ocrx_word' id='word_1_192' title='bbox 614 1960 653 1990; x_wconf 87' lang='lat' dir='ltr'>ita</span> <span class='ocrx_word' id='word_1_193' title='bbox 673 1960 749 1999; x_wconf 91' lang='lat' dir='ltr'>quod</span> <span class='ocrx_word' id='word_1_194' title='bbox 772 1960 938 1991; x_wconf 88' lang='lat' dir='ltr'>huiusmodi</span> <span class='ocrx_word' id='word_1_195' title='bbox 955 1961 1069 1991; x_wconf 81' lang='lat' dir='ltr'>litterae</span> <span class='ocrx_word' id='word_1_196' title='bbox 1091 1962 1191 1992; x_wconf 90' lang='lat' dir='ltr'>dimis-</span> 
     </span>
    </p>
   </div>
   <div class='ocr_carea' id='block_1_3' title="bbox 452 2009 1212 2050">
    <p class='ocr_par' dir='ltr' id='par_1_3' title="bbox 452 2009 1212 2050">
     <span class='ocr_line' id='line_1_38' title="bbox 452 2009 1212 2050; baseline 0.004 -12"><span class='ocrx_word' id='word_1_197' title='bbox 452 2009 575 2039; x_wconf 83' lang='lat' dir='ltr'>soriales</span> <span class='ocrx_word' id='word_1_198' title='bbox 597 2010 777 2048; x_wconf 87' lang='lat' dir='ltr'>praesentari</span> <span class='ocrx_word' id='word_1_199' title='bbox 810 2010 935 2040; x_wconf 90' lang='lat' dir='ltr'>debeant</span> <span class='ocrx_word' id='word_1_200' title='bbox 962 2011 991 2040; x_wconf 94' lang='lat' dir='ltr'>in</span> <span class='ocrx_word' id='word_1_201' title='bbox 1015 2012 1117 2050; x_wconf 77' lang='lat' dir='ltr'>magna</span> <span class='ocrx_word' id='word_1_202' title='bbox 1140 2021 1189 2041; x_wconf 89' lang='lat' dir='ltr'>cu-</span> <span class='ocrx_word' id='word_1_203' title='bbox 1211 2032 1212 2035; x_wconf 64' lang='lat'>,</span> 
     </span>
    </p>
   </div>
   <div class='ocr_carea' id='block_1_4' title="bbox 452 2058 1193 2637">
    <p class='ocr_par' dir='ltr' id='par_1_4' title="bbox 452 2058 1193 2637">
     <span class='ocr_line' id='line_1_39' title="bbox 453 2058 1190 2099; baseline 0.005 -12"><span class='ocrx_word' id='word_1_204' title='bbox 453 2058 499 2087; x_wconf 72' lang='lat' dir='ltr'>ria</span> <span class='ocrx_word' id='word_1_205' title='bbox 528 2059 771 2099; x_wconf 76' lang='lat' dir='ltr'>archiepiscopali</span> <span class='ocrx_word' id='word_1_206' title='bbox 803 2059 998 2097; x_wconf 85' lang='lat' dir='ltr'>Messanensi,</span> <span class='ocrx_word' id='word_1_207' title='bbox 1022 2065 1050 2090; x_wconf 89' lang='lat' dir='ltr'>et</span> <span class='ocrx_word' id='word_1_208' title='bbox 1078 2070 1092 2090; x_wconf 86' lang='lat' dir='ltr'>a</span> <span class='ocrx_word' id='word_1_209' title='bbox 1122 2070 1190 2091; x_wconf 85' lang='lat' dir='ltr'>can-</span> 
     </span>
     <span class='ocr_line' id='line_1_40' title="bbox 453 2107 1189 2148; baseline 0.005 -12"><span class='ocrx_word' id='word_1_210' title='bbox 453 2107 572 2138; x_wconf 75' lang='lat' dir='ltr'>cellario</span> <span class='ocrx_word' id='word_1_211' title='bbox 594 2108 686 2147; x_wconf 86' lang='lat' dir='ltr'>ipsius</span> <span class='ocrx_word' id='word_1_212' title='bbox 709 2109 817 2148; x_wconf 85' lang='lat' dir='ltr'>apponi</span> <span class='ocrx_word' id='word_1_213' title='bbox 849 2113 876 2139; x_wconf 91' lang='lat' dir='ltr'>et</span> <span class='ocrx_word' id='word_1_214' title='bbox 908 2109 1053 2139; x_wconf 86' lang='lat' dir='ltr'>subscribi</span> <span class='ocrx_word' id='word_1_215' title='bbox 1075 2110 1189 2147; x_wconf 84' lang='lat' dir='ltr'>debeat,</span> 
     </span>
     <span class='ocr_line' id='line_1_41' title="bbox 454 2156 1192 2196; baseline 0.004 -11"><span class='ocrx_word' id='word_1_216' title='bbox 454 2156 496 2186; x_wconf 80' lang='lat' dir='ltr'>lta</span> <span class='ocrx_word' id='word_1_217' title='bbox 518 2161 567 2193; x_wconf 78' lang='lat' dir='ltr'>est,</span> <span class='ocrx_word' id='word_1_218' title='bbox 584 2159 624 2186; x_wconf 71' lang='lat' dir='ltr'>sic</span> <span class='ocrx_word' id='word_1_219' title='bbox 645 2167 680 2186; x_wconf 74' lang='lat' dir='ltr'>ex</span> <span class='ocrx_word' id='word_1_220' title='bbox 698 2161 787 2196; x_wconf 78' lang='lat' dir='ltr'>pacto,</span> <span class='ocrx_word' id='word_1_221' title='bbox 804 2161 829 2186; x_wconf 85' lang='lat' dir='ltr'>et</span> <span class='ocrx_word' id='word_1_222' title='bbox 850 2158 992 2187; x_wconf 77' lang='lat' dir='ltr'>accedente</span> <span class='ocrx_word' id='word_1_223' title='bbox 1013 2157 1129 2188; x_wconf 80' lang='lat' dir='ltr'>Sanctae</span> <span class='ocrx_word' id='word_1_224' title='bbox 1143 2158 1192 2189; x_wconf 86' lang='lat' dir='ltr'>Se-</span> 
     </span>
     <span class='ocr_line' id='line_1_42' title="bbox 452 2206 1189 2246; baseline 0.003 -11"><span class='ocrx_word' id='word_1_225' title='bbox 452 2206 495 2235; x_wconf 83' lang='lat' dir='ltr'>dis</span> <span class='ocrx_word' id='word_1_226' title='bbox 516 2215 670 2241; x_wconf 76' lang='lat' dir='ltr'>consensu,·</span> <span class='ocrx_word' id='word_1_227' title='bbox 693 2206 762 2236; x_wconf 89' lang='lat' dir='ltr'>item</span> <span class='ocrx_word' id='word_1_228' title='bbox 786 2207 967 2236; x_wconf 86' lang='lat' dir='ltr'>conveniunt</span> <span class='ocrx_word' id='word_1_229' title='bbox 990 2216 1074 2246; x_wconf 87' lang='lat' dir='ltr'>posse</span> <span class='ocrx_word' id='word_1_230' title='bbox 1098 2207 1189 2237; x_wconf 88' lang='lat' dir='ltr'>domi-</span> 
     </span>
     <span class='ocr_line' id='line_1_43' title="bbox 453 2254 1191 2285; baseline 0.003 -2"><span class='ocrx_word' id='word_1_231' title='bbox 453 2263 524 2283; x_wconf 91' lang='lat' dir='ltr'>num</span> <span class='ocrx_word' id='word_1_232' title='bbox 547 2254 806 2284; x_wconf 85' lang='lat' dir='ltr'>archimandritam</span> <span class='ocrx_word' id='word_1_233' title='bbox 835 2254 1048 2284; x_wconf 86' lang='lat' dir='ltr'>dimissoriales</span> <span class='ocrx_word' id='word_1_234' title='bbox 1079 2255 1191 2285; x_wconf 90' lang='lat' dir='ltr'>litteras</span> 
     </span>
     <span class='ocr_line' id='line_1_44' title="bbox 454 2303 1192 2342; baseline 0.001 -9"><span class='ocrx_word' id='word_1_235' title='bbox 454 2303 616 2333; x_wconf 88' lang='lat' dir='ltr'>concedere</span> <span class='ocrx_word' id='word_1_236' title='bbox 639 2303 675 2333; x_wconf 93' lang='lat' dir='ltr'>ad</span> <span class='ocrx_word' id='word_1_237' title='bbox 698 2313 913 2342; x_wconf 90' lang='lat' dir='ltr'>quemcumque</span> <span class='ocrx_word' id='word_1_238' title='bbox 941 2303 1068 2333; x_wconf 87' lang='lat' dir='ltr'>directas</span> <span class='ocrx_word' id='word_1_239' title='bbox 1091 2304 1121 2333; x_wconf 91' lang='lat' dir='ltr'>in</span> <span class='ocrx_word' id='word_1_240' title='bbox 1143 2314 1192 2334; x_wconf 89' lang='lat' dir='ltr'>va-</span> 
     </span>
     <span class='ocr_line' id='line_1_45' title="bbox 453 2352 1192 2392; baseline 0.001 -10"><span class='ocrx_word' id='word_1_241' title='bbox 453 2353 569 2382; x_wconf 86' lang='lat' dir='ltr'>catione</span> <span class='ocrx_word' id='word_1_242' title='bbox 591 2352 731 2382; x_wconf 90' lang='lat' dir='ltr'>ecclesiae</span> <span class='ocrx_word' id='word_1_243' title='bbox 747 2352 951 2390; x_wconf 81' lang='lat' dir='ltr'>Messanensis,</span> <span class='ocrx_word' id='word_1_244' title='bbox 969 2353 1085 2382; x_wconf 72' lang='lat' dir='ltr'>adiecta</span> <span class='ocrx_word' id='word_1_245' title='bbox 1103 2354 1192 2392; x_wconf 85' lang='lat' dir='ltr'>parti-</span> 
     </span>
     <span class='ocr_line' id='line_1_46' title="bbox 453 2401 1193 2440; baseline 0.001 -10"><span class='ocrx_word' id='word_1_246' title='bbox 453 2402 538 2440; x_wconf 74' lang='lat' dir='ltr'>cula,</span> <span class='ocrx_word' id='word_1_247' title='bbox 562 2402 673 2432; x_wconf 88' lang='lat' dir='ltr'>scilicet</span> <span class='ocrx_word' id='word_1_248' title='bbox 700 2401 766 2432; x_wconf 85' lang='lat' dir='ltr'>Sede</span> <span class='ocrx_word' id='word_1_249' title='bbox 787 2406 915 2437; x_wconf 80' lang='lat' dir='ltr'>vacante,</span> <span class='ocrx_word' id='word_1_250' title='bbox 940 2401 994 2432; x_wconf 91' lang='lat' dir='ltr'>hoc</span> <span class='ocrx_word' id='word_1_251' title='bbox 1022 2406 1116 2432; x_wconf 86' lang='lat' dir='ltr'>tamen</span> <span class='ocrx_word' id='word_1_252' title='bbox 1145 2413 1193 2432; x_wconf 87' lang='lat' dir='ltr'>ex-</span> 
     </span>
     <span class='ocr_line' id='line_1_47' title="bbox 455 2450 1193 2490; baseline 0.001 -10"><span class='ocrx_word' id='word_1_253' title='bbox 455 2460 554 2490; x_wconf 88' lang='lat' dir='ltr'>presse</span> <span class='ocrx_word' id='word_1_254' title='bbox 576 2451 721 2481; x_wconf 88' lang='lat' dir='ltr'>declarato</span> <span class='ocrx_word' id='word_1_255' title='bbox 750 2451 827 2490; x_wconf 89' lang='lat' dir='ltr'>quod</span> <span class='ocrx_word' id='word_1_256' title='bbox 849 2450 993 2481; x_wconf 89' lang='lat' dir='ltr'>eiusmodi</span> <span class='ocrx_word' id='word_1_257' title='bbox 1015 2450 1128 2481; x_wconf 85' lang='lat' dir='ltr'>litterae</span> <span class='ocrx_word' id='word_1_258' title='bbox 1150 2451 1193 2481; x_wconf 93' lang='lat' dir='ltr'>di-</span> 
     </span>
     <span class='ocr_line' id='line_1_48' title="bbox 455 2499 1191 2539; baseline 0.001 -10"><span class='ocrx_word' id='word_1_259' title='bbox 455 2499 635 2530; x_wconf 86' lang='lat' dir='ltr'>missoriales</span> <span class='ocrx_word' id='word_1_260' title='bbox 667 2500 755 2530; x_wconf 89' lang='lat' dir='ltr'>etiam</span> <span class='ocrx_word' id='word_1_261' title='bbox 789 2500 971 2539; x_wconf 89' lang='lat' dir='ltr'>praesentari</span> <span class='ocrx_word' id='word_1_262' title='bbox 1004 2499 1128 2529; x_wconf 87' lang='lat' dir='ltr'>debeant</span> <span class='ocrx_word' id='word_1_263' title='bbox 1161 2500 1191 2530; x_wconf 91' lang='lat' dir='ltr'>in</span> 
     </span>
     <span class='ocr_line' id='line_1_49' title="bbox 455 2547 1190 2587; baseline 0.001 -11"><span class='ocrx_word' id='word_1_264' title='bbox 455 2548 562 2586; x_wconf 68' lang='lat' dir='ltr'>magno</span> <span class='ocrx_word' id='word_1_265' title='bbox 594 2548 676 2577; x_wconf 73' lang='lat' dir='ltr'>curia</span> <span class='ocrx_word' id='word_1_266' title='bbox 715 2548 958 2587; x_wconf 86' lang='lat' dir='ltr'>archiepiscopali</span> <span class='ocrx_word' id='word_1_267' title='bbox 990 2547 1190 2587; x_wconf 84' lang='lat' dir='ltr'>Messanensi,</span> 
     </span>
     <span class='ocr_line' id='line_1_50' title="bbox 455 2596 1190 2637; baseline 0.001 -11"><span class='ocrx_word' id='word_1_268' title='bbox 455 2600 481 2626; x_wconf 85' lang='lat' dir='ltr'>et</span> <span class='ocrx_word' id='word_1_269' title='bbox 499 2606 512 2626; x_wconf 88' lang='lat' dir='ltr'>a</span> <span class='ocrx_word' id='word_1_270' title='bbox 529 2597 705 2627; x_wconf 76' lang='lat' dir='ltr'>cancellario</span> <span class='ocrx_word' id='word_1_271' title='bbox 724 2597 830 2637; x_wconf 88' lang='lat' dir='ltr'>apponi</span> <span class='ocrx_word' id='word_1_272' title='bbox 849 2601 877 2628; x_wconf 88' lang='lat' dir='ltr'>et</span> <span class='ocrx_word' id='word_1_273' title='bbox 893 2596 1036 2628; x_wconf 83' lang='lat' dir='ltr'>subscribi</span> <span class='ocrx_word' id='word_1_274' title='bbox 1054 2596 1190 2635; x_wconf 82' lang='lat' dir='ltr'>debeant,</span> 
     </span>
    </p>
   </div>
   <div class='ocr_carea' id='block_1_5' title="bbox 1207 253 1217 2314">
    <p class='ocr_par' dir='ltr' id='par_1_5' title="bbox 1207 253 1217 2314">
     <span class='ocr_line' id='line_1_51' title="bbox 1207 253 1217 2314; baseline 0 0"><span class='ocrx_word' id='word_1_275' title='bbox 1207 253 1217 2314; x_wconf 95' lang='lat' dir='ltr'> </span> 
     </span>
    </p>
   </div>
   <div class='ocr_carea' id='block_1_6' title="bbox 1023 203 1385 228">
    <p class='ocr_par' dir='ltr' id='par_1_6' title="bbox 1023 203 1385 228">
     <span class='ocr_line' id='line_1_52' title="bbox 1023 203 1385 228; baseline -0.003 0"><span class='ocrx_word' id='word_1_276' title='bbox 1023 204 1206 228; x_wconf 73' lang='lat' dir='ltr'>BULLARIUM</span> <span class='ocrx_word' id='word_1_277' title='bbox 1232 203 1385 228; x_wconf 71' lang='lat' dir='ltr'>ROMANUM</span> 
     </span>
    </p>
   </div>
   <div class='ocr_carea' id='block_1_7' title="bbox 1232 250 1971 877">
    <p class='ocr_par' dir='ltr' id='par_1_7' title="bbox 1232 250 1971 877">
     <span class='ocr_line' id='line_1_53' title="bbox 1234 250 1970 290; baseline -0.003 -9"><span class='ocrx_word' id='word_1_278' title='bbox 1234 252 1273 281; x_wconf 76' lang='lat' dir='ltr'>Ita</span> <span class='ocrx_word' id='word_1_279' title='bbox 1296 256 1345 289; x_wconf 80' lang='lat' dir='ltr'>ese,</span> <span class='ocrx_word' id='word_1_280' title='bbox 1362 253 1401 281; x_wconf 78' lang='lat' dir='ltr'>sic</span> <span class='ocrx_word' id='word_1_281' title='bbox 1422 261 1456 280; x_wconf 75' lang='lat' dir='ltr'>ex</span> <span class='ocrx_word' id='word_1_282' title='bbox 1476 255 1565 290; x_wconf 82' lang='lat' dir='ltr'>pacto,</span> <span class='ocrx_word' id='word_1_283' title='bbox 1583 255 1606 280; x_wconf 82' lang='lat' dir='ltr'>et</span> <span class='ocrx_word' id='word_1_284' title='bbox 1629 252 1770 280; x_wconf 80' lang='lat' dir='ltr'>accedente</span> <span class='ocrx_word' id='word_1_285' title='bbox 1790 250 1906 281; x_wconf 77' lang='lat' dir='ltr'>Sanctae</span> <span class='ocrx_word' id='word_1_286' title='bbox 1921 250 1970 281; x_wconf 83' lang='lat' dir='ltr'>Se-</span> 
     </span>
     <span class='ocr_line' id='line_1_54' title="bbox 1232 299 1970 339; baseline 0 -10"><span class='ocrx_word' id='word_1_287' title='bbox 1232 302 1273 330; x_wconf 56' lang='lat' dir='ltr'>dis</span> <span class='ocrx_word' id='word_1_288' title='bbox 1295 310 1438 330; x_wconf 72' lang='lat' dir='ltr'>consensu.</span> <span class='ocrx_word' id='word_1_289' title='bbox 1456 299 1575 335; x_wconf 76' lang='lat' dir='ltr'>Quarto,</span> <span class='ocrx_word' id='word_1_290' title='bbox 1594 299 1623 329; x_wconf 93' lang='lat' dir='ltr'>in</span> <span class='ocrx_word' id='word_1_291' title='bbox 1648 300 1704 329; x_wconf 90' lang='lat' dir='ltr'>vim</span> <span class='ocrx_word' id='word_1_292' title='bbox 1721 300 1882 339; x_wconf 88' lang='lat' dir='ltr'>praesentis</span> <span class='ocrx_word' id='word_1_293' title='bbox 1904 309 1970 329; x_wconf 90' lang='lat' dir='ltr'>con-</span> 
     </span>
     <span class='ocr_line' id='line_1_55' title="bbox 1232 348 1969 387; baseline 0 -9"><span class='ocrx_word' id='word_1_294' title='bbox 1232 349 1348 379; x_wconf 89' lang='lat' dir='ltr'>cordiae</span> <span class='ocrx_word' id='word_1_295' title='bbox 1381 353 1582 378; x_wconf 87' lang='lat' dir='ltr'>convenerunt</span> <span class='ocrx_word' id='word_1_296' title='bbox 1612 353 1640 378; x_wconf 82' lang='lat' dir='ltr'>et</span> <span class='ocrx_word' id='word_1_297' title='bbox 1672 349 1869 385; x_wconf 84' lang='lat' dir='ltr'>conveniunt,</span> <span class='ocrx_word' id='word_1_298' title='bbox 1893 348 1969 387; x_wconf 90' lang='lat' dir='ltr'>quod</span> 
     </span>
     <span class='ocr_line' id='line_1_56' title="bbox 1232 397 1969 428; baseline -0.003 -1"><span class='ocrx_word' id='word_1_299' title='bbox 1232 398 1450 428; x_wconf 88' lang='lat' dir='ltr'>illustrissimus</span> <span class='ocrx_word' id='word_1_300' title='bbox 1483 402 1511 427; x_wconf 89' lang='lat' dir='ltr'>et</span> <span class='ocrx_word' id='word_1_301' title='bbox 1543 397 1806 426; x_wconf 87' lang='lat' dir='ltr'>reverendissimus</span> <span class='ocrx_word' id='word_1_302' title='bbox 1834 397 1969 426; x_wconf 91' lang='lat' dir='ltr'>dominus</span> 
     </span>
     <span class='ocr_line' id='line_1_57' title="bbox 1232 445 1969 484; baseline -0.004 -8"><span class='ocrx_word' id='word_1_303' title='bbox 1232 447 1463 476; x_wconf 87' lang='lat' dir='ltr'>archimandrita</span> <span class='ocrx_word' id='word_1_304' title='bbox 1498 451 1526 475; x_wconf 89' lang='lat' dir='ltr'>et</span> <span class='ocrx_word' id='word_1_305' title='bbox 1560 455 1741 475; x_wconf 88' lang='lat' dir='ltr'>successores</span> <span class='ocrx_word' id='word_1_306' title='bbox 1775 446 1819 476; x_wconf 89' lang='lat' dir='ltr'>sui</span> <span class='ocrx_word' id='word_1_307' title='bbox 1856 445 1969 484; x_wconf 87' lang='lat' dir='ltr'>possint</span> 
     </span>
     <span class='ocr_line' id='line_1_58' title="bbox 1233 494 1969 535; baseline -0.004 -9"><span class='ocrx_word' id='word_1_308' title='bbox 1233 496 1381 535; x_wconf 88' lang='lat' dir='ltr'>libereque</span> <span class='ocrx_word' id='word_1_309' title='bbox 1404 496 1518 525; x_wconf 86' lang='lat' dir='ltr'>valeant</span> <span class='ocrx_word' id='word_1_310' title='bbox 1537 504 1697 524; x_wconf 84' lang='lat' dir='ltr'>concursus</span> <span class='ocrx_word' id='word_1_311' title='bbox 1718 504 1919 534; x_wconf 84' lang='lat' dir='ltr'>quoscumque</span> <span class='ocrx_word' id='word_1_312' title='bbox 1935 494 1969 523; x_wconf 90' lang='lat' dir='ltr'>ad</span> 
     </span>
     <span class='ocr_line' id='line_1_59' title="bbox 1233 542 1970 574; baseline -0.003 0"><span class='ocrx_word' id='word_1_313' title='bbox 1233 544 1374 574; x_wconf 82' lang='lat' dir='ltr'>beneficia</span> <span class='ocrx_word' id='word_1_314' title='bbox 1392 550 1491 574; x_wconf 88' lang='lat' dir='ltr'>curata</span> <span class='ocrx_word' id='word_1_315' title='bbox 1509 545 1538 573; x_wconf 93' lang='lat' dir='ltr'>in</span> <span class='ocrx_word' id='word_1_316' title='bbox 1554 545 1606 573; x_wconf 73' lang='lat' dir='ltr'>sua</span> <span class='ocrx_word' id='word_1_317' title='bbox 1625 543 1878 573; x_wconf 86' lang='lat' dir='ltr'>archimandritali</span> <span class='ocrx_word' id='word_1_318' title='bbox 1892 542 1970 572; x_wconf 89' lang='lat' dir='ltr'>dioe-</span> 
     </span>
     <span class='ocr_line' id='line_1_60' title="bbox 1232 591 1969 631; baseline -0.003 -8"><span class='ocrx_word' id='word_1_319' title='bbox 1232 594 1291 623; x_wconf 84' lang='lat' dir='ltr'>cesi</span> <span class='ocrx_word' id='word_1_320' title='bbox 1316 594 1447 623; x_wconf 88' lang='lat' dir='ltr'>vacantia</span> <span class='ocrx_word' id='word_1_321' title='bbox 1471 593 1600 623; x_wconf 87' lang='lat' dir='ltr'>indicere</span> <span class='ocrx_word' id='word_1_322' title='bbox 1624 597 1652 622; x_wconf 91' lang='lat' dir='ltr'>et</span> <span class='ocrx_word' id='word_1_323' title='bbox 1673 593 1839 629; x_wconf 86' lang='lat' dir='ltr'>instituere,</span> <span class='ocrx_word' id='word_1_324' title='bbox 1863 591 1969 631; x_wconf 89' lang='lat' dir='ltr'>quibus</span> 
     </span>
     <span class='ocr_line' id='line_1_61' title="bbox 1232 640 1970 672; baseline -0.004 0"><span class='ocrx_word' id='word_1_325' title='bbox 1232 642 1424 672; x_wconf 89' lang='lat' dir='ltr'>concursibus</span> <span class='ocrx_word' id='word_1_326' title='bbox 1446 647 1474 672; x_wconf 90' lang='lat' dir='ltr'>et</span> <span class='ocrx_word' id='word_1_327' title='bbox 1496 641 1732 671; x_wconf 87' lang='lat' dir='ltr'>institutionibus</span> <span class='ocrx_word' id='word_1_328' title='bbox 1753 640 1970 670; x_wconf 85' lang='lat' dir='ltr'>illustrissimus</span> 
     </span>
     <span class='ocr_line' id='line_1_62' title="bbox 1232 689 1970 728; baseline -0.004 -7"><span class='ocrx_word' id='word_1_329' title='bbox 1232 696 1259 721; x_wconf 91' lang='lat' dir='ltr'>et</span> <span class='ocrx_word' id='word_1_330' title='bbox 1283 691 1546 721; x_wconf 85' lang='lat' dir='ltr'>reverendissimus</span> <span class='ocrx_word' id='word_1_331' title='bbox 1569 690 1704 721; x_wconf 88' lang='lat' dir='ltr'>dominus</span> <span class='ocrx_word' id='word_1_332' title='bbox 1732 689 1970 728; x_wconf 88' lang='lat' dir='ltr'>archiepiscopus</span> 
     </span>
     <span class='ocr_line' id='line_1_63' title="bbox 1232 737 1970 779; baseline -0.004 -9"><span class='ocrx_word' id='word_1_333' title='bbox 1232 740 1426 770; x_wconf 83' lang='lat' dir='ltr'>Messanensis</span> <span class='ocrx_word' id='word_1_334' title='bbox 1450 749 1501 779; x_wconf 88' lang='lat' dir='ltr'>per</span> <span class='ocrx_word' id='word_1_335' title='bbox 1523 749 1552 769; x_wconf 92' lang='lat' dir='ltr'>se</span> <span class='ocrx_word' id='word_1_336' title='bbox 1575 744 1602 770; x_wconf 91' lang='lat' dir='ltr'>et</span> <span class='ocrx_word' id='word_1_337' title='bbox 1630 748 1815 769; x_wconf 87' lang='lat' dir='ltr'>successores</span> <span class='ocrx_word' id='word_1_338' title='bbox 1843 747 1911 768; x_wconf 90' lang='lat' dir='ltr'>suos</span> <span class='ocrx_word' id='word_1_339' title='bbox 1939 737 1970 767; x_wconf 90' lang='lat' dir='ltr'>in</span> 
     </span>
     <span class='ocr_line' id='line_1_64' title="bbox 1232 787 1971 829; baseline -0.004 -10"><span class='ocrx_word' id='word_1_340' title='bbox 1232 790 1289 819; x_wconf 91' lang='lat' dir='ltr'>vim</span> <span class='ocrx_word' id='word_1_341' title='bbox 1315 789 1477 829; x_wconf 86' lang='lat' dir='ltr'>praesentis</span> <span class='ocrx_word' id='word_1_342' title='bbox 1499 788 1673 819; x_wconf 83' lang='lat' dir='ltr'>concordiae</span> <span class='ocrx_word' id='word_1_343' title='bbox 1692 787 1827 828; x_wconf 88' lang='lat' dir='ltr'>promisit</span> <span class='ocrx_word' id='word_1_344' title='bbox 1848 791 1876 817; x_wconf 91' lang='lat' dir='ltr'>et</span> <span class='ocrx_word' id='word_1_345' title='bbox 1904 796 1971 827; x_wconf 91' lang='lat' dir='ltr'>pro-</span> 
     </span>
     <span class='ocr_line' id='line_1_65' title="bbox 1232 839 1969 877; baseline -0.004 -9"><span class='ocrx_word' id='word_1_346' title='bbox 1232 839 1331 875; x_wconf 83' lang='lat' dir='ltr'>mittit,</span> <span class='ocrx_word' id='word_1_347' title='bbox 1355 847 1390 868; x_wconf 86' lang='lat' dir='ltr'>ex</span> <span class='ocrx_word' id='word_1_348' title='bbox 1413 847 1491 868; x_wconf 86' lang='lat' dir='ltr'>nunc</span> <span class='ocrx_word' id='word_1_349' title='bbox 1507 847 1557 877; x_wconf 88' lang='lat' dir='ltr'>pro</span> <span class='ocrx_word' id='word_1_350' title='bbox 1575 842 1642 868; x_wconf 89' lang='lat' dir='ltr'>tunc</span> <span class='ocrx_word' id='word_1_351' title='bbox 1658 841 1686 868; x_wconf 90' lang='lat' dir='ltr'>et</span> <span class='ocrx_word' id='word_1_352' title='bbox 1703 847 1717 867; x_wconf 93' lang='lat' dir='ltr'>e</span> <span class='ocrx_word' id='word_1_353' title='bbox 1736 846 1888 875; x_wconf 88' lang='lat' dir='ltr'>converso,</span> <span class='ocrx_word' id='word_1_354' title='bbox 1908 845 1969 865; x_wconf 86' lang='lat' dir='ltr'>nou</span> 
     </span>
    </p>
   </div>
   <div class='ocr_carea' id='block_1_8' title="bbox 1209 885 1969 926">
    <p class='ocr_par' dir='ltr' id='par_1_8' title="bbox 1209 885 1969 926">
     <span class='ocr_line' id='line_1_66' title="bbox 1209 885 1969 926; baseline -0.003 -9"><span class='ocrx_word' id='word_1_355' title='bbox 1209 915 1210 918; x_wconf 73' lang='grc'>,</span> <span class='ocrx_word' id='word_1_356' title='bbox 1231 896 1261 917; x_wconf 86' lang='lat' dir='ltr'>se</span> <span class='ocrx_word' id='word_1_357' title='bbox 1291 896 1455 926; x_wconf 83' lang='lat' dir='ltr'>opponere,</span> <span class='ocrx_word' id='word_1_358' title='bbox 1475 887 1588 925; x_wconf 90' lang='lat' dir='ltr'>quoties</span> <span class='ocrx_word' id='word_1_359' title='bbox 1622 887 1730 925; x_wconf 87' lang='lat' dir='ltr'>pariter</span> <span class='ocrx_word' id='word_1_360' title='bbox 1751 886 1857 916; x_wconf 85' lang='lat' dir='ltr'>Sancta</span> <span class='ocrx_word' id='word_1_361' title='bbox 1879 885 1969 916; x_wconf 85' lang='lat' dir='ltr'>Sedes</span> 
     </span>
    </p>
   </div>
   <div class='ocr_carea' id='block_1_9' title="bbox 1230 936 1974 2049">
    <p class='ocr_par' dir='ltr' id='par_1_9' title="bbox 1230 936 1974 2049">
     <span class='ocr_line' id='line_1_67' title="bbox 1231 936 1970 975; baseline -0.003 -9"><span class='ocrx_word' id='word_1_362' title='bbox 1231 937 1391 975; x_wconf 84' lang='lat' dir='ltr'>indulgeat.</span> <span class='ocrx_word' id='word_1_363' title='bbox 1425 936 1532 971; x_wconf 87' lang='lat' dir='ltr'>Quinto</span> <span class='ocrx_word' id='word_1_364' title='bbox 1564 936 1674 975; x_wconf 87' lang='lat' dir='ltr'>pariter</span> <span class='ocrx_word' id='word_1_365' title='bbox 1705 939 1908 965; x_wconf 86' lang='lat' dir='ltr'>convenerunt</span> <span class='ocrx_word' id='word_1_366' title='bbox 1941 938 1970 964; x_wconf 90' lang='lat' dir='ltr'>et</span> 
     </span>
     <span class='ocr_line' id='line_1_68' title="bbox 1231 983 1970 1024; baseline -0.003 -9"><span class='ocrx_word' id='word_1_367' title='bbox 1231 986 1411 1015; x_wconf 87' lang='lat' dir='ltr'>conveniunt</span> <span class='ocrx_word' id='word_1_368' title='bbox 1433 985 1509 1024; x_wconf 90' lang='lat' dir='ltr'>quod</span> <span class='ocrx_word' id='word_1_369' title='bbox 1532 985 1646 1014; x_wconf 90' lang='lat' dir='ltr'>litterae</span> <span class='ocrx_word' id='word_1_370' title='bbox 1664 984 1839 1024; x_wconf 85' lang='lat' dir='ltr'>apostolicae</span> <span class='ocrx_word' id='word_1_371' title='bbox 1861 987 1889 1013; x_wconf 90' lang='lat' dir='ltr'>et</span> <span class='ocrx_word' id='word_1_372' title='bbox 1911 983 1970 1013; x_wconf 91' lang='lat' dir='ltr'>dis-</span> 
     </span>
     <span class='ocr_line' id='line_1_69' title="bbox 1232 1031 1971 1072; baseline -0.004 -8"><span class='ocrx_word' id='word_1_373' title='bbox 1232 1034 1418 1072; x_wconf 85' lang='lat' dir='ltr'>pensationes</span> <span class='ocrx_word' id='word_1_374' title='bbox 1435 1033 1666 1062; x_wconf 87' lang='lat' dir='ltr'>matrimoniales</span> <span class='ocrx_word' id='word_1_375' title='bbox 1683 1042 1734 1072; x_wconf 91' lang='lat' dir='ltr'>pro</span> <span class='ocrx_word' id='word_1_376' title='bbox 1750 1032 1877 1062; x_wconf 87' lang='lat' dir='ltr'>subditis</span> <span class='ocrx_word' id='word_1_377' title='bbox 1892 1031 1971 1061; x_wconf 88' lang='lat' dir='ltr'>dioe-</span> 
     </span>
     <span class='ocr_line' id='line_1_70' title="bbox 1231 1080 1972 1112; baseline -0.003 0"><span class='ocrx_word' id='word_1_378' title='bbox 1231 1082 1306 1112; x_wconf 89' lang='lat' dir='ltr'>cesis</span> <span class='ocrx_word' id='word_1_379' title='bbox 1328 1082 1598 1112; x_wconf 87' lang='lat' dir='ltr'>archimandritalis</span> <span class='ocrx_word' id='word_1_380' title='bbox 1620 1082 1643 1111; x_wconf 89' lang='lat' dir='ltr'>si</span> <span class='ocrx_word' id='word_1_381' title='bbox 1666 1081 1778 1111; x_wconf 85' lang='lat' dir='ltr'>suerint</span> <span class='ocrx_word' id='word_1_382' title='bbox 1800 1090 1815 1110; x_wconf 89' lang='lat' dir='ltr'>a</span> <span class='ocrx_word' id='word_1_383' title='bbox 1839 1080 1912 1110; x_wconf 87' lang='lat' dir='ltr'>Sede</span> <span class='ocrx_word' id='word_1_384' title='bbox 1934 1081 1972 1109; x_wconf 87' lang='grc' dir='ltr'>Α-</span> 
     </span>
     <span class='ocr_line' id='line_1_71' title="bbox 1232 1130 1971 1171; baseline -0.003 -10"><span class='ocrx_word' id='word_1_385' title='bbox 1232 1131 1373 1171; x_wconf 73' lang='lat' dir='ltr'>postolica</span> <span class='ocrx_word' id='word_1_386' title='bbox 1403 1131 1533 1160; x_wconf 84' lang='lat' dir='ltr'>directae</span> <span class='ocrx_word' id='word_1_387' title='bbox 1563 1130 1762 1160; x_wconf 89' lang='lat' dir='ltr'>illustrissimo</span> <span class='ocrx_word' id='word_1_388' title='bbox 1785 1134 1813 1160; x_wconf 93' lang='lat' dir='ltr'>et</span> <span class='ocrx_word' id='word_1_389' title='bbox 1835 1138 1971 1159; x_wconf 90' lang='lat' dir='ltr'>reveren-</span> 
     </span>
     <span class='ocr_line' id='line_1_72' title="bbox 1231 1179 1971 1215; baseline -0.004 -5"><span class='ocrx_word' id='word_1_390' title='bbox 1231 1180 1354 1210; x_wconf 85' lang='lat' dir='ltr'>dissimo</span> <span class='ocrx_word' id='word_1_391' title='bbox 1377 1179 1496 1209; x_wconf 89' lang='lat' dir='ltr'>domino</span> <span class='ocrx_word' id='word_1_392' title='bbox 1518 1179 1767 1209; x_wconf 86' lang='lat' dir='ltr'>archimandritae</span> <span class='ocrx_word' id='word_1_393' title='bbox 1782 1201 1789 1215; x_wconf 93' lang='lat'>‚</span> <span class='ocrx_word' id='word_1_394' title='bbox 1814 1182 1883 1208; x_wconf 91' lang='lat' dir='ltr'>tunc</span> <span class='ocrx_word' id='word_1_395' title='bbox 1905 1186 1971 1207; x_wconf 83' lang='lat' dir='ltr'>exe-</span> 
     </span>
     <span class='ocr_line' id='line_1_73' title="bbox 1231 1226 1971 1269; baseline -0.004 -10"><span class='ocrx_word' id='word_1_396' title='bbox 1231 1230 1281 1269; x_wconf 90' lang='lat' dir='ltr'>qui</span> <span class='ocrx_word' id='word_1_397' title='bbox 1297 1229 1422 1259; x_wconf 86' lang='lat' dir='ltr'>debeant</span> <span class='ocrx_word' id='word_1_398' title='bbox 1436 1228 1546 1267; x_wconf 86' lang='lat' dir='ltr'>abipso</span> <span class='ocrx_word' id='word_1_399' title='bbox 1560 1227 1801 1264; x_wconf 84' lang='lat' dir='ltr'>archimandrita,</span> <span class='ocrx_word' id='word_1_400' title='bbox 1816 1232 1844 1257; x_wconf 89' lang='lat' dir='ltr'>et</span> <span class='ocrx_word' id='word_1_401' title='bbox 1856 1226 1971 1257; x_wconf 90' lang='lat' dir='ltr'>nullum</span> 
     </span>
     <span class='ocr_line' id='line_1_74' title="bbox 1230 1275 1971 1315; baseline -0.003 -7"><span class='ocrx_word' id='word_1_402' title='bbox 1230 1278 1265 1308; x_wconf 87' lang='lat' dir='ltr'>ab</span> <span class='ocrx_word' id='word_1_403' title='bbox 1288 1277 1486 1308; x_wconf 90' lang='lat' dir='ltr'>illustrissimo</span> <span class='ocrx_word' id='word_1_404' title='bbox 1505 1281 1534 1307; x_wconf 91' lang='lat' dir='ltr'>et</span> <span class='ocrx_word' id='word_1_405' title='bbox 1556 1277 1804 1307; x_wconf 87' lang='lat' dir='ltr'>reverendissimo</span> <span class='ocrx_word' id='word_1_406' title='bbox 1826 1275 1971 1315; x_wconf 88' lang='lat' dir='ltr'>archiepi-</span> 
     </span>
     <span class='ocr_line' id='line_1_75' title="bbox 1231 1325 1971 1366; baseline -0.004 -10"><span class='ocrx_word' id='word_1_407' title='bbox 1231 1336 1319 1366; x_wconf 88' lang='lat' dir='ltr'>scopo</span> <span class='ocrx_word' id='word_1_408' title='bbox 1341 1326 1490 1356; x_wconf 82' lang='lat' dir='ltr'>Messanae</span> <span class='ocrx_word' id='word_1_409' title='bbox 1514 1329 1676 1365; x_wconf 82' lang='lat' dir='ltr'>praesente,</span> <span class='ocrx_word' id='word_1_410' title='bbox 1701 1329 1729 1355; x_wconf 89' lang='lat' dir='ltr'>et</span> <span class='ocrx_word' id='word_1_411' title='bbox 1752 1325 1802 1364; x_wconf 93' lang='lat' dir='ltr'>qui</span> <span class='ocrx_word' id='word_1_412' title='bbox 1825 1333 1877 1364; x_wconf 87' lang='lat' dir='ltr'>pro</span> <span class='ocrx_word' id='word_1_413' title='bbox 1900 1327 1971 1354; x_wconf 89' lang='lat' dir='ltr'>tem-</span> 
     </span>
     <span class='ocr_line' id='line_1_76' title="bbox 1231 1372 1972 1416; baseline -0.005 -10"><span class='ocrx_word' id='word_1_414' title='bbox 1231 1385 1301 1416; x_wconf 90' lang='lat' dir='ltr'>pore</span> <span class='ocrx_word' id='word_1_415' title='bbox 1324 1376 1424 1413; x_wconf 85' lang='lat' dir='ltr'>suerit,</span> <span class='ocrx_word' id='word_1_416' title='bbox 1448 1375 1539 1415; x_wconf 89' lang='lat' dir='ltr'>possit</span> <span class='ocrx_word' id='word_1_417' title='bbox 1568 1374 1632 1404; x_wconf 85' lang='lat' dir='ltr'>fieri</span> <span class='ocrx_word' id='word_1_418' title='bbox 1661 1374 1903 1414; x_wconf 89' lang='lat' dir='ltr'>impedimentum</span> <span class='ocrx_word' id='word_1_419' title='bbox 1927 1372 1972 1402; x_wconf 91' lang='lat' dir='ltr'>vel</span> 
     </span>
     <span class='ocr_line' id='line_1_77' title="bbox 1231 1421 1973 1461; baseline -0.004 -7"><span class='ocrx_word' id='word_1_420' title='bbox 1231 1424 1431 1461; x_wconf 79' lang='lat' dir='ltr'>obstaculum3</span> <span class='ocrx_word' id='word_1_421' title='bbox 1449 1428 1477 1454; x_wconf 89' lang='lat' dir='ltr'>et</span> <span class='ocrx_word' id='word_1_422' title='bbox 1493 1433 1507 1454; x_wconf 89' lang='lat' dir='ltr'>e</span> <span class='ocrx_word' id='word_1_423' title='bbox 1524 1427 1636 1460; x_wconf 84' lang='lat' dir='ltr'>contra,</span> <span class='ocrx_word' id='word_1_424' title='bbox 1654 1423 1678 1453; x_wconf 91' lang='lat' dir='ltr'>si</span> <span class='ocrx_word' id='word_1_425' title='bbox 1697 1423 1807 1453; x_wconf 84' lang='lat' dir='ltr'>fuerint</span> <span class='ocrx_word' id='word_1_426' title='bbox 1822 1431 1856 1452; x_wconf 85' lang='lat' dir='ltr'>ex</span> <span class='ocrx_word' id='word_1_427' title='bbox 1871 1421 1973 1461; x_wconf 68' lang='lat' dir='ltr'>aliqua</span> 
     </span>
     <span class='ocr_line' id='line_1_78' title="bbox 1231 1471 1972 1513; baseline -0.004 -10"><span class='ocrx_word' id='word_1_428' title='bbox 1231 1473 1351 1513; x_wconf 86' lang='lat' dir='ltr'>speciali</span> <span class='ocrx_word' id='word_1_429' title='bbox 1368 1474 1456 1503; x_wconf 75' lang='lat' dir='ltr'>causa</span> <span class='ocrx_word' id='word_1_430' title='bbox 1471 1472 1600 1502; x_wconf 86' lang='lat' dir='ltr'>directae</span> <span class='ocrx_word' id='word_1_431' title='bbox 1616 1471 1817 1501; x_wconf 90' lang='lat' dir='ltr'>illustrissimo</span> <span class='ocrx_word' id='word_1_432' title='bbox 1839 1474 1869 1500; x_wconf 89' lang='lat' dir='ltr'>et</span> <span class='ocrx_word' id='word_1_433' title='bbox 1890 1479 1972 1500; x_wconf 89' lang='lat' dir='ltr'>reve-</span> 
     </span>
     <span class='ocr_line' id='line_1_79' title="bbox 1232 1519 1972 1559; baseline -0.005 -7"><span class='ocrx_word' id='word_1_434' title='bbox 1232 1522 1408 1552; x_wconf 90' lang='lat' dir='ltr'>rendissimo</span> <span class='ocrx_word' id='word_1_435' title='bbox 1431 1521 1549 1551; x_wconf 89' lang='lat' dir='ltr'>domino</span> <span class='ocrx_word' id='word_1_436' title='bbox 1572 1520 1791 1559; x_wconf 87' lang='lat' dir='ltr'>archiepiscopo</span> <span class='ocrx_word' id='word_1_437' title='bbox 1806 1519 1972 1549; x_wconf 85' lang='lat' dir='ltr'>Messanen-</span> 
     </span>
     <span class='ocr_line' id='line_1_80' title="bbox 1232 1568 1971 1608; baseline -0.005 -7"><span class='ocrx_word' id='word_1_438' title='bbox 1232 1571 1272 1608; x_wconf 85' lang='lat' dir='ltr'>si,</span> <span class='ocrx_word' id='word_1_439' title='bbox 1296 1575 1366 1601; x_wconf 90' lang='lat' dir='ltr'>tunc</span> <span class='ocrx_word' id='word_1_440' title='bbox 1389 1570 1424 1600; x_wconf 87' lang='lat' dir='ltr'>ab</span> <span class='ocrx_word' id='word_1_441' title='bbox 1447 1569 1647 1599; x_wconf 87' lang='lat' dir='ltr'>illustrissimo</span> <span class='ocrx_word' id='word_1_442' title='bbox 1668 1573 1696 1598; x_wconf 88' lang='lat' dir='ltr'>et</span> <span class='ocrx_word' id='word_1_443' title='bbox 1724 1568 1971 1598; x_wconf 88' lang='lat' dir='ltr'>reverendissimo</span> 
     </span>
     <span class='ocr_line' id='line_1_81' title="bbox 1232 1616 1972 1657; baseline -0.005 -8"><span class='ocrx_word' id='word_1_444' title='bbox 1232 1619 1351 1649; x_wconf 91' lang='lat' dir='ltr'>domino</span> <span class='ocrx_word' id='word_1_445' title='bbox 1384 1619 1605 1657; x_wconf 86' lang='lat' dir='ltr'>archiepiscopo</span> <span class='ocrx_word' id='word_1_446' title='bbox 1638 1617 1745 1657; x_wconf 84' lang='lat' dir='ltr'>exequi</span> <span class='ocrx_word' id='word_1_447' title='bbox 1777 1616 1920 1654; x_wconf 87' lang='lat' dir='ltr'>debeant,</span> <span class='ocrx_word' id='word_1_448' title='bbox 1943 1620 1972 1645; x_wconf 81' lang='lat' dir='ltr'>et</span> 
     </span>
     <span class='ocr_line' id='line_1_82' title="bbox 1232 1666 1973 1706; baseline -0.004 -9"><span class='ocrx_word' id='word_1_449' title='bbox 1232 1667 1311 1697; x_wconf 89' lang='lat' dir='ltr'>nulla</span> <span class='ocrx_word' id='word_1_450' title='bbox 1336 1667 1428 1706; x_wconf 87' lang='lat' dir='ltr'>possit</span> <span class='ocrx_word' id='word_1_451' title='bbox 1451 1676 1502 1706; x_wconf 90' lang='lat' dir='ltr'>per</span> <span class='ocrx_word' id='word_1_452' title='bbox 1524 1666 1755 1696; x_wconf 89' lang='lat' dir='ltr'>illustrissimum</span> <span class='ocrx_word' id='word_1_453' title='bbox 1785 1670 1814 1695; x_wconf 89' lang='lat' dir='ltr'>et</span> <span class='ocrx_word' id='word_1_454' title='bbox 1835 1674 1973 1695; x_wconf 89' lang='lat' dir='ltr'>reveren-</span> 
     </span>
     <span class='ocr_line' id='line_1_83' title="bbox 1232 1713 1970 1753; baseline -0.004 -7"><span class='ocrx_word' id='word_1_455' title='bbox 1232 1716 1386 1746; x_wconf 83' lang='lat' dir='ltr'>dissimum</span> <span class='ocrx_word' id='word_1_456' title='bbox 1421 1714 1682 1745; x_wconf 88' lang='lat' dir='ltr'>archimandritam</span> <span class='ocrx_word' id='word_1_457' title='bbox 1715 1714 1780 1744; x_wconf 88' lang='lat' dir='ltr'>fieri</span> <span class='ocrx_word' id='word_1_458' title='bbox 1812 1713 1970 1753; x_wconf 88' lang='lat' dir='ltr'>oppositio.</span> 
     </span>
     <span class='ocr_line' id='line_1_84' title="bbox 1232 1763 1970 1804; baseline -0.004 -9"><span class='ocrx_word' id='word_1_459' title='bbox 1232 1766 1280 1796; x_wconf 88' lang='lat' dir='ltr'>Sic</span> <span class='ocrx_word' id='word_1_460' title='bbox 1303 1775 1341 1795; x_wconf 82' lang='lat' dir='ltr'>ex</span> <span class='ocrx_word' id='word_1_461' title='bbox 1364 1769 1447 1804; x_wconf 83' lang='lat' dir='ltr'>pacto</span> <span class='ocrx_word' id='word_1_462' title='bbox 1476 1764 1553 1794; x_wconf 89' lang='lat' dir='ltr'>iuter</span> <span class='ocrx_word' id='word_1_463' title='bbox 1585 1773 1634 1794; x_wconf 89' lang='lat' dir='ltr'>eos</span> <span class='ocrx_word' id='word_1_464' title='bbox 1656 1769 1684 1794; x_wconf 89' lang='lat' dir='ltr'>et</span> <span class='ocrx_word' id='word_1_465' title='bbox 1707 1773 1765 1794; x_wconf 89' lang='lat' dir='ltr'>non</span> <span class='ocrx_word' id='word_1_466' title='bbox 1788 1763 1884 1800; x_wconf 85' lang='lat' dir='ltr'>aliter,</span> <span class='ocrx_word' id='word_1_467' title='bbox 1912 1767 1970 1793; x_wconf 89' lang='lat' dir='ltr'>etc.</span> 
     </span>
     <span class='ocr_line' id='line_1_85' title="bbox 1232 1812 1972 1853; baseline -0.004 -8"><span class='ocrx_word' id='word_1_468' title='bbox 1232 1814 1334 1851; x_wconf 77' lang='lat' dir='ltr'>Sexto,</span> <span class='ocrx_word' id='word_1_469' title='bbox 1358 1814 1455 1853; x_wconf 85' lang='lat' dir='ltr'>quoad</span> <span class='ocrx_word' id='word_1_470' title='bbox 1476 1813 1707 1852; x_wconf 84' lang='lat' dir='ltr'>recognitionem</span> <span class='ocrx_word' id='word_1_471' title='bbox 1740 1817 1769 1843; x_wconf 87' lang='lat' dir='ltr'>et</span> <span class='ocrx_word' id='word_1_472' title='bbox 1800 1812 1972 1843; x_wconf 86' lang='lat' dir='ltr'>declaratio-</span> 
     </span>
     <span class='ocr_line' id='line_1_86' title="bbox 1233 1860 1972 1900; baseline -0.004 -7"><span class='ocrx_word' id='word_1_473' title='bbox 1233 1873 1302 1893; x_wconf 88' lang='lat' dir='ltr'>nem</span> <span class='ocrx_word' id='word_1_474' title='bbox 1324 1863 1519 1893; x_wconf 88' lang='lat' dir='ltr'>immunitatis</span> <span class='ocrx_word' id='word_1_475' title='bbox 1536 1862 1767 1900; x_wconf 82' lang='lat' dir='ltr'>confugientium</span> <span class='ocrx_word' id='word_1_476' title='bbox 1783 1861 1818 1891; x_wconf 87' lang='lat' dir='ltr'>ad</span> <span class='ocrx_word' id='word_1_477' title='bbox 1834 1860 1972 1891; x_wconf 86' lang='lat' dir='ltr'>ecclesias</span> 
     </span>
     <span class='ocr_line' id='line_1_87' title="bbox 1233 1911 1974 1949; baseline -0.004 -7"><span class='ocrx_word' id='word_1_478' title='bbox 1233 1911 1505 1942; x_wconf 86' lang='lat' dir='ltr'>archimandritalis</span> <span class='ocrx_word' id='word_1_479' title='bbox 1527 1911 1687 1949; x_wconf 86' lang='lat' dir='ltr'>dioecesis,</span> <span class='ocrx_word' id='word_1_480' title='bbox 1712 1911 1790 1941; x_wconf 88' lang='lat' dir='ltr'>inter</span> <span class='ocrx_word' id='word_1_481' title='bbox 1818 1919 1848 1940; x_wconf 90' lang='lat' dir='ltr'>se</span> <span class='ocrx_word' id='word_1_482' title='bbox 1870 1918 1974 1940; x_wconf 89' lang='lat' dir='ltr'>conve-</span> 
     </span>
     <span class='ocr_line' id='line_1_88' title="bbox 1233 1958 1972 1999; baseline -0.004 -8"><span class='ocrx_word' id='word_1_483' title='bbox 1233 1965 1341 1991; x_wconf 90' lang='lat' dir='ltr'>nerunt</span> <span class='ocrx_word' id='word_1_484' title='bbox 1363 1964 1391 1990; x_wconf 91' lang='lat' dir='ltr'>et</span> <span class='ocrx_word' id='word_1_485' title='bbox 1413 1960 1601 1998; x_wconf 88' lang='lat' dir='ltr'>conveniunt,</span> <span class='ocrx_word' id='word_1_486' title='bbox 1626 1959 1715 1999; x_wconf 90' lang='lat' dir='ltr'>quod,</span> <span class='ocrx_word' id='word_1_487' title='bbox 1739 1958 1789 1989; x_wconf 91' lang='lat' dir='ltr'>ubi</span> <span class='ocrx_word' id='word_1_488' title='bbox 1813 1958 1972 1989; x_wconf 89' lang='lat' dir='ltr'>videndum</span> 
     </span>
     <span class='ocr_line' id='line_1_89' title="bbox 1233 2008 1972 2049; baseline -0.004 -8"><span class='ocrx_word' id='word_1_489' title='bbox 1233 2015 1277 2041; x_wconf 90' lang='lat' dir='ltr'>est</span> <span class='ocrx_word' id='word_1_490' title='bbox 1306 2015 1406 2041; x_wconf 90' lang='lat' dir='ltr'>utrum</span> <span class='ocrx_word' id='word_1_491' title='bbox 1436 2009 1639 2049; x_wconf 80' lang='lat' dir='ltr'>confugientes</span> <span class='ocrx_word' id='word_1_492' title='bbox 1667 2009 1812 2048; x_wconf 80' lang='lat' dir='ltr'>gaudeant</span> <span class='ocrx_word' id='word_1_493' title='bbox 1841 2008 1884 2039; x_wconf 87' lang='lat' dir='ltr'>vel</span> <span class='ocrx_word' id='word_1_494' title='bbox 1914 2017 1972 2038; x_wconf 90' lang='lat' dir='ltr'>non</span> 
     </span>
    </p>
   </div>
   <div class='ocr_carea' id='block_1_10' title="bbox 1211 2058 1973 2099">
    <p class='ocr_par' dir='ltr' id='par_1_10' title="bbox 1211 2058 1973 2099">
     <span class='ocr_line' id='line_1_90' title="bbox 1211 2058 1973 2099; baseline -0.005 -8"><span class='ocrx_word' id='word_1_495' title='bbox 1211 2061 1396 2099; x_wconf 61' lang='lat' dir='ltr'>1gaudeant,</span> <span class='ocrx_word' id='word_1_496' title='bbox 1420 2060 1443 2090; x_wconf 91' lang='lat' dir='ltr'>si</span> <span class='ocrx_word' id='word_1_497' title='bbox 1473 2059 1531 2090; x_wconf 88' lang='lat' dir='ltr'>sint</span> <span class='ocrx_word' id='word_1_498' title='bbox 1560 2058 1733 2089; x_wconf 89' lang='lat' dir='ltr'>restituendi</span> <span class='ocrx_word' id='word_1_499' title='bbox 1760 2058 1806 2088; x_wconf 91' lang='lat' dir='ltr'>vel</span> <span class='ocrx_word' id='word_1_500' title='bbox 1832 2067 1891 2088; x_wconf 90' lang='lat' dir='ltr'>non</span> <span class='ocrx_word' id='word_1_501' title='bbox 1914 2058 1973 2088; x_wconf 88' lang='lat' dir='ltr'>sint</span> 
     </span>
    </p>
   </div>
   <div class='ocr_carea' id='block_1_11' title="bbox 1234 2106 1975 2638">
    <p class='ocr_par' dir='ltr' id='par_1_11' title="bbox 1234 2106 1975 2638">
     <span class='ocr_line' id='line_1_91' title="bbox 1234 2106 1974 2146; baseline -0.005 -7"><span class='ocrx_word' id='word_1_502' title='bbox 1234 2109 1408 2139; x_wconf 88' lang='lat' dir='ltr'>restituendi</span> <span class='ocrx_word' id='word_1_503' title='bbox 1431 2108 1593 2146; x_wconf 84' lang='lat' dir='ltr'>ecclesiae,</span> <span class='ocrx_word' id='word_1_504' title='bbox 1617 2111 1686 2137; x_wconf 89' lang='lat' dir='ltr'>tunc</span> <span class='ocrx_word' id='word_1_505' title='bbox 1715 2107 1852 2137; x_wconf 88' lang='lat' dir='ltr'>dominus</span> <span class='ocrx_word' id='word_1_506' title='bbox 1880 2106 1974 2136; x_wconf 91' lang='lat' dir='ltr'>archi-</span> 
     </span>
     <span class='ocr_line' id='line_1_92' title="bbox 1234 2155 1972 2196; baseline -0.005 -8"><span class='ocrx_word' id='word_1_507' title='bbox 1234 2158 1378 2188; x_wconf 88' lang='lat' dir='ltr'>mandrita</span> <span class='ocrx_word' id='word_1_508' title='bbox 1401 2157 1521 2196; x_wconf 88' lang='lat' dir='ltr'>eiusque</span> <span class='ocrx_word' id='word_1_509' title='bbox 1543 2165 1727 2186; x_wconf 86' lang='lat' dir='ltr'>successores</span> <span class='ocrx_word' id='word_1_510' title='bbox 1749 2155 1873 2186; x_wconf 89' lang='lat' dir='ltr'>debeant</span> <span class='ocrx_word' id='word_1_511' title='bbox 1905 2155 1972 2185; x_wconf 90' lang='lat' dir='ltr'>illos</span> 
     </span>
     <span class='ocr_line' id='line_1_93' title="bbox 1234 2198 1971 2245; baseline -0.004 -9"><span class='ocrx_word' id='word_1_512' title='bbox 1234 2198 1387 2236; x_wconf 78' lang='lat' dir='ltr'>extrahere</span> <span class='ocrx_word' id='word_1_513' title='bbox 1409 2216 1443 2236; x_wconf 87' lang='lat' dir='ltr'>ex</span> <span class='ocrx_word' id='word_1_514' title='bbox 1467 2205 1593 2245; x_wconf 89' lang='lat' dir='ltr'>propriis</span> <span class='ocrx_word' id='word_1_515' title='bbox 1615 2205 1766 2242; x_wconf 87' lang='lat' dir='ltr'>ecclesiis,</span> <span class='ocrx_word' id='word_1_516' title='bbox 1788 2209 1817 2235; x_wconf 88' lang='lat' dir='ltr'>et</span> <span class='ocrx_word' id='word_1_517' title='bbox 1847 2204 1878 2234; x_wconf 90' lang='lat' dir='ltr'>in</span> <span class='ocrx_word' id='word_1_518' title='bbox 1911 2203 1971 2234; x_wconf 90' lang='lat' dir='ltr'>suis</span> 
     </span>
     <span class='ocr_line' id='line_1_94' title="bbox 1234 2253 1973 2292; baseline -0.004 -7"><span class='ocrx_word' id='word_1_519' title='bbox 1234 2255 1400 2285; x_wconf 86' lang='lat' dir='ltr'>carceribus</span> <span class='ocrx_word' id='word_1_520' title='bbox 1422 2255 1585 2292; x_wconf 87' lang='lat' dir='ltr'>custodire,</span> <span class='ocrx_word' id='word_1_521' title='bbox 1609 2263 1675 2284; x_wconf 89' lang='lat' dir='ltr'>cum</span> <span class='ocrx_word' id='word_1_522' title='bbox 1704 2253 1902 2284; x_wconf 82' lang='lat' dir='ltr'>declaratione</span> <span class='ocrx_word' id='word_1_523' title='bbox 1924 2261 1973 2283; x_wconf 90' lang='lat' dir='ltr'>eos</span> 
     </span>
     <span class='ocr_line' id='line_1_95' title="bbox 1234 2301 1974 2343; baseline -0.004 -9"><span class='ocrx_word' id='word_1_524' title='bbox 1234 2304 1385 2335; x_wconf 89' lang='lat' dir='ltr'>detinendi</span> <span class='ocrx_word' id='word_1_525' title='bbox 1409 2304 1443 2334; x_wconf 89' lang='lat' dir='ltr'>ad</span> <span class='ocrx_word' id='word_1_526' title='bbox 1465 2303 1686 2343; x_wconf 89' lang='lat' dir='ltr'>dispositionem</span> <span class='ocrx_word' id='word_1_527' title='bbox 1702 2302 1813 2333; x_wconf 89' lang='lat' dir='ltr'>domini</span> <span class='ocrx_word' id='word_1_528' title='bbox 1828 2301 1974 2341; x_wconf 85' lang='lat' dir='ltr'>archiepi-</span> 
     </span>
     <span class='ocr_line' id='line_1_96' title="bbox 1235 2351 1974 2393; baseline -0.003 -10"><span class='ocrx_word' id='word_1_529' title='bbox 1235 2354 1333 2393; x_wconf 88' lang='lat' dir='ltr'>scopi,</span> <span class='ocrx_word' id='word_1_530' title='bbox 1357 2353 1393 2383; x_wconf 89' lang='lat' dir='ltr'>ad</span> <span class='ocrx_word' id='word_1_531' title='bbox 1420 2361 1506 2392; x_wconf 89' lang='lat' dir='ltr'>quem</span> <span class='ocrx_word' id='word_1_532' title='bbox 1530 2352 1672 2392; x_wconf 87' lang='lat' dir='ltr'>privative</span> <span class='ocrx_word' id='word_1_533' title='bbox 1703 2356 1816 2392; x_wconf 88' lang='lat' dir='ltr'>spectat</span> <span class='ocrx_word' id='word_1_534' title='bbox 1845 2351 1901 2382; x_wconf 86' lang='lat' dir='ltr'>tale</span> <span class='ocrx_word' id='word_1_535' title='bbox 1928 2351 1974 2381; x_wconf 88' lang='lat' dir='ltr'>ius</span> 
     </span>
     <span class='ocr_line' id='line_1_97' title="bbox 1236 2401 1974 2441; baseline -0.005 -8"><span class='ocrx_word' id='word_1_536' title='bbox 1236 2402 1405 2439; x_wconf 87' lang='lat' dir='ltr'>decisionis,</span> <span class='ocrx_word' id='word_1_537' title='bbox 1429 2406 1622 2441; x_wconf 85' lang='lat' dir='ltr'>teneaturque</span> <span class='ocrx_word' id='word_1_538' title='bbox 1649 2401 1785 2431; x_wconf 91' lang='lat' dir='ltr'>dominus</span> <span class='ocrx_word' id='word_1_539' title='bbox 1808 2401 1974 2431; x_wconf 82' lang='lat' dir='ltr'>archiman-</span> 
     </span>
     <span class='ocr_line' id='line_1_98' title="bbox 1235 2449 1974 2489; baseline -0.004 -8"><span class='ocrx_word' id='word_1_540' title='bbox 1235 2451 1321 2487; x_wconf 88' lang='lat' dir='ltr'>drita,</span> <span class='ocrx_word' id='word_1_541' title='bbox 1342 2450 1489 2481; x_wconf 88' lang='lat' dir='ltr'>mediante</span> <span class='ocrx_word' id='word_1_542' title='bbox 1505 2450 1631 2489; x_wconf 69' lang='lat' dir='ltr'>epistola</span> <span class='ocrx_word' id='word_1_543' title='bbox 1646 2459 1681 2479; x_wconf 87' lang='lat' dir='ltr'>ex</span> <span class='ocrx_word' id='word_1_544' title='bbox 1698 2450 1806 2488; x_wconf 84' lang='lat' dir='ltr'>officio,</span> <span class='ocrx_word' id='word_1_545' title='bbox 1819 2449 1974 2479; x_wconf 86' lang='lat' dir='ltr'>certiorem</span> 
     </span>
     <span class='ocr_line' id='line_1_99' title="bbox 1235 2499 1975 2540; baseline -0.003 -10"><span class='ocrx_word' id='word_1_546' title='bbox 1235 2501 1355 2530; x_wconf 86' lang='lat' dir='ltr'>reddere</span> <span class='ocrx_word' id='word_1_547' title='bbox 1377 2500 1528 2530; x_wconf 88' lang='lat' dir='ltr'>dominum</span> <span class='ocrx_word' id='word_1_548' title='bbox 1551 2500 1806 2540; x_wconf 89' lang='lat' dir='ltr'>archiepiscopum</span> <span class='ocrx_word' id='word_1_549' title='bbox 1829 2499 1864 2529; x_wconf 89' lang='lat' dir='ltr'>de</span> <span class='ocrx_word' id='word_1_550' title='bbox 1879 2503 1975 2529; x_wconf 88' lang='lat' dir='ltr'>extra-</span> 
     </span>
     <span class='ocr_line' id='line_1_100' title="bbox 1235 2549 1974 2579; baseline -0.003 0"><span class='ocrx_word' id='word_1_551' title='bbox 1235 2549 1331 2579; x_wconf 90' lang='lat' dir='ltr'>ctione</span> <span class='ocrx_word' id='word_1_552' title='bbox 1353 2554 1381 2579; x_wconf 91' lang='lat' dir='ltr'>et</span> <span class='ocrx_word' id='word_1_553' title='bbox 1403 2549 1570 2579; x_wconf 86' lang='lat' dir='ltr'>detentione</span> <span class='ocrx_word' id='word_1_554' title='bbox 1592 2549 1635 2579; x_wconf 86' lang='lat' dir='ltr'>rei</span> <span class='ocrx_word' id='word_1_555' title='bbox 1658 2549 1779 2579; x_wconf 79' lang='lat' dir='ltr'>extracti</span> <span class='ocrx_word' id='word_1_556' title='bbox 1807 2549 1883 2578; x_wconf 90' lang='lat' dir='ltr'>intra</span> <span class='ocrx_word' id='word_1_557' title='bbox 1916 2552 1974 2577; x_wconf 90' lang='lat' dir='ltr'>ter-</span> 
     </span>
     <span class='ocr_line' id='line_1_101' title="bbox 1236 2597 1975 2638; baseline 0.001 -12"><span class='ocrx_word' id='word_1_558' title='bbox 1236 2597 1346 2629; x_wconf 83' lang='lat' dir='ltr'>minum</span> <span class='ocrx_word' id='word_1_559' title='bbox 1371 2598 1485 2629; x_wconf 83' lang='lat' dir='ltr'>dierum</span> <span class='ocrx_word' id='word_1_560' title='bbox 1510 2602 1645 2638; x_wconf 86' lang='lat' dir='ltr'>quatuor.</span> <span class='ocrx_word' id='word_1_561' title='bbox 1670 2597 1816 2637; x_wconf 84' lang='lat' dir='ltr'>Septimo,</span> <span class='ocrx_word' id='word_1_562' title='bbox 1841 2605 1893 2637; x_wconf 87' lang='lat' dir='ltr'>pro</span> <span class='ocrx_word' id='word_1_563' title='bbox 1915 2606 1975 2627; x_wconf 84' lang='lat' dir='ltr'>ma-</span> 
     </span>
    </p>
   </div>
   <div class='ocr_carea' id='block_1_12' title="bbox 1975 179 2232 232">
    <p class='ocr_par' dir='ltr' id='par_1_12' title="bbox 1975 179 2232 232">
     <span class='ocr_line' id='line_1_102' title="bbox 1975 179 2232 232; baseline 0.016 -4"><span class='ocrx_word' id='word_1_564' title='bbox 1975 201 2024 228; x_wconf 79' lang='lat' dir='ltr'>An.</span> <span class='ocrx_word' id='word_1_565' title='bbox 2043 202 2073 229; x_wconf 86' lang='lat' dir='ltr'>C.</span> <span class='ocrx_word' id='word_1_566' title='bbox 2093 202 2161 232; x_wconf 75' lang='lat'>1736</span> <span class='ocrx_word' id='word_1_567' title='bbox 2209 179 2232 222; x_wconf 20' lang='lat' dir='ltr'>⁴ss</span> 
     </span>
    </p>
   </div>
   <div class='ocr_carea' id='block_1_13' title="bbox 2207 337 2232 2649">
    <p class='ocr_par' dir='ltr' id='par_1_13' title="bbox 2207 337 2232 2649">
     <span class='ocr_line' id='line_1_103' title="bbox 2207 337 2232 2649; baseline 0 0"><span class='ocrx_word' id='word_1_568' title='bbox 2207 337 2232 2649; x_wconf 95' lang='lat' dir='ltr'> </span> 
     </span>
    </p>
   </div>
  </div>
 </body>
</html>
