2232 3178
287 266 337 291 An.
357 266 387 295 c.
404 266 473 293 1738
520 258 583 290 421-

314 745 342 765 De
361 745 468 770 1110011101-

286 772 363 791 hinnu«
390 775 409 791 et
433 778 465 791 eo-

287 804 330 817 iuni
340 798 468 823 expulnonm

480 319 507 345 et
529 316 730 345 anctoritatem
754 315 952 353 concedimus,
970 319 1001 345 ut
1023 315 1053 344 in
1076 324 1145 345 casu
1168 324 1216 344 ne-

480 364 623 393 cessitatis
647 364 756 403 possint
787 372 890 402 capere
918 368 946 393 et
969 364 1218 403 comprehendere

479 416 627 451 apostatas
649 417 676 441 et
699 412 848 449 fugitivos,
866 412 1078 451 cuiuscumque
1102 412 1219 451 provin-

480 461 540 489 ciae
563 464 612 489 aut
645 460 748 489 domus
775 460 842 489 sint.
868 461 1083 500 Hortamurque
1110 460 1138 489 in
1166 460 1218 490 Do-

481 509 558 537 mino
581 509 746 547 superiores
763 513 907 538 eteorum
931 508 1128 538 conscientias
1151 518 1219 538 one-

482 565 591 594 ramus,
615 561 645 585 ut
668 561 771 586 curent
800 557 956 594 diligenter
985 561 1012 586 et
1035 561 1118 586 caute
1142 566 1219 586 com—

481 605 589 643 pellere
606 609 633 634 et
656 614 791 634 revocare
808 605 956 642 fugition
974 605 1027 635 sub
1048 607 1138 645 poena
1155 614 1218 643 gra-

480 653 522 682 vis
545 653 647 692 culpae
671 663 721 692 per
744 658 801 683 tres
824 654 896 683 dies.

518 710 538 730 1.
562 701 613 731 Ille
633 702 789 740 religiosus
809 702 982 732 iudicandus
1005 702 1217 740 0511000111ὅί-

479 749 566 787 bilis,
590 750 657 789 qui,
682 750 793 780 audens
826 751 1010 781 committere
1033 755 1060 781 et
1083 755 1217 790 repetere

479 807 582 836 graves
605 799 717 837 culpas,
737 799 890 828 admittere
909 809 967 829 non
984 800 1045 829 vult
1068 799 1218 838 poeniten-

480 848 549 876 tiam
572 847 702 885 legitime
731 857 744 877 a
768 848 920 886 superiore
943 858 993 888 pro
1016 849 1074 878 illis
1097 848 1218 886 imposi-

480 899 548 925 tam.
567 897 709 926 Similiter
724 897 773 926 ille
790 897 838 936 qui
857 896 951 927 tribus
967 897 1090 927 diversis
1106 897 1218 926 vicibus

479 945 599 984 punitus
631 955 681 985 pro
713 946 808 985 culpis
830 947 984 984 gravibus,
1009 947 1043 976 ad
1066 946 1216 976 meliorem

481 993 555 1022 vitae
579 993 722 1023 rationem
744 1003 801 1023 non
825 994 929 1024 reddit.
948 995 1041 1024 Etiam
1063 994 1112 1024 ille
1134 994 1217 1023 cuius

479 1042 645 1071 emendatio
667 1043 839 1081 desperatur
871 1047 991 1082 propter
1013 1043 1105 1082 ipsius
1128 1042 1218 1072 obsti-

479 1091 628 1120 nationem
652 1095 679 1120 et
702 1100 804 1130 pravos
827 1100 934 1121 mores.

518 1148 549 1168 11.
574 1139 804 1177 IncorrigibileS,
823 1139 867 1169 vel
881 1139 1029 1177 ergastulo
1052 1142 1120 1168 sunt
1137 1147 1217 1168 man-

480 1187 595 1226 cipandi
610 1211 617 1225 ,
642 1187 686 1217 vel
710 1197 724 1216 a
746 1187 889 1226 religione
912 1187 1095 1227 expellendi,
1120 1186 1217 1216 obser-

480 1235 573 1265 vando
595 1235 625 1265 in
648 1235 784 1265 omnibus
818 1236 932 1265 decreta
962 1244 1061 1265 sacrae
1091 1235 1216 1273 Congre-

479 1284 606 1322 gationis
635 1284 758 1314 Concilii
791 1284 938 1323 publicata
961 1284 995 1314 de
1018 1284 1154 1313 mandato
1178 1284 1217 1313 se-

480 1333 544 1364 licis
566 1332 778 1362 recordationis
790 1332 899 1363 Urbani
917 1332 977 1362 VIII
993 1342 1070 1362 anno
1089 1340 1217 1362 iuncxx1v

479 1383 527 1412 die
549 1391 597 1412 xxi
629 1381 804 1421 septembris
819 1406 826 1420 ,
850 1386 878 1411 et
909 1381 1071 1411 Innocentii
1094 1380 1142 1410 XII
1171 1381 1217 1411 die

481 1440 550 1460 xxiv
572 1431 647 1460 iunii
669 1440 745 1460 anno
764 1438 902 1460 iuncxfflv.
919 1430 1040 1465 Quando
1056 1433 1153 1459 autem
1169 1439 1218 1460 ex-

480 1481 575 1521 pulsio
598 1481 722 1510 alicnius
745 1481 833 1511 fuerit
855 1481 1022 1511 executioni
1040 1480 1216 1517 mandanda,

480 1531 560 1569 prius
583 1531 612 1560 in
636 1530 765 1569 capitulo
800 1530 984 1560 conventuali
1008 1530 1153 1560 sententia
1179 1529 1218 1559 le-

479 1583 575 1617 gatur,
599 1583 627 1608 et
650 1579 749 1617 flagris
772 1588 885 1613 caesus,
903 1588 917 1608 3
942 1578 1150 1609 communitate
1172 1587 1219 1608 co-

479 1637 539 1657 ram
563 1628 627 1666 ipsa
650 1627 817 1667 expolietur
839 1627 951 1657 habitu.

519 1685 558 1705 111.
580 1676 683 1705 Nullus
699 1676 835 1715 superior
851 1685 904 1705 nec
921 1680 1004 1715 pater
1019 1676 1155 1707 minister
1170 1686 1220 1715 ge—

478 1725 587 1754 neralis
617 1724 749 1763 expulsis
772 1724 884 1754 litteras
915 1725 1128 1755 testimoniales
1150 1735 1219 1755 con-

478 1773 573 1811 cedat,
590 1773 656 1802 illos
672 1773 706 1803 ad
731 1773 835 1802 Sedem
858 1773 1054 1812 Apostolicam
1069 1773 1216 1811 reiicienS,

478 1822 523 1851 vel
555 1821 659 1851 iubens
689 1822 774 1851 aliam
804 1822 918 1860 ingredi
949 1822 1143 1860 religionem,
1168 1823 1218 1852 scd

479 1875 591 1900 tantum
625 1870 719 1900 tradat
750 1871 863 1900 litteras
896 1871 982 1900 fidem
1015 1871 1157 1901 facientes
1180 1872 1217 1901 de

478 1919 651 1958 expulsione
672 1919 760 1957 fact-1⁴1,
781 1918 860 1948 iuxta
878 1919 953 1949 dicta
977 1919 1093 1948 decreta
1117 1929 1218 1950 sacrae

477 1967 739 2005 Congregationis,
763 1971 791 1997 et
814 1967 844 1997 in
876 1967 982 2006 quibus
1009 1967 1097 1997 etiam
1120 1968 1218 2007 expri-

478 2020 595 2045 mantur
617 2025 726 2055 poenae
749 2015 870 2054 expulso
902 2015 1055 2054 impositae
1078 2025 1092 2045 a
1115 2016 1218 2046 iudici-

478 2063 531 2094 bus
549 2064 578 2093 in
601 2064 748 2093 sententia
770 2063 961 2103 expulsionis.

517 2121 555 2142 1v.
581 2112 749 2142 Sententiae
771 2114 801 2142 in
818 2113 914 2142 causis
933 2113 1135 2144 criminalibus
1151 2123 1218 2153 pro-

477 2161 552 2190 latae
570 2184 577 2197 ‚
601 2166 629 2191 et
652 2161 709 2190 reis
732 2161 894 2198 intimatae,
916 2171 973 2191 non
994 2163 1092 2192 statim
1110 2172 1216 2193 execu-

478 2209 550 2238 tioni
573 2209 758 2245 mandentur,
777 2209 847 2247 quin
865 2210 945 2248 prius
967 2210 1167 2248 revideantur,
1189 2215 1216 2240 et

478 2258 586 2287 iterum
611 2258 815 2287 examinentur
837 2267 952 2297 causae,
970 2260 994 2288 si
1011 2260 1053 2288 rei
1076 2260 1129 2298 ipsi
1147 2270 1214 2298 erga

478 2307 533 2336 hoe
556 2307 800 2346 supplicationem
824 2307 958 2345 fecerint,
977 2312 1004 2337 et
1021 2308 1172 2338 humiliter
1187 2309 1216 2339 id

478 2355 701 2394 postulaverint.

516 2412 544 2433 v.
568 2403 724 2442 Appellare
743 2412 758 2432 a
781 2403 964 2433 correctione
986 2408 1014 2434 et
1037 2404 1216 2443 poenitentia

478 2452 605 2490 regulari
629 2451 663 2481 ad
692 2456 847 2481 externum
879 2452 1006 2481 iudicem
1037 2452 1215 2491 prohibitum

477 2504 522 2530 est
547 2509 598 2539 per
620 2500 717 2529 felicis
733 2499 946 2530 recordationis
967 2500 1081 2531 Sixtum
1098 2501 1131 2538 V,
1148 2502 1217 2532 Gre-

477 2550 591 2588 goi-ium
614 2549 676 2578 XIII
709 2553 737 2579 et
770 2549 952 2580 Clementem
976 2550 1049 2580 VIII.
1073 2550 1167 2586 Quare
1192 2551 1215 2581 si

477 2598 543 2637 quis
559 2598 594 2627 ab
610 2598 661 2627 illa
682 2598 885 2637 appellaverit,
903 2607 1004 2629 severe
1026 2599 1166 2638 puniatur
1181 2600 1215 2629 ad

477 2646 633 2678 arbitrium
657 2647 819 2678 definitoris
837 2647 894 2678 sui.

2207 175 2211 205 1

1067 266 1248 291 110111111οΜ
1272 266 1428 292 nomnen
1853 262 1861 268 ‘
1996 272 2048 298 An.
2071 271 2100 300 e.
2116 269 2185 304 τπδ’

1299 324 1319 344 1.
1345 315 1374 345 Si
1398 316 1463 355 quis
1485 317 1612 347 minatus
1635 318 1733 356 fuerit,
1754 319 1799 349 vel
1818 328 1920 349 manus
1936 319 1995 349 vio·
2074 333 2117 363 5³-
2210 341 2211 361 1

1260 363 1353 393 lentas
1381 364 1410 394 in
1440 365 1567 404 aliquem
1590 365 1747 403 iniecerit,
1771 367 1817 397 vel
1841 377 1905 397 eum
1930 377 1994 406 per·
2005 358 2179 409 Μιίᾞζζῗᾞζ
2208 366 2229 384 ‘¹⁴

1260 412 1396 449 eusserit,
1422 413 1544 443 arbitrio
1567 414 1694 443 ministri
1718 415 1868 453 puniatur,
1884 410 2107 445 3111111111Ιυιιιειείιι
2120 413 2177 436 “““·-
2210 418 2211 443 l

1261 461 1404 498 gravitate
1422 462 1534 501 culpae;
1553 463 1629 501 quod
1646 463 1669 492 si
1686 472 1717 492 ea
1735 463 1914 493 commiserit
1929 473 1996 494 con·
2210 456 2211 459 Ἰ

1261 512 1302 538 tra
1327 509 1453 548 aliquem
1490 511 1650 549 praelatum
1684 511 1851 541 inferiorem
1880 512 1995 551 provin-

1260 557 1339 595 ciali,
1363 558 1575 597 incarceretur,
1594 564 1621 590 et
1644 560 1708 590 aliis
1731 561 1831 599 poenis
1853 561 1997 590 afficiatur

1260 605 1295 634 ab
1319 606 1381 644 ipso
1412 607 1608 645 provinciali,
1632 609 1818 638 considerata
1841 609 1997 648 prudenter

1261 654 1401 692 qualitate
1424 655 1540 692 delicti3
1565 656 1588 685 si
1612 665 1680 686 vero
1712 662 1812 686 contra
1836 657 1998 696 provincia-

1261 702 1317 732 lem
1336 703 1379 732 vel
1397 704 1582 733 definitorem
1605 705 1782 744 generalem,
1800 715 1814 735 a
1831 715 1882 736 suo
1899 706 1998 745 priore

1260 751 1389 788 generali
1412 751 1587 791 delinquens
1611 753 1765 791 puniatur,
1789 755 1902 783 attenta
1925 763 1999 783 sem-

1263 808 1315 837 per
1337 799 1477 837 qualitate
1500 801 1613 840 culpae3
1630 801 1654 830 si
1677 806 1771 831 autern
1795 806 1896 832 contra
1913 811 1998 841 supe-

1262 847 1370 877 riorem
1387 849 1564 886 generalem,
1581 859 1596 879 a
1612 858 1664 879 suo
1680 850 1844 879 definitorio
1857 850 1995 888 generali.

1262 895 1299 925 At
1322 896 1345 925 si
1368 896 1413 926 ira
1435 897 1538 927 ductus
1560 898 1666 937 aliquis
1683 898 1828 937 praelatus
1849 898 1879 928 in
1901 898 1999 929 subdi-

1262 948 1324 974 tum
1347 953 1431 974 suum
1455 945 1597 975 violenter
1619 955 1722 976 manus
1744 947 1889 984 iniecerit,
1914 956 1997 986 prae-

1261 993 1347 1023 dictis
1371 993 1472 1032 poenis
1495 994 1639 1024 afficiatur
1657 1005 1671 1024 a
1694 1004 1746 1025 suo
1769 995 1936 1026 immediato
1952 1005 1999 1026 su-

1261 1050 1387 1080 periore.

1360 1172 1382 1190 Si
1398 1173 1447 1195 quta
1462 1172 1534 1191 fratei-
1547 1173 1571 1191 ln
1585 1172 1682 1192 {rau-em
1696 1173 1840 1195 peccaui-tt.
1855 1174 1903 1193 eto.
2209 1167 2212 1193 1

1275 1223 1371 1253 CAPUT
1394 1232 1494 1254 xxxiv.
1518 1240 1555 1246 —
1578 1223 1618 1254 De
1639 1225 1820 1264 inferentibus
1841 1226 1979 1255 iniuriam

1365 1272 1441 1310 aliis,
1465 1283 1496 1302 ac
1517 1274 1549 1302 de
1570 1274 1734 1303 correctione
1755 1275 1891 1312 fraterna.

1300 1348 1319 1368 1.
1344 1338 1523 1377 Religiosus,
1548 1339 1598 1379 qui
1620 1340 1705 1370 alteri
1727 1340 1866 1370 iniuriam
1884 1341 1997 1380 fecerit,

1260 1387 1320 1416 sive
1343 1387 1489 1426 praesenti
1513 1388 1574 1417 sive
1590 1388 1714 1425 absenti,
1738 1389 1819 1419 iuxta
1843 1389 1997 1419 arbitrium
2210 1418 2211 1425 ,

1260 1436 1389 1465 ministri
1412 1436 1562 1475 puniatur,
1586 1439 1700 1467 attenta
1721 1437 1824 1476 culpae
1845 1438 1997 1475 gravitate.
2210 1442 2213 1479 l

1300 1490 1330 1511 11.
1354 1481 1383 1512 Si
1406 1482 1472 1521 quis
1494 1483 1549 1512 scit
1571 1483 1660 1512 alium
1683 1483 1864 1514 commisisse
1882 1485 2000 1524 aliquod
2208 1481 2212 1521 1

1263 1534 1426 1569 peccatum,
1444 1531 1468 1560 si
1485 1531 1630 1561 occultum
1651 1536 1694 1561 est
1707 1536 1734 1561 et
1750 1536 1885 1571 speratur
1900 1542 2000 1564 emen-

1262 1578 1350 1617 datio,
1375 1579 1516 1618 corripiat
1538 1589 1606 1609 eum
1629 1584 1753 1618 secreto,
1770 1580 1848 1611 iuxta
1871 1581 2000 1620 Evange-

1262 1627 1334 1656 lium
1349 1652 1356 1665 ,
1380 1632 1408 1657 et
1430 1628 1526 1665 nulli,
1550 1637 1645 1667 neque
1678 1629 1823 1668 superiori
1846 1640 1896 1670 per
1918 1640 2001 1670 prae-

1262 1679 1376 1714 ceptum
1394 1675 1489 1705 adhuc
1512 1675 1586 1705 intra
1612 1677 1808 1707 visitationem
1824 1678 1999 1718 inquirenti,

1262 1723 1289 1753 id
1307 1724 1428 1761 revelet,
1448 1724 1501 1754 sub
1518 1726 1608 1763 poena
1632 1726 1758 1755 carceris
1779 1735 1830 1766 per
1846 1730 1904 1757 tres
1921 1737 2001 1758 men·
2206 1763 2207 1766 Ἰ

1262 1781 1322 1808 ses,
1348 1772 1370 1801 si
1387 1782 1421 1802 ex
1438 1772 1487 1802 tali
1510 1774 1688 1803 revelatione
1711 1775 1879 1805 scandalum
1896 1785 1998 1815 sequa·
2206 1776 2225 1808 l*

1263 1824 1325 1857 tur;
1350 1820 1373 1850 si
1398 1830 1465 1850 vero
1488 1831 1545 1851 non
1568 1826 1717 1861 sequatur,
1739 1823 1884 1853 afficiatur
1906 1826 2000 1863 poena.
2206 1823 2211 1845 t

1262 1869 1365 1908 culpae
1388 1869 1486 1908 gravis
1509 1879 1561 1909 per
1583 1880 1636 1900 sex
1658 1871 1731 1909 dies,
1751 1876 1779 1901 et
1800 1881 1915 1911 semper
1933 1876 1999 1903 ante
2206 1863 2207 1868 ¹

1261 1917 1359 1947 onmia
1382 1918 1523 1948 honorem
1546 1919 1700 1948 restituat:
1727 1929 1809 1949 mens
1831 1921 1908 1950 enim
1931 1921 2001 1951 reli-

1261 1966 1355 2004 gionis
1378 1976 1436 1996 non
1466 1971 1508 1996 est
1531 1968 1655 1997 scrutari
1679 1968 1791 1998 occulta
1815 1972 1881 1999 ante
1903 1979 2001 2001 corre-

1261 2015 1386 2045 ctionem
1410 2016 1581 2045 fraternam.
1606 2015 1635 2046 Si
1665 2026 1732 2046 vero
1762 2018 1903 2048 correctio
1924 2019 1998 2050 facta

1260 2074 1318 2094 non
1336 2064 1494 2102 prodesset,
1512 2065 1556 2094 vel
1575 2065 1611 2103 si,
1629 2069 1784 2105 antequam
1801 2066 1880 2096 illam
1897 2067 1995 2106 saciat,

1261 2112 1421 2152 prudenter
1442 2112 1551 2142 iudicet
1574 2113 1648 2152 quod
1673 2114 1744 2143 nihil
1767 2115 1915 2154 proderit,
1949 2125 1996 2146 re-

1261 2162 1337 2192 velet
1358 2162 1504 2201 superiori
1532 2162 1580 2201 pio
1603 2165 1630 2191 et
1653 2162 1782 2201 cordato,
1800 2167 1831 2193 111
1854 2173 1906 2194 5110
1929 2174 1998 2195 con-

1260 2211 1326 2240 silio
1342 2215 1370 2240 et
1393 2210 1550 2239 efficaciori
1573 2210 1761 2248 documento,
1780 2212 1823 2242 vel
1846 2213 1910 2242 aliis
1927 2222 1996 2244 con-

1260 2258 1446 2289 venientibus
1459 2259 1573 2296 mediis,
1590 2268 1657 2289 reus
1674 2259 1708 2290 ad
1724 2260 1872 2291 meliorem
1889 2271 1919 2291 se
1936 2262 1996 2292 fru-

1259 2317 1325 2347 gem
1348 2308 1481 2347 recipiat.

1299 2366 1339 2386 111.
1364 2356 1392 2386 Si
1415 2357 1480 2395 quis
1514 2360 1614 2386 contra
1645 2356 1755 2386 bonum
1783 2367 1938 2389 commune
1969 2363 1998 2390 et

1259 2405 1398 2434 honorem
1415 2410 1533 2434 nostrae
1549 2405 1700 2442 religionis
1719 2406 1836 2445 aliquod
1858 2407 1997 2438 delictum

1260 2453 1439 2493 patraverit,
1464 2454 1512 2492 qui
1536 2454 1570 2483 de
1594 2454 1642 2484 illo
1677 2455 1811 2485 notitiam
1838 2456 1995 2495 habuerit,

1259 2501 1412 2532 denuntiet
1443 2502 1603 2541 superiori,
1627 2506 1658 2532 ut
1680 2503 1772 2542 patri;
1793 2507 1831 2542 et,
1848 2504 1873 2534 si
1894 2504 1996 2544 culpae

1259 2551 1384 2590 qualitas
1400 2555 1428 2581 et
1446 2551 1685 2582 circumstantiae
1707 2552 1841 2591 exigunt,
1858 2553 1946 2583 etiam
1964 2557 1996 2584 ut

1259 2599 1350 2629 iudici
1373 2599 1498 2636 deserat,
1522 2599 1572 2639 qui
1594 2600 1668 2639 lapsi
1690 2600 1813 2631 salutem
1834 2606 1994 2641 procuret,

1258 2652 1286 2679 et
1307 2648 1440 2680 decorem
1462 2648 1613 2688 religionis
1635 2653 1799 2690 recuperet.

2223 879 2226 899 Ι

1425 1118 1575 1142 REGULAE
1601 1119 1701 1143 CAPUT
1725 1120 1828 1144 xxxw.
2219 1116 2232 1539 ἃ

2223 1583 2232 1615 l
