2232 3178
28 215 75 242 An.
90 211 118 240 C.
140 209 206 239 ¹739

36 1279 111 1305 sicque
123 1283 205 1303 semper

0 1320 2 1328 t
28 1307 48 1326 et
60 1305 138 1330 ubique
162 1310 206 1324 ser-

29 1332 69 1353 vari
83 1332 194 1358 praecipit.

69 2233 157 2256 lieri-»ait
173 2233 208 2253 (vli-

35 2261 141 2282 laniatibus.

827 211 971 236 CLEMENS
996 211 1042 235 ΧΠ
1068 211 1118 236 ΡΡ.

212 269 273 303 pro
299 263 374 291 tunc
398 263 580 300 revocatas,
605 265 763 300 cassatas,
792 260 898 294 irritas
923 264 955 293 et

214 313 395 346 annullatas
431 313 573 347 existere
600 319 630 347 et
655 314 724 348 fore
751 315 955 347 decernimus

214 371 246 399 et
284 366 483 399 declaramus
504 393 510 406 ,
551 368 765 411 eamdemque
806 367 954 400 militiam

213 420 248 453 B.
286 419 402 453 Mariae
442 420 482 453 de
522 420 664 454 Mentesa
697 421 880 453 huiusmodi
921 421 953 452 in

213 472 355 505 futurum
391 478 455 505 tam
493 474 601 516 quoad
633 474 826 516 temporalia
857 484 954 517 quam

213 525 319 568 quoad
345 525 524 568 spiritualia
551 527 726 569 gubernari
763 537 780 559 a
816 527 955 559 consilio

213 578 348 612 aliarum
387 580 708 622 supranunciatarum
747 580 953 620 militiarum,

213 636 246 663 et
270 632 308 664 ad
334 631 435 664 instar
459 632 600 672 illarum,
627 643 696 665 cum
723 633 956 676 praeservatio-

212 684 307 717 nibus
332 695 425 728 supra
450 686 627 729 expressis,
653 686 842 719 auctoritate
863 692 893 718 et
911 691 956 720 te-

213 747 294 770 nore
333 738 511 781 praedictis
546 739 781 782 praecipimus,
806 740 956 772 volumus

214 795 246 824 et
270 791 482 832 ma11damus;
508 791 552 825 ita
587 797 693 825 tamen
719 798 753 825 ut
777 792 957 826 assistentia

214 845 321 878 fratris
346 845 459 878 militis
485 856 636 889 expresse
675 846 813 890 professi
854 847 957 879 dictae

213 898 348 930 militiae
374 898 412 931 de
437 898 582 931 Montesa
599 909 669 931 cum
688 899 787 941 regiis
802 898 957 931 ministris

214 951 384 984 memorati
412 950 539 984 consilii
564 951 720 984 Ordinum
747 962 817 984 esse
843 951 959 984 debeat

213 1003 423 1047 suffragando
449 1014 519 1037 curn
542 1004 664 1037 eisdem
682 1004 759 1048 quin
779 1015 837 1048 pro
857 1005 959 1038 diver·

214 1057 307 1090 sitate
325 1057 536 1100 negociorum
554 1059 624 1090 eius
642 1057 825 1090 assistentia
843 1058 958 1090 variari

215 1111 336 1154 possit:
363 1112 449 1144 salva
475 1115 582 1144 tamen
601 1122 732 1154 semper
750 1111 783 1143 in
802 1112 960 1154 praemis-

215 1163 257 1196 sis
275 1164 466 1197 auctoritate
480 1164 748 1207 Congregationis
771 1165 959 1198 eorumdem

216 1217 442 1250 cardinalium.

260 1271 275 1313 g
299 1270 330 1302 5.
358 1270 587 1310 Decernentes,
609 1271 740 1304 easdem
767 1276 959 1314 praesentes

216 1324 339 1356 litteras
364 1322 493 1364 firmas,
518 1324 640 1357 validas
668 1330 700 1357 et
725 1325 871 1357 efficaces
896 1325 961 1357 exi-

216 1382 300 1410 stere
326 1384 357 1410 et
381 1378 471 1417 fore,
499 1388 640 1421 suosque
666 1378 834 1421 plenarios
861 1383 891 1410 et
917 1378 961 1410 in-

217 1436 326 1474 tegros
352 1430 483 1464 effectus
508 1430 619 1463 sortiri
654 1437 687 1464 et
723 1431 888 1471 obtinere,
925 1442 961 1464 ac

217 1485 299 1525 illis,
323 1485 362 1517 ad
393 1495 473 1528 quos
498 1490 622 1528 spectat
655 1491 687 1518 et
717 1496 777 1528 pro
815 1491 960 1528 tempore

217 1538 394 1581 spectabit,
425 1538 614 1581 plenissime
647 1538 833 1582 suffragari,
861 1545 893 1572 et
923 1540 962 1572 ab

218 1591 264 1624 eis
297 1591 478 1634 respective
510 1591 743 1625 inviolabiliter
777 1593 961 1632 observari,

218 1644 330 1688 scique
354 1644 387 1676 in
420 1645 607 1688 praemissis
645 1656 704 1688 per
741 1656 964 1690 quoscumque

218 1697 343 1731 iudices
377 1697 562 1731 ordinarios
587 1703 620 1730 et
645 1699 828 1742 delegatos,
866 1699 963 1732 etiam

218 1761 387 1785 causarum
412 1751 523 1793 palatii
542 1752 713 1795 apostolici
733 1752 909 1794 auditores,
928 1763 964 1785 ae

218 1804 366 1837 eiusdem
392 1804 423 1837 S.
451 1804 487 1836 R.
515 1804 549 1837 E.
577 1805 776 1846 cardinales,
803 1806 898 1839 etiam
924 1806 963 1839 de

218 1858 318 1890 latere
343 1859 465 1900 legatos
491 1867 527 1890 ac
544 1858 754 1901 Apostolicae
775 1858 868 1892 Sedis
883 1869 964 1892 nun-

218 1910 298 1950 cios,
319 1910 447 1943 sublata
464 1910 508 1943 eis
523 1916 553 1943 et
571 1921 685 1943 eorum
704 1912 837 1945 cuilibet
853 1913 964 1955 quavis

218 1963 491 1996 aliteriudieandi
510 1969 541 1996 et
557 1964 794 2007 interpretandi
812 1966 963 1998 facultate

219 2022 251 2050 et
269 2016 472 2057 auctoritate,
487 2017 620 2050 iudicari
636 2022 666 2050 et
685 2017 812 2051 definiri
832 2019 962 2059 debere,

220 2080 256 2103 ac
280 2069 405 2102 irritum
431 2075 462 2102 et
486 2070 592 2110 inane,
619 2070 645 2102 si
671 2081 767 2103 secus
792 2081 891 2114 super
915 2071 965 2104 his

221 2133 239 2155 a
264 2133 435 2166 quoquam,
452 2122 563 2163 quavis
588 2123 795 2163 auctoritate,
820 2123 966 2157 scienter

220 2177 269 2208 vel
295 2176 492 2217 ignoranter,
518 2176 691 2217 contigerit
716 2176 879 2210 attentari.

266 2231 282 2271 ξ
308 2227 339 2261 6.
367 2229 435 2261 Non
462 2228 676 2268 obstantibus,
704 2236 863 2273 quatenus
883 2241 964 2273 opus

222 2283 272 2322 sit,
292 2281 376 2314 dicta
393 2281 471 2314 sixti
490 2282 627 2325 aliisque
648 2283 864 2316 Romanorum
883 2283 966 2316 Pon-

223 2335 343 2369 tificum
369 2335 658 2378 praedecessorum
684 2342 868 2368 nostrorum
894 2347 967 2369 con-

223 2388 447 2422 stitutionibus
473 2394 504 2422 et
529 2389 792 2422 ordinationibus
816 2391 967 2433 apostoli-

224 2442 286 2482 cis,
310 2452 439 2475 necnon
474 2442 576 2475 dictae
612 2442 765 2483 militiae,
793 2443 887 2475 etiam
913 2442 964 2475 iu-

223 2501 390 2536 ramento,
419 2495 666 2529 confirmatione
692 2496 886 2539 apostolica,
919 2498 966 2530 vel

225 2548 335 2592 quavis
360 2547 512 2581 firmitate
537 2548 599 2581 alia
625 2548 806 2589 roboratis,
837 2550 967 2583 statutis

226 2606 258 2634 et
278 2602 579 2642 consuetudinibus,
595 2601 834 2642 stabilimentis,
853 2603 966 2636 usibus

1003 265 1034 293 et
1058 260 1204 303 naturis,
1230 260 1412 304 privilegiis
1437 272 1580 305 quoque,
1607 261 1743 295 indultis

999 318 1032 345 et
1050 313 1168 346 litteris
1185 314 1372 357 apostolicis
1390 314 1421 347 in
1440 315 1638 348 contrarium
1654 325 1744 358 prae-

999 366 1172 399 missorum
1197 367 1445 410 quomodolibet
1468 367 1644 407 concessisy
1667 378 1744 400 con-

999 418 1134 452 firmatis
1160 425 1191 452 et
1223 420 1404 460 innovatis;
1443 420 1559 463 quibus
1592 421 1743 453 omnibus

999 477 1030 504 ct
1051 472 1195 515 singulis,
1216 473 1347 506 illorum
1367 478 1498 506 tenores
1516 474 1744 517 praesentibus

999 535 1058 567 pro
1084 526 1180 568 plene
1217 531 1249 558 et
1285 527 1482 559 sufficienter
1511 527 1671 570 expressis
1708 538 1743 560 ac

1000 578 1038 610 de
1064 578 1163 611 verbo
1188 579 1226 612 ad
1254 580 1389 612 verbum
1414 579 1544 613 insertis
1573 581 1742 620 babentes,

1000 631 1063 664 illis
1088 631 1166 665 alias
1191 632 1223 664 in
1242 642 1299 665 suo
1317 633 1435 666 robore
1454 634 1684 676 permansuris,
1705 636 1744 667 ad

1000 685 1251 727 praemissorum
1271 685 1433 725 effectum,
1453 687 1513 719 liae
1531 687 1597 719 vice
1620 687 1745 721 dumta-

1002 743 1069 778 xat,
1093 739 1282 782 specialiter
1303 745 1335 771 et
1355 750 1507 783 expresse
1531 741 1744 783 derogamus·,

1002 793 1187 835 ceterisque
1214 793 1388 826 contrariis
1415 794 1688 837 quibuscumque.

1046 846 1157 878 Datum
1181 845 1318 885 Romae,
1340 847 1424 888 apud
1447 846 1477 879 S.
1497 847 1627 879 Mariam
1650 847 1746 881 Maio—

1004 909 1081 938 rem,
1099 900 1159 932 sul)
1177 901 1299 933 annulo
1318 899 1502 941 Piscatoris,
1518 901 1570 934 die
1589 911 1653 934 xx11
1672 902 1745 934 maii

1003 962 1186 986 moccxxmx
1202 980 1209 993 ‚
1235 953 1443 996 pontificatus
1471 954 1573 986 nostri
1597 964 1682 987 anno
1702 965 1744 988 ix.

1038 1015 1100 1041 Dat.
1123 1015 1167 1042 die
1187 1015 1221 1041 22
1241 1015 1303 1042 maii
1325 1015 1407 1048 1739,
1429 1016 1524 1051 pontif.
1545 1024 1617 1043 anno
1637 1023 1674 1043 lx.

1315 1158 1439 1191 CCLlX.

1007 1237 1217 1279 Coiifirmalio
1241 1239 1478 1271 nonnullarum
1501 1240 1750 1271 conventionum

1047 1301 1107 1333 pro
1129 1292 1301 1333 prorz'izcid
1325 1291 1541 1324 Lomlmrdiae
1568 1292 1751 1336 Conyrrqa-

1051 1343 1150 1375 tionis
1180 1344 1374 1376 clericorum
1406 1345 1607 1387 reqularium
1644 1347 1752 1378 sancti

1049 1396 1154 1429 Pauli
1184 1396 1345 1430 Decollati
1377 1398 1639 1431 Barnabae‘larum
1670 1409 1752 1431 mm-

1050 1453 1256 1493 cupstlorttm.

1215 1530 1352 1558 clemens
1374 1531 1455 1565 Papa
1477 1532 1547 1564 XII,

1149 1575 1185 1601 ad
1205 1575 1342 1602 futuram
1362 1576 1407 1602 rei
1422 1577 1607 1603 memoriam.

1051 1644 1194 1687 Collegia
1219 1649 1250 1677 et
1275 1645 1460 1685 seminaria,
1487 1645 1518 1678 in
1538 1646 1654 1689 quibus
1673 1647 1749 1680 ado-

1008 1698 1169 1731 lescentes
1194 1709 1211 1731 a
1237 1699 1358 1731 teneris
1390 1699 1492 1739 annis,
1519 1705 1694 1743 antequam
1732 1712 1750 1734 a

1008 1751 1158 1784 vitiorum
1185 1752 1381 1793 contagione
1407 1753 1577 1793 afflentur,
1603 1754 1642 1786 ad
1680 1754 1750 1797 pie·

1010 1810 1106 1838 tatem
1132 1815 1168 1837 ac
1198 1805 1392 1847 religionem
1423 1805 1591 1839 informari
1625 1808 1751 1847 solent,

1009 1864 1160 1902 quantam
1186 1858 1225 1891 ad
1250 1858 1391 1891 morum¹
1411 1859 1681 1902 compositionem
1702 1871 1750 1894 sa-

1008 1922 1202 1954 crarumque
1229 1912 1452 1944 doctrinarum
1479 1913 1697 1947 eruditionem
1717 1915 1749 1947 in

1008 1965 1168 1997 catholiea
1195 1965 1337 1997 Ecclesia
1361 1965 1532 1998 utilitatem
1558 1968 1749 2007 attulerint,

1008 2028 1140 2061 semper
1159 2018 1353 2060 cogitantes,
1371 2019 1561 2052 eorumdem
1576 2019 1752 2053 iustitutio-

1008 2082 1095 2111 nem,
1116 2077 1272 2114 quantum
1298 2082 1370 2104 cum
1393 2072 1530 2105 Domino
1553 2074 1751 2115 potuimus',

1008 2134 1216 2168 promovere,
1234 2130 1331 2167 atque
1350 2124 1553 2158 incrementa
1570 2127 1752 2169 provehere

1010 2182 1041 2210 et
1062 2178 1224 2220 adaugere
1239 2177 1421 2218 statuimus,
1441 2189 1567 2211 necnon
1584 2189 1753 2222 quaecum-

1010 2242 1071 2275 que
1096 2232 1136 2264 ad
1162 2232 1306 2274 ipsorum
1332 2233 1542 2265 commodum
1569 2233 1753 2266 conducen-

1011 2285 1071 2324 tia,
1097 2284 1162 2317 sive
1187 2290 1299 2327 pacta,
1326 2285 1394 2317 sive
1418 2285 1567 2325 uniones,
1592 2286 1657 2318 sive
1678 2296 1754 2318 con-

1010 2337 1195 2377 ventiones,
1210 2348 1417 2380 quocumque
1436 2339 1534 2371 modo
1552 2349 1587 2371 ac
1606 2343 1754 2381 tempore

1010 2390 1098 2431 inita,
1114 2391 1316 2434 apostolicae
1342 2396 1474 2423 nostrae
1501 2391 1754 2424 confirmationis

1010 2444 1145 2484 robore,
1172 2454 1246 2477 cum
1276 2454 1293 2475 a
1325 2444 1419 2476 nobis
1456 2443 1586 2485 petitur,
1613 2443 1755 2476 libenter

1010 2496 1206 2530 communiri
1232 2496 1409 2539 satagimus
1435 2502 1463 2529 et
1492 2497 1661 2538 gestimus.

1047 2570 1057 2594 1
1080 2567 1151 2594 Edit.
1173 2566 1256 2594 Main.
1279 2566 1341 2599 legit
1362 2575 1456 2593 mores
1476 2570 1513 2597 (n.
1530 2567 1579 2598 τ.).

1045 2611 1061 2638 2
1083 2611 1192 2637 Videtur
1212 2611 1357 2646 legendum
1373 2618 1528 2645 possumus
1547 2616 1588 2646 (a.
1604 2612 1653 2647 T.)-

1639 203 1703 237 559
1749 213 1798 239 An.
1817 213 1845 240 c.
1870 214 1935 243 ¹739

1786 1657 1808 1677 Ρι
1816 1662 1926 1677 οοθπιιυἯ]
