2232 3178
26 208 73 236 An.
93 206 123 233 C.
142 205 209 233 1740

176 274 178 276 -
219 252 408 289 obedientia,
429 252 512 282 tertio
530 252 564 282 de
583 251 794 292 temporalibus
817 255 961 281 monaste-

219 302 329 332 riorum
352 301 451 331 rebus.

259 359 297 380 vr.
320 349 431 379 Abbate
455 349 490 379 ad
512 349 768 388 congregationem
792 348 961 386 generalem

219 402 329 436 eunte,
353 402 402 427 aut
425 398 567 427 vicarium
590 397 724 427 mittente
739 421 746 434 ,
771 397 864 426 adbuc
886 396 961 425 cele-

219 447 319 476 bretur
341 446 528 484 congregatio
557 446 766 475 monachorum
796 445 831 474 de
862 453 962 474 mense

218 495 249 524 in
273 503 414 532 mensem,
434 494 481 524 cui
514 494 575 533 ipse
606 493 696 523 abbas
729 493 773 522 vel
802 493 865 522 eius
888 492 962 521 vica-

218 543 282 573 rius
306 543 454 582 praeerit:
489 552 546 572 non
570 546 666 572 tamen
689 540 833 571 celebrari
856 540 963 579 poterit

220 591 406 630 congregatio
425 590 607 630 provinciae,
624 590 681 619 nisi
703 589 739 619 de
761 598 837 618 anno
860 589 889 618 in
912 598 963 618 an-

219 648 307 677 num,
331 643 359 669 et
380 639 444 678 ipso
467 638 570 668 abbate
594 641 760 677 praesente.

259 697 309 718 vu.
332 687 363 718 Si
385 687 474 718 abbas
496 687 667 717 monasterii
692 686 863 722 decesserit,
888 685 963 715 vica-

220 737 282 767 rius
314 740 437 766 mortem
470 736 532 766 eius
565 740 624 766 tam
657 735 754 765 abbati
783 734 962 774 provinciae,

220 794 307 826 quam
329 784 427 815 abbati
449 783 579 822 generali
602 783 701 813 statim
724 782 913 821 significabit,
937 787 964 812 et

220 833 339 863 interim
375 832 584 862 monasterium
619 831 838 861 administrabit
870 840 964 870 usque

223 881 258 911 ad
287 881 355 911 novi
390 880 505 910 abbatis
535 879 709 910 electionem
739 884 767 909 et
794 879 962 909 adventum.

220 930 300 966 Quod
332 930 356 960 si
389 929 516 959 vicarius
548 928 577 958 in
610 929 659 958 illo
694 928 872 958 monasterio
905 937 964 957 non

220 978 320 1015 fuerit,
351 982 421 1007 tunc
451 977 599 1016 antiquior
632 977 813 1016 professione
836 977 964 1006 vicarius

221 1027 277 1057 erit
292 1037 299 1064 ;
317 1031 346 1057 et
361 1027 438 1056 inter
454 1026 591 1065 aequales
607 1026 798 1065 professione,
816 1025 965 1064 antiquior

221 1080 315 1105 aetate
338 1075 534 1114 praeferatur,
563 1079 591 1103 et
613 1074 750 1104 sacerdos
782 1083 841 1103 non
869 1082 965 1103 sacer-

221 1124 293 1154 doti.
316 1124 428 1153 Mortuo
451 1128 550 1163 autem
579 1122 683 1152 abbate
713 1122 893 1161 provinciae,
917 1122 966 1151 ab·

221 1173 274 1203 bas
295 1172 376 1202 illius
398 1171 580 1209 monasterii,
597 1171 627 1201 in
650 1180 707 1210 quo
729 1171 858 1200 residere
881 1170 964 1207 solet,

221 1222 257 1252 ad
283 1221 417 1251 abbatem
440 1221 606 1259 generalem
630 1220 741 1249 litteras
764 1219 893 1249 scribat:
918 1228 966 1248 ne-

221 1280 269 1300 mo
292 1275 389 1300 tamen
423 1270 454 1299 in
488 1269 552 1299 eius
583 1269 679 1298 officio
712 1277 743 1297 se
775 1266 965 1305 immiscebit,

222 1319 314 1350 donec
336 1317 425 1348 abbas
443 1317 591 1356 generalis
613 1317 642 1346 in
667 1315 894 1354 congregatione
917 1315 967 1345 he-

0 1368 11 1392 ’ί
220 1374 416 1406 gumenorum
439 1365 474 1396 de
505 1374 674 1395 successore
703 1368 752 1394 aut
784 1364 893 1394 vicario
916 1364 966 1394 de-

222 1415 359 1447 creverit.

75 1485 125 1506 cst,
142 1485 167 1504 v·
263 1474 283 1495 1.
307 1464 338 1494 ln
362 1463 494 1504 qualibet
516 1462 695 1493 hebdomada
714 1471 765 1502 per
787 1461 883 1492 onmia
908 1471 968 1492 mo-

30 1511 349 1558 ,ifflofflgffisgjjnasteria
370 1512 444 1542 feria.
466 1521 505 1550 vi,
527 1515 578 1542 aut
600 1511 659 1541 alia,
680 1511 727 1540 die
743 1520 801 1540 non
817 1510 967 1550 impedita,

30 1563 82 1586 ⁶³¹2·
223 1561 308 1591 debet
321 1560 383 1590 fleri
400 1560 587 1599 congregatio
600 1560 730 1590 omnium
747 1559 966 1589 monachorum.

263 1619 294 1640 11.
325 1608 502 1639 Sedentibus
535 1608 692 1643 omnibus,
716 1611 744 1637 et
778 1607 908 1643 novitiis,
943 1607 968 1636 si

223 1658 273 1698 qui
305 1662 414 1693 erunt,
437 1656 599 1693 stantibus,
632 1655 722 1687 abbas
755 1665 806 1685 seu
840 1656 968 1685 vicarius

223 1706 335 1745 aliquid
356 1715 391 1735 ex
414 1704 498 1734 libris
520 1704 722 1743 spiritualibus
744 1704 821 1743 legat
843 1704 887 1734 vel
910 1704 968 1742 legi

224 1754 311 1784 faciat
333 1754 368 1783 ad
391 1753 562 1783 monachos.

264 1812 305 1833 111.
330 1802 438 1832 Deinde
460 1801 599 1841 (novitiis
622 1802 699 1831 foras
721 1801 869 1840 dimissis)
892 1801 967 1831 idem

225 1851 316 1882 abbas
338 1860 389 1881 seu
412 1851 539 1881 vicarius
572 1851 659 1880 faciat
691 1850 809 1880 brevem
833 1850 970 1880 exhorta-

227 1900 337 1930 tionem
361 1904 461 1930 contra
478 1899 607 1929 defectus
623 1899 652 1929 in
669 1898 847 1928 monasterio
866 1907 969 1928 occur-

227 1953 337 1985 rentes,
355 1947 465 1978 nullam
482 1952 577 1977 tamen
600 1956 754 1986 personam
777 1946 968 1976 nominando.

266 2006 305 2027 iv.
335 1997 480 2028 Absoluta
511 1996 736 2035 exhortatione,
760 1996 849 2026 abbas
881 2000 970 2034 stans,

227 2046 349 2086 reliquis
371 2046 546 2085 genuflexis,
570 2045 667 2075 dicat:
702 2045 776 2076 Deus
809 2046 971 2075 ›niserealnr

231 2096 339 2132 nostri,
363 2099 387 2123 el
409 2095 529 2124 dimittat
561 2095 652 2124 debila
684 2098 789 2132 nostra,
813 2098 837 2124 et
867 2095 971 2124 tribuat

228 2143 303 2172 nobis
325 2142 520 2172 absolutionem
543 2147 568 2172 et
590 2143 699 2172 veniam
721 2143 843 2172 omnium
871 2152 970 2179 pecea-

228 2196 318 2221 torum
337 2195 502 2221 noslrorum.
529 2191 560 2220 1η
583 2192 690 2221 nomine
711 2192 817 2225 Patris,
841 2195 866 2220 el
888 2191 969 2227 Filii,

228 2245 253 2269 et
274 2239 399 2279 Spiritus
421 2241 439 2276 †
461 2238 567 2269 Sancti.
590 2240 717 2276 Fratres,
740 2239 838 2269 Amen.
862 2239 895 2269 Et
910 2249 971 2269 sur-

229 2290 324 2324 gunt,
347 2286 470 2325 eiusque
502 2294 621 2315 manum
643 2286 862 2323 deosculantur,
886 2289 914 2315 et
937 2286 972 2315 ad

230 2343 298 2376 suas
321 2334 535 2372 uniusquisque
558 2333 646 2363 cellas
669 2333 789 2364 abeunt.

81 2397 129 2417 eff,
147 2397 181 2418 v1‚
271 2391 291 2412 1.
315 2382 358 2413 Ab
381 2382 524 2412 electione
547 2386 605 2411 tam
628 2382 724 2412 activa
749 2391 836 2421 quam
857 2382 973 2421 passiva

40 2422 220 2471 5„'{{‘„„‘{,',‘,‚‘,}{}'”‘
230 2432 260 2462 in
283 2431 413 2471 quolibet
435 2432 531 2461 officio
544 2431 662 2461 Ordinis
679 2431 781 2468 nostri,
800 2431 892 2461 donec
906 2440 971 2460 cum

231 2488 266 2509 eo
299 2479 389 2510 fuerit
421 2479 621 2518 dispensatum
654 2479 833 2518 specialiter,
857 2483 973 2509 arcetur

232 2527 327 2558 omnis
349 2528 631 2565 excommunicatus,
655 2537 827 2567 suspensus.
853 2528 974 2558 interdi-

233 2580 308 2614 ctus,
330 2576 514 2616 irregularis,
538 2585 596 2607 non
615 2576 774 2616 professus,
793 2580 821 2606 et
843 2576 893 2617 qui
915 2586 972 2607 non

835 202 978 227 CLEMENS
1004 202 1049 226 x11
1074 202 1124 226 ΓΡ.

1642 189 1706 224 647
1752 199 1801 226 An.
1823 198 1852 227 c.
1868 198 1937 226 1740

1003 250 1102 281 subest
1125 254 1241 280 nostrae
1259 249 1495 289 Congregafioni,
1519 249 1634 280 etiamsi
1657 249 1745 279 fuerit

1003 300 1166 332 monachus
1199 299 1345 339 professus
1377 298 1495 329 Ordinis
1528 298 1620 328 sancti
1653 298 1744 337 patris

1003 349 1097 379 nostri
1119 347 1259 378 Antonii:
1283 348 1351 377 item
1375 347 1425 387 qui
1448 347 1483 377 ab
1506 346 1614 377 Ordine
1642 351 1744 376 nostro

1004 397 1224 437 apostataverit,
1242 400 1270 425 et
1293 396 1343 435 qui
1367 396 1401 425 ab
1425 396 1475 425 illo
1498 395 1532 424 ad
1555 396 1643 425 alium
1660 395 1745 425 Ordi-

1005 455 1082 481 nem,
1100 446 1186 475 etiam
1204 453 1269 474 cum
1286 444 1406 474 licentia
1429 444 1627 483 superiorum,
1647 448 1744 473 trans-

1005 495 1075 530 ivit,
1099 503 1152 523 nec
1183 497 1281 532 postea
1304 493 1339 522 ad
1363 497 1493 522 nostrum
1527 492 1636 523 rediit:
1660 492 1743 529 item,

1005 543 1055 582 qui
1073 542 1159 572 habet
1176 541 1418 580 impedimentum
1430 541 1620 579 ,naturale‚ut
1635 541 1747 576 fatuuS,

1005 591 1127 627 delirus,
1144 590 1313 620 lunaticus:
1338 590 1408 619 item
1432 590 1482 629 qui
1505 594 1549 619 est
1566 589 1679 619 notorie
1702 589 1746 619 in-

1007 639 1092 668 famis
1114 639 1150 668 ob
1173 638 1321 677 publicum
1345 638 1502 675 delictum,
1535 642 1566 669 ut
1588 641 1631 667 est
1653 637 1746 667 homi-

1007 687 1117 716 cidium
1133 710 1141 725 ,
1178 687 1333 716 fornicatio
1349 710 1356 724 ‚
1394 686 1504 716 furtum
1520 709 1527 723 ,
1566 685 1746 724 periurium,

1006 735 1158 765 ebrietas:
1184 735 1254 764 item
1278 734 1465 771 subornator,
1488 734 1539 773 qui
1562 743 1658 773 prece,
1683 743 1748 773 pre-

1007 784 1060 821 tio,
1084 783 1183 820 minis,
1201 783 1246 812 vel
1269 792 1453 822 quocumque
1476 783 1533 812 alio
1557 782 1640 812 modo
1663 782 1749 812 indu-

1006 832 1085 862 xerit
1107 841 1173 869 eos,
1198 831 1247 871 qui
1276 831 1305 860 in
1329 831 1471 861 electione
1500 840 1599 861 vocem
1622 830 1748 860 activam

1007 879 1126 919 habent,
1151 883 1182 909 ut
1204 879 1333 918 seipsum
1357 879 1400 908 vel
1424 880 1598 909 monachum
1621 879 1748 918 aliquem

1007 929 1232 959 determinatum
1263 927 1392 966 eligant,
1416 928 1584 966 singulatim
1607 936 1673 957 eum
1697 937 1749 957 no-

1008 978 1161 1008 minando:
1182 977 1263 1014 item,
1280 976 1329 1015 qui
1347 985 1397 1015 per
1419 985 1448 1006 se
1470 977 1565 1015 ipsum
1589 976 1635 1006 vel
1656 976 1747 1005 alium

1009 1030 1148 1065 procurat
1172 1025 1228 1055 sibi
1250 1025 1422 1062 dignitatem
1445 1025 1572 1064 aliquam
1596 1028 1675 1054 extra
1695 1024 1748 1054 Or-

1008 1075 1127 1104 dinem:
1165 1074 1251 1111 item,
1276 1073 1325 1112 qui
1362 1073 1478 1112 publice
1515 1078 1542 1103 et
1578 1073 1749 1102 scandalose

1009 1124 1138 1153 Romano
1160 1122 1317 1159 Pontifici,
1339 1126 1389 1151 aut
1412 1121 1595 1161 patriarchae
1624 1122 1668 1151 vel
1697 1121 1750 1152 Or-

1009 1171 1123 1201 dinario
1145 1171 1200 1200 loci
1223 1170 1394 1206 detraxerit,
1411 1174 1461 1200 aut
1477 1179 1578 1200 eorum
1594 1170 1750 1199 canonicas

1009 1220 1177 1250 sanctiones
1205 1220 1429 1258 contempserit:
1452 1219 1590 1258 denique,
1610 1219 1660 1258 qui
1690 1229 1750 1249 mo-

1009 1269 1134 1298 nachum
1151 1268 1265 1298 notorie
1281 1268 1433 1306 indignum
1453 1267 1548 1297 sciens
1571 1272 1599 1297 et
1622 1267 1750 1306 prudens

1009 1317 1165 1356 aliquando
1188 1316 1323 1355 elegerit.

1049 1374 1079 1395 11.
1100 1365 1131 1395 In
1154 1365 1190 1394 iis
1213 1364 1446 1404 impedimentis,
1467 1374 1541 1404 quae
1564 1373 1598 1394 ex
1620 1364 1684 1394 iure
1706 1374 1751 1394 ca-

1010 1413 1114 1444 nonico
1137 1413 1327 1452 proveniunt,
1352 1413 1532 1452 dispensatio
1561 1413 1684 1452 petenda
1707 1416 1752 1442 est

1010 1472 1025 1491 a
1047 1461 1180 1500 legitimo
1196 1461 1347 1501 superiore
1367 1461 1475 1500 (qualis
1491 1464 1534 1490 est
1549 1461 1752 1490 sanctissimus

1011 1511 1159 1540 Romanus
1175 1510 1321 1548 Pontifex,
1336 1509 1599 1539 reverendissimus
1615 1509 1751 1539 domiiius

1011 1559 1189 1598 patriarcba,
1209 1563 1237 1588 et
1260 1558 1427 1588 ordinarius
1450 1558 1505 1588 loci
1528 1558 1683 1597 episcopus
1706 1567 1752 1588 re-

1011 1608 1177 1647 spective).
1210 1607 1242 1637 ln
1276 1608 1340 1637 aliis
1375 1617 1458 1645 vero,
1492 1617 1565 1646 quae
1588 1616 1621 1637 ex
1645 1607 1753 1637 nostris

1011 1656 1272 1686 constitutionibus
1288 1656 1480 1693 inducuntur,
1499 1656 1589 1685 abbas
1605 1656 1751 1694 generalis

1011 1705 1182 1744 dispensare
1205 1704 1329 1744 poterit,
1355 1705 1409 1742 vel,
1427 1713 1461 1734 eo
1483 1704 1613 1741 absente,
1631 1714 1753 1743 congre-

1011 1753 1089 1792 gatio
1111 1753 1266 1791 generalis.

1050 1812 1090 1833 111.
1125 1803 1214 1832 Nemo
1247 1802 1315 1840 eligi
1350 1806 1401 1832 aut
1436 1802 1547 1840 eligere
1583 1803 1688 1841 poterit
1723 1803 1753 1833 in

1014 1850 1149 1880 abbatem
1179 1851 1345 1888 generalem
1378 1854 1428 1880 aut
1460 1850 1656 1888 hegumenum
1691 1851 1753 1880 sive

1012 1899 1042 1929 in
1065 1899 1198 1929 abbatem
1223 1899 1391 1937 provinciae
1414 1904 1463 1929 aut
1485 1899 1674 1937 monasterii,
1697 1899 1753 1929 nisi

1014 1948 1132 1986 triginta
1155 1957 1248 1977 annos
1270 1947 1372 1977 saltem
1396 1947 1548 1977 inchoatos
1582 1947 1685 1977 aetatis
1707 1947 1755 1977 lia-

1013 1995 1095 2033 beat,
1120 2000 1147 2025 et
1170 1996 1226 2025 nisi
1255 2005 1304 2025 sex
1337 2004 1428 2025 annos
1461 1995 1490 2025 in
1520 1995 1755 2033 Congregatione

1013 2045 1115 2074 nostra
1141 2044 1348 2083 compleverit,
1372 2044 1547 2074 includendo
1570 2053 1661 2074 annos
1689 2053 1754 2083 pro-

1013 2091 1150 2121 bationis.

1053 2150 1091 2171 1v.
1125 2141 1156 2170 ln
1187 2140 1465 2179 congregationibus
1499 2141 1753 2179 hegumenorum,

1014 2189 1182 2229 provinciae
1204 2193 1233 2218 et
1255 2189 1445 2227 monasterii,
1475 2188 1495 2218 ii
1518 2193 1629 2219 tantum
1654 2199 1754 2219 vocem

1014 2238 1139 2268 activam
1164 2237 1283 2273 liabent,
1307 2246 1430 2276 quorum
1456 2238 1564 2267 mentio
1586 2238 1625 2267 ibi
1643 2238 1684 2267 fit.
1703 2237 1756 2266 Vo-

1015 2295 1077 2315 cem
1101 2295 1169 2316 vero
1193 2286 1338 2325 passivam
1360 2286 1390 2315 in
1414 2286 1639 2324 congregatione
1667 2294 1755 2323 gene-

1014 2334 1067 2364 rali
1090 2339 1118 2364 et
1140 2335 1374 2372 liegumenorum
1392 2334 1499 2363 habere
1519 2338 1639 2372 possunt
1655 2343 1755 2363 omnes

1016 2383 1150 2412 monachi
1187 2382 1320 2421 professi.
1358 2382 1388 2411 ln
1423 2382 1649 2420 congregatione
1686 2392 1754 2411 vero

1016 2431 1183 2471 provinciae
1208 2435 1236 2460 et
1258 2431 1502 2461 monasteriorum
1523 2431 1542 2460 ii
1560 2435 1672 2460 tantum
1695 2439 1755 2461 mo-

1015 2480 1119 2516 nachi,
1144 2480 1194 2519 qni
1227 2484 1296 2509 sunt
1328 2479 1407 2508 illius
1442 2479 1609 2517 provinciae
1637 2483 1666 2509 et
1695 2488 1755 2510 mo-

1015 2528 1147 2559 nastcrii.

1055 2585 1082 2606 v.
1108 2576 1196 2607 Nemo
1219 2580 1315 2615 potest
1337 2574 1445 2605 habere
1462 2575 1561 2615 plnres
1577 2584 1661 2606 voces
1684 2575 1755 2606 acti-
