2232 3178
457 221 524 255 704

412 283 564 317 CLXXIII.
603 281 806 315 Confirmatio
846 279 1034 314 concordiae
1069 279 1151 313 inter

501 335 773 378 archiepiscopum
811 339 841 366 et
871 332 1149 365 archimandritam

502 389 658 420 Messanae
684 386 778 420 initae
802 395 897 430 super
921 385 1053 418 diversis
1072 395 1150 428 pun-

501 440 559 472 ctis
584 438 895 478 iurisdictionalibus,
919 437 995 470 lto.

413 492 563 525 CLXXIV.
589 491 748 524 'sortiariis
772 491 897 524 Ordinis
932 490 1028 523 sancti
1059 490 1152 522 Fran-

501 544 586 585 cisci,
613 543 823 577 iurisdictioni
847 553 906 587 pro
931 548 1072 586 tempore
1093 542 1153 575 exi-

502 596 610 629 stentis
655 596 791 629 ministri
834 595 990 639 generalis
1028 594 1152 628 Ordinis

503 648 908 692 fratrum'gCapuccinorum
934 647 1091 689 subiectis,
1109 647 1150 679 in-

502 701 680 745 dulgentiae
715 701 924 734 confratribus
949 705 979 734 et
1003 710 1151 734 consoro-

503 754 589 787 ribus
613 754 646 787 B.
674 754 787 787 Mariae
811 753 850 787 de
875 754 977 787 Monte
1009 753 1153 787 Carmelo

501 817 648 842 concessa
673 807 957 847 communicantur,
989 806 1060 839 1⁶22.

416 862 551 896 CLXXV.
584 860 789 894 Confirmatio
819 860 1001 902 regularum
1027 863 1057 891 ct
1080 868 1152 891 con-

503 913 699 947 stitutionum
725 911 987 955 Congregationis
1010 921 1066 943 seu
1089 910 1153 943 cola

502 965 575 1009 legii
601 965 658 998 sub
677 965 768 998 titulo
787 964 952 997 Familiae
968 963 1042 996 Iesu
1060 963 1153 996 Clzrz'-

502 1019 556 1059 εἰτ’,
584 1029 643 1062 pro
668 1017 854 1051 educatione
878 1017 1077 1049 alumnorum
1109 1014 1154 1048 Si-

505 1071 649 1104 nensium
686 1076 716 1103 et
750 1070 899 1103 Indorum
937 1069 1033 1102 erecti
1068 1073 1154 1101 extra

506 1135 614 1158 muros
638 1123 772 1156 civitatis
796 1123 1028 1166 Neapolitanae,
1058 1120 1132 1154 4023.

415 1178 569 1212 CLXXVI.
607 1176 799 1211 Confirmato
837 1175 965 1208 decreto
1001 1175 1151 1208 Innocen-

506 1232 537 1264 tii
552 1231 600 1271 XI,
617 1240 679 1274 quo
693 1229 820 1263 Graecis
837 1229 1067 1272 cuiuscumque
1084 1237 1155 1261 con-

505 1284 633 1318 ditionis
652 1281 864 1327 prohibentur
885 1281 1152 1325 quaestuationes‚

506 1336 640 1380 singulis
665 1335 876 1368 cardinalibus
900 1334 1011 1377 legatis
1031 1337 1061 1367 et
1077 1343 1155 1366 nun-

506 1390 562 1424 ciis
586 1388 780 1433 apostoliciS,
808 1387 984 1430 ceterisque
1009 1386 1156 1420 ecclesia-

506 1454 576 1476 rum
602 1441 751 1486 praelatis
776 1440 996 1480 committitur,
1024 1440 1069 1473 eis
1094 1450 1155 1473 non

508 1501 628 1528 tantum
665 1495 784 1527 litteras
809 1493 1079 1537 quaestuationis‚
1104 1493 1156 1526 sed

508 1549 664 1594 quaesitas
700 1557 827 1592 quoque
861 1547 1010 1591 pecunias
1041 1546 1158 1580 adime-

507 1613 551 1644 re,
578 1602 653 1635 181.

419 1655 584 1691 CLXXVII.
613 1653 820 1688 Confirmatio
845 1653 962 1686 decreti
983 1652 1160 1696 Congrega-

509 1708 603 1742 tionis
628 1708 851 1752 episcoporum
885 1711 915 1739 et
939 1706 1132 1749 regularium
1148 1733 1155 1747 ‚

508 1772 572 1805 quo
596 1761 776 1794 declaratur
805 1760 902 1793 licere
925 1758 1077 1797 fratribus
1103 1758 1160 1792 Or-

508 1815 590 1848 dinis
625 1813 826 1846 Minimorum
859 1811 958 1845 sancti
1000 1811 1157 1844 Francisci

509 1868 547 1901 de
564 1868 661 1901 Paula
687 1865 950 1910 Congregationis
974 1865 1160 1909 Hispanicae

509 1920 692 1966 promoveri
723 1919 761 1952 ad
793 1920 934 1952 lauream
964 1919 1159 1952 doctoralem

509 1980 540 2009 et
564 1973 780 2017 magisterium
806 1972 837 2005 in
869 1972 1006 2016 publicis
1029 1972 1159 2005 univer-

510 2027 675 2068 sitatibus,
700 2027 732 2059 in
764 2036 836 2059 eum
868 2025 963 2058 finem
999 2025 1161 2058 dumtaxat

511 2086 545 2114 ut
568 2080 735 2113 cathedras
771 2078 915 2111 obtinere
950 2082 980 2111 et
1012 2087 1160 2111 exercere

509 2135 644 2174 valeant,
661 2133 704 2167 ita
727 2137 832 2165 tamen
855 2137 890 2164 ut
913 2131 1097 2164 huiusmodi
1117 2141 1161 2164 as-

510 2187 646 2231 sumptio
671 2196 725 2219 seu
751 2185 911 2229 promotio
929 2184 1051 2217 nullum
1076 2184 1161 2228 peni-

508 2246 557 2274 tus
582 2239 715 2283 gradum
736 2248 839 2282 neque
855 2237 981 2270 titulum
999 2247 1054 2270 seu
1070 2247 1160 2281 prae-

511 2293 684 2336 rogativam
718 2292 749 2324 in
774 2291 891 2325 Ordine
925 2290 1090 2334 praedicto
1115 2290 1162 2323 in-

513 2348 617 2388 ducat,
630 2345 684 2379 sed
702 2345 787 2379 circa
802 2343 986 2377 huiusmodi
1004 2344 1160 2387 graduum

513 2399 726 2434 exclusionem
748 2403 856 2433 exacte
872 2402 998 2431 servent
1010 2407 1090 2441 quae
1106 2408 1163 2441 per

514 2452 754 2487 constitutiones
787 2451 885 2496 ipsius
914 2450 1040 2484 Ordinis
1070 2460 1162 2494 prae-

514 2507 707 2547 scribuntur,
733 2504 808 2538 184.

425 2560 604 2595 CLXXVIII.
621 2558 825 2594 ConfirmatIO
839 2557 1097 2592 constituti0num
1109 2567 1163 2590 seu

513 2613 696 2657 regularum
708 2611 831 2655 collegii
848 2621 904 2645 seu
917 2609 1078 2645 seminarii
1094 2610 1164 2647 Cor-

996 224 1180 251 BULLARIUM
1204 224 1357 251 ROMANUM

1291 279 1358 312 sini
1382 277 1552 322 nuncupati
1576 278 1864 313 Italo-Graecorum
1890 279 1940 312 ΑΙ-

1292 331 1479 365 banensium
1516 331 1547 364 in
1579 331 1698 375 oppido
1723 331 1754 364 S.
1781 332 1940 366 Benedicti

1291 384 1330 417 de
1345 384 1454 417 Ullano
1471 384 1695 417 Bisinianensis
1707 383 1860 418 dioecesis
1875 395 1941 418 ere-

1292 438 1344 478 cti,
1374 437 1447 471 186.

1204 490 1357 524 CLXXIX.
1384 489 1534 533 Religiosi
1551 489 1811 533 Congregationis
1836 501 1942 524 mona-

1293 543 1427 577 chorum
1446 542 1702 577 Silvestrinorum
1724 542 1852 576 Ordinis
1871 554 1943 577 san-

1292 596 1332 629 cti
1358 595 1519 628 Benedicti
1540 605 1602 628 non
1616 600 1752 640 possunt
1775 605 1942 629 recurrere

1293 648 1332 681 ad
1366 647 1535 681 tribunalia
1565 647 1624 680 nisi
1649 647 1777 691 praevia
1801 648 1941 691 appella-

1294 701 1377 735 tione
1402 701 1441 734 ab
1470 700 1583 733 abbate
1615 700 1797 734 monasterii
1827 700 1865 733 ad
1888 701 1942 734 ah-

1293 753 1395 787 batem
1422 754 1613 797 generalem,
1639 751 1715 786 194.

1205 805 1344 839 CLXXX.
1371 805 1599 849 Indulgentiae,
1617 804 1693 838 alias
1711 804 1896 838 docentibus
1912 810 1943 838 et

1294 859 1407 892 adultis
1444 858 1636 892 discentibus
1671 857 1847 891 doctrinam
1882 857 1943 890 cri-

1294 911 1426 944 stianam
1452 911 1484 944 in
1509 911 1592 944 Urbe
1609 921 1645 944 ac
1665 910 1753 944 Italia
1771 908 1944 955 insulisque

1295 964 1510 998 adiacentibus
1528 974 1706 1005 concessae,
1726 964 1763 996 ad
1780 963 1944 997 universos

1295 1018 1516 1052 christifideles
1563 1018 1757 1061 ubicumque
1799 1016 1943 1050 locorum

1296 1071 1463 1105 existentes
1488 1071 1707 1112 extenduntur,
1733 1069 1809 1103 195.

1207 1123 1358 1157 CLXXXI,
1386 1124 1431 1157 Ne
1466 1124 1505 1157 de
1536 1128 1641 1156 cetero
1675 1123 1788 1156 fratres
1819 1121 1944 1156 Ordinis

1295 1176 1450 1210 Minorum
1476 1176 1576 1209 sancti
1600 1175 1759 1209 Francisci
1776 1175 1945 1219 Capuccini

1296 1229 1326 1261 in
1351 1230 1521 1273 provinciis
1538 1229 1646 1262 Italiae
1663 1229 1807 1273 deputari
1825 1229 1946 1262 valeant

1298 1283 1328 1315 in
1363 1282 1571 1316 confessarios
1604 1283 1782 1316 ordinarios
1818 1281 1942 1316 monia-

1296 1335 1373 1368 lium
1398 1336 1437 1368 ab
1462 1335 1620 1379 episcopis
1644 1346 1699 1368 seu
1724 1335 1867 1368 locorum
1889 1334 1945 1368 Or-

1296 1388 1426 1421 dinariis
1450 1393 1546 1430 cavet,
1572 1387 1646 1421 197.

1209 1441 1375 1475 CLXXXII.
1394 1441 1518 1474 Erectio
1536 1440 1802 1474 confraternitatis
1819 1441 1878 1474 sub
1898 1441 1947 1475 de—

1296 1495 1511 1528 nominatione
1535 1500 1660 1528 sanctac
1683 1494 1869 1529 Catliarinae
1896 1506 1948 1529 na-

1298 1547 1393 1581 tionis
1425 1547 1610 1581 Scnensium
1636 1548 1667 1580 in
1691 1548 1776 1581 Urbe
1808 1558 1948 1582 commo-

1298 1600 1434 1634 rantium
1472 1600 1504 1632 in
1539 1600 1944 1642 archiconl‘raternitatem,

1298 1664 1368 1686 cum
1394 1654 1542 1686 facultate
1565 1653 1771 1696 aggregandi,
1788 1657 1846 1687 etc.
1873 1652 1947 1687 198.

1211 1706 1395 1741 CLXXXIII.
1423 1706 1617 1750 Approbatio
1642 1712 1670 1739 et
1693 1706 1859 1740 ratificatio
1883 1717 1950 1741 sen-

1300 1760 1414 1793 tentiae
1439 1759 1730 1793 commissariorum
1760 1759 1948 1803 apostolico-

1299 1823 1370 1846 rum
1395 1816 1426 1847 et
1441 1813 1525 1855 regis
1542 1812 1796 1846 christianissimi
1812 1812 1862 1846 die
1876 1823 1949 1847 xxlx

1300 1866 1373 1899 maii
1398 1866 1536 1910 proximi
1571 1865 1714 1909 preteriti
1750 1866 1830 1898 latae
1854 1876 1949 1910 super

1301 1919 1488 1963 quibusdam
1514 1918 1738 1952 controversiis
1763 1918 1877 1951 civitati
1895 1918 1950 1952 Ca-

1300 1971 1461 2005 vallicensi
1496 1981 1556 2016 pro
1594 1976 1683 2015 parte
1720 1971 1948 2005 nonnullorum

1300 2025 1499 2058 subditorum
1516 2025 1656 2058 eiusdem
1674 2024 1758 2067 regis
1776 2024 1870 2058 motis
1889 2025 1950 2058 cir-

1299 2088 1335 2111 ca
1354 2078 1580 2111 derivationem
1605 2087 1759 2120 aquarum
1785 2087 1802 2110 e
1819 2077 1950 2111 flumine

1299 2130 1477 2170 Druentiae,
1502 2129 1578 2164 199.

1212 2181 1392 2215 CLXXXIV.
1420 2179 1638 2223 Indulgentiae
1661 2190 1720 2224 pro
1745 2180 1950 2216 recitantibus

1302 2234 1360 2267 sub
1385 2234 1498 2267 horam
1528 2233 1629 2267 noctis
1657 2233 1696 2266 ad
1719 2234 1846 2278 pulsum
1870 2245 1951 2268 cam-

1300 2297 1401 2332 panae
1432 2287 1589 2331 psalmum
1613 2287 1660 2321 De
1680 2287 1878 2331 profundis,
1902 2288 1951 2322 vel

1301 2342 1398 2376 semel
1423 2341 1600 2375 orationem
1625 2342 1817 2376 dominicam
1841 2347 1872 2376 et
1902 2353 1952 2377 sa-

1300 2395 1485 2429 lutationem
1505 2395 1682 2438 angelicam
1707 2406 1779 2429 cum
1793 2396 1950 2430 versiculo

1301 2449 1455 2494 Requiem
1480 2453 1654 2490 aeternam,
1680 2453 1759 2492 etc.,
1784 2448 1861 2482 ⁶201.

1214 2503 1375 2538 CLXXXV.
1386 2501 1589 2537 Confirmatio
1603 2502 1709 2536 Brevis
1719 2502 1876 2536 Benedicti
1886 2501 1953 2536 XIII

1303 2565 1399 2600 super
1423 2555 1635 2590 declaratione
1666 2556 1752 2600 quod
1775 2555 1951 2589 institutum

1303 2608 1560 2653 Congregationis
1595 2608 1805 2653 Portugalliae
1843 2617 1952 2643 mona-
