2232 3178
66 216 114 243 An.
132 215 162 242 C.
184 214 253 243 1740

259 263 297 296 tis
323 263 472 304 narratis,
501 264 541 297 ad
561 263 710 297 evitanda
726 263 869 308 exposita
887 263 999 297 incon-

261 316 441 357 venientia,
467 328 503 350 ac
528 316 599 350 aliis
625 317 718 350 iustis
745 317 783 350 de
810 317 916 350 causis
933 343 940 357 ,
966 322 1000 349 ut

260 369 291 402 in
318 369 460 401 futurum
485 369 564 402 nulli
590 369 717 402 Ordinis
744 369 930 402 huiusmodi
952 380 1000 402 rc-

259 421 378 464 ligioso
412 422 576 464 professo,
602 421 698 455 etiam
735 423 794 455 sub
831 427 999 464 praetextu

260 473 410 507 arctioris
437 474 528 514 vitae,
554 484 610 507 seu
636 474 750 517 quovis
771 474 833 507 alio
852 474 999 517 quaesito

262 527 364 568 titulo,
382 527 476 560 liceat
497 527 536 560 ad
555 538 794 570 quamcumque
814 527 908 560 aliam
927 527 1000 559 reli-

261 579 392 622 gionem
418 580 660 623 quantumlibet
685 580 881 613 strictiorem
901 586 1001 612 trans-

261 633 307 666 ire
323 659 330 673 ,
369 633 429 664 nisi
469 632 560 675 prius
600 632 633 664 in
673 633 770 676 pleno
812 632 1000 665 delinitorio

262 684 425 718 licentiam
452 685 640 717 transeundi
666 685 840 728 petierint,
866 695 1000 728 eamque

262 748 320 781 per
344 737 500 770 maiorem
526 742 652 780 partem
674 736 899 780 suffragiorum
923 738 1002 770 savo-

260 790 410 823 rabilium
429 789 572 832 legitime
589 789 805 829 obtinuerint;
824 800 859 822 ac
876 791 1000 824 nullum

262 848 293 876 et
318 842 412 875 inane
438 842 595 886 quidquid
622 853 713 875 secus
739 847 864 885 gestum
893 843 1000 884 suerit,

261 895 441 940 apostolica
466 895 676 936 auctoritate,
705 900 818 929 tenore
850 906 1003 940 praesen-

262 949 353 989 tium,
369 948 593 982 decernimus:
608 948 827 991 cognitionem
842 959 917 983 vero
935 960 1004 982 cau-

265 1013 373 1036 sarum
398 1007 646 1046 praetensorum
672 1003 893 1046 gravaminum
928 1013 1003 1046 pro-

265 1060 335 1098 pter
360 1055 605 1097 denegationem
630 1055 818 1098 praedictae
853 1056 1003 1089 licentiae

265 1109 388 1141 eisdem
401 1108 618 1141 cardinalibus
627 1108 721 1141 etiam
732 1108 885 1151 privative
896 1109 1002 1152 quoad

263 1161 344 1194 alios
377 1171 597 1204 quoscumque
630 1160 771 1200 iudices,
801 1161 1003 1204 quantumvis

262 1214 415 1258 specifica
451 1220 483 1247 et
516 1214 748 1257 specialissima
773 1214 935 1247 mentione
961 1214 1004 1246 di-

262 1278 346 1310 gnos
367 1295 374 1308 ,
400 1277 572 1300 avocamus
611 1270 642 1300 et
683 1277 900 1300 reservamus.
933 1266 1003 1300 Non

261 1320 464 1354 obstantibus
474 1319 764 1353 constitutionibus
780 1325 811 1353 et
824 1320 1003 1353 ordinatio-

261 1374 357 1406 nibus
382 1373 585 1417 apostolicis,
600 1384 637 1405 ac
652 1372 727 1405 dicti
742 1372 882 1412 Ordinis,
906 1373 1003 1406 etiam

262 1428 454 1467 iuramento,
480 1425 725 1459 confirmatione
747 1425 934 1470 apostolica,
952 1427 1002 1460 vel

262 1479 372 1523 quavis
398 1478 550 1512 firmitate
580 1480 642 1512 alia
666 1479 849 1521 roboratis,
875 1479 1003 1511 statutis

262 1538 294 1566 et
318 1531 622 1573 consuetudinibus,
649 1532 831 1575 privilegiis
857 1542 1000 1575 quoque,

261 1586 396 1619 indultis
418 1590 450 1618 et
474 1584 589 1618 litteris
614 1585 803 1628 apostolicis
820 1584 852 1617 in
874 1590 1003 1618 contra-

261 1638 345 1671 rium
372 1638 623 1682 praemissorum
651 1637 901 1681 quomodolibet
926 1648 1003 1670 con-

261 1692 371 1732 cessis,
398 1690 598 1725 confirmatis
620 1696 651 1724 et
675 1691 859 1731 innovatis;
887 1691 1003 1734 quibus

262 1744 414 1778 omnibus
447 1750 477 1777 et
512 1745 667 1787 singulis,
705 1744 836 1777 illorum
872 1750 1002 1777 tenores

262 1798 489 1842 praesentibus
519 1807 580 1840 pro
616 1799 713 1840 plene
737 1802 769 1829 et
804 1796 1004 1830 sufficienter

262 1851 426 1895 expressis
463 1861 498 1884 ac
524 1851 564 1884 de
597 1852 696 1884 verbo
723 1851 761 1883 ad
793 1851 925 1884 verbum
957 1850 1002 1882 in-

262 1905 355 1938 sertis
380 1905 561 1944 habentes,
588 1905 653 1938 illis
686 1905 765 1938 alias
797 1904 829 1937 in
867 1915 926 1937 suo
951 1915 1004 1938 ro-

262 1959 342 1992 bore
380 1957 630 2002 permansuris,
669 1958 707 1991 ad
748 1958 1003 2002 praemissorum

263 2012 413 2046 effectum
430 2040 437 2054 ‚
464 2012 527 2045 hac
551 2012 619 2045 vice
655 2012 835 2052 dumtaxat,
878 2012 1003 2056 specia-

262 2066 337 2100 liter
362 2070 392 2099 et
409 2075 560 2109 expresse
579 2065 794 2109 derogamus;
819 2065 1003 2109 ceterisque

263 2118 433 2153 contrariis
459 2118 729 2162 quibuscumque.

299 2180 396 2207 Datum
412 2179 523 2212 Romae,
539 2179 611 2215 apud
631 2180 658 2206 S.
675 2179 785 2206 Mariam
800 2179 937 2213 Maiorem,
953 2180 1003 2207 sub

264 2224 366 2252 annulo
388 2224 541 2259 piscatoris,
558 2224 602 2251 die
621 2230 682 2251 xvtu
702 2224 793 2251 martii
813 2231 920 2257 mncmx,
937 2232 1002 2260 pon-

265 2270 381 2297 tificatus
401 2269 486 2296 nostri
507 2277 578 2296 anno
598 2275 623 2296 ιν
643 2280 669 2295 ».

71 2339 253 2392 Brovgtuffisssgi
310 2332 325 2375 ἓ
350 2331 381 2364 2.
409 2331 566 2370 QuonIam
592 2335 695 2365 autem
722 2332 830 2365 dilecti
855 2331 909 2364 filii
935 2342 1004 2365 mo-

72 2376 359 2439 {g”‘⁵'¹-¹²¹B⁸7“,'¹—:de¹'¹¹i
386 2384 533 2417 minister
557 2385 778 2427 provincialis,
806 2385 955 2418 custodes
973 2390 1004 2418 et

72 2425 165 2482 maiixii,
183 2425 256 2492 :iiiiii
267 2437 453 2470 definitores
479 2437 664 2480 provinciae
690 2437 790 2470 sancti
816 2437 944 2470 Antonii
970 2437 1003 2469 in

72 2477 216 2498 'mmmm'
268 2490 402 2524 Brasilia
426 2489 572 2523 eiusdem
599 2489 727 2523 Ordinis
754 2490 888 2522 fratrum
908 2490 1004 2523 Mino-

267 2554 339 2576 rum
375 2543 476 2576 sancti
513 2543 674 2576 Francisci
716 2544 755 2576 de
794 2543 1004 2576 observantia

266 2597 532 2632 Excalceatorum
558 2601 817 2640 nuncupatorum
836 2596 930 2630 nobis
950 2606 1004 2630 nu-

862 215 1006 240 CLEMENS
1032 215 1074 239 xll
1098 215 1146 240 Pr.

1685 203 1749 239 663
1796 212 1890 240 Aac.
1910 213 1977 240 1740

1041 274 1098 307 per
1123 263 1241 307 exponi
1266 262 1420 304 fecerunt,
1448 263 1509 307 ipsi
1535 263 1658 297 litteras
1684 273 1779 306 prae·

1042 317 1141 351 dictas
1166 317 1204 350 ad
1222 317 1407 350 huiusmodi
1426 316 1624 360 provinciam
1642 327 1701 361 per
1719 327 1779 350 nos

1043 370 1172 404 extendi
1199 371 1374 414 plurimum
1400 369 1629 403 desiderent¹t

1087 423 1158 466 ἓῧ.
1190 424 1265 464 Nos,
1291 424 1353 467 piis
1390 424 1576 457 eorumdem
1614 433 1781 467 exponen-
1817 434 1977 468 Canen—«lutule-

1045 476 1123 509 tium
1145 477 1226 510 votis
1254 477 1313 510 bac
1339 477 1370 509 in
1397 487 1440 515 re,
1462 480 1615 520 quantum
1632 487 1703 510 cum
1722 477 1784 509 Do·
1794 466 1860 481 '¹¹⁰³’

1044 530 1131 563 mino
1156 540 1340 573 possumus,
1358 529 1498 570 benigne
1516 540 1658 562 annuere
1676 531 1784 563 volen-

1044 586 1099 620 tes,
1126 593 1161 614 ac
1179 592 1290 614 eorum
1306 582 1490 625 singulares
1501 592 1661 625 personas
1679 593 1696 615 a
1711 582 1783 625 qui-

1044 635 1152 668 busvis
1172 635 1534 675 excommunicationis,
1561 635 1785 678 suspensionis

1046 687 1268 726 etinterdicti,
1295 688 1435 730 aliisque
1462 687 1692 720 ecclesiasticis
1717 698 1786 720 sen-

1047 741 1168 783 tentiiS,
1181 742 1328 775 censuris
1348 747 1378 775 et
1396 741 1525 785 poenis,
1547 754 1564 774 a
1582 742 1650 775 iure
1668 743 1716 775 vel
1743 743 1782 774 ab

1047 794 1192 835 bomine,
1205 794 1319 837 quavis
1341 795 1509 827 occasione
1523 795 1570 827 vel
1587 796 1684 828 causa
1699 795 1784 836 latis,

1046 848 1071 879 si
1097 848 1213 891 quibus
1231 847 1482 891 quomodolibet
1514 848 1689 881 innodatae
1719 848 1785 881 exi-

1047 905 1148 941 stunt,
1162 901 1199 934 ad
1212 900 1360 934 effectum
1375 901 1598 944 praesentium
1623 901 1788 934 dumtaxat

1046 953 1325 996 consequendum,
1344 954 1458 987 harum
1476 954 1560 987 serie
1579 953 1787 987 absolventes

1048 1011 1078 1040 et
1103 1007 1266 1040 absolutas
1291 1007 1358 1040 sore
1379 1013 1559 1047 censentes,
1578 1007 1788 1051 supplicatio-

1047 1059 1143 1092 nibus
1166 1069 1280 1092 eorum
1304 1059 1436 1092 nomine
1461 1060 1554 1092 nohis
1591 1070 1688 1103 super
1725 1061 1789 1093 hoc

1048 1111 1215 1144 humiliter
1239 1112 1397 1155 porrectis
1423 1112 1580 1151 inclinati,
1606 1113 1789 1156 praeinser-

1048 1171 1093 1197 tas
1118 1165 1290 1198 memorati
1315 1165 1494 1197 Alexandri
1522 1166 1789 1208 praedecessoris

1048 1218 1174 1251 litteras
1192 1245 1200 1257 ,
1241 1218 1415 1261 omniaque
1456 1219 1488 1250 in
1529 1219 1592 1251 illis
1635 1219 1790 1262 disposita

1047 1272 1154 1315 quoad
1180 1271 1365 1315 provincias
1390 1271 1437 1304 Ss.
1465 1272 1593 1304 loannis
1623 1272 1789 1315 Baptistae

1048 1329 1078 1357 et
1103 1324 1234 1368 Iosepbi
1270 1324 1346 1357 dicti
1373 1324 1503 1357 Ordinis
1530 1335 1706 1368 regnorum
1731 1325 1789 1358 Hi-

1047 1377 1245 1420 spaniarum,
1265 1377 1303 1409 ad
1325 1377 1524 1420 provinciam
1546 1377 1577 1411 S.
1602 1378 1732 1411 Antonii
1755 1378 1788 1411 in

1047 1430 1181 1464 Brasilia
1219 1430 1366 1463 eiusdem
1403 1430 1558 1473 Ordinis,
1596 1431 1788 1464 auctoritate

1047 1483 1239 1527 apostolica,
1258 1488 1372 1517 tenore
1392 1483 1628 1526 praesentium,
1647 1484 1789 1518 extendi-

1047 1547 1116 1570 mus
1142 1536 1265 1580 pariter
1290 1541 1322 1570 et
1347 1537 1552 1580 ampliamus.

1090 1591 1105 1633 ξ
1129 1590 1160 1623 4.
1188 1590 1416 1630 DecernenteS,
1441 1590 1569 1624 easdem
1597 1596 1788 1634 praesentes
1828 1601 1927 1621 ruunt-³⁸
1943 1600 1984 1620 ha-

1048 1643 1175 1676 litteras
1194 1654 1327 1686 semper
1352 1643 1470 1684 firmas,
1502 1643 1622 1677 validas
1655 1649 1687 1677 et
1723 1628 1982 1677 effi-¹⁰⁰¹¹¹“⁰¹³m¹¹¹'

1047 1706 1138 1729 caces
1164 1696 1303 1729 existere
1337 1701 1368 1729 et
1394 1696 1481 1736 fore,
1509 1707 1653 1740 suosque
1678 1698 1790 1740 plena-

1048 1749 1112 1781 rios
1133 1754 1165 1782 et
1182 1749 1327 1792 integros
1353 1748 1487 1782 effectus
1515 1749 1626 1783 sortiri
1653 1755 1684 1783 et
1708 1750 1790 1783 obti-

1047 1811 1137 1842 nere,
1154 1811 1190 1834 ac
1203 1801 1278 1840 illis,
1294 1802 1333 1834 ad
1351 1812 1433 1844 quos
1449 1807 1573 1845 spectat
1590 1807 1622 1835 et
1638 1813 1696 1845 pro
1715 1808 1790 1835 tem-

1048 1864 1129 1897 pore
1147 1854 1315 1897 spectabit,
1336 1854 1368 1886 in
1394 1854 1545 1887 omnibus
1563 1860 1594 1887 et
1611 1865 1669 1898 per
1683 1855 1790 1889 omnia

1047 1907 1238 1950 plenissime
1256 1907 1437 1950 suffragari,
1449 1913 1479 1940 et
1491 1908 1530 1940 ab
1543 1908 1589 1940 eis
1601 1908 1791 1942 inviolabili-

1048 1965 1096 1993 ter
1109 1959 1295 2000 observari,
1329 1960 1442 2004 sicque
1468 1961 1499 1993 in
1525 1961 1715 2004 praemissis
1731 1971 1790 2004 per

1048 2023 1276 2057 quoscumque
1296 2013 1419 2046 iudices
1430 2013 1612 2047 ordinarios
1622 2014 1791 2057 etdelega-

1049 2071 1119 2106 tos,
1147 2066 1243 2100 etiam
1280 2076 1451 2100 causarum
1477 2067 1586 2110 palatii
1617 2067 1787 2110 apostolici

1047 2119 1232 2160 auditores,
1259 2119 1395 2153 iudicari
1429 2124 1462 2153 et
1496 2119 1624 2153 definiri
1651 2120 1787 2161 debere,

1047 2184 1084 2207 ac
1109 2173 1239 2206 irritum
1266 2179 1297 2207 et
1321 2173 1418 2207 inane
1447 2174 1474 2206 si
1499 2184 1592 2207 secus
1617 2185 1715 2218 super
1740 2174 1789 2207 his

1047 2239 1064 2260 a
1089 2237 1268 2271 quoquam,
1286 2229 1396 2270 quavis
1419 2228 1627 2267 auctoritate,
1649 2228 1789 2261 scienter

1046 2281 1096 2313 vel
1122 2281 1330 2322 ignoranter,
1359 2280 1532 2322 contigerit
1556 2280 1718 2314 attentari.

1090 2334 1104 2377 ἓ
1130 2333 1161 2366 5.
1193 2332 1263 2366 Non
1289 2333 1496 2366 obstantibus
1521 2333 1727 2376 praemissis,
1754 2344 1790 2367 ac

1047 2386 1331 2419 constitutionibus
1356 2391 1387 2418 ct
1418 2385 1677 2418 ordinationibus
1714 2396 1790 2429 apo-

1047 2439 1188 2478 stolicis,
1222 2448 1349 2471 necnon
1383 2437 1566 2480 provinciae
1591 2438 1622 2470 S.
1659 2439 1790 2472 Antonii

1046 2501 1082 2523 ac
1106 2490 1233 2524 Ordinis
1259 2490 1459 2529 huiusmodi,
1481 2490 1575 2523 ctiam
1594 2490 1788 2532 iuramento,

1047 2544 1293 2577 confirmatione
1319 2541 1507 2586 apostolica,
1527 2544 1575 2576 vel
1597 2543 1707 2587 quavis
1739 2544 1791 2577 sir-

1084 2608 1093 2634 1
1117 2606 1179 2634 Edit
1200 2606 1280 2634 Main.
1303 2604 1384 2633 habet
1405 2605 1567 2634 desiderant
1586 2605 1624 2641 (n.
1642 2606 1690 2642 τ,).

1868 2339 1986 2363 Dei-offano

1800 2368 1964 2387 contrariorum.
