2232 3178
255 254 291 279 An
324 254 351 280 C.
378 253 442 279 ¹720

489 245 552 277 516

445 302 526 331 cialis
559 305 586 331 et
611 301 778 340 provincia,
802 301 994 331 missionariis
1026 300 1182 340 praedictis

445 349 479 379 de
502 351 627 387 congrua
647 350 869 386 sustentatione,
897 353 955 379 tum
973 353 1000 378 et
1016 349 1050 379 de
1067 349 1183 388 suppel-

443 398 531 426 lectili
555 397 676 436 aliisque
699 397 872 427 necessariis
904 397 938 426 ad
965 407 1046 427 usum
1070 397 1181 434 sacelli,

444 446 484 475 sic
501 450 530 474 nt
547 455 599 475 nec
616 446 711 483 nobis,
733 447 739 462 ¹
757 446 923 484 provinciae
946 449 1075 483 nostrae,
1093 446 1136 475 vel
1155 450 1183 475 et

443 494 567 523 subditis
590 494 660 532 ipsis
694 493 729 522 de
752 494 885 529 districtu
910 494 1057 523 missionis
1071 495 1182 533 Capac-

443 543 574 571 rinorum
611 544 680 571 liant
702 544 842 579 onerosi,
865 543 953 581 lignis
976 543 1010 572 ab
1033 543 1099 581 igne
1123 547 1182 572 tan-

444 589 591 618 tummodo
614 590 752 628 demptis,
776 599 849 628 quae
873 600 925 620 nos
948 595 975 620 et
999 600 1182 621 successores

442 638 533 667 nostri
558 640 704 677 perpetuis
726 638 832 667 suturis
850 639 1031 677 temporibus
1047 639 1081 668 ad
1098 649 1180 669 usum

442 690 470 715 et
492 687 697 715 necessitatem
719 687 866 717 missionis
882 688 983 717 domus
1002 688 1181 726 suppeditari

443 734 657 764 mandabimus.

482 792 508 812 v.
533 783 755 821 Designabimus
778 784 848 823 ipsis
870 785 904 814 ad
931 785 1129 824 peragendum
1153 795 1182 814 a-

442 832 600 871 postolicae
623 833 770 862 missionis
793 833 920 862 osticium
951 837 1039 863 totam
1072 834 1182 872 praese-

441 885 554 909 cturam
572 880 761 910 Woiffensem
785 890 849 910 cum
875 881 1019 911 adiacenti
1044 883 1181 921 praetura

442 929 470 958 in
484 929 720 965 Biss-hoffhoven,
736 930 948 968 praefecturam
966 931 994 960 in
1009 930 1180 960 Abbatenau

442 987 506 1006 cum
530 977 580 1006 illa
609 978 644 1007 de
667 977 859 1017 Gollingqua,
890 980 971 1018 qua.2
998 979 1050 1009 hae
1081 988 1181 1009 omnes

441 1026 498 1055 late
522 1030 622 1065 patent
645 1026 739 1065 quoad
765 1028 954 1066 temporalem
986 1037 1036 1066 per
1059 1037 1112 1057 nos
1135 1037 1182 1056 eo-

441 1083 505 1103 rum
529 1074 682 1113 praefectis
705 1074 868 1113 delegatam
891 1076 1139 1105 iurisdictionem.

481 1131 518 1152 vi.
543 1122 613 1158 Quia
637 1132 704 1152 vero
726 1124 903 1154 missionarii
927 1125 982 1164 ipsi
1015 1129 1072 1154 tam
1090 1125 1180 1154 latum

441 1172 583 1210 longeque
599 1171 731 1201 dissitum
748 1173 914 1202 districtum
931 1182 1086 1212 peragrare
1105 1173 1179 1202 haud

442 1225 573 1259 possent,
591 1221 613 1249 si
631 1225 821 1251 excurrentes
838 1222 1031 1251 necessariis3
1047 1222 1081 1250 ad
1104 1231 1134 1251 se
1150 1231 1180 1251 se

441 1268 559 1297 alendos
582 1269 713 1307 pecuniis
735 1279 791 1298 non
816 1270 924 1299 fuerint
944 1270 1092 1307 instructi,
1112 1270 1179 1299 hinc

440 1317 623 1354 assignamus
647 1322 823 1348 memoratae
846 1318 944 1348 domui
967 1319 1114 1348 missionis
1130 1328 1182 1348 an-

441 1374 515 1394 nuos
549 1366 676 1395 florenos
707 1371 823 1395 centum
847 1376 881 1396 ex
905 1367 1022 1405 capitali
1055 1367 1180 1397 statibus

441 1414 609 1452 provinciae
632 1424 646 1443 a
670 1417 783 1444 secret-5.
805 1415 995 1455 deputatione
1019 1417 1121 1446 nostra
1143 1426 1180 1445 ex

441 1463 558 1493 mulctis
582 1464 736 1494 haereticis
774 1465 817 1494 vel
841 1465 875 1494 de
898 1465 1012 1494 haeresi
1035 1465 1179 1504 suspectis

440 1511 582 1542 hactenus
605 1512 721 1542 indictis
737 1513 872 1551 conflato,
890 1517 918 1542 et
940 1513 974 1542 ad
998 1513 1179 1552 quincunces

440 1570 556 1599 usuras,
574 1571 638 1591 cum
656 1561 820 1591 omnimoda
844 1561 1029 1591 immunitate
1047 1561 1082 1591 ah
1101 1562 1180 1591 omni

441 1609 650 1646 decimatione,
674 1612 788 1647 staura,
819 1610 910 1640 aliove
942 1610 1128 1648 excogitabili
1151 1620 1179 1640 o-

440 1668 510 1688 nere
533 1658 604 1688 reali
628 1662 678 1688 aut
703 1659 871 1698 personali,
896 1659 1025 1695 elocato;
1051 1659 1179 1689 volentes

441 1705 563 1744 insuper
585 1709 612 1734 et
635 1704 806 1734 mandantes
821 1729 828 1743 ‚
852 1709 942 1744 utque
965 1706 1106 1735 hactenus
1130 1715 1180 1744 per

440 1753 667 1792 inquisitiones,
692 1762 742 1792 per
764 1753 996 1792 Capuccinorum
1027 1754 1179 1784 missiones

441 1802 530 1830 factas
553 1801 582 1830 in
606 1801 798 1840 praefecturis
820 1801 950 1832 Werlsen
978 1807 1006 1832 et
1029 1803 1178 1839 Radstatt,

441 1853 500 1878 tum
536 1854 563 1879 et
596 1849 625 1878 in
659 1849 857 1888 praefecturas
879 1849 1019 1888 Wagrain
1053 1850 1179 1880 indictae

440 1898 570 1936 suerunt,
588 1898 717 1927 nondum
740 1902 837 1928 tamen
860 1903 987 1932 exactae,
1006 1899 1050 1928 vel
1066 1899 1100 1928 ad
1117 1908 1179 1928 cas-

440 1955 501 1976 sam
525 1946 672 1976 missionis
697 1947 894 1985 transmissae,
917 1951 966 1977 aut
988 1956 1061 1986 quae
1084 1947 1113 1976 in
1136 1947 1179 1977 su-

441 1998 539 2024 turum
561 1995 749 2025 dictabuntur
771 1996 959 2034 pecuniariae
990 2005 1100 2035 poenae
1129 1996 1180 2026 ad-

441 2053 542 2073 versus
565 2043 697 2074 subditos
721 2044 853 2075 missioni
875 2054 977 2074 eorum
1000 2044 1178 2083 commissos,

441 2101 494 2131 per
527 2093 683 2131 praefatam
718 2097 858 2122 secretam
888 2093 1106 2132 deputationem
1129 2102 1179 2123 no-

441 2146 530 2171 stram
565 2146 722 2181 eparentur
737 2166 744 2180 ,
778 2142 940 2181 denturque
963 2142 1126 2172 successive
1149 2143 1178 2172 in

441 2190 471 2218 in
489 2200 620 2229 censum,
639 2195 670 2220 ut
686 2200 784 2230 supra,
802 2200 867 2221 eum
884 2191 1014 2230 praecise
1031 2192 1060 2221 in
1078 2191 1177 2230 finem,

441 2243 473 2268 ut
495 2239 594 2269 domui
617 2239 765 2269 missionis
788 2240 965 2278 praedictae,
986 2240 1021 2270 ad
1044 2249 1129 2270 usum
1151 2244 1179 2270 et

441 2287 576 2317 effectum
599 2288 634 2317 de
656 2287 762 2327 quibus
786 2288 977 2326 praemissum
1001 2293 1065 2326 est,
1090 2288 1179 2318 annui

442 2336 544 2365 ssoreni
577 2335 701 2365 biscenti
734 2345 771 2365 ex
800 2336 990 2366 decurrendis
1012 2336 1110 2366 usuris
1132 2346 1180 2366 va-

442 2385 521 2414 leant
543 2384 626 2414 titulo
648 2385 851 2423 eleemosynae
875 2385 1012 2424 persolvi,
1037 2384 1086 2414 ubi
1111 2389 1180 2415 tem-

442 2433 521 2472 poris
553 2437 645 2463 tractu
680 2443 748 2463 mox
783 2437 962 2463 memoratae
984 2433 1128 2471 indictae,
1152 2438 1180 2464 et

478 2503 488 2526 4
512 2500 626 2527 Videtur
645 2500 799 2527 addendum
818 2509 869 2526 nec
890 2501 927 2534 (u.
943 2501 993 2534 Τ.).

476 2544 493 2571 2
512 2545 613 2571 Yocem
633 2545 691 2579 quet
711 2552 759 2571 nos
779 2543 905 2571 addimus
923 2546 962 2578 (n.
979 2546 1027 2577 1.).

475 2589 492 2616 3
512 2588 582 2615 Edit.
604 2588 685 2615 Main.
706 2588 789 2617 habet
807 2588 965 2617 necessarii
984 2596 1033 2624 pro
1053 2595 1180 2617 necessa-

441 2633 494 2662 riis
514 2635 554 2668 (R.
568 2634 617 2668 r).

1022 253 1202 277 BULLARIUM
1229 252 1386 277 Romnum

1225 310 1284 330 non
1302 305 1432 338 exactae,
1450 300 1494 330 vel
1511 301 1681 331 indicendae
1696 302 1725 331 in
1742 302 1872 332 futurum
1890 301 1964 331 mul-

1225 353 1288 378 ctae
1310 349 1389 379 aliud
1408 349 1530 389 capitale
1547 349 1724 380 florenorum
1740 350 1785 380 bis
1802 350 1880 380 mille
1895 360 1962 380 con-

1226 396 1346 427 flabunt.

1264 454 1312 475 vn.
1337 446 1418 481 Quod
1441 455 1509 476 vero
1532 446 1672 485 ipsosmet
1695 451 1791 486 patres
1810 447 1964 477 missiona-

1225 495 1282 524 rios
1305 496 1431 533 attinet,
1456 495 1720 534 praesentabuntur
1741 495 1825 526 nobis
1848 505 1963 535 semper

1226 546 1286 572 tum
1313 552 1391 572 nunc
1424 547 1483 572 tum
1517 547 1545 573 et
1577 544 1748 574 successivis
1783 544 1963 583 temporibus

1225 591 1397 629 designandi
1420 601 1434 620 a
1459 596 1539 630 patre
1573 593 1744 631 provinciali
1766 602 1889 627 eorum;
1913 592 1963 622 ubi

1225 649 1294 668 vero
1317 640 1351 669 ad
1376 640 1528 669 missiones
1557 645 1672 670 nostras
1701 641 1811 670 fuerint
1842 640 1877 670 ab
1910 641 1963 670 hoc

1224 688 1314 717 semel
1337 688 1442 718 delecti
1465 687 1667 727 ablegatique,
1691 693 1719 718 et
1741 698 1755 718 a
1779 688 1862 719 nobis
1884 698 1965 719 rece-

1225 737 1265 775 pti
1287 742 1314 766 et
1336 736 1500 775 approbati,
1524 737 1672 775 integrum
1695 737 1738 767 illi
1760 737 1837 767 haud
1859 737 1896 767 sit
1914 747 1964 767 eos

1225 784 1310 814 aliter
1333 794 1469 814 amovere
1492 790 1520 815 et
1543 795 1676 823 avocare,
1695 795 1780 825 quarn
1800 789 1828 815 et
1850 790 1964 815 servato

1224 833 1327 862 ordine
1349 837 1376 862 et
1400 833 1504 869 forma,
1524 837 1554 863 ut
1574 834 1617 863 vel
1640 843 1715 864 unns
1731 834 1832 863 saltem
1849 843 1965 873 semper

1224 881 1308 917 adsit,
1332 882 1381 921 qui
1404 882 1460 911 iam
1485 891 1536 920 per
1559 882 1705 920 integrum
1722 882 1875 911 biennium
1895 882 1965 912 mis—

1224 930 1344 959 sionarii
1379 930 1408 959 in
1442 930 1526 960 domo
1559 931 1707 970 praedicta
1729 930 1857 960 Werffen
1880 939 1963 960 exer-

1224 979 1318 1008 cuerit
1340 988 1458 1016 munuS,
1482 978 1622 1008 habentes
1645 979 1826 1009 subditorum
1845 988 1964 1018 perspe-

1224 1031 1285 1057 ctos
1308 1036 1404 1057 mores
1418 1050 1425 1064 ,
1449 1027 1544 1066 sitque
1567 1028 1596 1057 in
1618 1037 1649 1057 re
1671 1028 1844 1058 missionum
1867 1037 1964 1058 versa-

1225 1079 1281 1113 tus,
1300 1079 1328 1105 et
1346 1076 1438 1104 valeat
1462 1075 1608 1105 instruere
1630 1077 1745 1106 noviter
1763 1076 1962 1106 advenientes.

1264 1132 1322 1153 vin.
1356 1124 1447 1153 Erunt
1480 1128 1577 1153 autem
1612 1124 1677 1161 isti,
1702 1133 1767 1154 cum
1795 1125 1856 1164 ipsa
1880 1124 1964 1154 domo

1224 1172 1391 1210 missionis,
1416 1172 1511 1210 quoad
1533 1181 1564 1201 ea
1588 1181 1662 1211 quae
1686 1172 1833 1202 missionis
1857 1181 1964 1202 munus

1224 1224 1427 1258 concernunt,
1459 1220 1488 1249 in
1511 1229 1597 1249 omne
1620 1230 1721 1250 aevum
1744 1221 1914 1250 immediate
1936 1225 1964 1250 et

1224 1268 1309 1297 unice
1348 1268 1456 1297 nostris
1494 1272 1722 1307 nostrorumque
1760 1277 1963 1298 successorum

1224 1316 1369 1345 mandatis
1392 1316 1528 1354 subiecti,
1553 1317 1715 1346 directione
1738 1317 1801 1346 eius
1823 1321 1919 1347 tamen
1936 1321 1964 1347 et

1224 1365 1390 1394 visitatione
1414 1365 1503 1404 patris
1526 1365 1714 1405 provincialis
1735 1366 1838 1395 illaesa
1869 1369 1898 1395 et
1920 1365 1966 1395 in-

1224 1415 1296 1443 tacta
1319 1413 1433 1451 relicta&
1458 1414 1486 1443 in
1509 1414 1614 1444 ceteris
1637 1418 1732 1444 autem
1756 1414 1839 1444 nobis
1855 1418 1883 1444 et
1898 1423 1963 1444 suc-

1223 1461 1389 1492 cessoribus
1422 1463 1531 1492 nostris
1563 1463 1626 1492 sine
1649 1463 1709 1492 ulla
1732 1463 1964 1493 contradictione

1224 1509 1412 1549 praestabunt
1440 1514 1468 1539 et
1494 1510 1695 1550 adimplebunt
1725 1520 1757 1540 ea
1788 1511 1904 1549 omnia,
1928 1511 1963 1540 ad

1223 1568 1296 1597 quae
1318 1559 1468 1596 regulares
1491 1559 1632 1598 exempti,
1650 1560 1732 1589 iuxta
1749 1559 1963 1599 praescriptum

1223 1607 1297 1636 sacri
1319 1607 1440 1637 Concilii
1457 1607 1635 1644 Tridentini,
1653 1612 1881 1648 nostrarumque
1897 1617 1965 1638 con-

1223 1656 1408 1686 stitutionum
1445 1656 1631 1694 synodalium
1663 1661 1691 1687 et
1721 1657 1963 1697 provincialium,

1223 1706 1271 1734 et¹
1286 1704 1449 1735 Ordinariis
1472 1706 1601 1735 locorum
1623 1706 1695 1736 alias
1717 1711 1866 1745 tenentur,
1883 1707 1964 1736 salva

1223 1753 1343 1792 proinde
1366 1753 1395 1782 in
1419 1754 1473 1783 hac
1495 1754 1642 1784 missionis
1664 1754 1750 1785 domo
1768 1759 1796 1785 et
1811 1755 1965 1785 missiona-

1223 1802 1281 1830 rios
1303 1801 1411 1831 ibidem
1442 1802 1602 1832 existentes
1627 1802 1800 1833 dioecesana
1832 1807 1860 1833 et
1887 1803 1964 1833 ordi-

1222 1850 1307 1879 naria
1328 1852 1430 1880 nostra
1453 1851 1656 1881 iurisdictione
1688 1852 1751 1881 iure
1784 1851 1963 1891 principatus

1223 1903 1318 1928 terrae
1340 1903 1367 1928 et
1389 1899 1568 1936 advocatiae,
1592 1899 1633 1929 sic
1656 1903 1752 1930 tamen
1775 1904 1807 1930 ut
1828 1900 1912 1930 nobis
1934 1903 1963 1930 et.

1223 1948 1443 1978 successoribus
1462 1949 1571 1978 nostris
1587 1948 1747 1987 dumtaxat,
1764 1949 1849 1979 unice
1865 1953 1893 1979 et
1909 1949 1965 1979 im-

1223 1996 1359 2034 mediate,
1377 1996 1418 2026 uti
1433 1996 1625 2036 praemissum
1638 2001 1692 2033 est,
1707 2001 1877 2027 remaneant
1889 2006 1965 2027 scm-

1223 2053 1284 2083 per,
1309 2044 1396 2074 etiam
1420 2045 1514 2084 quoad
1537 2045 1603 2083 ista,
1627 2045 1762 2075 subiecti.

1263 2101 1302 2122 lx.
1327 2092 1576 2123 Missionariorum
1600 2094 1728 2123 officium
1743 2118 1750 2132 ,
1775 2093 1852 2133 finis,
1876 2097 1964 2134 atque

1223 2141 1378 2180 praecipua
1394 2164 1401 2177 ‚
1425 2141 1484 2170 imo
1506 2141 1591 2171 unica
1615 2151 1685 2172 cura
1708 2142 1755 2179 sit,
1780 2151 1831 2181 per
1852 2144 1964 2182 praefe-

1222 2193 1331 2226 cturas,
1356 2193 1388 2219 ut
1409 2189 1519 2220 dictum
1541 2194 1601 2225 est,
1625 2190 1696 2229 ipsis
1718 2190 1896 2230 designatas,
1919 2191 1964 2222 in-

1223 2241 1374 2267 cessanter
1396 2238 1430 2268 de
1453 2238 1516 2268 loco
1539 2238 1573 2268 ad
1596 2238 1703 2277 locum,
1727 2243 1767 2277 et,
1792 2240 1815 2269 si
1844 2248 1963 2270 necesse

1224 2286 1317 2315 visum
1333 2286 1431 2323 suerit,
1445 2287 1480 2316 de
1495 2286 1580 2316 domo
1596 2287 1631 2316 ad
1647 2287 1766 2317 domum
1780 2287 1962 2317 excurrendo

1223 2339 1250 2364 et
1273 2335 1521 2370 cathechizando,
1546 2335 1733 2366 missionibus
1756 2336 1894 2366 continuo
1917 2345 1964 2366 va-

1223 2393 1300 2422 care,
1324 2384 1410 2414 rudes
1433 2384 1462 2414 in
1479 2384 1612 2414 doctrina
1629 2384 1788 2414 christiana
1804 2385 1960 2424 instruere,

1222 2432 1388 2462 dubitantes
1420 2433 1450 2462 in
1480 2435 1600 2463 veritate
1629 2437 1745 2464 nostrae
1768 2433 1836 2464 fidei
1857 2434 1964 2464 confir-

1223 2489 1314 2517 mare,
1332 2481 1361 2510 in
1379 2481 1543 2511 haereticos
1560 2481 1603 2512 vel
1620 2482 1654 2512 de
1670 2482 1784 2512 haeresi
1800 2486 1960 2523 suspectos,

1223 2530 1327 2560 horum
1350 2530 1533 2561 consultores
1547 2553 1554 2567 ‚
1578 2531 1706 2561 fautores
1721 2555 1729 2570 ,
1752 2535 1961 2571 receptatores,

1258 2634 1269 2659 1
1292 2632 1436 2661 Coniunct.
1456 2635 1483 2660 et
1502 2631 1609 2660 videtur
1627 2631 1742 2661 delenda
1762 2633 1799 2668 (11.
1815 2633 1864 2667 Τ.).

1969 254 2019 279 Λη.
2040 254 2069 281 C.
2088 255 2153 284 ¹739
