2232 3178
46 229 96 258 nn.
110 213 144 254 σᾷ
161 223 226 253 ¹738

851 222 994 246 CLEMENS
1019 221 1063 245 xt1
1087 221 1137 245 ΡΡ.

232 272 320 303 ralem
341 271 458 303 Ordinis
491 276 540 302 aut
570 271 708 301 familiae.
742 271 841 301 Electo
875 270 993 300 tamen'

232 321 259 352 in
282 321 491 361 provincialem
507 330 608 350 omnes
625 320 778 350 hum1liter
794 324 823 349 et
840 323 971 358 prompte

233 369 365 400 obediant
387 374 538 409 tamqnam
563 369 636 408 patri
660 373 687 398 et
710 368 832 408 pastori3
857 368 919 407 qni,
943 371 971 396 et
992 388 993 417 1

232 418 294 449 ideo
317 420 423 457 magna
441 419 639 448 sollicitudine
658 427 726 448 suae
744 417 911 457 provinciae
928 416 972 445 in-

233 467 352 506 vigilet,
376 472 404 498 et
426 467 456 497 in
479 469 540 497 tota
563 468 614 497 illa
637 467 770 496 eamdem
793 465 900 495 habeat
924 475 972 504 po-
992 476 993 492 1

233 521 376 554 testatem,
393 525 480 556 quam
499 516 627 546 ministri
643 516 673 545 in
689 516 750 545 suis
766 514 970 549 conventibus
992 522 993 538 1

232 564 263 595 in
285 574 384 595 eorum
407 569 504 594 tamen
528 564 622 594 officia
646 574 704 594 non
728 573 757 593 se
780 562 970 599 intromittat,

233 614 291 644 nisi
312 615 430 645 illorum
454 614 634 653 negligentia
667 618 695 643 et
717 613 804 652 culpa
826 612 970 650 exigente,
993 634 995 638 .

233 663 279 693 vel
300 664 473 694 necessitate
496 668 523 693 et
547 663 701 703 prudentia
724 661 900 702 postulante.

273 721 303 741 11.
327 712 368 742 Ad
392 717 504 752 patrem
527 711 738 751 provincialem
771 714 882 749 spectat
904 718 973 738 con-

233 761 336 792 cedere
358 762 509 792 licentiam
532 766 563 791 ut
584 762 614 791 in
630 761 774 798 religione
790 759 973 798 recipiantur

234 811 284 850 qui
315 810 350 840 ad
381 807 502 840 chorum
526 810 720 840 destinantur.
744 809 815 838 Item
831 831 838 845 ,
862 812 893 837 ut
916 811 973 836 tam

233 859 294 896 isti,
313 869 398 899 quam
414 860 480 889 laici
498 859 674 898 (existentes
690 858 719 887 in
736 867 812 887 anno
829 856 975 896 probatio-

233 908 279 938 nis
295 918 345 938 seu
361 908 544 948 novitiatus),
565 908 748 947 recipiantur
765 916 816 937 suo
843 910 975 944 tempore
997 913 998 921 ¹

234 957 268 988 ad
291 958 510 997 professionem.
534 957 676 987 Similiter
699 961 847 996 praestare
863 955 977 985 litteras

234 1006 343 1046 (vulgo
368 1006 553 1045 reverendas)
581 1010 613 1035 ut
641 1005 771 1043 religiosi
804 1004 895 1034 sacris
923 1003 978 1033 ini-

234 1055 354 1093 tientur,
378 1055 546 1085 facultatem
569 1059 600 1084 ut
622 1054 844 1084 concionentur.
878 1053 977 1082 Primo

234 1103 385 1134 licentiam
407 1114 459 1134 seu
481 1104 650 1134 facultatem
673 1103 856 1140 concedere,
880 1106 911 1132 ut
933 1111 977 1131 re-

234 1152 332 1191 ligiosi
365 1163 395 1184 se
418 1158 566 1193 exponant
598 1153 727 1183 examini
751 1151 900 1182 Ordinarii
918 1174 925 1187 ,
950 1154 978 1180 et

235 1206 300 1241 post
321 1202 401 1232 illius
417 1202 577 1239 licentiam,
595 1206 626 1232 ut
642 1201 841 1232 confessiones
857 1200 978 1230 audiant

235 1251 387 1289 virorum,
410 1256 439 1282 et
471 1256 569 1291 petere
602 1260 616 1280 a
641 1250 806 1280 delinitorio
836 1249 977 1288 generali,

235 1301 282 1331 vel
305 1310 466 1341 proponere
488 1311 552 1339 suo,
577 1300 653 1339 quod
670 1299 797 1337 religiosi
817 1298 978 1329 confessio-

236 1359 288 1381 nes
311 1350 485 1380 seminarum
508 1349 639 1380 audiant.
669 1349 763 1378 Etiam
787 1347 912 1388 pertinet
944 1347 979 1376 ad

237 1399 444 1440 provincialem
458 1399 488 1430 in
502 1398 631 1438 qualibet
644 1398 810 1428 visitatione
823 1397 979 1435 designare

237 1449 431 1479 confessarios
454 1458 506 1488 pro
529 1447 685 1486 religiosis.

277 1508 317 1529 111.
342 1500 400 1528 Pro
422 1498 468 1528 his
484 1497 620 1528 omnibus
635 1498 788 1527 hortamur
805 1499 900 1536 patres
916 1504 979 1535 pro-

237 1547 395 1586 vinciales,
419 1551 447 1577 et
469 1557 570 1577 eorum
593 1547 789 1577 conscientias
812 1554 979 1581 oneramus,

238 1601 281 1636 ut,
298 1601 452 1637 antequam
466 1596 628 1636 praedictas
641 1596 794 1626 facultates
806 1595 979 1632 concedant,

239 1649 348 1676 certam
372 1650 400 1676 et
422 1655 519 1676 veram
543 1645 679 1675 notitiam
702 1644 810 1674 habere
826 1647 930 1673 curent
946 1643 981 1672 116

238 1695 348 1726 virtute
370 1695 510 1733 illorum,
534 1694 640 1734 quibus
664 1703 712 1724 eas
735 1693 897 1723 concedunt
917 1716 924 1731 ,
949 1702 981 1722 ae

239 1744 274 1775 de
296 1745 427 1784 ipsorum
451 1748 567 1781 aetate,
592 1743 719 1773 scientia
736 1765 743 1779 ‚
767 1746 795 1772 et
819 1742 925 1772 ceteris
948 1741 981 1772 ad

240 1803 290 1824 eas
321 1793 471 1834 requisitis
503 1797 562 1823 tam
586 1802 600 1822 a
624 1792 689 1822 iure
722 1800 808 1832 quam
845 1801 859 1820 a
891 1791 982 1821 Bullis

239 1842 401 1873 Pontificiis
425 1847 454 1872 et
475 1842 584 1872 nostris
600 1840 873 1871 constitutionibus.
891 1840 925 1870 Et
940 1840 983 1869 in-

240 1900 339 1931 super,
356 1890 426 1921 dum
443 1900 457 1920 a
479 1890 646 1920 definitorio
664 1889 878 1930 postulaverint
894 1889 983 1918 licen-

241 1940 311 1970 tiam
335 1944 366 1970 ut
388 1940 494 1980 aliquis
523 1940 680 1978 religiosus
709 1939 883 1969 feminarum
907 1938 984 1968 exci-

241 1990 302 2030 piat
324 1989 522 2020 confessiones
538 2013 545 2027 ‚
570 1989 664 2018 mittat
694 1988 780 2018 simul
813 1988 983 2027 petitionem

241 2040 353 2080 proprii
376 2040 502 2070 ministri
525 2039 656 2070 eiusdem
681 2038 832 2077 religiosi,
864 2039 892 2068 in
928 2048 982 2077 qua

241 2093 299 2119 tam
322 2088 457 2119 minister
475 2098 561 2129 quam
581 2088 741 2119 consiliarii
766 2087 897 2117 eiusdem
917 2097 986 2117 con-

241 2142 345 2168 ventus
368 2148 419 2168 seu
443 2138 557 2176 collegii
575 2137 770 2168 testificentur
787 2137 821 2166 de
837 2136 923 2166 annis
939 2146 985 2166 ae-

244 2187 464 2225 tatis,habituS‚
478 2197 510 2217 ac
527 2186 743 2226 presbyteratus
760 2186 825 2216 talis
842 2185 984 2224 religiosi,

244 2240 272 2266 et
288 2240 396 2275 quanto
415 2240 544 2275 tempore
562 2236 760 2266 confessiones
780 2235 909 2265 virorum
927 2235 986 2264 lau-

244 2284 379 2315 dabiliter
397 2289 426 2315 et
440 2289 571 2325 prompte
587 2284 723 2315 audierit.

284 2342 322 2364 lv.
340 2334 470 2364 Pertinet
486 2334 572 2364 etiam
589 2333 623 2363 ad
641 2333 848 2373 provincialem
865 2342 987 2372 suspen-

244 2383 312 2414 dere
344 2388 372 2414 et
394 2383 496 2414 tollere
519 2383 648 2423 (quando
670 2383 849 2413 conveniens
873 2383 985 2413 iudica-

244 2433 332 2472 verit)
358 2433 508 2464 facultates
531 2437 558 2463 et
580 2433 716 2463 licentias
739 2432 928 2472 praedicandi
960 2435 988 2462 et

245 2481 381 2512 audiendi
415 2482 613 2512 consessiones
649 2485 705 2511 tam
736 2481 866 2511 virorum
899 2490 986 2521 quam

245 2530 430 2561 feminarum.
464 2531 572 2561 Deinde
604 2530 756 2570 impertire
790 2530 820 2560 in
844 2531 897 2560 sua
922 2539 989 2569 pro-

246 2579 344 2610 vincia
365 2579 604 2610 benefactoribus
636 2584 664 2610 et
686 2580 751 2610 aliis
774 2579 907 2619 personis
930 2578 990 2618 epi-

245 2629 332 2662 stolas
352 2630 610 2669 confraternitatis,
624 2629 731 2670 quibus
748 2629 904 2669 participes
920 2628 990 2659 flant

1014 270 1221 308 suffragiorum
1239 292 1246 306 ‚
1271 272 1493 307 ceterorumque
1516 267 1661 297 bonorum
1692 276 1757 306 ope·

992 347 993 351 ,
1014 328 1078 348 rum
1098 328 1167 348 suae
1184 318 1363 357 provinciae,
1381 323 1408 347 et
1424 317 1590 347 facultatem
1609 320 1757 355 praestare

1013 367 1205 397 conventibus
1228 367 1263 396 ad
1283 371 1422 406 perpetuo
1439 366 1608 396 alienandas
1625 365 1758 404 sepultu-

992 421 993 459 }
1014 426 1060 445 ras
1083 417 1292 454 ecclesiarum,
1316 425 1373 446 non
1398 425 1465 445 vero
1489 414 1616 454 capellae
1640 413 1758 443 maioris

1016 465 1060 494 vel
1084 466 1244 494 minorum.

1054 522 1080 542 v.
1106 513 1278 552 Rursusque
1301 513 1425 551 singulis
1448 512 1533 542 annis
1550 512 1638 542 semel
1656 511 1758 541 saltem

993 562 1132 591 *visitare
1165 571 1266 591 omnes
1299 566 1461 591 conventus
1496 565 1523 590 et
1546 560 1666 598 collegia
1690 568 1759 589 suae

1017 611 1194 650 provinciae.
1219 611 1248 641 Si
1273 620 1340 640 1610
1373 611 1508 649 superior
1542 609 1687 647 generalis
1709 609 1761 638 ali-

1017 669 1102 699 quam
1116 661 1195 689 illius
1212 660 1380 699 provinciae
1397 660 1514 689 domum
1533 658 1672 695 visitavit,
1691 662 1760 687 tunc

995 742 996 753 ¹
1018 709 1205 747 provincialis
1228 719 1286 738 nou
1310 713 1445 738 teneatur
1468 717 1530 737 eam
1551 716 1603 746 pro
1619 706 1668 736 illo
1685 715 1761 735 anno

1018 758 1149 788 visitare.
1174 757 1255 793 Quod
1278 758 1301 787 si
1324 757 1480 795 contigerit
1497 756 1623 795 aliquem
1641 756 1760 785 fratrem

1018 817 1188 845 germanum
1213 806 1403 846 provincialis
1431 816 1493 835 esse
1518 806 1687 834 ministrum
1711 803 1763 833 ali-

1019 857 1103 886 6111115
1136 857 1238 886 domus
1272 865 1340 886 suae
1364 855 1552 894 provinciae,
1577 863 1634 884 non
1665 853 1763 883 visitet

1019 906 1138 936 domum
1173 906 1254 935 illam
1288 905 1349 944 ipse
1383 904 1590 944 provincialis,
1615 903 1664 932 sed
1694 907 1763 932 tunc

1019 965 1087 985 casu
1121 955 1201 984 illam
1224 953 1357 984 visitabit
1379 953 1514 992 superior
1543 951 1689 990 generalis
1719 950 1763 980 vel

1020 1005 1055 1034 (le
1080 1004 1159 1034 1111115
1183 1003 1389 1034 commissione
1423 1003 1499 1032 alter
1522 1002 1687 1040 religiosus.
1712 1001 1764 1031 De-

1021 1053 1108 1090 inde,
1142 1053 1165 1082 si
1200 1058 1282 1092 pater
1314 1052 1500 1091 provincialis
1524 1051 1696 1080 infirmitate
1719 1049 1764 1079 vel

1021 1103 1078 1131 alia
1101 1102 1179 1131 iusta
1202 1103 1288 1131 causa
1321 1100 1480 1139 impeditus
1503 1109 1559 1129 non
1583 1099 1676 1128 valeat
1698 1098 1766 1128 visi-

1023 1156 1084 1181 tare
1108 1160 1159 1190 per
1181 1160 1222 1189 se,
1244 1159 1389 1189 suumque
1406 1149 1534 1179 osticium
1551 1157 1698 1183 exercere,
1717 1157 1765 1186 po-

1023 1201 1091 1231 terit
1114 1202 1191 1230 vices
1214 1209 1281 1229 suas
1315 1199 1402 1228 alteri
1426 1198 1563 1236 religioso
1598 1197 1766 1237 provinciae

1023 1260 1091 1279 suae
1114 1250 1310 1286 committere,
1329 1257 1480 1287 nunquam
1501 1251 1596 1276 tamen
1616 1246 1766 1276 nominare

1023 1310 1074 1330 scu
1097 1299 1250 1329 instituere
1274 1298 1417 1327 vicarium
1441 1296 1652 1336 provincialem
1669 1320 1676 1333 ‚
1706 1295 1767 1324 sive

1024 1358 1074 1388 pro
1098 1350 1159 1378 tota
1181 1348 1242 1377 sive
1266 1351 1347 1386 parte
1366 1355 1436 1376 suae
1460 1345 1639 1384 prox-inciae.
1660 1344 1718 1374 Hoc
1741 1353 1768 1373 6-

1024 1398 1083 1427 nim
1107 1397 1141 1427 ad
1165 1396 1364 1426 definitorium
1387 1395 1526 1434 generale
1549 1394 1663 1424 attinet.

1063 1456 1102 1476 VI.
1122 1446 1275 1476 Praeterea
1292 1445 1327 1475 ad
1345 1443 1553 1484 provincialem
1571 1447 1684 1482 spectat
1701 1452 1769 1472 suos

1024 1496 1177 1535 religiosos
1194 1495 1229 1525 ab
1247 1505 1305 1525 uno
1321 1495 1356 1525 ad
1372 1495 1463 1524 alium
1480 1498 1657 1524 conventum
1676 1497 1770 1523 trans—

1024 1547 1122 1580 ferre,
1147 1550 1174 1575 et
1198 1545 1337 1584 praebere
1366 1545 1408 1574 eis
1431 1543 1580 1583 (exceptis
1610 1542 1770 1573 lectoribus

1024 1595 1222 1633 studentibus)
1251 1594 1398 1624 licentiam
1422 1593 1456 1623 ad
1480 1593 1584 1622 itinera
1617 1592 1768 1629 facienda,

1025 1645 1200 1675 necessitate
1234 1644 1387 1682 exigente,
1412 1648 1440 1673 et
1462 1642 1586 1673 servatis
1617 1642 1661 1671 1115
1695 1650 1769 1681 quae

1026 1694 1102 1724 dicta
1127 1698 1246 1724 manent
1269 1703 1367 1733 supra,
1393 1702 1456 1732 cap.
1482 1703 1509 1729 x,
1533 1692 1546 1731 ξ
1570 1692 1598 1721 1.

1065 1752 1114 1773 111.
1138 1742 1321 1783 Suspendere
1346 1751 1462 1781 quoque
1496 1741 1531 1770 ab
1555 1740 1651 1770 officio
1683 1739 1771 1770 mini-

1026 1797 1140 1830 strum,
1164 1792 1213 1831 qui
1237 1791 1402 1830 gubernare
1430 1790 1543 1828 nescit,
1568 1790 1612 1819 vel
1644 1789 1694 1828 qui
1716 1789 1771 1818 sua

1028 1841 1139 1871 malitia
1162 1850 1211 1871 aut
1234 1840 1430 1878 negligenti-51,
1456 1839 1499 1869 vel
1518 1839 1634 1868 defectu
1657 1837 1772 1877 capaci-

1028 1891 1116 1927 tatis,
1142 1889 1303 1930 permittit,
1327 1898 1427 1918 ansam
1451 1888 1590 1928 praebet,
1616 1888 1660 1917 vel
1683 1897 1773 1917 causa

1027 1945 1092 1978 est,
1117 1940 1194 1980 quod
1228 1948 1328 1969 01111165
1362 1938 1408 1968 vel
1432 1938 1564 1977 plerique
1587 1936 1771 1966 subditorum

1028 1989 1127 2018 vivant
1142 1988 1318 2026 irreligiose,
1339 1987 1403 2016 laxe
1426 1986 1469 2016 vel
1495 1986 1558 2015 sine
1579 1995 1660 2025 pace,
1679 1985 1772 2014 aliave

1028 2036 1267 2068 inconvenientia
1292 2040 1348 2065 tam
1372 2035 1402 2065 111
1425 2034 1532 2074 oppido
1555 2043 1641 2074 quam
1658 2034 1687 2063 111
1704 2043 1773 2063 6011·

1006 2124 1007 2131 ¹
1029 2091 1116 2116 ventu
1141 2089 1311 2125 sequantur.
1337 2085 1525 2124 Quacumque
1548 2093 1617 2121 ergo
1649 2093 1685 2113 ex
1709 2082 1772 2112 istis

1029 2136 1125 2166 causis
1159 2139 1249 2175 potest
1284 2133 1473 2173 provincialis
1507 2132 1688 2171 suspendere
1721 2131 1774 2161 ali-

1029 2195 1116 2225 quem
1150 2184 1317 2214 ministrum
1352 2182 1553 2222 (quantumvis
1585 2181 1656 2211 alias
1689 2180 1773 2210 bonis

1031 2233 1161 2264 moribus
1184 2232 1334 2271 ornatum)
1357 2231 1549 2270 consuletque
1572 2229 1770 2260 dessnitorium

1030 2283 1177 2322 generale,
1201 2287 1244 2319 ut,
1262 2281 1286 2311 si
1303 2280 1477 2321 expedierit,
1502 2279 1668 2319 praedictus
1687 2278 1774 2308 mini-

1031 2337 1091 2363 ster
1113 2331 1285 2371 deponatur.

1071 2391 1130 2412 vlu.
1155 2382 1196 2411 Ad
1221 2380 1429 2421 provincialem
1453 2379 1540 2409 etiam
1571 2378 1697 2418 pertinet
1722 2386 1770 2407 no-

1032 2431 1143 2461 minare
1176 2435 1204 2461 et
1237 2431 1391 2468 designare
1421 2429 1508 2459 simul
1540 2438 1606 2458 cum
1637 2427 1771 2456 ministro

1033 2481 1157 2511 vicarios
1176 2480 1307 2510 omnium
1324 2482 1520 2509 conventuum
1538 2481 1566 2507 et
1584 2475 1773 2514 collegiorum

1033 2539 1102 2560 suae
1137 2530 1318 2570 provinciae,
1343 2537 1456 2558 necnon
1488 2527 1552 2556 illos
1584 2525 1773 2565 suspendere,

1034 2579 1092 2608 imo
1116 2583 1143 2608 et
1165 2578 1298 2608 consulto
1322 2576 1473 2616 superiore
1499 2575 1627 2613 generali
1658 2574 1774 2604 eosdem

1035 2629 1152 2668 privare
1176 2631 1232 2658 tam
1257 2628 1284 2657 in
1308 2626 1423 2657 casibus
1447 2624 1591 2664 expressis
1614 2624 1643 2654 in
1668 2623 1773 2654 nostris

1648 207 1712 242 459
1758 217 1811 244 An.
1830 215 1857 245 c.
1884 216 1951 244 1738
