2232 3178
255 181 348 210 Aac
374 181 442 209 ¹737
487 173 552 207 254

447 237 550 271 reret,
576 230 742 263 hominurn
768 239 944 263 concursus
970 229 1109 262 cuiusvis
1135 239 1184 272 ge-

446 283 546 323 neris,
573 283 714 316 cuiusvis
739 282 945 323 conditionis,
973 282 1111 315 cuiusvis
1135 292 1183 315 ae-

448 336 538 375 tatis,
575 336 701 379 ipsique
737 335 817 368 adeo
853 335 1032 375 baeretici,
1058 334 1184 367 virtutis

447 389 660 421 admiratione
678 388 772 431 capti,
785 388 1020 421 catholicorum
1035 388 1183 421 ardorem

447 442 587 485 quodam
612 441 706 474 modo
731 441 885 474 aemulari
911 447 943 474 et
966 441 1095 474 vincere
1121 451 1187 474 cer-

448 494 572 528 tabant.

314 558 436 578 innnruoros
491 548 505 590 ᾗ
529 547 583 581 32.
604 547 736 580 Difficile
762 552 810 580 est
835 547 1002 580 hominum
1022 547 1106 580 inire
1132 557 1186 579 nu·

254 586 582 640 ssssii12¹2⁰55‹⁸h2{fme1·um,
607 608 687 641 quos
714 599 762 631 vel
790 598 829 630 ab
864 598 952 631 omni
985 608 1105 640 genere
1131 598 1186 630 ssa-

254 640 332 685 iffi'w'
350 642 597 694 c‘'me‘'gitiorum
628 652 666 684 ad
692 651 810 684 bonam
844 651 966 694 frugem
1000 651 1130 684 reduxit
1155 655 1187 683 et

447 705 479 737 in
506 707 541 738 ea
573 705 795 745 confirmavit,
828 707 877 739 vel
915 706 955 739 ab
993 705 1120 738 haeresi
1147 704 1185 736 ad

447 758 607 792 Ecclesiae
632 758 810 791 catholicae
836 759 944 791 sinum
962 757 1135 797 revocavit,
1156 762 1188 789 et

448 811 534 855 quod
560 811 741 844 mirabilius
767 817 827 851 est,
862 812 974 855 plures
1007 809 1186 843 catholicos

447 864 601 897 adversus
637 864 742 908 ipsum
778 865 920 907 pessime
957 863 1117 896 animatos
1156 867 1188 895 et

447 918 557 951 liostili
584 917 659 951 odio
684 918 856 956 incensos,
885 917 1061 961 pluresque
1094 916 1188 949 calvi-

447 971 562 1004 nianos
587 971 619 1003 in
645 971 711 1003 suis
736 970 903 1004 erroribus
934 969 1129 1013 pertinaces,
1156 973 1187 1002 et

448 1035 586 1067 quorum
605 1023 855 1057 conversionem
875 1023 993 1056 frustra
1011 1022 1064 1056 alii
1082 1022 1187 1055 catho-

447 1076 500 1109 lici
528 1076 686 1119 dogmatis
712 1076 863 1109 doctores
885 1075 1026 1118 aggressi
1047 1074 1186 1115 fuerant,

448 1129 559 1172 paucis
581 1129 648 1172 ipse
673 1129 790 1168 verbis,
808 1129 995 1168 sceleribus,
1011 1127 1190 1160 erroribus-

448 1193 510 1226 que
536 1187 678 1225 ereptos‚
705 1180 902 1214 christianae
927 1180 1048 1220 virtuti,
1075 1180 1187 1212 catho-

447 1235 597 1278 licaeque
624 1234 751 1267 veritati
784 1233 938 1267 restituit.
976 1233 1086 1276 ltaque
1111 1233 1185 1265 ubi-

448 1298 584 1331 cumque
600 1287 777 1330 evangelici
795 1288 929 1321 seminis
949 1287 1079 1320 serendi
1096 1288 1189 1319 causa

448 1351 508 1384 per
532 1341 661 1384 aliquod
689 1345 814 1384 tempus
840 1340 983 1383 degerat,
1011 1339 1189 1382 conspicie-

448 1394 567 1427 bantur
584 1404 771 1437 compressa
788 1393 871 1433 odia,
886 1393 1028 1426 extincta
1046 1392 1187 1431 dissidia,

450 1447 582 1490 expulsa
599 1447 758 1490 impietas,
787 1447 949 1480 debellata
970 1445 1187 1489 impudicitia,

449 1499 597 1532 haeresis
623 1500 796 1532 multorum
826 1499 941 1531 animis
966 1499 1089 1538 evulsa,
1116 1508 1190 1541 per-

450 1550 618 1586 ditissimis
656 1551 751 1584 etiam
781 1550 973 1584 mulieribus
1011 1550 1190 1593 inspiratus

450 1614 539 1637 amor
553 1603 721 1644 castitatis,
733 1604 897 1636 restitutus
914 1607 1190 1636 sacramentorum

450 1667 536 1696 usus,
568 1657 660 1700 pueri
687 1661 718 1690 et
743 1657 873 1691 maioris
906 1657 1019 1689 aetatis
1041 1655 1191 1688 homines

449 1710 481 1742 in
508 1710 684 1742 christiana
710 1710 856 1742 doctrina
877 1709 937 1742 rite
955 1709 1105 1749 Instituti,
1124 1719 1191 1741 mo-

448 1773 500 1796 res
526 1762 671 1795 omnium
692 1762 861 1802 immutati,
881 1767 913 1795 et
931 1763 969 1795 ad
989 1761 1189 1794 christianae

449 1816 581 1860 pietatis
606 1817 735 1858 regulas
762 1816 974 1848 conformati:
1001 1816 1080 1848 tales
1099 1819 1192 1847 erant

451 1869 519 1902 eius
545 1869 693 1902 laborum
720 1873 750 1902 et
774 1869 944 1911 apostolici
970 1869 1031 1901 zeli
1059 1869 1191 1908 sructuS,

452 1921 529 1954 talia
547 1921 616 1954 eius
634 1921 811 1954 sanctitatis
830 1927 860 1954 et
878 1921 1082 1964 evangelicae
1098 1931 1192 1964 prae-

452 1974 624 2007 dicationis
650 1974 786 2008 illustria
812 1979 1034 2008 monumenta.

257 2035 440 2083 mamista-oms:
496 2026 587 2070 §33
624 2026 721 2060 Sacro
753 2032 861 2060 autem
886 2027 974 2060 verbi
1010 2026 1192 2060 ministerio

255 2069 307 2135 {³52
324 2067 369 2134 ¹132?
391 2079 592 2123 auaprimum
609 2090 667 2123 per
685 2080 809 2123 aliquot
826 2080 895 2113 dics
921 2080 1111 2123 diligentem
1136 2090 1192 2113 na-

256 2120 544 2170 rit'i'13‹i‘a'3{1‘}¹s¹ilval‚at
569 2143 703 2177 operam
728 2133 760 2166 in
787 2133 908 2176 oppido
934 2134 982 2166 vel
1008 2143 1105 2176 pago,
1127 2133 1191 2176 qui,

255 2173 549 2220 &offitiismmmtotius
582 2186 727 2229 regionis
749 2185 903 2226 tractus¹,
931 2186 1103 2219 hominum
1131 2186 1193 2218 sre-

451 2239 584 2283 quentia
609 2245 641 2272 et
665 2239 730 2272 loci
756 2239 893 2282 quadam
919 2239 1077 2281 dignitate
1102 2238 1191 2282 prin-

451 2303 529 2336 ceps
556 2292 799 2337 quodammodo
826 2298 918 2332 erat;
956 2292 1074 2325 deinde
1099 2303 1191 2325 curas

451 2352 482 2378 et
502 2347 634 2380 labores
660 2356 736 2379 suos
758 2346 796 2378 ad
822 2347 893 2379 loca
916 2345 1020 2378 vicina
1045 2346 1192 2379 consere-

450 2400 505 2431 bat
523 2410 530 2439 ;
556 2398 663 2432 nullus
682 2404 751 2431 erat
768 2399 857 2431 locus
876 2404 937 2431 tam
954 2398 1108 2439 incultus,
1128 2403 1190 2431 tam

451 2452 608 2494 agrestis,
645 2462 708 2495 quo
744 2462 802 2484 sua
837 2461 910 2484 eum
947 2451 1090 2484 charitas
1126 2461 1190 2485 non

1028 180 1213 205 numanum
1239 179 1399 206 ROMANUM

1227 230 1451 272 propelleret:
1490 239 1548 272 per
1578 228 1643 261 vias
1675 229 1737 262 situ
1766 233 1963 272 aspectuque

1228 282 1395 322 horridas,
1414 292 1473 324 per
1497 286 1610 325 aperta
1633 281 1714 314 vitae
1739 281 1895 325 pericula,
1915 291 1966 313 ru-

1228 335 1323 368 sticos
1343 334 1373 367 in
1393 334 1487 378 sylvis
1505 339 1536 368 et
1560 334 1733 375 montibus,
1758 333 1790 367 in
1811 333 1878 367 suis
1903 343 1967 366 ma-

1228 388 1368 431 palibus,
1387 398 1443 420 seu
1463 387 1569 431 potius
1587 387 1737 427 latibulis,
1759 387 1897 430 sparsim
1916 386 1968 418 de-

1229 446 1342 483 gentes
1357 440 1616 473 studiosissimus
1631 440 1809 473 animarum
1822 444 1967 478 venator,

1229 493 1328 536 pedes
1350 503 1488 536 semper,
1515 498 1546 526 et
1569 492 1709 533 ieiunus,
1729 498 1763 525 ut
1779 492 1966 536 plurimum,

1228 547 1277 579 vel
1304 546 1431 579 modico
1457 546 1530 579 cibo
1563 546 1725 586 resectus,
1751 543 1968 587 investigabat

1230 610 1312 642 quos
1338 599 1499 638 erudiret,
1526 609 1608 641 quos
1633 600 1803 637 solaretur,
1828 607 1907 640 quos
1931 607 1967 630 0-

1230 652 1295 684 mni
1314 662 1375 694 ope
1393 652 1598 691 sublevaret;
1617 652 1764 694 exemplo
1789 650 1967 693 evangelici

1230 705 1380 747 pastoris,
1408 705 1484 748 qui,
1510 704 1632 738 relictis
1657 704 1967 746 nonagintanovem,

1230 758 1315 791 vadit
1339 758 1378 791 ad
1404 768 1493 791 ovem
1519 768 1600 801 quae
1618 757 1771 801 perierat,
1790 757 1894 790 donec
1918 756 1968 789 in-

1230 811 1337 844 veniat
1361 821 1449 851 eam,
1476 816 1526 850 et,
1553 811 1578 843 si
1604 810 1765 843 invenerit
1791 819 1877 849 eam,
1903 808 1968 842 suis

1231 864 1375 897 humeris
1404 864 1542 907 imponit
1574 864 1732 907 gaudens,
1758 868 1790 896 et
1814 863 1851 896 ad
1886 862 1968 895 ovile

1231 917 1371 950 reducit.
1555 960 1558 962 -

1275 970 1289 1013 ἓ
1306 970 1358 1003 34.
1381 970 1546 1009 Quaerens
1564 970 1662 1013 igitur
1680 970 1866 1013 deperditas
1884 979 1969 1006 oves,

1231 1023 1298 1056 ibat
1322 1024 1434 1056 anxius
1467 1029 1498 1057 et
1530 1023 1704 1062 sollicitus,
1730 1028 1820 1056 actus
1850 1013 1992 1066 impetui?

1232 1076 1331 1109 divini
1358 1076 1478 1109 amoris
1497 1076 1662 1108 indefesso
1680 1086 1775 1109 cursu
1793 1085 1852 1118 per
1867 1067 1992 1108 ardua⁰

1233 1134 1265 1162 et
1289 1128 1442 1162 immania
1468 1139 1616 1172 quaeque
1642 1128 1825 1169 tendentis;
1842 1128 1906 1161 iter
1931 1127 1971 1160 sa·

1233 1181 1338 1214 ciebat
1358 1192 1417 1225 per
1435 1182 1519 1214 invia
1535 1183 1729 1225 plerumque
1746 1192 1890 1222 nemora,
1910 1191 1970 1224 per

1233 1235 1370 1278 abrupta
1405 1235 1564 1268 montium
1601 1236 1852 1278 asperrimorum
1885 1235 1970 1277 iuga,

1232 1298 1290 1330 per
1315 1288 1460 1321 duratam
1487 1288 1608 1330 frigore
1634 1287 1780 1330 glaciem,
1808 1297 1867 1330 per
1895 1297 1973 1320 con-

1233 1345 1339 1383 gestas
1362 1341 1412 1373 vel
1438 1341 1557 1374 solutas
1590 1345 1843 1383 stagnantesque
1878 1349 1974 1373 exun-

1233 1394 1384 1426 dantibus
1410 1393 1502 1436 aquis
1532 1393 1642 1433 nives,
1669 1403 1728 1436 per
1761 1392 1972 1426 densissimos

1233 1446 1372 1486 imbres,
1399 1447 1669 1489 procellososque
1707 1445 1845 1478 hiberno
1881 1445 1972 1478 caelo

1233 1503 1357 1538 ventos,
1382 1509 1441 1542 per
1467 1505 1621 1541 angustos
1647 1499 1790 1531 tramites
1815 1497 1975 1541 praecipi-

1234 1552 1286 1585 tiis
1312 1552 1455 1591 vallatos,
1475 1562 1532 1595 per
1549 1562 1630 1595 quos
1648 1551 1797 1584 manibus
1822 1550 1974 1594 pedibus-

1233 1617 1295 1649 que
1331 1610 1461 1649 reptare
1501 1615 1734 1648 nonuunquam
1770 1604 1970 1647 cogebatur:

1234 1659 1315 1692 nibil
1341 1664 1390 1692 est
1415 1659 1501 1692 enim
1528 1664 1590 1691 tam
1629 1659 1745 1691 durum
1781 1663 1875 1700 atque
1912 1657 1974 1690 ser-

1233 1721 1334 1751 reum,
1361 1712 1449 1754 quod
1475 1722 1541 1744 non
1567 1710 1686 1744 amoris
1710 1711 1786 1753 igne
1814 1710 1969 1743 vincatur.

1279 1767 1294 1806 g
1320 1764 1375 1798 35.
1403 1764 1504 1797 Nullis
1532 1764 1632 1807 igitur
1652 1763 1827 1797 deterritus
1852 1763 1974 1796 incom—

1233 1818 1347 1857 modis,
1373 1818 1469 1850 nullis
1494 1818 1675 1850 retardatus
1693 1816 1857 1860 periculis,
1876 1826 1973 1860 saepe

1234 1881 1293 1914 per
1317 1871 1446 1914 ignotos
1472 1871 1568 1903 calles
1593 1872 1681 1903 recta
1714 1870 1878 1903 deerravit
1908 1869 1971 1910 via,

1234 1933 1329 1966 saepe
1355 1923 1387 1956 in
1418 1923 1556 1956 desertis
1593 1923 1774 1966 mapalibus
1812 1922 1907 1955 imbri
1943 1927 1975 1956 et

1234 1977 1345 2019 frigori
1383 1976 1503 2020 apertis
1530 1975 1751 2020 pernoctavit,
1778 1986 1875 2020 saepe
1899 1986 1973 2009 cum

1234 2040 1343 2063 rerum
1370 2029 1514 2062 omnium
1542 2029 1650 2072 inopia
1670 2029 1872 2062 conflictatus
1899 2034 1972 2062 est:

1235 2082 1372 2115 arduum
1392 2081 1567 2125 aliquando
1585 2086 1728 2114 montem
1747 2091 1903 2125 superare
1921 2090 1976 2123 ag-

1235 2145 1379 2178 gressus,
1408 2139 1536 2168 errante
1562 2145 1622 2178 per
1647 2135 1784 2177 glaciem
1810 2140 1842 2167 et
1865 2134 1974 2168 nivem

1235 2188 1395 2231 vestigio,
1421 2188 1465 2220 ita
1490 2188 1615 2221 corruit
1639 2193 1674 2220 ut
1699 2199 1771 2221 crus
1797 2188 1974 2231 frangeret,

1236 2242 1352 2274 baculo
1379 2246 1486 2274 tamen
1512 2241 1639 2274 innixus
1662 2246 1691 2274 et
1709 2251 1727 2273 a
1744 2241 1833 2274 socio
1852 2246 1977 2274 susten-

1237 2299 1342 2335 tatus,
1368 2305 1423 2328 scu
1450 2295 1558 2338 potius
1584 2294 1690 2328 divino
1717 2295 1817 2328 fretus
1843 2295 1973 2335 auxilio,

1235 2346 1436 2379 continuavit
1460 2347 1533 2387 iter,
1559 2352 1590 2380 et
1615 2358 1685 2380 cum
1713 2347 1751 2380 ad
1770 2348 1889 2387 locum,
1910 2357 1974 2390 quo

1236 2400 1400 2441 tendebat,
1418 2401 1632 2444 pervenisset,
1650 2400 1799 2433 humanis
1824 2399 1977 2433 deficien-

1236 2453 1322 2486 tibus
1348 2454 1511 2494 remediis,
1543 2464 1617 2487 crus
1649 2453 1799 2487 divinitus
1827 2458 1975 2487 sanatum

489 2525 498 2547 1
529 2521 632 2549 Forsan
663 2524 776 2556 trac!u;
808 2526 854 2550 aut
884 2521 979 2550 melius
1009 2521 1093 2550 tector
1122 2522 1193 2549 scius
1236 2511 1295 2547 est,
1315 2513 1346 2540 et
1364 2507 1505 2540 obducto
1524 2507 1615 2548 callo,
1631 2507 1824 2540 mirabiliter
1840 2506 1984 2540 coaluit.»

452 2565 576 2594 emendet
597 2567 635 2602 (a.
655 2567 705 2602 r).

1236 2559 1364 2593 Viribus
1389 2559 1553 2594 interdum
1580 2559 1662 2594 adeo
1689 2559 1806 2594 fractus
1831 2563 1908 2601 erat,
1941 2563 1976 2592 ut

1975 179 2024 206 An.
2038 180 2067 208 C.
2089 179 2154 210 ¹737

1997 980 2128 1006 Asperitates
2141 981 2162 1000 ot

1996 1006 2075 1027 oricula
2110 1005 2163 1027 dim-

1994 1033 2104 1054 ultimorum
2128 1033 2162 1054 iti-

1995 1065 2063 1081 erum.

2019 1771 2103 1792 Maximi
2119 1776 2164 1799 pro·
2208 1759 2209 1781 3

1984 1801 2058 1825 pter-oa
2073 1798 2162 1821 laboral.

2201 0 2232 279 ‘l

2210 329 2222 384 .,
