2232 3178
289 227 339 254 An.
357 225 471 253 ‹2173ss
516 215 580 250 198

317 554 355 573 bar

289 583 366 600 trariis.

322 2415 399 2435 Petilio
415 2420 478 2440 supet·

295 2442 334 2461 linc
357 2442 427 2467 Papae
450 2442 480 2461 ta-

295 2471 336 2489 eta.

359 556 406 579 ngat
423 558 445 573 (Ἦ

449 560 470 573 tt·

482 274 654 317 apostolici
681 275 864 313 auditores,
885 273 1020 305 iudicari
1040 278 1071 305 et
1095 271 1222 305 definiri

483 328 619 366 debere,
640 338 676 360 ac
694 327 819 359 irritum
839 331 869 358 et
884 325 980 358 inane
1007 325 1032 357 si
1058 335 1151 357 secus
1177 335 1224 357 su-

482 391 541 423 per
566 381 616 413 his
643 392 660 413 a
686 390 867 423 quoquam,
892 379 1005 422 quavis
1019 378 1224 416 auctoritate,

482 434 624 467 scienter
656 435 705 466 vel
735 433 950 476 ignoranter,
978 432 1154 475 contigerit
1178 427 1239 464 at?

483 487 613 520 tentari.

525 541 540 583 ᾗ
564 540 595 572 5.
623 539 692 572 Non
713 538 917 573 obstantibus
936 537 1224 572 constitutionibus

482 599 513 625 et
545 592 804 626 ordinationibus
836 592 1045 634 apostolicis,
1071 601 1223 630 necnon,

482 652 641 690 quatenus
659 657 740 689 opus
766 646 817 686 sit,
839 645 968 678 Ordinis
991 649 1022 678 et
1042 644 1225 688 provincia-

480 711 551 732 rum
570 699 768 739 huiusmodi,
795 699 907 731 aliisve
922 698 1107 742 quibusvis,
1127 698 1223 730 etiam

481 753 675 791 iuramento,
699 751 946 785 confirmatione
965 751 1158 794 apostolica,
1175 751 1224 783 vel

481 808 592 851 quavis
618 807 767 840 firmitate
800 807 861 840 alia
893 806 1073 845 roboratis,
1098 804 1226 838 statutis

482 866 515 893 et
540 860 845 900 consuetudinibus,
872 859 1050 903 privilegiis
1077 868 1224 901 quoque,

482 914 616 947 indultis
641 919 672 947 et
696 914 813 946 litteris
836 912 1024 956 apostolicis
1047 912 1079 944 in
1101 917 1227 944 contra-

483 968 567 1000 rium
599 967 853 1011 praemissorum
881 965 1131 1009 quomodolibet
1151 974 1227 998 con-

483 1020 590 1060 cessis,
615 1020 813 1053 eonfirmatis
847 1025 877 1052 et
907 1018 1085 1058 innovatis3
1109 1017 1227 1061 quibus

483 1074 633 1106 omnibus
677 1078 709 1106 et
745 1073 902 1115 singulis,
934 1072 1064 1105 illorum
1100 1076 1226 1104 tenores

481 1127 707 1170 praesentibus
720 1136 779 1170 pro
794 1127 890 1169 plene
905 1130 936 1158 et
953 1125 1153 1158 sufficienter
1176 1135 1228 1156 ex-

481 1181 602 1224 pressis
628 1191 665 1214 ac
691 1181 730 1213 de
757 1180 856 1213 verbo
879 1180 917 1212 ad
936 1179 1070 1212 verbum
1096 1178 1226 1211 insertis

483 1234 655 1273 habentes,
684 1234 746 1266 illis
775 1233 854 1266 alias
879 1232 911 1265 in
930 1243 989 1265 suo
1010 1232 1130 1265 robore
1156 1241 1227 1274 per-

482 1288 653 1328 mansuris,
669 1287 707 1320 ad
722 1286 975 1330 praemissorum
992 1284 1150 1325 effectum,
1167 1285 1227 1317 bac

483 1341 552 1374 vice
586 1341 768 1381 dumtaxat,
795 1339 980 1383 specialiter
1006 1344 1037 1371 et
1071 1348 1225 1381 expresse

484 1393 702 1436 derogamus;
728 1392 907 1435 ceterisque
945 1391 1119 1424 contrariis
1157 1392 1227 1434 qui-

483 1447 699 1490 buscumque.

527 1500 641 1532 Datum
668 1499 787 1533 Romae
805 1526 813 1540 ,
840 1498 923 1541 apud
950 1497 981 1530 S.
1010 1497 1139 1530 Mariam
1166 1496 1227 1529 Ma-

483 1553 598 1593 iorem,
627 1554 687 1586 sub
713 1553 835 1586 annulo
858 1551 1049 1590 piscatoris,
1080 1551 1130 1583 die
1149 1560 1227 1583 xxm

483 1607 559 1640 maii
583 1616 785 1648 nnccxxxvi,
812 1604 1022 1649 pontificatus
1048 1604 1151 1637 nostri
1171 1614 1226 1636 an-

484 1671 527 1693 no
553 1670 596 1693 vt.

520 1722 581 1749 Dat.
605 1723 650 1750 die
671 1722 705 1750 23
726 1722 788 1749 maii
810 1721 889 1754 1736,
911 1721 1011 1757 pontif.
1035 1729 1108 1747 anno
1130 1726 1165 1747 Vl.

778 1777 811 1809 F.
839 1776 927 1809 card.
955 1775 1136 1809 Otivenius.

773 1928 944 1961 CLXXXII.

485 1998 610 2033 Erectio
640 2000 922 2043 confraternitatis
950 1998 1008 2032 sub
1041 1997 1230 2031 denomina-

532 2053 615 2085 tione
639 2057 770 2086 sanctae
797 2052 997 2086 Catharinac
1014 2051 1161 2084 nationis
1181 2050 1230 2083 Se·

529 2106 683 2139 mensium
708 2107 744 2138 in
778 2105 860 2138 Urbe
891 2105 1165 2137 commorantium
1197 2103 1230 2135 in

529 2158 927 2203 archiconsralernilalem
946 2185 953 2199 ‚
979 2169 1051 2191 cum
1075 2158 1232 2201 facultate

531 2212 756 2257 nqqreqancli,
786 2217 842 2246 etc.

697 2294 833 2321 Clemens
855 2293 936 2326 Papa
959 2293 1028 2325 XII,

606 2338 642 2365 ad
662 2341 840 2372 perpetuam
864 2337 909 2364 rei
929 2337 1112 2364 memoriam.

532 2409 595 2452 §.⁶3.
612 2409 734 2452 Exponi
755 2408 850 2441 nobis
869 2418 974 2451 nuper
989 2408 1138 2440 fecerunt
1157 2407 1232 2441 dile·

489 2465 531 2496 eti
554 2463 611 2496 filii
628 2464 784 2496 officiales
803 2468 836 2496 et
853 2463 1033 2495 confratres
1054 2462 1232 2494 confrater-

490 2516 599 2549 nitatis
610 2515 871 2549 cliristifidelium
886 2515 1026 2548 nationis
1038 2514 1231 2548 Senensium

490 2570 523 2601 in
549 2571 631 2602 alma
651 2569 736 2602 Urbe
754 2571 864 2602 nostra
878 2568 1151 2602 commorantium
1173 2567 1231 2600 sub

490 2622 753 2657 denominatione
791 2623 822 2657 S.
851 2622 1043 2657 Catbarinae
1079 2621 1232 2656 Senensis

1064 223 1250 249 nULLthM
1272 222 1427 247 ROMANUM

1266 271 1421 304 canonice
1458 277 1613 311 erectae,
1650 274 1737 316 quod
1778 273 1847 316 ipsa
1883 273 2008 306 confra-

1268 325 1412 365 ternitas‚
1441 336 1534 368 quae,
1559 330 1593 357 ut
1619 325 1785 366 asseritur,
1816 326 1891 359 olim
1916 325 2008 358 insti-

1269 382 1356 417 tuta,
1384 389 1420 410 ac
1445 378 1539 411 etiam
1565 384 1639 411 ante
1667 378 1793 411 initium
1819 388 1870 412 xv1
1887 379 2008 411 saeculi

1269 432 1405 465 diversis
1431 432 1610 465 identidem
1637 432 1748 475 gratiis
1774 438 1805 465 et
1829 432 2008 475 privilegus

1269 485 1421 518 decorata
1437 486 1505 525 suit,
1520 491 1630 528 atque,
1648 486 1734 518 iuxta
1751 486 1883 529 antiqua
1904 485 2007 528 ipsius

1268 544 1384 571 statuta
1410 550 1427 571 a
1461 539 1544 572 Sede
1580 539 1764 582 Apostolica
1800 539 2008 578 confirmata,

1269 592 1460 624 auctoritate
1497 592 1593 625 unius
1630 603 1665 625 ex
1701 592 1732 625 S.
1769 592 1804 624 R.
1838 592 1871 625 E.
1905 592 2009 624 cardi-

1270 645 1400 678 nalibus
1426 646 1472 678 uti
1511 646 1598 678 illius
1635 647 1831 688 protectoris
1862 645 2008 688 regitur,

1269 710 1286 731 a
1313 699 1415 731 felicis
1442 699 1679 732 reeordationis
1704 700 1803 733 Panlo
1833 699 1856 731 V
1881 704 1913 732 et
1938 699 2010 732 Ale-

1269 753 1392 785 xandro
1414 753 1463 785 t'tl
1496 753 1648 785 Romanis
1678 752 1889 785 Pontificibus
1917 763 2009 796 prae-

1270 806 1497 839 decessoribus
1523 807 1644 839 nostris
1670 807 1809 850 singulis
1834 806 1927 839 annis
1958 806 2009 838 die

1271 859 1352 892 sesto
1371 860 1519 893 eiusdem
1537 860 1568 893 S.
1589 859 1783 893 Catliarinae
1801 870 1899 892 unum
1919 869 2010 892 reum

1270 924 1308 946 ex
1333 912 1428 946 causa
1458 913 1587 956 capitali
1626 913 1811 946 damnatum
1848 913 2010 947 liberandi

1270 965 1452 999 facultatem
1490 966 1653 1006 obtinuit,
1692 973 1863 1010 postquam
1900 966 1962 999 iam
1993 976 2011 998 a

1270 1020 1465 1052 recolendae
1480 1020 1654 1052 memoriae
1668 1020 1767 1053 Panlo
1784 1020 1868 1063 Papa
1880 1020 1901 1051 V
1919 1030 2011 1063 prae-

1271 1073 1442 1106 decessore
1467 1072 1590 1115 pariter
1614 1078 1747 1113 nostro,
1772 1083 1831 1116 per
1856 1072 2011 1115 quasdam

1270 1137 1342 1159 suas
1369 1126 1400 1158 in
1435 1125 1529 1158 simili
1563 1126 1667 1158 forma
1697 1125 1808 1159 Brevis
1847 1125 1898 1158 die
1930 1135 2011 1159 xvul

1270 1179 1339 1212 iulii
1374 1189 1473 1213 innexi
1511 1179 1679 1222 expeditas
1712 1180 1860 1219 litteras,
1895 1189 2011 1212 omnes

1270 1233 1553 1266 confraternitates
1579 1232 1610 1265 in
1643 1237 1729 1265 statu
1754 1232 1891 1265 Senensi
1916 1231 2011 1264 dum-

1270 1291 1355 1319 taxat
1391 1286 1550 1319 oanonice
1587 1291 1712 1318 erectas
1744 1296 1781 1318 ac
1817 1285 2010 1328 erigendas,

1270 1342 1395 1373 servata
1406 1339 1648 1373 constitutionis
1659 1339 1731 1382 piae
1747 1338 1923 1372 memoriae
1939 1338 2011 1372 Cte-

1271 1394 1389 1426 mentis
1411 1393 1515 1436 Papae
1538 1392 1600 1425 t'ltt
1623 1391 1885 1435 praedecessoris
1902 1391 2013 1424 itidem

1271 1446 1372 1480 nostri
1399 1447 1540 1489 desuper
1566 1446 1672 1478 editae
1699 1446 1798 1478 forma
1825 1450 1856 1478 et
1875 1444 2012 1488 disposi-

1271 1500 1379 1540 tione,
1405 1499 1631 1542 aggregandi,
1659 1499 1793 1542 illisque
1832 1509 1944 1531 omnes
1980 1502 2012 1531 et

1270 1553 1415 1596 singulas
1441 1553 1660 1595 indulgentias
1685 1558 1716 1586 et
1734 1557 1944 1596 peccatorum
1965 1562 2012 1584 re-

1269 1606 1443 1639 missiones
1471 1617 1506 1639 ac
1531 1606 1806 1649 poenitentiarum
1839 1605 2013 1639 relaxatio-

1271 1670 1327 1693 nes
1351 1671 1368 1693 a
1393 1660 1476 1692 Sede
1502 1659 1668 1702 praedicta
1693 1659 1753 1692 sibi
1775 1669 1960 1697 concessas,
1980 1663 2012 1692 et

1271 1714 1350 1746 alias
1367 1712 1665 1752 communicabileS,
1685 1711 1946 1745 communicandi
1965 1712 2011 1745 'li-

1270 1766 1377 1800 centia
1402 1771 1562 1809 perpetuo
1589 1765 1617 1798 ei
1645 1765 1799 1798 attributa
1825 1765 1940 1805 suerat;
1961 1774 2012 1797 re-

1270 1820 1477 1853 currentibus
1503 1829 1578 1852 vero
1600 1819 1692 1852 annis
1719 1819 1848 1852 iubilaei
1872 1818 2012 1862 hospita·

1272 1873 1412 1913 litatem,
1438 1884 1532 1916 quam
1559 1872 1937 1905 areliieonfraternifates
1964 1872 2012 1904 di-

1272 1933 1341 1960 ctae
1363 1926 1457 1959 Urbis
1477 1926 1529 1969 pic
1549 1936 1702 1959 exercere
1727 1926 1842 1965 solent,
1870 1924 2012 1968 hospitio

1273 1980 1465 2023 excipiendo
1485 1990 1596 2012 omncs
1617 1979 1900 2012 confraternitates
1922 1988 2014 2022 prae-

1274 2035 1352 2067 fatas
1378 2034 1416 2066 ad
1443 2034 1590 2067 camdem
1619 2033 1735 2066 Urbem
1763 2043 1822 2076 pro
1852 2033 2012 2079 lucrando

1274 2088 1414 2121 iubilaeo
1442 2087 1624 2120 huiusmodi
1651 2088 1858 2130 accedentes,
1886 2087 2014 2120 assidue

1275 2152 1404 2186 quoque
1430 2146 1570 2174 exercet.

2014 223 2065 251 An.
2083 223 2111 251 c,
2129 216 2191 255 aa
2215 220 2216 223 ’

2221 841 2232 980 γὴηή-
2223 740 2227 830 ,ΠΨ

2224 2172 2228 2183 .

1318 2196 1333 2239 g
1358 2195 1389 2228 9..
1417 2195 1493 2228 Cum
1520 2200 1638 2235 autem,
1659 2196 1743 2228 sicut
1761 2195 1875 2228 eadem
1894 2193 2017 2238 exposi-
2053 2199 2166 2222 Concessio
2179 2198 2204 2221 ἃ·
2223 2185 2232 2205 ¹⁴

1276 2248 1319 2282 tio
1337 2248 1565 2290 subiungebat,
1584 2248 1645 2291 ipsi
1664 2253 1877 2291 exponentes,
1895 2248 2018 2281 confra-

1276 2302 1460 2335 ternitatem
1479 2302 1655 2345 praefatam
1675 2302 2017 2336 arcliiconf'raternita-

1277 2356 1315 2388 tis
1334 2356 1427 2388 titulo
1446 2355 1606 2398 insigniri,
1623 2356 1799 2398 plurimum
1818 2356 2017 2390 desiderent:

1276 2408 1371 2442 nobis
1398 2414 1573 2452 propterea
1598 2409 1762 2443 humiliter
1779 2409 1956 2453 supplicari
1975 2409 2019 2442 se-

1276 2467 1391 2496 cerunt
1418 2469 1452 2495 ut
1476 2462 1537 2494 sibi
1564 2462 1594 2495 in
1615 2463 1802 2506 praemissis
1833 2468 2017 2507 opportune

1276 2516 1460 2559 providere,
1488 2522 1519 2549 et
1543 2521 1578 2548 ut
1602 2516 1686 2549 infra
1710 2516 1881 2558 indulgere
1907 2516 1946 2548 de
1963 2517 2019 2549 be-

1276 2568 1436 2611 nignitate
1474 2569 1657 2612 apostolica
1694 2569 1915 2611 dignaremur.
1955 2567 2019 2601 Nos

1277 2622 1383 2665 igitur,
1399 2622 1490 2666 ipsos
1505 2626 1707 2667 exponentes
1726 2622 1918 2666 specialibus
1932 2621 2019 2656 savo-

2027 2233 2069 2254 qua
2085 2228 2105 2248 in
2117 2227 2205 2249 rubrius.
2226 2235 2229 2261 j
