2232 3178
917 164 1013 189 mnax
1039 163 1143 189 1151111111
1693 154 1756 188 689

258 218 394 252 Minores
419 217 600 251 Reformati.
625 237 669 242 -
693 217 857 250 Fratribus
881 217 1118 260 provinciarum
1143 216 1309 250 Lusitanae
1339 220 1369 251 et
1402 217 1433 250 S.
1461 216 1587 251 Antonii
1613 217 1644 250 in
1669 216 1800 251 Brasilia

347 270 459 303 vetitus
484 271 634 303 transitus
658 270 696 302 ad
721 270 797 302 alias
822 270 999 313 provincias
1017 270 1064 302 sui
1082 269 1206 303 Ordinis
1228 269 1404 303 studiorum
1431 271 1535 312 causa,
1554 269 1617 304 589
1634 282 1652 304 α
1680 275 1709 303 01
1734 281 1797 314 seq.

256 324 418 358 Missiones
444 323 650 367 apostolicae.
669 342 711 347 -—
736 323 898 356 Missiones
924 322 954 354 in
980 322 1117 356 dioecesi
1142 322 1374 365 Salisburgensi
1396 323 1529 356 instituit
1544 323 1722 366 Leopoldus
1747 333 1798 355 ar-

343 378 564 422 chiepiscopus
589 377 647 410 sub
673 376 827 419 regimine
859 386 966 409 sacrae
991 375 1251 419 Congregationis
1277 376 1316 408 de
1340 375 1549 419 Propaganda
1577 376 1670 416 Fide,
1695 376 1753 409 511
1783 377 1799 407 Ι)

348 436 378 463 01
401 441 475 474 seq.;
500 429 606 462 missio
631 440 691 473 pro
716 429 859 472 patribus
891 429 1016 462 Ordinis
1053 429 1083 462 S.
1111 428 1278 470 Augustini
1316 428 1347 460 in
1383 429 1582 472 praefectura
1606 429 1745 462 Hallensi
1771 434 1800 461 ct

349 489 455 517 monte
485 483 736 525 Turnum-gensi,
762 482 825 515 512
850 482 866 514 b
891 488 918 514 et
952 493 1037 525 seq.;
1074 492 1133 525 pro
1169 481 1312 524 patribus
1345 481 1529 524 Capuccinis
1563 481 1593 513 in
1627 482 1743 525 oppido
1768 487 1799 514 et

346 535 544 579 praefectura
578 534 745 568 Werss'ensi
780 545 851 567 cum
889 534 1096 577 praefecturis
1121 535 1152 566 in
1177 535 1340 567 Abbtenau
1365 540 1395 567 et
1420 535 1564 578 Golling,
1589 535 1654 568 514
1679 547 1715 576 α,
1741 546 1799 579 pro

344 588 463 621 eisdem
489 587 623 621 civitatis
654 587 887 621 Radstadiensis
918 587 999 619 intra
1037 591 1186 619 montana
1211 598 1269 630 per
1294 592 1390 620 totam
1417 587 1484 620 eius
1508 588 1646 621 nominis
1678 588 1799 632 praefe-

343 647 484 682 cturam,
509 640 573 673 518
598 641 634 681 b;
660 641 752 673 aliam
776 651 836 684 pro
861 640 978 673 eisdem
1007 640 1192 672 monasterii
1218 640 1248 671 in
1274 640 1481 683 Dambsweeg
1505 641 1594 674 vallis
1623 641 1798 684 Zungaviae

344 695 383 727 ad
408 694 547 727 confines
572 693 750 727 Carinmiae
786 703 844 736 per
878 698 975 726 totam
1008 692 1238 735 praefecturam
1276 693 1557 734 Mosheimensem,
1583 694 1646 727 520
1671 706 1708 734 α;
1740 705 1799 738 pro

346 746 495 780 fratribus
512 745 636 779 Ordinis
654 746 751 778 sancti
770 745 929 778 Benedicti
948 745 978 777 in
995 745 1065 777 1000
1090 745 1308 778 Swarzaoliiae
1329 756 1389 788 pro
1409 747 1616 789 praefecturis
1641 747 1678 779 ad
1704 747 1733 780 S.
1751 747 1798 780 lo-

345 809 460 832 annem
477 799 639 841 Wagrain,
658 798 794 840 Prosail,
813 798 956 838 Gostein,
975 797 1116 839 Goldegg
1133 802 1163 830 et
1183 798 1221 830 ad
1241 798 1270 832 S.
1290 797 1411 838 Vitum,
1431 797 1495 831 522
1513 809 1549 839 α·,
1576 810 1633 842 pro
1657 800 1800 843 patribus

343 851 529 889 Recolleetis
554 850 679 884 Ordinis
704 851 801 884 sancti
818 850 976 884 Francisei
995 850 1026 882 in
1044 851 1114 883 loeo
1134 850 1310 884 Hunsdorif
1330 861 1425 894 super
1450 852 1660 895 praefecturis
1681 853 1799 886 Taxen-

342 903 486 944 bacensi‘,
512 903 663 937 Raurensi
690 909 719 936 et
745 903 893 945 Zellensi‚
922 903 985 936 527
1011 904 1039 936 b.

253 957 408 991 Missionis
432 956 655 1000 Congregatio.
674 975 717 980 —
740 956 907 995 Quomodo
931 955 1136 999 intelligenda
1160 956 1199 990 sit
1224 957 1326 990 maior
1350 967 1424 1001 pars
1449 957 1675 1001 suffragiorum
1703 969 1798 1002 super

344 1009 544 1042 medietatem
570 1008 633 1041 217
659 1009 676 1041 b
701 1014 731 1042 et
755 1019 835 1052 seq.;
861 1013 988 1042 mortuo
1013 1009 1180 1052 superiore
1206 1010 1366 1053 generali,
1388 1011 1506 1045 vicario
1528 1016 1633 1045 autem
1659 1013 1798 1055 generali

342 1062 482 1105 legitime
502 1061 665 1106 impedito,
678 1061 962 1105 Congregationem
988 1072 1100 1105 regere
1120 1064 1191 1106 quis
1217 1063 1340 1105 debeat,
1360 1065 1456 1105 ibicis,
1475 1065 1632 1098 assistenti
1657 1066 1797 1108 generali

341 1115 478 1149 admisso
513 1120 675 1159 tamquam
713 1115 830 1149 vicario
860 1115 1020 1159 generali,
1046 1116 1154 1149 eadem
1189 1127 1269 1161 quae
1301 1118 1376 1151 huic
1412 1123 1599 1162 competunt
1634 1119 1796 1154 facultates

342 1169 535 1210 tribuuntur,
560 1169 634 1202 ibid.

253 1222 396 1256 Monachi
420 1222 658 1263 Cistercienses,
680 1223 750 1256 vide
773 1222 1003 1256 Cistercienses.

250 1276 394 1310 Monachi
421 1276 531 1310 Graeci
556 1276 720 1309 Melehitae
744 1276 1007 1319 Congregationis
1043 1276 1076 1309 S.
1104 1276 1229 1309 loannis
1254 1276 1413 1321 Baptistae
1448 1278 1479 1310 in
1515 1279 1636 1313 Soairo.
1662 1299 1707 1306 -
1744 1281 1796 1315 Eis

339 1330 472 1363 ecclesia
496 1329 525 1363 S.
550 1329 666 1362 Mariae
702 1329 733 1362 in
769 1329 921 1363 Domnica
959 1328 997 1361 de
1033 1329 1136 1371 Urbe,
1162 1329 1226 1363 579
1262 1331 1295 1371 b;
1334 1331 1460 1375 regulas
1495 1332 1553 1365 sibi
1590 1334 1795 1372 constituunt,

339 1382 404 1416 580
428 1394 465 1423 α;
490 1387 563 1427 post
587 1383 744 1427 completa
768 1383 870 1416 studia
894 1383 997 1427 parati
1019 1393 1087 1418 esse
1111 1383 1228 1417 debent
1252 1384 1290 1417 ad
1313 1385 1475 1419 obeundas
1499 1387 1684 1431 missiones,
1708 1390 1795 1429 2‘b2·ct.;

339 1435 437 1469 abbas
453 1441 484 1468 et
500 1436 648 1469 monaehi
668 1435 853 1469 monasterii
874 1435 967 1468 huius
984 1435 1088 1468 abbati
1106 1437 1247 1479 generali
1265 1437 1360 1471 totius
1377 1438 1639 1483 Congregationis
1661 1442 1794 1476 subiecti

340 1499 408 1523 esse
432 1489 564 1531 debent,
590 1489 654 1523 580
679 1490 714 1530 b3
746 1489 862 1533 quibus
891 1489 1002 1522 studiis
1031 1498 1163 1533 operam
1191 1490 1266 1524 dare
1291 1490 1446 1535 debeant,
1474 1492 1533 1526 581
1563 1505 1593 1527 a.

250 1542 393 1577 Monaehi
418 1543 588 1577 Maronitae
612 1542 738 1576 Ordinis
763 1542 794 1576 S.
814 1542 940 1576 Antonii
965 1542 1227 1586 Congregationis
1252 1544 1280 1577 S.
1306 1544 1405 1578 Isaiae
1430 1545 1461 1578 in
1486 1546 1586 1590 Syria.
1606 1567 1649 1571 ——
1673 1548 1793 1582 Consti-

341 1596 478 1629 tutiones
503 1596 681 1637 efformant,
706 1596 841 1640 Sedique
866 1596 1066 1640 Apostolicae
1097 1597 1268 1641 porrigunt
1299 1598 1544 1641 confirmandas,
1570 1600 1635 1633 604
1658 1612 1678 1635 (ι
1703 1607 1735 1635 01
1760 1603 1791 1643 Ι);

339 1649 379 1682 (10
402 1648 582 1682 obedientia
605 1654 636 1682 et
660 1649 803 1682 castitate
828 1655 857 1682 et
880 1654 1077 1694 paupertate,
1102 1650 1189 1691 ibam
1215 1651 1253 1684 de
1278 1652 1473 1693 humilitate,
1498 1653 1536 1686 (10
1560 1653 1699 1688 fraterna
1723 1655 1794 1689 clia-

338 1701 441 1743 ritate,
461 1701 500 1735 de
521 1701 683 1746 patientia,
708 1702 747 1735 de
772 1702 882 1736 habitu
907 1702 1153 1744 monachorum,
1180 1703 1243 1737 605
1268 1705 1301 1745 ὸς
1327 1705 1365 1738 de
1386 1708 1477 1739 mora
1501 1706 1532 1739 in
1557 1707 1646 1748 cella,
1670 1708 1709 1741 de
1733 1709 1792 1743 iter

337 1755 514 1799 agentibus,
539 1755 577 1788 de
603 1756 722 1797 mensa,
747 1755 786 1789 de
807 1766 905 1800 opere
929 1765 1099 1797 manuum,
1127 1756 1165 1790 de
1193 1757 1328 1800 silentio,
1358 1759 1396 1792 de
1423 1759 1566 1793 oratione
1595 1761 1735 1804 mentali,
1752 1762 1792 1795 de

337 1809 482 1843 oratione
499 1808 615 1851 vocali,
633 1808 672 1841 de
689 1808 884 1842 confessione
905 1809 1142 1851 sacramentali,
1167 1809 1231 1843 006
1257 1822 1276 1844 a
1301 1816 1332 1844 et
1356 1811 1383 1852 b;
1411 1812 1449 1845 de
1473 1818 1654 1846 sanctorum
1679 1820 1791 1859 myste-

337 1861 459 1895 riorum
493 1862 727 1905 communione,
751 1862 790 1895 de
813 1862 978 1904 modestia,
1004 1863 1042 1896 de
1062 1863 1211 1907 aegrotis,
1235 1864 1274 1898 de
1298 1864 1440 1906 novitiis,
1466 1865 1529 1899 607
1555 1878 1575 1900 a
1601 1872 1631 1900 et
1653 1878 1705 1911 seq
1719 1878 1726 1907 3
1752 1868 1791 1901 de

337 1915 490 1959 magistro
514 1915 721 1957 novitiorum,
747 1915 811 1948 610
835 1915 868 1957 b3
889 1916 927 1949 de
950 1916 1112 1960 professis,
1128 1916 1167 1950 de
1192 1917 1315 1951 clericis
1341 1918 1539 1952 studentibus
1564 1924 1594 1953 et
1618 1921 1789 1963 magistris,

336 1968 397 2002 611
426 1979 446 2002 α
470 1973 501 2003 01
526 1971 559 2010 Ι);
590 1969 629 2002 de
653 1968 881 2013 sacerdotibus,
908 1969 971 2003 013
997 1980 1032 2012 α;
1064 1969 1103 2003 (10
1135 1971 1299 2005 monachis
1326 1971 1431 2013 laicis,
1457 1971 1521 2006 613
1546 1973 1578 2013 b;
1611 1973 1649 2007 de
1678 1974 1790 2008 ordine

336 2022 510 2056 domestico
527 2027 558 2056 et
574 2022 739 2056 honestate
755 2027 843 2056 extra
859 2024 1098 2065 monasterium,
1116 2025 1182 2059 614
1198 2026 1230 2066 b;
1249 2025 1287 2059 de
1305 2025 1490 2060 fundatione
1511 2028 1788 2070 monasteriorum,

335 2076 516 2120 receptione
535 2076 706 2120 hospitum,
723 2076 825 2121 deque
848 2078 973 2111 vitanda
997 2079 1228 2113 monachorum
1245 2080 1423 2123 vagatione,
1450 2080 1514 2113 615
1539 2091 1558 2114 α
1584 2086 1614 2114 01
1638 2093 1722 2126 seq.;
1750 2082 1789 2116 de

337 2128 533 2163 subiectione
556 2140 632 2174 erga
655 2130 827 2174 praelatos,
853 2130 915 2164 617
941 2142 981 2173 α;
1007 2132 1046 2165 de
1070 2132 1107 2165 iis
1132 2143 1212 2177 quae
1237 2132 1401 2166 observari
1425 2133 1543 2168 debent
1572 2134 1603 2167 in
1635 2135 1787 2178 exigenda

337 2181 376 2215 ab
400 2181 566 2215 abbatibus
590 2186 620 2215 et
643 2182 804 2216 reddenda
828 2193 845 2216 a
869 2184 1033 2218 monachis
1057 2184 1180 2219 ratione
1207 2185 1436 2227 conscientiae,
1460 2186 1524 2219 618
1549 2198 1584 2227 a,
1606 2187 1644 2220 de
1660 2197 1788 2221 renova-

338 2236 422 2270 tione
439 2240 596 2276 votorum‚
614 2234 678 2269 619
695 2246 734 2276 α;
751 2236 789 2269 (10
807 2237 970 2271 monachis
995 2238 1130 2272 infirmis
1147 2244 1177 2272 et
1194 2239 1428 2282 decedentibus,
1450 2239 1514 2273 610
1540 2240 1572 2279 h;
1591 2240 1629 2273 de
1646 2241 1786 2274 eremitis

336 2293 367 2322 et
390 2288 537 2329 inclusis,
553 2288 613 2321 021
635 2299 674 2329 α;
700 2288 739 2321 de
756 2289 962 2333 monialibus,
981 2290 1039 2324 621
1062 2291 1095 2332 b3
1113 2292 1152 2325 de
1169 2292 1331 2326 communi
1354 2292 1466 2335 regula
1482 2292 1632 2325 abbatum
1650 2298 1680 2326 et
1696 2304 1787 2338 supe-

335 2342 468 2385 riorum,
494 2341 559 2375 6211
584 2352 624 2382 α;
651 2342 688 2376 de
714 2342 879 2386 regimine,
904 2343 1015 2377 ordine
1039 2349 1069 2377 et
1092 2345 1343 2389 praeeminentia
1364 2345 1526 2387 abbatum,
1544 2345 1609 2378 624
1628 2346 1645 2377 b
1665 2350 1694 2380 01
1710 2358 1786 2391 seq.;

334 2395 372 2428 de
385 2395 508 2429 *abbate
533 2396 684 2439 generali,
703 2395 767 2429 625
792 2397 823 2437 b;
848 2397 886 2430 de
906 2397 1104 2441 hegumenis,
1125 2397 1190 2432 028
1207 2399 1239 2439 (ν,
1266 2399 1305 2432 (10
1324 2398 1436 2431 abbate
1459 2398 1650 2442 provinciae,
1669 2398 1732 2432 629
1749 2411 1784 2441 α;

335 2449 374 2482 de
398 2449 509 2483 abbate
535 2450 726 2491 monasterii,
744 2450 807 2483 020
832 2451 864 2491 b;
889 2451 927 2484 de
952 2451 1081 2492 vicario,
1106 2451 1165 2484 631
1196 2452 1228 2491 b;
1247 2451 1285 2485 de
1305 2461 1481 2485 oeconomo
1499 2461 1552 2484 seu
1577 2456 1785 2495 procuratore

336 2502 538 2546 monasterii,
563 2502 627 2536 032
652 2514 692 2545 a,
725 2504 763 2537 de
787 2504 1032 2547 consultoribus,
1059 2504 1122 2539 633
1146 2515 1182 2545 α;
1216 2505 1254 2538 (10
1287 2504 1575 2549 praedicatoribus,
1602 2504 1665 2539 (533
1689 2506 1721 2546 b3
1746 2506 1785 2540 de

336 2555 494 2600 praefecto
519 2565 626 2589 rerum
651 2557 872 2602 spiritualium,
898 2557 963 2593 634
986 2570 1024 2600 α;
1049 2559 1087 2593 de
1112 2559 1270 2603 praesecto
1295 2559 1459 2603 ecelesiae,
1484 2558 1549 2594 631
1573 2559 1608 2604 b,
1632 2559 1670 2596 de
1694 2570 1783 2606 prae-

388 2618 468 2650 Buce.
487 2620 571 2649 Rom.
591 2635 626 2641 —
649 2620 708 2650 Vol.
728 2621 830 2650 XXIV.
972 2623 1007 2650 87
