2232 3178
282 228 329 255 An.
351 228 379 255 c.
402 226 467 256 1740
514 218 577 254 650

332 1159 382 1179 (lus.
396 1159 412 1179 I.

311 1185 339 1205 [η
365 1190 464 1209 processu

283 1213 387 1232 iudiciali.

477 278 584 308 tionem
619 277 796 315 mentalem,
821 275 986 313 ieiunium,
1011 276 1211 313 refectorium,

475 327 635 364 silentium,
659 326 772 365 aliaque
799 325 1017 355 communitatis
1050 325 1162 363 officia,
1185 328 1213 354 et

476 376 619 414 quomodo
641 375 716 403 ritus
732 378 760 404 et
777 374 976 403 caeremoniae
998 373 1213 402 ecclesiasticae

476 424 691 461 observentur,
724 432 758 452 an
790 423 899 462 aliquid
933 422 1006 452 desit
1037 422 1080 451 vel
1113 431 1215 461 super-

477 473 566 501 tluum
589 471 626 500 sit
655 471 683 500 in
709 471 806 506 victu,
832 475 912 510 potu,
936 471 1060 507 vestitu,
1084 474 1112 500 et
1143 479 1214 508 quo-

477 520 561 549 modo
591 522 753 548 tractentur
785 518 821 548 ab
854 518 956 548 abbate
991 522 1048 547 tam
1079 516 1213 547 monachi

477 568 539 597 sani
563 576 648 605 quam
685 566 794 596 infirmi
831 571 858 596 ct
891 566 1036 605 hospites3
1072 565 1214 605 quomodo

478 615 611 645 monachi
634 615 764 644 iuniores
796 615 997 651 instruantur,
1031 618 1059 644 et
1084 614 1133 652 qui
1155 613 1214 643 sint

477 674 572 694 mores
594 663 788 694 saecularium
816 663 866 703 qui
898 668 967 692 sunt
995 663 1024 692 in
1051 662 1214 692 ministerio

475 712 617 743 coenobii.

515 770 553 790 xi.
577 762 651 790 Acta
675 760 771 790 onmia
796 769 811 789 a
833 761 992 790 secretario
1021 764 1152 800 excepta,
1176 759 1215 789 si-

474 809 601 849 gilloque
626 809 753 846 munita,
775 809 805 838 in
828 809 978 839 archivum
1002 808 1121 839 Ordinis
1142 808 1215 838 inse-

474 862 533 895 rat,
559 862 587 887 et
609 857 632 887 si
655 857 782 887 vicarius
804 857 865 887 sive
887 857 1035 895 delegatus
1057 857 1156 895 fuerit,
1180 856 1214 886 ad

474 906 607 936 abbatem
629 906 794 944 generalem
817 906 860 935 vel
884 906 1051 945 provinciae
1074 906 1193 936 reserat.

515 963 564 984 xn.
589 953 710 984 Omnem
733 962 851 992 operam
882 953 1019 983 adhibeat
1051 958 1082 983 ut
1114 963 1214 993 pacem

476 1007 503 1033 et
528 1003 713 1033 concordiam
731 1003 760 1032 in
777 1003 953 1033 monasterio
970 1003 1126 1042 relinquat.

738 1086 812 1107 PARS
836 1086 953 1111 QUlNTA.

516 1152 589 1180 Cum
620 1149 829 1179 monachorum
852 1157 955 1178 causae
977 1158 991 1177 a
1014 1148 1216 1187 superioribus

476 1198 649 1229 iudicandae
671 1198 747 1235 sint,
764 1197 930 1227 communis
946 1197 1015 1227 ordo
1038 1197 1215 1227 iudiciorum

477 1252 621 1277 servetur:

517 1305 535 1326 1.
559 1295 647 1325 ludex
670 1294 861 1324 secretarium
898 1297 1079 1333 praesentem
1112 1293 1216 1324 habeat

479 1343 514 1373 ab
536 1343 599 1382 ipso
622 1346 671 1373 aut
693 1352 707 1371 a
732 1342 834 1372 maiori
856 1342 1006 1381 superiore
1037 1343 1215 1380 eligendum,

479 1393 529 1432 qui
552 1392 680 1421 examini
702 1391 788 1428 adsit,
813 1395 840 1420 ct
856 1391 931 1420 dicta
955 1391 1216 1422 examinandorum

479 1442 624 1480 excipiat,
648 1445 676 1469 et
698 1440 872 1469 sententiam
896 1439 1013 1469 scribat.

519 1499 548 1520 11.
563 1489 704 1519 Iudicium
719 1489 966 1518 introducendum
981 1489 1036 1518 erit
1048 1489 1092 1519 vel
1106 1499 1157 1528 per
1172 1499 1219 1519 ac-

479 1539 673 1574 cusationem,
688 1538 731 1567 vel
756 1547 807 1576 per
822 1538 1089 1576 denunciationem,
1104 1538 1148 1568 vel
1168 1548 1219 1578 per

479 1587 718 1617 diffamationem.
742 1587 771 1616 Si
795 1595 847 1625 per
868 1587 1082 1617 accusationem
1106 1596 1220 1626 proces-

479 1647 529 1666 sus
551 1636 718 1673 inchoetur,
742 1640 840 1665 certus
862 1645 925 1666 esse
947 1635 1032 1666 debet
1053 1641 1217 1673 accusator,

479 1689 507 1714 et
533 1684 627 1723 capita
661 1684 856 1713 accusationis
880 1688 1031 1723 porrectae
1054 1685 1108 1714 sua
1132 1694 1218 1714 manu

479 1732 660 1763 subscribat:
685 1737 752 1762 ante
774 1732 869 1762 omnia
890 1736 985 1762 autem
1005 1732 1219 1762 examinandus

481 1785 646 1818 accusator,
670 1790 706 1810 an
730 1781 767 1810 sit
788 1781 920 1818 integrae
952 1781 1065 1819 famae,
1089 1791 1124 1811 an
1158 1790 1220 1811 mo—

479 1834 580 1860 veatur
602 1830 700 1868 aliquo
723 1829 809 1865 odio,
834 1833 884 1859 aut
907 1829 964 1859 alio
988 1839 1077 1868 pravo
1099 1830 1217 1869 affectu,

480 1887 514 1907 an
539 1887 613 1917 quae
643 1877 779 1916 proponit
811 1876 936 1907 habeant
969 1877 1063 1916 aliqua
1097 1878 1219 1908 admini-

479 1926 544 1956 cula
569 1925 611 1955 vel
635 1925 741 1954 indicia
765 1925 910 1963 veritatis,
935 1929 1019 1964 puta,
1043 1926 1111 1965 quia
1134 1935 1219 1957 accu-

480 1978 560 2005 satus
583 1974 654 2003 alias
677 1973 705 2003 in
735 1973 835 2003 eodem
871 1983 979 2012 genere
1015 1975 1126 2013 peccati
1149 1975 1220 2005 deli-

480 2024 586 2063 querit,
609 2027 658 2052 aut
680 2023 736 2053 alio
759 2023 843 2053 modo
866 2023 930 2053 eius
962 2024 1036 2053 sama
1070 2027 1098 2054 et
1120 2024 1219 2054 existi-

481 2072 569 2102 matio
592 2071 714 2101 laboret.
748 2071 826 2101 Haec
848 2075 945 2102 autem
968 2072 1098 2102 exactius
1121 2072 1218 2103 obser-

481 2121 572 2150 vanda
587 2124 665 2158 sunt,
679 2120 794 2159 quando
810 2124 962 2150 accusator
974 2121 1104 2160 procedit
1118 2124 1218 2151 contra

481 2168 618 2198 abbates:
654 2168 701 2197 isti
735 2168 813 2197 enim
846 2168 926 2198 salsis
958 2169 1155 2199 delationibus
1191 2173 1219 2199 et

481 2217 609 2256 querelis
642 2216 767 2246 maxime
799 2216 921 2246 obnoxii
945 2221 1030 2254 sunt,
1054 2221 1082 2247 et
1103 2227 1217 2256 rursus,

481 2276 546 2296 cum
569 2266 721 2303 regiminis
743 2266 889 2295 columina
927 2266 1007 2304 sint,
1032 2276 1090 2296 non
1123 2267 1217 2303 facile,

481 2324 576 2354 neque
599 2323 633 2344 ex
657 2313 769 2343 levibus
791 2314 986 2344 delationibus
1008 2315 1037 2344 in
1057 2315 1219 2354 periculum

481 2362 708 2392 existimationis
723 2366 751 2391 et
765 2361 858 2391 famae
873 2362 995 2391 vocandi
1017 2368 1095 2392 sunt.
1120 2363 1149 2392 Si
1169 2372 1220 2402 per

482 2410 738 2440 denunciationem
762 2410 945 2449 procedatur,
969 2410 1161 2440 denunciator
1183 2412 1221 2441 si-

483 2460 594 2489 militer
615 2464 712 2489 certus
735 2459 784 2497 sit,
808 2459 994 2490 subscribere
1017 2469 1047 2490 se
1069 2460 1155 2490 debet
1173 2461 1221 2490 de-

483 2507 681 2538 nunciationis
703 2507 859 2546 capitibus,
883 2508 958 2538 sicut
980 2513 1142 2547 accusator,
1167 2509 1220 2539 etsi

484 2557 545 2596 ipse
564 2565 622 2586 non
647 2560 760 2586 tenetur
783 2565 951 2596 processum
975 2558 1112 2597 prosequi
1129 2562 1157 2588 et
1172 2557 1221 2587 ob-

486 2605 559 2635 iecta
582 2604 717 2645 probare.
747 2605 776 2636 Si
798 2609 895 2636 autem
918 2614 970 2646 per
991 2605 1220 2637 diffamationem

1055 226 1235 252 BULLARlUM
1259 226 1413 253 ROMANUM

1256 276 1448 315 procedatur,
1471 275 1695 306 examinandum
1719 277 1833 317 primo,
1856 286 1892 308 an
1915 278 1989 309 sama

1255 328 1304 354 aut
1336 324 1496 354 diffamatio
1525 334 1539 355 a
1567 324 1666 364 probis
1699 330 1727 355 et
1758 326 1889 357 honestis
1920 327 1990 358 viris

1256 377 1350 402 ortum
1372 373 1490 412 habeat,
1514 383 1605 413 eaque
1626 374 1786 404 diffamatio
1807 384 1863 405 non
1888 376 1989 414 semel,

1256 422 1305 451 sed
1322 422 1438 461 saepius
1454 422 1490 452 ad
1507 431 1592 452 aures
1609 423 1794 462 superiorum
1812 425 1988 463 pervenerit.

1296 479 1336 499 111.
1361 470 1428 500 Post
1441 470 1654 500 accusationem
1669 480 1719 501 seu
1737 471 1991 502 denunciationem

1256 526 1306 547 seu
1330 518 1567 557 diffamationem,
1590 519 1676 549 iudex
1693 519 1727 549 ad
1744 520 1861 562 testium
1883 521 1993 551 exami-

1257 566 1403 596 nationem
1436 567 1589 602 deveniat,
1613 577 1627 597 a
1650 567 1756 607 quibus
1791 568 1924 599 exhibito
1958 569 1993 599 de

1259 615 1378 644 veritate
1401 615 1525 645 dicenda
1548 615 1724 654 iuramento,
1749 616 1793 646 vel
1816 617 1891 647 sacto
1907 616 1942 646 iis
1958 617 1994 647 de

1259 663 1381 693 veritate
1404 663 1529 693 dicenda
1544 663 1573 693 in
1590 663 1697 694 virtute
1719 668 1836 695 sanctae
1858 665 1995 696 obedien-

1259 710 1315 740 tiae
1337 715 1504 750 praecepto,
1528 711 1634 751 primo,
1658 712 1683 742 si
1701 712 1760 742 sint
1781 713 1923 751 extranei,
1945 723 1993 752 ge-

1257 759 1398 789 neraliter
1420 759 1613 798 interrogabit
1635 769 1722 800 super
1749 769 1849 790 eorum
1871 761 1996 800 qualita-

1258 807 1353 846 tibus,
1391 808 1497 838 deinde
1531 817 1621 847 super
1656 808 1813 848 praedictis
1851 809 1996 849 capitibus

1258 856 1472 894 accusationis,
1496 860 1672 897 annotetque
1703 856 1791 895 diem,
1815 866 1946 889 mensem
1968 862 1997 890 et

1258 913 1367 934 annum
1390 914 1446 944 quo
1462 905 1570 943 singuli
1587 909 1676 935 testes
1694 906 1805 936 suerint
1820 906 1992 947 examinati,

1258 956 1286 982 et
1304 962 1504 992 quaecumque
1519 954 1726 992 deposuerint3
1749 954 1865 984 demum
1882 955 1998 986 curabit

1258 1006 1290 1032 ut
1312 1002 1400 1032 iidem
1424 1006 1511 1032 testes
1539 1011 1627 1032 manu
1660 1003 1778 1042 propria
1809 1003 1997 1035 subscribant

1250 1058 1326 1086 ‚suas
1348 1050 1562 1089 depositiones,
1586 1054 1615 1080 et
1636 1051 1660 1080 si
1683 1051 1738 1090 ipsi
1760 1051 1889 1082 litteris¹
1918 1053 1997 1092 igno-

1258 1102 1342 1135 rant,
1365 1103 1513 1138 apponant
1535 1100 1586 1128 sua
1617 1108 1705 1128 manu
1735 1100 1858 1138 figuram
1882 1101 1996 1139 crucis,

1258 1151 1286 1176 et
1309 1147 1382 1177 alius
1405 1156 1438 1177 ex
1462 1147 1593 1187 ipsorum
1614 1148 1749 1178 mandato
1771 1149 1936 1181 subscribat
1951 1160 1999 1181 eo-

1258 1196 1389 1226 rumdem
1406 1196 1537 1234 nomina,
1554 1197 1722 1227 annotando
1738 1206 1769 1228 se
1784 1197 1900 1228 illorum
1916 1198 1998 1230 iussu

1259 1244 1480 1283 subscripsisse.

1299 1302 1338 1322 ιν.
1362 1293 1412 1323 llis
1435 1293 1570 1332 peractis,
1593 1293 1680 1324 iudex
1702 1299 1868 1325 accusatum
1884 1305 1935 1326 seu
1951 1296 1999 1327 de-

1259 1342 1430 1371 nunciatum
1452 1342 1497 1372 vel
1519 1342 1699 1372 diffamatum
1730 1343 1852 1384 citabit,
1875 1354 2000 1386 eumque

1261 1390 1438 1420 examinabit
1473 1400 1560 1430 super
1583 1391 1759 1430 praedictis,
1792 1401 1851 1423 non
1887 1394 1997 1434 semel,

1261 1439 1311 1469 sed
1334 1439 1379 1468 bis
1402 1439 1446 1469 vel
1469 1443 1523 1477 ter,
1548 1449 1614 1469 cum
1641 1439 1795 1471 intervallo
1820 1445 1933 1482 tamen,
1957 1446 1998 1480 ut,

1261 1489 1285 1518 si
1308 1488 1535 1518 contradictoria
1558 1489 1675 1526 dixerit,
1699 1490 1790 1529 possit
1812 1499 1846 1520 ex
1862 1492 1916 1521 sua
1930 1501 1998 1522 con-

1262 1538 1387 1568 fessione
1422 1538 1569 1576 redargui.
1605 1538 1639 1568 Et
1674 1538 1698 1568 si
1734 1548 1808 1578 opus
1842 1540 1930 1571 fuerit
1964 1541 2000 1572 ad

1262 1595 1344 1616 reum
1368 1586 1604 1616 convincendum
1627 1595 1754 1626 eumque
1782 1587 1817 1617 ad
1845 1588 1999 1619 veritatem

1262 1634 1415 1665 dicendam
1438 1635 1634 1665 inducendum
1649 1659 1657 1673 ,
1681 1639 1820 1674 poterunt
1846 1645 1943 1667 coram
1966 1646 2000 1668 eo

1263 1683 1382 1722 produci
1405 1687 1494 1713 testes
1516 1684 1565 1723 qui
1588 1684 1684 1723 ipsum
1706 1685 1892 1716 convincant.

1301 1741 1330 1761 v.
1353 1732 1450 1762 Finito
1472 1732 1618 1769 examine,
1640 1732 1768 1762 dandum
1790 1734 1847 1764 erit
1873 1734 1929 1774 ipsi
1950 1744 2000 1766 reo

1262 1781 1411 1820 exemplar
1432 1781 1648 1820 depositionum
1672 1781 1791 1812 testium
1820 1783 2002 1814 examinato-

1262 1838 1326 1859 rum
1340 1853 1348 1867 ,
1373 1830 1436 1859 sine
1458 1838 1560 1859 eorum
1582 1829 1762 1867 nominibus,
1786 1840 1852 1860 cum
1875 1831 2001 1862 termino

1262 1877 1438 1918 competenti
1470 1877 1504 1907 ad
1537 1877 1683 1908 faciendas
1716 1887 1783 1908 suas
1804 1879 1999 1910 defensiones.

1262 1926 1296 1956 Et
1317 1925 1342 1956 si
1364 1926 1468 1956 delicta
1491 1925 1547 1956 sibi
1569 1926 1684 1957 obiecta
1700 1936 1758 1957 non
1781 1927 1884 1967 diluat,
1907 1937 2000 1968 eaque

1262 1974 1320 2004 sint
1343 1974 1463 2014 probata
1486 1974 1676 2013 sufficienter,
1694 1975 1736 2005 vel
1753 1985 1805 2015 per
1827 1976 1869 2006 rei
1891 1977 2001 2007 conses-

1262 2023 1384 2062 sionem,
1402 2027 1451 2053 aut
1470 2033 1519 2063 per
1542 2027 1629 2054 testes
1644 2033 1711 2054 reus
1732 2023 1822 2054 suerit
1836 2025 1999 2064 convictus,

1262 2072 1368 2111 poterit
1389 2072 1507 2111 praevia
1533 2071 1671 2103 citatione
1693 2072 1727 2103 ad
1756 2073 1930 2103 sententiam
1952 2074 2002 2104 de-

1262 2121 1368 2159 veniri,
1386 2125 1413 2150 et
1435 2130 1503 2150 reus
1526 2120 1555 2150 in
1579 2121 1673 2161 poena
1691 2121 1754 2152 eius
1776 2121 1881 2152 delicto
1903 2122 2002 2153 debita

1261 2170 1461 2200 condemnari.
1484 2170 1513 2201 Si
1537 2180 1604 2200 vero
1626 2171 1746 2201 diluerit
1778 2171 1921 2210 legitime,
1944 2171 2001 2202 erit

1262 2218 1456 2249 absolvendus
1479 2223 1528 2249 aut
1550 2219 1744 2250 declarandus
1767 2219 1919 2250 innocens.
1949 2220 2000 2251 Sin

1262 2271 1358 2297 autem
1381 2268 1416 2297 de
1439 2268 1502 2297 eius
1524 2267 1694 2298 innocentia
1710 2278 1767 2298 non
1787 2268 1872 2308 plene
1893 2269 2002 2299 consti-

1264 2315 1343 2352 terit,
1367 2315 1452 2345 debet
1475 2315 1605 2353 absolvi,
1641 2316 1833 2346 nihilominus
1866 2317 2001 2356 apposita

1263 2364 1395 2393 clausula
1426 2374 1459 2394 ex
1491 2364 1620 2394 hactenus
1652 2365 1785 2400 deducti&
1820 2366 1889 2405 quia
1917 2366 2001 2396 inno-

1263 2413 1357 2442 centia
1381 2413 1422 2443 rei
1446 2422 1503 2442 non
1526 2413 1581 2443 suit
1603 2413 1687 2452 plene
1709 2413 1840 2452 probata.

1304 2470 1341 2490 vr.
1365 2461 1393 2491 Si
1416 2461 1505 2491 abbas
1533 2462 1678 2499 generalis
1695 2485 1702 2499 ‚
1733 2466 1783 2492 aut
1816 2462 1999 2500 hegumeni,

1266 2510 1308 2540 vel
1331 2509 1419 2540 abbas
1442 2510 1610 2549 provinciae
1633 2510 1833 2540 commiserint
1859 2510 1947 2540 alicui
1969 2515 2000 2541 ut

1264 2567 1382 2588 causam
1405 2557 1552 2588 examinet
1573 2562 1601 2588 et
1622 2558 1764 2588 iudicium
1787 2558 1880 2597 serat,
1903 2559 1929 2590 is
1951 2558 2001 2590 de-

1302 2612 1311 2638 l
1334 2611 1431 2647 Aptius
1449 2610 1509 2647 lege
1530 2611 1642 2640 litteras
1663 2612 1700 2647 (a.
1716 2611 1765 2647 τ.).

1999 230 2047 258 An.
2069 231 2098 258 C.
2118 232 2184 261 17⁴0
