2232 3178
54 246 100 275 An.
116 244 145 273 C.
166 244 232 272 1737

244 297 278 325 ut
295 303 450 326 coronam
463 292 642 336 reciperet;
662 293 896 326 discedendum
916 303 986 326 esse

242 357 259 380 a
283 357 421 390 corpore
447 352 482 379 ut
514 357 586 379 cum
612 347 677 380 Deo
703 347 984 390 coniungeretur;

240 399 444 443 migrandum
470 411 542 433 esse
573 411 589 433 e
616 401 711 434 terris
735 406 770 432 ut
795 401 834 434 ad
861 401 984 433 caelum

240 453 450 496 perveniret:
489 454 562 486 felix
600 453 760 495 mutatio,
789 459 899 487 sancta
924 453 984 485 mi-

241 507 344 549 gratio
360 507 367 539 l

52 597 57 602 ,
76 570 228 601 iqvexmmnm
282 561 297 603 ἓ
318 559 370 593 20.
391 560 506 593 Verum
527 560 654 593 divinae
675 559 907 604 exequendae¹
930 571 985 593 vo-

51 597 356 658 ss'fft{‘cif2“ii}{¹i'1'c'i¹s'luntati
378 624 510 656 semper
534 613 678 654 intenta,
707 618 739 646 et
763 615 868 646 solum
895 614 983 657 quod

50 653 374 700 flss”3330¹iffi?.¹³'Doniino
399 666 555 710 placitum
581 672 664 700 esset
689 667 828 700 faciendi
865 667 984 711 cupida

239 723 270 752 et
296 720 444 760 sollicita,
472 720 567 763 eique
600 730 696 753 omne
729 731 822 753 suum
855 720 983 753 deside-

237 773 321 805 rium
347 773 554 813 submittens,
590 784 787 817 omnemque
813 774 983 816 cogitatio-

237 836 311 858 nem
337 826 375 858 ad
402 826 456 859 Dei
478 827 678 860 voluntatem
698 827 914 866 conformans,
937 827 980 859 vi-

237 885 301 912 tam
327 879 388 912 sibi
415 879 550 922 produci
576 890 641 912 non
666 880 852 921 recusabat,
872 886 906 913 ut
922 891 980 924 per

237 932 388 965 diuturna
414 933 565 966 dolorum
593 939 754 967 tormenta
780 934 980 967 conformior

235 985 330 1019 fieret
356 986 488 1028 imagini
516 986 587 1019 Filii
606 987 672 1026 sui,
697 988 782 1031 quia,
801 987 884 1020 sicut
901 989 978 1021 socii

236 1040 397 1083 passionis
421 1040 549 1078 erimus,
576 1041 618 1073 ita
643 1041 761 1073 erimus
787 1047 818 1074 et
842 1052 979 1074 resurre-

236 1094 365 1127 ctionis.
393 1093 497 1132 Quare
523 1094 606 1126 inter
632 1095 817 1128 huiusmodi
837 1096 979 1129 suaviter

235 1148 472 1180 adversantium
515 1147 747 1181 desideriorum
788 1149 975 1190 conflictus,

235 1211 317 1234 novo
338 1200 478 1244 quodam
498 1202 645 1234 caelestis
664 1202 781 1234 amoris
797 1203 979 1245 angebatur

234 1255 407 1298 martyrio,
446 1265 508 1298 quo
546 1255 662 1287 sactum
700 1260 749 1288 est
780 1261 815 1287 ut
851 1255 978 1288 infirma

234 1317 310 1340 caro
344 1307 499 1340 inusitata
536 1308 675 1351 quadam
702 1314 733 1341 et
760 1309 846 1351 gravi
880 1309 977 1351 aegri·

235 1360 369 1401 tudine,
395 1371 478 1404 quae
513 1366 679 1404 postrema
717 1362 790 1401 fuit,
829 1368 978 1406 correpta

233 1414 470 1447 succumberet.
497 1413 574 1447 Cum
612 1419 719 1448 autem
756 1415 907 1448 insolitae
934 1416 978 1449 in-

234 1467 375 1500 firmitati
401 1469 564 1501 sanandae
598 1469 687 1501 nullu
712 1469 854 1501 remedia
880 1469 977 1512 proti-

16 1500 21 1603 ἱ
233 1526 356 1560 cerem,
385 1521 437 1564 qui
459 1521 528 1554 eius
545 1517 659 1554 salutis
678 1532 787 1555 curam
807 1524 975 1565 gerebant,

18 1607 21 1632 ἲ
232 1580 267 1606 ut
292 1574 403 1607 omnia
429 1575 656 1617 experirentur
681 1581 712 1607 et
737 1576 819 1608 nihil
839 1576 978 1610 intenta-

18 1633 22 1683 ἱ
233 1633 298 1660 tum
336 1628 574 1671 relinquerent„
612 1635 832 1662 convocarunt
864 1630 976 1662 decem

232 1680 432 1713 medicorum
451 1682 643 1721 consilium,
660 1681 713 1724 qui
730 1692 800 1715 cum
817 1683 976 1715 iacentem

231 1734 490 1777 conspexissent,
517 1745 577 1768 nec
615 1736 716 1768 ullum
754 1736 859 1768 morbi
895 1736 976 1769 incli-

232 1788 318 1820 cium
336 1794 521 1832 appareret,
536 1789 706 1832 perpensis
725 1790 841 1829 causis,
858 1790 975 1833 quibus

232 1847 401 1884 aegrotare
420 1847 585 1885 coeperat,
604 1843 819 1885 aegritudinis
837 1849 977 1887 sympto-

231 1895 369 1927 matibus
396 1895 574 1938 diligenter
601 1896 764 1939 inspectis,
798 1907 871 1929 cum
904 1898 976 1931 nul-

23 1925 27 1992 Ι,
231 1948 297 1980 lum
324 1959 362 1981 ex
383 1948 567 1992 propinatis
593 1949 747 1982 remediis
779 1950 973 1993 prodesset,

24 2001 27 2021 '
231 2002 287 2035 sed
315 2007 437 2035 tantum
455 2003 612 2036 caelestes
629 2003 769 2037 visiones
795 2009 826 2037 et
851 2014 974 2037 sacram

24 2044 28 2056 ’
230 2054 488 2095 Eucharisdam,
515 2067 576 2100 qua
603 2057 829 2091 tantummodo
855 2058 975 2091 resecta

26 2098 30 2205 ι
231 2119 290 2152 per
315 2110 561 2152 quatuordeeim
594 2115 667 2144 ante
700 2111 825 2144 obitum
849 2116 976 2155 postre-

231 2172 300 2194 mos
326 2161 394 2196 dies
420 2164 516 2196 vitam
542 2163 656 2204 duxit,
680 2165 852 2207 prostratis
882 2164 975 2198 eius¹³

27 2210 31 2296 1
230 2216 352 2249 viribus
377 2217 494 2250 solatio
527 2222 559 2250 et
588 2217 778 2252 adiumento
809 2229 879 2252 esse
914 2229 971 2252 co-

231 2270 429 2312 gnovissent,
450 2271 554 2304 morbi
574 2271 717 2304 novitate
735 2272 873 2311 attoniti,
896 2272 972 2315 quid

232 2322 375 2356 divinum
400 2323 433 2356 in
459 2324 599 2357 mirabili
621 2325 676 2357 illa
700 2324 888 2359 infirmitate
907 2336 972 2358 ina-

230 2376 348 2410 niseste
366 2377 617 2420 comperientes,
636 2377 669 2410 in
694 2388 764 2411 eam
789 2388 972 2411 convenere

230 2430 435 2469 sententiam,
463 2430 532 2463 eius
558 2430 799 2474 aegritudinem
824 2441 891 2464 non
916 2431 972 2464 hu-

230 2492 370 2524 manam,
400 2493 460 2517 nec
489 2483 639 2517 humanis
665 2485 843 2518 sanandam
869 2495 973 2519 reme-

231 2535 312 2577 diis,
341 2537 397 2570 sed
427 2547 497 2570 eam
524 2537 678 2571 divinitus
711 2538 912 2580 immissam,
939 2543 972 2572 et

267 2608 276 2634 1
300 2607 371 2634 Edit.
393 2607 473 2635 Main.
495 2608 559 2643 legit
579 2609 748 2643 emequemw
769 2609 808 2643 (u.
824 2610 872 2643 Τ.).

266 2651 283 2677 2
297 2651 365 2680 Male
381 2652 445 2680 edit.
462 2652 540 2679 lllaiu.
559 2652 621 2688 legit
637 2653 718 2681 cuius
733 2661 782 2688 pro
797 2653 860 2681 eius
878 2654 970 2688 (affl),

847 244 992 269 CLEMENS
1018 244 1065 268 ΧΠ
1090 245 1141 268 PP.

1671 234 1735 268 969
1780 245 1876 273 Aac.
1896 246 1964 274 1737

1031 293 1162 327 caelesti
1202 293 1379 327 animarum
1417 293 1544 327 medico
1581 294 1771 337 relinquen-

1030 347 1117 380 dam.

1073 401 1167 444 §PL
1204 401 1447 444 Sexagesimum
1484 402 1615 435 tertium
1648 402 1764 435 aetatis
1808 415 1956 437 nem->uine

1029 464 1106 487 suae
1133 465 1254 488 annum
1281 455 1405 498 agebat,
1433 466 1505 488 cum
1522 460 1668 498 optatum
1695 460 1770 487 tem-

1027 518 1089 551 pus
1128 509 1275 548 advenit,
1303 520 1385 552 quo,
1414 508 1581 542 dissolutis
1619 508 1769 551 corporei

1027 561 1169 594 carceris
1195 562 1353 602 vinculis,
1379 562 1418 594 ad
1445 567 1591 605 optatum
1617 561 1768 595 caelestis

1026 614 1143 658 Sponsi
1160 617 1365 658 complexum
1383 616 1487 649 libera
1501 616 1655 649 evolaret.
1675 615 1771 648 Prac-

1027 668 1171 701 sentiens
1198 668 1295 711 igitur
1320 669 1383 701 iam
1411 669 1472 702 sibi
1499 669 1598 702 finem
1622 669 1768 703 mortalis

1025 721 1107 754 vitae
1134 721 1266 761 instare,
1286 723 1389 755 oculis
1409 727 1507 766 atque
1524 733 1621 755 manu
1643 723 1767 755 caelum

1025 774 1223 816 indigimus,
1251 786 1316 818 quo
1353 786 1426 808 mox
1453 776 1641 819 profectura
1678 780 1766 816 erat,

1025 827 1131 860 verbis
1168 828 1255 860 illis:
1282 828 1324 861 In
1353 839 1470 861 manns
1497 833 1587 868 luas,
1614 829 1764 869 Domine,

1024 880 1205 913 commendo
1230 881 1386 924 spiritum
1416 893 1542 921 meum,
1578 882 1766 914 suavissime

1024 934 1271 976 pronunciatis,
1300 935 1396 976 paulo
1423 940 1512 978 post,
1540 934 1765 977 magnitudine

1024 987 1132 1029 potius
1158 987 1325 1020 charitatis
1347 998 1443 1030 quam
1462 988 1566 1021 morbi
1593 989 1765 1030 languens,

1025 1040 1055 1072 ln
1082 1046 1210 1073 secreto
1245 1047 1274 1072 et
1311 1041 1472 1073 mentibus
1505 1041 1676 1073 bominum
1707 1041 1766 1072 im·

1024 1094 1133 1136 pervio
1167 1093 1267 1126 divini
1293 1094 1413 1127 amoris
1450 1094 1581 1126 silentio
1614 1093 1767 1136 placidis-

1023 1146 1102 1180 sime
1128 1147 1326 1180 obdormivit
1347 1148 1379 1180 in
1405 1147 1541 1180 Domino
1567 1157 1630 1180 xvii
1656 1148 1766 1180 kalen-

1023 1200 1078 1232 das
1101 1200 1242 1233 octobris
1268 1210 1354 1233 anno
1379 1210 1458 1234 unx.

1066 1255 1080 1297 ξ
1106 1254 1159 1287 222.
1184 1254 1243 1287 Ubi
1269 1265 1347 1287 vero
1381 1255 1494 1287 beatae
1532 1254 1587 1287 Dei
1625 1254 1765 1287 famulae
1796 1267 1961 1293 iiirmupna

1022 1307 1136 1340 mortis
1162 1318 1276 1340 rumor
1307 1307 1423 1340 urbem
1456 1307 1660 1341 Genuensem
1692 1297 1864 1350 pe1*-i¹2‹'⁹s‘¹⁹⁰³
1890 1297 1961 1320 [ΜΨ

1021 1361 1115 1400 vasit,
1142 1361 1181 1395 ad
1207 1372 1315 1394 sacras
1342 1362 1412 1394 eius
1431 1361 1560 1394 exuvias
1586 1361 1619 1393 in
1645 1371 1765 1404 magno

1022 1414 1221 1455 nosocomio,
1248 1414 1302 1447 ubi
1329 1415 1525 1455 decesserat,
1550 1415 1765 1455 venerandas,

1022 1479 1058 1501 ex
1084 1468 1173 1501 omni
1213 1468 1328 1501 ordine
1366 1474 1461 1512 atque
1499 1473 1604 1501 aetate
1637 1468 1695 1501 viri
1734 1473 1766 1500 et

1021 1521 1174 1555 mulieres
1201 1522 1389 1564 frequentes
1426 1522 1627 1561 confluxere·y
1653 1522 1764 1565 ibique

1021 1575 1152 1617 plurimi
1171 1575 1321 1608 solatium
1341 1575 1461 1618 quibus
1476 1576 1680 1618 angebantur
1697 1585 1764 1607 mo—

1022 1627 1146 1667 lestiis,
1172 1628 1357 1671 quibusque
1390 1628 1629 1661 afflictabantur
1661 1628 1763 1671 aegri-

1023 1680 1204 1713 tudinibus*
1224 1681 1420 1714 medicinam
1439 1681 1507 1714 eius
1525 1681 1764 1714 intercessione

1022 1734 1231 1767 invenerunt.
1258 1734 1386 1767 interea
1410 1745 1527 1777 corpus
1559 1734 1650 1775 eius,
1677 1735 1764 1778 quod

1021 1787 1148 1826 flexile,
1175 1788 1421 1831 incorruptum,
1446 1788 1613 1831 rubroque
1651 1789 1763 1821 colore

1020 1840 1106 1873 circa
1132 1850 1196 1881 cor,
1223 1847 1253 1874 et
1278 1841 1347 1874 vivo
1374 1841 1507 1873 omnino
1532 1841 1630 1874 simili
1657 1851 1765 1873 cerne-

1019 1893 1125 1933 batur,
1151 1899 1227 1936 post
1251 1894 1377 1936 aliquot
1413 1893 1480 1926 dies
1517 1894 1549 1925 in
1586 1894 1763 1937 sepulchro

1019 1946 1052 1978 iu
1078 1947 1262 1980 nosocomii
1289 1947 1428 1980 ecclesia
1452 1952 1601 1980 recenter
1621 1952 1764 1980 constru-

1019 1999 1091 2034 cto²
1108 2003 1232 2033 summai
1249 2001 1458 2034 veneratione
1476 2001 1670 2033 collocatum
1688 2000 1760 2033 suit.

1019 2054 1096 2088 Post
1121 2053 1345 2097 duodeviginti
1378 2064 1510 2087 menses
1544 2054 1602 2087 illo
1637 2059 1763 2097 aperto,

1018 2113 1053 2140 ut
1089 2113 1219 2142 sanctae
1256 2107 1373 2140 viduae
1411 2118 1530 2151 corpus
1568 2108 1607 2141 ad
1643 2118 1762 2140 novum

1020 2162 1176 2194 tumulum
1203 2161 1373 2194 decentius
1395 2167 1548 2194 ornatum
1576 2160 1761 2194 transferre-

1019 2221 1081 2255 tur,
1120 2225 1185 2258 quo
1223 2214 1347 2257 ingenti
1388 2214 1504 2247 civium
1545 2213 1759 2252 multitudini,

1018 2279 1099 2312 quac
1125 2268 1165 2301 ad
1191 2268 1270 2301 illud
1308 2268 1532 2301 venerandum
1558 2267 1759 2306 accurrebat,

1016 2322 1110 2355 fieret
1135 2321 1221 2361 satis,
1248 2321 1429 2364 repositum
1455 2325 1503 2353 est
1528 2322 1612 2353 iutra
1649 2320 1760 2352 sacelli

1016 2376 1192 2416 cancellos,
1218 2375 1337 2419 quibus
1368 2374 1537 2408 confertim
1564 2373 1760 2406 irruentium

1017 2429 1111 2462 turba
1148 2432 1341 2461 arceretur:
1379 2437 1439 2471 per
1474 2431 1546 2460 octo
1583 2426 1758 2459 continuos

1016 2482 1084 2516 dics
1112 2482 1155 2516 ita
1173 2482 1359 2526 permansit,
1380 2481 1576 2524 populorum
1595 2490 1758 2514 concursu

1052 2564 1062 2589 1
1092 2562 1160 2589 Male
1189 2562 1253 2589 edit.
1283 2561 1361 2588 Μαίη.
1392 2561 1456 2596 legit
1485 2561 1678 2596 firmitudinis
1710 2567 1758 2596 pro

1015 2606 1249 2641 aeyritudinibus
1272 2607 1310 2642 (u.
1327 2605 1375 2639 Τ.).

1051 2652 1067 2678 ·2
1088 2651 1157 2679 Edit.
1181 2651 1249 2678 lllaiu
1271 2650 1333 2686 legit
1353 2653 1514 2680 conslruclu
1536 2658 1575 2686 ku.
1592 2655 1640 2685 Ἥ).
