2232 3178
71 225 120 253 An.
136 222 166 252 C.
187 222 256 251 ¹735

83 1186 183 1207 Testandn
195 1187 259 1207 otiam

76 1214 102 1234 de
113 1213 215 1233 {ructibus
223 1213 260 1234 be-

76 1240 196 1260 :martorum
239 1241 261 1260 et

75 1271 206 1294 pensionum.

874 218 1018 242 CLEMENS
1044 217 1090 242 xl!
1116 218 1166 242 PP.

265 271 473 314 gnationihus
505 270 697 303 huiusmodi
733 279 798 302 non
835 267 1008 307 consectis,

266 334 303 356 ae
328 323 408 356 alias
435 333 507 355 cum
534 321 687 354 omnibus
702 325 734 353 et
750 319 1009 363 quibuscumque

266 375 539 420 exemptionibus,
558 373 747 418 privilegiis,
766 371 913 411 decretis,
927 372 1011 404 clau-

265 429 363 469 sulis,
391 428 614 467 cautionibus,
646 426 803 465 vinculis,
839 424 1011 466 obligatio-

266 483 362 516 nibus
388 489 419 516 et
444 483 600 520 cautelis,
625 492 661 514 ac
686 480 783 513 etiam
809 478 954 512 censuris
980 483 1011 510 et

266 536 381 579 poenis
408 536 440 568 in
467 535 633 579 p1‘10ribus
659 532 937 567 reservationibus
957 531 1010 563 liu-

266 590 406 622 iusmodi
433 588 599 622 concessis
625 593 656 621 et
681 585 861 625 contentis,
884 594 1009 617 necnon

266 655 338 676 eum
364 642 593 685 subrogatione
627 642 659 673 in
695 639 863 683 quibusvis
898 637 1012 671 vestris

267 697 400 736 iuribus,
426 696 523 730 etiam
539 695 645 738 quoad
662 693 752 737 quasi
768 691 1010 736 possessionen]

267 749 430 793 exigendi,
448 750 480 782 in
499 760 561 792 qua
581 753 655 780 tunc
674 747 774 786 critis,
795 746 920 787 integre
940 755 1011 787 per-

266 804 456 842 solvendas,
484 803 608 835 servata
634 807 741 833 tamen
768 800 872 832 forma
893 798 1012 831 consti-

266 857 398 890 tutionis
426 855 528 889 selicis
560 853 796 888 recordationis
832 851 1011 885 innocentii

267 912 373 955 Papae
399 910 435 942 Χ]
474 907 738 952 praedecessoris
772 907 874 939 nostri
914 916 1013 948 super

269 963 540 998 translationibus
565 961 758 1006 pensionum
790 960 895 993 editae
915 986 922 1000 ‚
961 970 1011 992 re-

268 1028 405 1058 servare,
431 1017 630 1050 constituere
648 1020 679 1048 et
693 1014 858 1057 assignare
875 1014 1010 1051 valeant,

269 1070 461 1104 auctoritate
487 1075 517 1102 et
543 1074 655 1102 tenore
681 1067 856 1112 praedictis
882 1067 919 1099 dc
945 1076 1013 1109 spe-

270 1124 340 1157 ciali
368 1121 470 1166 gratia
496 1123 716 1164 indulgemus.

314 1178 329 1221 ἓ
355 1177 386 1210 7.
412 1176 546 1209 Necnon
572 1175 667 1208 etiam
693 1173 785 1207 vobis
804 1200 811 1213 ,
836 1178 871 1205 ut
907 1173 945 1205 de
979 1184 1013 1205 o-

270 1231 401 1264 mnibus
427 1235 457 1262 et
482 1228 619 1272 singulis
646 1227 814 1266 domibus,
846 1226 987 1270 praediis
1004 1253 1011 1266 ,

270 1282 553 1329 possessionibus,
581 1280 674 1314 terris
702 1286 733 1313 et
758 1280 860 1319 locis,
893 1290 929 1312 ae
965 1280 1013 1311 iu-

270 1335 540 1377 risdictionibus,
566 1334 751 1377 ceterisque
777 1333 873 1366 bonis
911 1332 1013 1366 mobi-

269 1391 356 1424 libus
381 1396 412 1423 et
437 1388 683 1428 immobilibus,
711 1398 792 1431 quae
819 1392 924 1419 tamen
950 1396 1013 1419 non

270 1445 335 1477 sint
371 1443 482 1477 altaris
519 1453 576 1475 seu
613 1441 761 1474 altarium
801 1440 1014 1473 ecclesiarum

270 1498 361 1531 vobis
382 1494 626 1530 commissarum
644 1493 825 1526 ministerio
844 1503 899 1526 seu
918 1493 1012 1526 alicui

272 1550 406 1594 speciali
444 1549 632 1582 earumdem
663 1547 875 1581 ecclesiarum
907 1547 1014 1580 divino

273 1604 372 1638 cultui
406 1614 461 1636 seu
495 1603 567 1635 usui
603 1603 782 1646 deputata,
816 1611 915 1644 seque
948 1611 1014 1634 mo-

272 1658 430 1697 ventibus,
449 1657 680 1700 cuiuscumque
698 1655 876 1699 qualitatis,
894 1656 1017 1698 quanti-

275 1712 359 1752 tatis,
385 1710 518 1751 valoris,
546 1708 689 1754 speciei,
716 1708 812 1752 pretii
839 1713 871 1741 et
902 1708 1015 1741 condi-

275 1764 374 1798 tionis
399 1763 632 1803 existentibus,
659 1773 696 1795 ac
722 1762 845 1795 iuribus
871 1767 902 1794 et
922 1761 1016 1794 actio-

274 1819 370 1852 nibus
391 1818 431 1851 ad
456 1828 510 1850 vos
531 1817 656 1851 ratione
678 1815 899 1855 ecelesiarum,
918 1815 1015 1848 etiam

275 1870 512 1906 cathedralium
535 1876 567 1903 et
587 1869 925 1912 metropolitanarum,
950 1869 1016 1912 qui-

274 1927 335 1960 bus
356 1936 412 1958 vos
440 1925 546 1957 forsan
567 1933 718 1967 praeesse
738 1923 927 1965 contigerit,
948 1932 1017 1954 nec·

276 1990 342 2013 non
370 1978 653 2017 monasteriorum,
682 1977 897 2020 prioratuum,
927 1986 1018 2019 prae-

276 2033 504 2076 positurarum,
532 2031 725 2073 dignitatum
740 2035 772 2063 et
788 2029 924 2062 aliorum
940 2039 1019 2072 quo-

277 2096 490 2129 rumcumque
515 2083 749 2118 beneficiorum
787 2082 1019 2116 ecclesiastico-

279 2149 358 2178 rum,
370 2149 443 2172 cum
460 2137 534 2171 curii
555 2142 587 2171 et
603 2137 671 2170 sine
687 2138 775 2177 cura,
790 2136 1018 2175 saecularium,

281 2196 314 2224 et
329 2191 512 2234 quorumvis
530 2191 685 2225 Ordinum
705 2190 914 2233 regularium,
937 2200 1019 2233 quae

283 2243 379 2276 etiam
410 2255 445 2276 ex
483 2244 648 2288 quibusvis
684 2243 951 2277 concessionibus
990 2247 1021 2275 et

284 2296 576 2339 dispensationibus
602 2297 790 2339 apostolicis
815 2297 847 2329 in
874 2297 1019 2336 titulum,

283 2349 516 2389 commendam,
542 2350 865 2390 administrationem,
892 2361 928 2382 ac
943 2349 1021 2382 alias

285 2402 529 2445 quomodolibet
552 2403 781 2444 obtinueritis,
809 2403 966 2436 obtinetis
993 2408 1023 2435 et

285 2454 474 2488 obtinebitis
490 2482 498 2495 ‚
524 2466 559 2488 ac
584 2456 760 2497 fructuum,
786 2456 973 2490 reddituum
993 2462 1023 2489 et

284 2514 500 2552 proventuum
526 2509 832 2550 ecclesiasticorum,
849 2511 923 2544 loco
946 2521 1023 2554 pen-

284 2562 433 2602 sionum,
459 2562 665 2606 ipsarumque
691 2563 886 2607 pensionum
907 2574 1023 2597 annua-

283 2626 354 2653 rum
378 2626 476 2659 super
501 2615 662 2650 similibus
688 2617 843 2651 fructibus
861 2643 869 2659 ,
894 2617 1024 2652 redditi-

1051 267 1110 300 bus
1135 271 1166 301 et
1191 267 1401 311 proventibus
1425 267 1520 308 ¹vobis
1556 272 1793 300 reservatorum

1052 325 1082 353 et
1103 321 1351 363 assignatarum,
1366 331 1402 354 ac
1419 321 1687 354 reservandorum
1705 326 1735 353 et
1749 331 1795 353 as-

1053 374 1295 416 signandarum,
1321 385 1403 418 quos
1417 381 1448 407 et
1473 385 1552 418 quas
1569 374 1794 418 perceperitis,

1052 427 1220 470 percipitis
1247 434 1277 460 et
1295 428 1481 471 percipietis
1499 428 1531 460 in
1548 428 1699 467 futurum,
1720 439 1795 461 nec-

1053 491 1119 513 non
1167 482 1464 514 emolumentorum
1517 492 1795 524 (piorumcumque

1055 534 1218 567 Romanae
1259 534 1372 567 Curiae
1408 535 1610 576 officiorum,
1649 540 1681 568 et
1716 535 1795 568 alias

1054 588 1302 631 quomodolibet
1325 589 1546 630 spectantibus
1572 594 1603 621 et
1627 588 1796 632 pertinen-

1056 641 1140 673 tibus
1156 668 1163 681 ,
1188 652 1223 674 ac
1249 642 1345 674 etiam
1370 642 1409 674 de
1436 641 1529 674 dictis
1555 642 1769 685 proventibus
1788 668 1795 682 ‚

1057 694 1223 735 fructibus,
1248 694 1429 727 redditibus
1456 700 1487 727 ct
1508 695 1724 738 pensionibus
1742 706 1796 727 an-

1056 747 1152 787 nuis,
1179 758 1306 781 necnon
1332 750 1438 780 vestra
1469 754 1499 780 et
1536 748 1709 781 cuiuslibet
1746 759 1796 781 ve-

1056 807 1159 833 strum
1192 801 1353 833 industria
1383 806 1413 833 ct
1448 801 1559 834 labore
1589 801 1796 844 quomodoli-

1056 856 1127 894 bet,
1155 855 1396 897 undecumque,
1424 854 1512 887 licite
1539 860 1667 894 tamen,
1692 854 1796 897 acqui-

1056 908 1124 940 sitis
1154 913 1183 940 et
1209 908 1435 951 acquirendis,
1461 918 1497 940 ac
1522 907 1600 940 alias
1627 907 1723 940 etiam
1756 907 1795 940 de

1057 961 1244 994 muneribus
1270 967 1300 993 et
1325 960 1438 993 officiis
1465 971 1545 1004 quae
1583 960 1797 993 exercueritis

1056 1020 1087 1047 et
1111 1025 1165 1047 vos
1191 1024 1342 1047 exercere
1368 1013 1552 1056 contigerit,
1573 1018 1604 1046 et
1622 1013 1700 1046 alias
1719 1024 1796 1056 qua-

1056 1070 1101 1102 vis
1137 1068 1308 1101 occasione
1345 1069 1392 1100 vel
1431 1069 1525 1100 causa
1561 1077 1617 1099 scu
1655 1072 1798 1100 contem-

1057 1123 1200 1164 platione
1222 1122 1261 1154 ad
1278 1132 1332 1154 vos
1354 1121 1517 1164 perventis
1533 1126 1563 1154 et
1579 1121 1796 1164 perventuris,

1056 1175 1181 1208 etiamsi
1207 1175 1239 1207 in
1264 1175 1404 1217 pecunia
1420 1176 1608 1213 numerata,
1633 1179 1664 1206 et
1689 1174 1799 1206 iocali-

1057 1229 1124 1269 bus,
1136 1228 1272 1271 gemmis
1288 1227 1425 1270 aliisque
1438 1227 1689 1270 pretiosioribus
1702 1227 1798 1260 rebus

1058 1282 1262 1320 consistant,
1294 1285 1357 1313 tam
1393 1280 1425 1312 in
1459 1280 1543 1313 dicta
1573 1280 1669 1313 Curia
1705 1291 1801 1324 quam

1059 1341 1148 1368 extra
1173 1345 1243 1368 eam
1267 1334 1390 1377 ubique
1415 1335 1580 1373 locorum,
1614 1334 1711 1366 etiam
1744 1345 1801 1377 pe-

1059 1399 1115 1421 nes
1134 1386 1293 1420 beneficia
1318 1387 1388 1430 ipsa
1413 1386 1627 1420 existentibus
1645 1387 1801 1430 (quorum

1059 1441 1205 1474 omnium
1220 1440 1391 1483 qualitates
1406 1445 1436 1472 et
1451 1450 1543 1473 veros
1561 1440 1656 1473 etiam
1674 1450 1800 1473 annuos

1058 1496 1202 1534 valeres,
1230 1493 1325 1527 etiam
1352 1493 1375 1526 si
1403 1493 1479 1526 talia
1505 1495 1613 1526 terent
1638 1504 1720 1537 quae
1747 1504 1802 1536 ge-

1059 1547 1162 1581 nerali
1188 1547 1408 1590 appellatione
1435 1548 1596 1580 bonorum
1630 1553 1662 1579 et
1696 1547 1802 1590 supel-

1059 1602 1214 1635 lcctilium
1239 1611 1302 1634 non
1330 1601 1498 1640 venirent,
1523 1601 1580 1633 sed
1605 1600 1802 1644 specialibus

1058 1656 1242 1698 indigerent
1266 1654 1454 1693 vocabulis,
1479 1654 1707 1698 praesentibus
1724 1681 1731 1693 ,
1767 1664 1803 1686 ac

1058 1710 1082 1742 si
1108 1708 1256 1752 specifice
1282 1707 1514 1749 etsingillatim
1536 1706 1802 1749 exprimerentur

1059 1768 1090 1796 ct
1115 1761 1403 1795 denominarentur
1419 1787 1426 1800 ‚
1454 1771 1511 1803 pro
1537 1760 1736 1793 sufficienter
1751 1771 1802 1792 ex-

1059 1816 1180 1860 pressis
1206 1825 1241 1847 ac
1267 1814 1439 1847 declaratis
1465 1813 1577 1846 baberi
1604 1814 1799 1856 volumus),

1060 1880 1160 1913 usque
1186 1869 1223 1901 ad
1250 1878 1409 1901 sumniam
1436 1879 1491 1901 sex
1515 1867 1652 1900 millium
1674 1868 1804 1900 ducato-

1060 1934 1130 1956 rum
1156 1923 1222 1956 auri
1250 1923 1287 1955 de
1309 1922 1441 1955 Camerit
1466 1932 1523 1964 pro
1540 1932 1736 1964 unoquoque
1755 1932 1806 1953 vc·

1062 1984 1173 2017 strum,
1200 1988 1236 2009 ac
1262 1976 1358 2008 etiam
1383 1976 1422 2009 dc
1448 1975 1527 2019 ipsis
1549 1974 1712 2014 fructibus,
1734 1975 1804 2006 red-

1063 2031 1185 2064 ditibus
1211 2035 1243 2063 et
1267 2029 1502 2073 proventibus,
1529 2034 1559 2061 et
1591 2028 1804 2071 pensionibus

1063 2083 1180 2117 debitis
1192 2089 1223 2116 et
1237 2082 1395 2115 debendis
1415 2082 1566 2124 (servata
1582 2086 1686 2113 tamen
1704 2080 1805 2113 forma

1063 2136 1328 2170 constitutionum
1354 2134 1605 2178 apostolicarum
1624 2134 1684 2166 iam
1704 2133 1806 2166 edita-

1064 2201 1144 2229 rum,
1171 2194 1202 2222 et
1226 2189 1251 2221 si
1278 2199 1356 2232 quas
1382 2188 1535 2230 deinceps
1561 2187 1612 2220 edi
1633 2185 1806 2228 contigerit

1065 2254 1162 2286 super
1188 2243 1343 2275 fructibus
1370 2241 1548 2282 inex-actis),
1576 2240 1671 2272 etiam
1703 2249 1806 2272 cumu-

1064 2297 1170 2336 lative,
1195 2307 1267 2329 cum
1292 2294 1455 2338 quibusvis
1481 2294 1550 2326 aliis
1576 2293 1734 2326 similibus
1759 2292 1806 2325 rel

1067 2349 1281 2383 dissimilibus
1309 2347 1514 2380 facultatibus
1542 2346 1662 2378 habitis
1688 2351 1719 2377 et
1751 2345 1806 2378 lia-

1066 2403 1193 2443 bendis,
1224 2408 1287 2435 tam
1314 2412 1372 2444 pro
1399 2399 1587 2433 decentibus
1614 2404 1644 2431 et
1660 2398 1806 2431 honestis

1068 2455 1222 2498 impensis
1248 2453 1458 2494 funebribus,
1484 2462 1579 2495 quam
1617 2451 1714 2484 etiam
1748 2461 1806 2494 pro

1068 2508 1331 2542 remuneratione
1358 2507 1487 2539 illorum
1513 2505 1566 2548 qui
1588 2505 1678 2538 vobis
1703 2504 1807 2538 viven-

1071 2562 1154 2595 tibus
1193 2560 1390 2599 servierint,
1429 2558 1524 2591 etiam
1563 2558 1646 2590 ultra
1684 2557 1805 2590 servitii

1067 2616 1243 2655 meritum,
1269 2619 1300 2647 et
1331 2613 1363 2646 in
1399 2617 1580 2646 vestrorum
1615 2610 1806 2654 consangui-

1719 207 1759 241 79
1804 217 1854 244 An.
1872 217 1899 244 c.
1920 217 1988 245 1735
