<?xml version="1.0" encoding="UTF-8"?>
<!DOCTYPE html PUBLIC "-//W3C//DTD XHTML 1.0 Transitional//EN"
    "http://www.w3.org/TR/xhtml1/DTD/xhtml1-transitional.dtd">
<html xmlns="http://www.w3.org/1999/xhtml" xml:lang="en" lang="en">
 <head>
  <title>
</title>
<meta http-equiv="Content-Type" content="text/html;charset=utf-8" />
  <meta name='ocr-system' content='tesseract 3.04.00' />
  <meta name='ocr-capabilities' content='ocr_page ocr_carea ocr_par ocr_line ocrx_word'/>
</head>
<body>
  <div class='ocr_page' id='page_1' title='image "./bullarumdiplomat24cath_0588.png"; bbox 0 0 2232 3178; ppageno 0'>
   <div class='ocr_carea' id='block_1_1' title="bbox 257 232 440 260">
    <p class='ocr_par' dir='ltr' id='par_1_1' title="bbox 257 232 440 260">
     <span class='ocr_line' id='line_1_1' title="bbox 257 232 440 260; baseline -0.005 0"><span class='ocrx_word' id='word_1_1' title='bbox 257 235 306 260; x_wconf 77' lang='lat' dir='ltr'>An.</span> <span class='ocrx_word' id='word_1_2' title='bbox 327 232 356 260; x_wconf 87' lang='lat' dir='ltr'>C.</span> <span class='ocrx_word' id='word_1_3' title='bbox 373 232 440 260; x_wconf 83' lang='lat'>¹739</span> 
     </span>
    </p>
   </div>
   <div class='ocr_carea' id='block_1_2' title="bbox 266 1084 451 1238">
    <p class='ocr_par' dir='ltr' id='par_1_2' title="bbox 266 1084 451 1238">
     <span class='ocr_line' id='line_1_2' title="bbox 317 1084 449 1105; baseline -0.015 0"><span class='ocrx_word' id='word_1_4' title='bbox 317 1084 449 1105; x_wconf 68' lang='lat' dir='ltr'>Facultatum</span> 
     </span>
     <span class='ocr_line' id='line_1_3' title="bbox 266 1111 449 1136; baseline -0.005 -4"><span class='ocrx_word' id='word_1_5' title='bbox 266 1112 385 1136; x_wconf 78' lang='lat' dir='ltr'>impertitur</span> <span class='ocrx_word' id='word_1_6' title='bbox 414 1111 449 1131; x_wconf 65' lang='lat' dir='ltr'>eli·</span> 
     </span>
     <span class='ocr_line' id='line_1_4' title="bbox 268 1138 448 1162; baseline -0.006 -4"><span class='ocrx_word' id='word_1_7' title='bbox 268 1138 329 1162; x_wconf 54' lang='lat' dir='ltr'>flaendi</span> <span class='ocrx_word' id='word_1_8' title='bbox 345 1139 385 1158; x_wconf 77' lang='lat' dir='ltr'>sibi</span> <span class='ocrx_word' id='word_1_9' title='bbox 402 1143 448 1157; x_wconf 86' lang='lat' dir='ltr'>con-</span> 
     </span>
     <span class='ocr_line' id='line_1_5' title="bbox 267 1166 450 1185; baseline -0.011 -1"><span class='ocrx_word' id='word_1_10' title='bbox 267 1166 378 1185; x_wconf 58' lang='lat' dir='ltr'>rossan-ium</span> <span class='ocrx_word' id='word_1_11' title='bbox 417 1169 450 1183; x_wconf 76' lang='lat' dir='ltr'>cul</span> 
     </span>
     <span class='ocr_line' id='line_1_6' title="bbox 267 1191 449 1217; baseline -0.005 -7"><span class='ocrx_word' id='word_1_12' title='bbox 267 1192 386 1217; x_wconf 67' lang='lat' dir='ltr'>peculiares</span> <span class='ocrx_word' id='word_1_13' title='bbox 416 1191 449 1209; x_wconf 85' lang='lat' dir='ltr'>tri-</span> 
     </span>
     <span class='ocr_line' id='line_1_7' title="bbox 269 1217 451 1238; baseline -0.011 0"><span class='ocrx_word' id='word_1_14' title='bbox 269 1218 316 1238; x_wconf 84' lang='lat' dir='ltr'>buit</span> <span class='ocrx_word' id='word_1_15' title='bbox 331 1217 451 1238; x_wconf 75' lang='lat' dir='ltr'>facultates.</span> 
     </span>
    </p>
   </div>
   <div class='ocr_carea' id='block_1_3' title="bbox 491 223 556 257">
    <p class='ocr_par' dir='ltr' id='par_1_3' title="bbox 491 223 556 257">
     <span class='ocr_line' id='line_1_8' title="bbox 491 223 556 257; baseline -0.015 0"><span class='ocrx_word' id='word_1_16' title='bbox 491 223 556 257; x_wconf 74' lang='lat'>554</span> 
     </span>
    </p>
   </div>
   <div class='ocr_carea' id='block_1_4' title="bbox 452 277 1217 2650">
    <p class='ocr_par' dir='ltr' id='par_1_4' title="bbox 452 277 1200 1062">
     <span class='ocr_line' id='line_1_9' title="bbox 453 277 1189 324; baseline -0.005 -11"><span class='ocrx_word' id='word_1_17' title='bbox 453 281 615 324; x_wconf 77' lang='lat' dir='ltr'>gentibus,</span> <span class='ocrx_word' id='word_1_18' title='bbox 652 288 778 313; x_wconf 86' lang='lat' dir='ltr'>necnon</span> <span class='ocrx_word' id='word_1_19' title='bbox 813 278 882 312; x_wconf 84' lang='lat' dir='ltr'>aliis</span> <span class='ocrx_word' id='word_1_20' title='bbox 919 277 1189 321; x_wconf 89' lang='lat' dir='ltr'>quibuscumque,</span> 
     </span>
     <span class='ocr_line' id='line_1_10' title="bbox 454 330 1192 374; baseline -0.005 -9"><span class='ocrx_word' id='word_1_21' title='bbox 454 340 515 365; x_wconf 81' lang='lat' dir='ltr'>tam</span> <span class='ocrx_word' id='word_1_22' title='bbox 540 333 638 371; x_wconf 86' lang='lat' dir='ltr'>laicis,</span> <span class='ocrx_word' id='word_1_23' title='bbox 663 342 758 374; x_wconf 86' lang='lat' dir='ltr'>quam</span> <span class='ocrx_word' id='word_1_24' title='bbox 785 330 1026 371; x_wconf 84' lang='lat' dir='ltr'>ecclesiasticis,</span> <span class='ocrx_word' id='word_1_25' title='bbox 1052 330 1192 362; x_wconf 86' lang='lat' dir='ltr'>saecula·</span> 
     </span>
     <span class='ocr_line' id='line_1_11' title="bbox 453 383 1192 427; baseline -0.004 -9"><span class='ocrx_word' id='word_1_26' title='bbox 453 386 539 419; x_wconf 86' lang='lat' dir='ltr'>ribus</span> <span class='ocrx_word' id='word_1_27' title='bbox 564 386 611 418; x_wconf 90' lang='lat' dir='ltr'>vel</span> <span class='ocrx_word' id='word_1_28' title='bbox 637 384 850 427; x_wconf 80' lang='lat' dir='ltr'>regularibus,</span> <span class='ocrx_word' id='word_1_29' title='bbox 876 383 970 416; x_wconf 86' lang='lat' dir='ltr'>etiam</span> <span class='ocrx_word' id='word_1_30' title='bbox 1003 383 1035 416; x_wconf 92' lang='lat' dir='ltr'>in</span> <span class='ocrx_word' id='word_1_31' title='bbox 1061 393 1192 416; x_wconf 88' lang='lat' dir='ltr'>carcere</span> 
     </span>
     <span class='ocr_line' id='line_1_12' title="bbox 452 435 1194 481; baseline -0.004 -11"><span class='ocrx_word' id='word_1_32' title='bbox 452 444 505 470; x_wconf 86' lang='lat' dir='ltr'>aut</span> <span class='ocrx_word' id='word_1_33' title='bbox 537 437 717 481; x_wconf 73' lang='lat' dir='ltr'>captivitate</span> <span class='ocrx_word' id='word_1_34' title='bbox 758 436 986 476; x_wconf 77' lang='lat' dir='ltr'>existentibus,</span> <span class='ocrx_word' id='word_1_35' title='bbox 1011 435 1061 469; x_wconf 94' lang='lat' dir='ltr'>vel</span> <span class='ocrx_word' id='word_1_36' title='bbox 1085 435 1194 478; x_wconf 84' lang='lat' dir='ltr'>aliqua</span> 
     </span>
     <span class='ocr_line' id='line_1_13' title="bbox 454 489 1193 534; baseline -0.004 -10"><span class='ocrx_word' id='word_1_37' title='bbox 454 490 602 534; x_wconf 84' lang='lat' dir='ltr'>corporis</span> <span class='ocrx_word' id='word_1_38' title='bbox 621 489 803 522; x_wconf 79' lang='lat' dir='ltr'>infirmitate</span> <span class='ocrx_word' id='word_1_39' title='bbox 824 499 881 522; x_wconf 90' lang='lat' dir='ltr'>seu</span> <span class='ocrx_word' id='word_1_40' title='bbox 906 489 968 521; x_wconf 91' lang='lat' dir='ltr'>alio</span> <span class='ocrx_word' id='word_1_41' title='bbox 987 498 1193 532; x_wconf 87' lang='lat' dir='ltr'>quocumque</span> 
     </span>
     <span class='ocr_line' id='line_1_14' title="bbox 457 541 1194 586; baseline -0.004 -11"><span class='ocrx_word' id='word_1_42' title='bbox 457 542 687 586; x_wconf 86' lang='lat' dir='ltr'>impedimento</span> <span class='ocrx_word' id='word_1_43' title='bbox 703 541 848 581; x_wconf 86' lang='lat' dir='ltr'>detentis,</span> <span class='ocrx_word' id='word_1_44' title='bbox 862 541 915 584; x_wconf 91' lang='lat' dir='ltr'>qui</span> <span class='ocrx_word' id='word_1_45' title='bbox 931 551 1027 584; x_wconf 86' lang='lat' dir='ltr'>supra</span> <span class='ocrx_word' id='word_1_46' title='bbox 1041 551 1194 584; x_wconf 81' lang='lat' dir='ltr'>expressa</span> 
     </span>
     <span class='ocr_line' id='line_1_15' title="bbox 454 594 1193 638; baseline -0.004 -9"><span class='ocrx_word' id='word_1_47' title='bbox 454 598 503 629; x_wconf 88' lang='lat' dir='ltr'>vcl</span> <span class='ocrx_word' id='word_1_48' title='bbox 529 606 642 629; x_wconf 89' lang='lat' dir='ltr'>eorum</span> <span class='ocrx_word' id='word_1_49' title='bbox 667 595 775 638; x_wconf 86' lang='lat' dir='ltr'>aliqua</span> <span class='ocrx_word' id='word_1_50' title='bbox 799 600 962 636; x_wconf 87' lang='lat' dir='ltr'>praestare</span> <span class='ocrx_word' id='word_1_51' title='bbox 979 594 1193 637; x_wconf 87' lang='lat' dir='ltr'>nequiverint,</span> 
     </span>
     <span class='ocr_line' id='line_1_16' title="bbox 456 647 1196 690; baseline -0.003 -9"><span class='ocrx_word' id='word_1_52' title='bbox 456 653 490 682; x_wconf 88' lang='lat' dir='ltr'>ut</span> <span class='ocrx_word' id='word_1_53' title='bbox 514 649 565 681; x_wconf 90' lang='lat' dir='ltr'>illa</span> <span class='ocrx_word' id='word_1_54' title='bbox 598 647 832 687; x_wconf 81' lang='lat' dir='ltr'>confessarius,</span> <span class='ocrx_word' id='word_1_55' title='bbox 860 657 895 679; x_wconf 85' lang='lat' dir='ltr'>ex</span> <span class='ocrx_word' id='word_1_56' title='bbox 921 647 982 679; x_wconf 90' lang='lat' dir='ltr'>iam</span> <span class='ocrx_word' id='word_1_57' title='bbox 1008 647 1196 690; x_wconf 82' lang='lat' dir='ltr'>approbatis</span> 
     </span>
     <span class='ocr_line' id='line_1_17' title="bbox 455 699 1195 742; baseline -0.004 -8"><span class='ocrx_word' id='word_1_58' title='bbox 455 713 471 734; x_wconf 87' lang='lat' dir='ltr'>a</span> <span class='ocrx_word' id='word_1_59' title='bbox 496 702 641 734; x_wconf 78' lang='lat' dir='ltr'>locorum</span> <span class='ocrx_word' id='word_1_60' title='bbox 673 699 849 733; x_wconf 85' lang='lat' dir='ltr'>Ordinariis</span> <span class='ocrx_word' id='word_1_61' title='bbox 874 704 946 732; x_wconf 85' lang='lat' dir='ltr'>ante</span> <span class='ocrx_word' id='word_1_62' title='bbox 978 699 1195 742; x_wconf 85' lang='lat' dir='ltr'>praesentium</span> 
     </span>
     <span class='ocr_line' id='line_1_18' title="bbox 456 752 1197 798; baseline -0.003 -12"><span class='ocrx_word' id='word_1_63' title='bbox 456 753 725 798; x_wconf 78' lang='lat' dir='ltr'>publicationem,</span> <span class='ocrx_word' id='word_1_64' title='bbox 752 763 807 785; x_wconf 89' lang='lat' dir='ltr'>seu</span> <span class='ocrx_word' id='word_1_65' title='bbox 843 752 1070 795; x_wconf 80' lang='lat' dir='ltr'>approbandis,</span> <span class='ocrx_word' id='word_1_66' title='bbox 1095 752 1140 785; x_wconf 88' lang='lat' dir='ltr'>eis</span> <span class='ocrx_word' id='word_1_67' title='bbox 1166 753 1197 784; x_wconf 88' lang='lat' dir='ltr'>in</span> 
     </span>
     <span class='ocr_line' id='line_1_19' title="bbox 457 805 1197 850; baseline -0.004 -10"><span class='ocrx_word' id='word_1_68' title='bbox 457 807 518 840; x_wconf 87' lang='lat' dir='ltr'>alia</span> <span class='ocrx_word' id='word_1_69' title='bbox 550 806 679 850; x_wconf 82' lang='lat' dir='ltr'>pietalis</span> <span class='ocrx_word' id='word_1_70' title='bbox 715 816 813 849; x_wconf 86' lang='lat' dir='ltr'>opera</span> <span class='ocrx_word' id='word_1_71' title='bbox 849 808 1046 839; x_wconf 88' lang='lat' dir='ltr'>commutare</span> <span class='ocrx_word' id='word_1_72' title='bbox 1082 806 1132 838; x_wconf 90' lang='lat' dir='ltr'>vel</span> <span class='ocrx_word' id='word_1_73' title='bbox 1167 805 1197 837; x_wconf 95' lang='lat' dir='ltr'>in</span> 
     </span>
     <span class='ocr_line' id='line_1_20' title="bbox 457 858 1198 902; baseline -0.004 -9"><span class='ocrx_word' id='word_1_74' title='bbox 457 860 544 894; x_wconf 87' lang='lat' dir='ltr'>aliud</span> <span class='ocrx_word' id='word_1_75' title='bbox 570 859 752 902; x_wconf 74' lang='lat' dir='ltr'>proximum</span> <span class='ocrx_word' id='word_1_76' title='bbox 775 863 900 901; x_wconf 88' lang='lat' dir='ltr'>tempus</span> <span class='ocrx_word' id='word_1_77' title='bbox 926 868 1061 900; x_wconf 74' lang='lat' dir='ltr'>erogare</span> <span class='ocrx_word' id='word_1_78' title='bbox 1087 858 1198 901; x_wconf 81' lang='lat' dir='ltr'>possit,</span> 
     </span>
     <span class='ocr_line' id='line_1_21' title="bbox 460 911 1198 956; baseline -0.004 -10"><span class='ocrx_word' id='word_1_79' title='bbox 460 923 563 956; x_wconf 84' lang='lat' dir='ltr'>eaque</span> <span class='ocrx_word' id='word_1_80' title='bbox 589 912 778 954; x_wconf 80' lang='lat' dir='ltr'>iniungere,</span> <span class='ocrx_word' id='word_1_81' title='bbox 803 922 883 954; x_wconf 87' lang='lat' dir='ltr'>quae</span> <span class='ocrx_word' id='word_1_82' title='bbox 910 911 971 954; x_wconf 85' lang='lat' dir='ltr'>ipsi</span> <span class='ocrx_word' id='word_1_83' title='bbox 996 911 1198 954; x_wconf 84' lang='lat' dir='ltr'>poenitentes</span> 
     </span>
     <span class='ocr_line' id='line_1_22' title="bbox 459 964 1200 1008; baseline -0.003 -9"><span class='ocrx_word' id='word_1_84' title='bbox 459 966 587 999; x_wconf 82' lang='lat' dir='ltr'>efficere</span> <span class='ocrx_word' id='word_1_85' title='bbox 613 970 777 1008; x_wconf 86' lang='lat' dir='ltr'>poterunt,</span> <span class='ocrx_word' id='word_1_86' title='bbox 804 964 924 1008; x_wconf 85' lang='lat' dir='ltr'>pariter</span> <span class='ocrx_word' id='word_1_87' title='bbox 948 964 1152 997; x_wconf 81' lang='lat' dir='ltr'>concedimus</span> <span class='ocrx_word' id='word_1_88' title='bbox 1170 969 1200 997; x_wconf 90' lang='lat' dir='ltr'>et</span> 
     </span>
     <span class='ocr_line' id='line_1_23' title="bbox 460 1020 678 1062; baseline -0.009 -10"><span class='ocrx_word' id='word_1_89' title='bbox 460 1020 678 1062; x_wconf 81' lang='lat' dir='ltr'>indulgemus.</span> 
     </span>
    </p>

    <p class='ocr_par' dir='ltr' id='par_1_5' title="bbox 461 1070 1217 2650">
     <span class='ocr_line' id='line_1_24' title="bbox 504 1070 1201 1115; baseline -0.004 -10"><span class='ocrx_word' id='word_1_90' title='bbox 504 1074 518 1115; x_wconf 73' lang='grc' dir='ltr'>ξ</span> <span class='ocrx_word' id='word_1_91' title='bbox 543 1073 575 1105; x_wconf 90' lang='grc'>7.</span> <span class='ocrx_word' id='word_1_92' title='bbox 602 1072 734 1114; x_wconf 86' lang='lat' dir='ltr'>Insuper</span> <span class='ocrx_word' id='word_1_93' title='bbox 754 1071 901 1104; x_wconf 87' lang='lat' dir='ltr'>omnibus</span> <span class='ocrx_word' id='word_1_94' title='bbox 919 1076 950 1104; x_wconf 92' lang='lat' dir='ltr'>et</span> <span class='ocrx_word' id='word_1_95' title='bbox 967 1070 1098 1113; x_wconf 78' lang='lat' dir='ltr'>singulis</span> <span class='ocrx_word' id='word_1_96' title='bbox 1116 1070 1201 1103; x_wconf 89' lang='lat' dir='ltr'>chri-</span> 
     </span>
     <span class='ocr_line' id='line_1_25' title="bbox 461 1124 1201 1167; baseline -0.004 -8"><span class='ocrx_word' id='word_1_97' title='bbox 461 1126 653 1159; x_wconf 76' lang='lat' dir='ltr'>stifidelibus</span> <span class='ocrx_word' id='word_1_98' title='bbox 691 1125 862 1167; x_wconf 85' lang='lat' dir='ltr'>utriusque</span> <span class='ocrx_word' id='word_1_99' title='bbox 888 1135 1000 1164; x_wconf 83' lang='lat' dir='ltr'>sexus,</span> <span class='ocrx_word' id='word_1_100' title='bbox 1024 1130 1086 1156; x_wconf 87' lang='lat' dir='ltr'>tam</span> <span class='ocrx_word' id='word_1_101' title='bbox 1113 1124 1201 1157; x_wconf 88' lang='lat' dir='ltr'>laicis</span> 
     </span>
     <span class='ocr_line' id='line_1_26' title="bbox 462 1177 1202 1222; baseline -0.001 -12"><span class='ocrx_word' id='word_1_102' title='bbox 462 1189 555 1222; x_wconf 86' lang='lat' dir='ltr'>quam</span> <span class='ocrx_word' id='word_1_103' title='bbox 582 1177 820 1217; x_wconf 78' lang='lat' dir='ltr'>ecelesiasticis,</span> <span class='ocrx_word' id='word_1_104' title='bbox 845 1177 1064 1210; x_wconf 87' lang='lat' dir='ltr'>saecularibus</span> <span class='ocrx_word' id='word_1_105' title='bbox 1090 1182 1121 1209; x_wconf 91' lang='lat' dir='ltr'>et</span> <span class='ocrx_word' id='word_1_106' title='bbox 1153 1187 1202 1209; x_wconf 89' lang='lat' dir='ltr'>re-</span> 
     </span>
     <span class='ocr_line' id='line_1_27' title="bbox 462 1228 1203 1274; baseline -0.001 -13"><span class='ocrx_word' id='word_1_107' title='bbox 462 1231 641 1274; x_wconf 77' lang='lat' dir='ltr'>gularibus,</span> <span class='ocrx_word' id='word_1_108' title='bbox 659 1229 798 1262; x_wconf 88' lang='lat' dir='ltr'>cuiusvis</span> <span class='ocrx_word' id='word_1_109' title='bbox 820 1229 959 1269; x_wconf 84' lang='lat' dir='ltr'>Ordinis,</span> <span class='ocrx_word' id='word_1_110' title='bbox 981 1228 1203 1271; x_wconf 78' lang='lat' dir='ltr'>congregatio-</span> 
     </span>
     <span class='ocr_line' id='line_1_28' title="bbox 462 1281 1202 1325; baseline -0.005 -8"><span class='ocrx_word' id='word_1_111' title='bbox 462 1284 510 1317; x_wconf 86' lang='lat' dir='ltr'>nis</span> <span class='ocrx_word' id='word_1_112' title='bbox 537 1289 568 1316; x_wconf 90' lang='lat' dir='ltr'>et</span> <span class='ocrx_word' id='word_1_113' title='bbox 592 1282 742 1323; x_wconf 87' lang='lat' dir='ltr'>instituti,</span> <span class='ocrx_word' id='word_1_114' title='bbox 770 1287 833 1314; x_wconf 88' lang='lat' dir='ltr'>tam</span> <span class='ocrx_word' id='word_1_115' title='bbox 864 1281 896 1315; x_wconf 93' lang='lat' dir='ltr'>in</span> <span class='ocrx_word' id='word_1_116' title='bbox 920 1282 1005 1314; x_wconf 87' lang='lat' dir='ltr'>Urbe</span> <span class='ocrx_word' id='word_1_117' title='bbox 1037 1282 1202 1325; x_wconf 82' lang='lat' dir='ltr'>praedicta</span> 
     </span>
     <span class='ocr_line' id='line_1_29' title="bbox 464 1334 1205 1380; baseline -0.003 -12"><span class='ocrx_word' id='word_1_118' title='bbox 464 1347 558 1380; x_wconf 85' lang='lat' dir='ltr'>quam</span> <span class='ocrx_word' id='word_1_119' title='bbox 586 1341 674 1368; x_wconf 77' lang='lat' dir='ltr'>extra</span> <span class='ocrx_word' id='word_1_120' title='bbox 709 1345 780 1368; x_wconf 91' lang='lat' dir='ltr'>eam</span> <span class='ocrx_word' id='word_1_121' title='bbox 819 1334 848 1367; x_wconf 93' lang='lat' dir='ltr'>in</span> <span class='ocrx_word' id='word_1_122' title='bbox 875 1335 1025 1367; x_wconf 76' lang='lat' dir='ltr'>universa</span> <span class='ocrx_word' id='word_1_123' title='bbox 1050 1334 1138 1367; x_wconf 77' lang='lat' dir='ltr'>Italia</span> <span class='ocrx_word' id='word_1_124' title='bbox 1174 1339 1205 1366; x_wconf 88' lang='lat' dir='ltr'>ct</span> 
     </span>
     <span class='ocr_line' id='line_1_30' title="bbox 464 1387 1204 1431; baseline -0.004 -9"><span class='ocrx_word' id='word_1_125' title='bbox 464 1389 578 1422; x_wconf 89' lang='lat' dir='ltr'>insulis</span> <span class='ocrx_word' id='word_1_126' title='bbox 596 1388 623 1422; x_wconf 88' lang='lat' dir='ltr'>ei</span> <span class='ocrx_word' id='word_1_127' title='bbox 644 1388 862 1421; x_wconf 88' lang='lat' dir='ltr'>adiacentibus</span> <span class='ocrx_word' id='word_1_128' title='bbox 880 1387 1051 1431; x_wconf 89' lang='lat' dir='ltr'>praedictis</span> <span class='ocrx_word' id='word_1_129' title='bbox 1069 1393 1102 1420; x_wconf 91' lang='lat' dir='ltr'>ut</span> <span class='ocrx_word' id='word_1_130' title='bbox 1119 1397 1204 1430; x_wconf 89' lang='lat' dir='ltr'>prae-</span> 
     </span>
     <span class='ocr_line' id='line_1_31' title="bbox 465 1440 1205 1484; baseline -0.004 -9"><span class='ocrx_word' id='word_1_131' title='bbox 465 1443 564 1475; x_wconf 73' lang='lat' dir='ltr'>fertur</span> <span class='ocrx_word' id='word_1_132' title='bbox 590 1441 793 1484; x_wconf 79' lang='lat' dir='ltr'>degentibus,</span> <span class='ocrx_word' id='word_1_133' title='bbox 821 1440 981 1473; x_wconf 82' lang='lat' dir='ltr'>licentiam</span> <span class='ocrx_word' id='word_1_134' title='bbox 1001 1441 1205 1474; x_wconf 87' lang='lat' dir='ltr'>concedimus</span> 
     </span>
     <span class='ocr_line' id='line_1_32' title="bbox 466 1493 1204 1534; baseline -0.003 -7"><span class='ocrx_word' id='word_1_135' title='bbox 466 1501 498 1527; x_wconf 87' lang='lat' dir='ltr'>et</span> <span class='ocrx_word' id='word_1_136' title='bbox 523 1495 714 1534; x_wconf 82' lang='lat' dir='ltr'>facultatem,</span> <span class='ocrx_word' id='word_1_137' title='bbox 740 1499 775 1526; x_wconf 94' lang='lat' dir='ltr'>ut</span> <span class='ocrx_word' id='word_1_138' title='bbox 799 1493 859 1526; x_wconf 90' lang='lat' dir='ltr'>sibi</span> <span class='ocrx_word' id='word_1_139' title='bbox 885 1494 924 1526; x_wconf 83' lang='lat' dir='ltr'>ad</span> <span class='ocrx_word' id='word_1_140' title='bbox 949 1493 1033 1526; x_wconf 88' lang='lat' dir='ltr'>hunc</span> <span class='ocrx_word' id='word_1_141' title='bbox 1057 1493 1204 1526; x_wconf 75' lang='lat' dir='ltr'>effectum</span> 
     </span>
     <span class='ocr_line' id='line_1_33' title="bbox 466 1545 1207 1589; baseline -0.004 -9"><span class='ocrx_word' id='word_1_142' title='bbox 466 1547 587 1589; x_wconf 77' lang='lat' dir='ltr'>eligere</span> <span class='ocrx_word' id='word_1_143' title='bbox 613 1546 738 1589; x_wconf 87' lang='lat' dir='ltr'>possint</span> <span class='ocrx_word' id='word_1_144' title='bbox 772 1555 1010 1588; x_wconf 86' lang='lat' dir='ltr'>quemeumque</span> <span class='ocrx_word' id='word_1_145' title='bbox 1038 1545 1207 1588; x_wconf 84' lang='lat' dir='ltr'>presbyte-</span> 
     </span>
     <span class='ocr_line' id='line_1_34' title="bbox 467 1598 1207 1641; baseline -0.003 -9"><span class='ocrx_word' id='word_1_146' title='bbox 467 1611 539 1632; x_wconf 87' lang='lat' dir='ltr'>rum</span> <span class='ocrx_word' id='word_1_147' title='bbox 559 1598 797 1638; x_wconf 80' lang='lat' dir='ltr'>consessarium‚</span> <span class='ocrx_word' id='word_1_148' title='bbox 816 1603 879 1630; x_wconf 85' lang='lat' dir='ltr'>tarn</span> <span class='ocrx_word' id='word_1_149' title='bbox 897 1599 1094 1631; x_wconf 84' lang='lat' dir='ltr'>saecularem</span> <span class='ocrx_word' id='word_1_150' title='bbox 1113 1608 1207 1641; x_wconf 84' lang='lat' dir='ltr'>quam</span> 
     </span>
     <span class='ocr_line' id='line_1_35' title="bbox 467 1650 1206 1692; baseline -0.003 -7"><span class='ocrx_word' id='word_1_151' title='bbox 467 1652 605 1685; x_wconf 85' lang='lat' dir='ltr'>cuiusvis</span> <span class='ocrx_word' id='word_1_152' title='bbox 630 1651 757 1684; x_wconf 91' lang='lat' dir='ltr'>Ordinis</span> <span class='ocrx_word' id='word_1_153' title='bbox 782 1656 813 1683; x_wconf 91' lang='lat' dir='ltr'>et</span> <span class='ocrx_word' id='word_1_154' title='bbox 837 1650 970 1683; x_wconf 89' lang='lat' dir='ltr'>instituti</span> <span class='ocrx_word' id='word_1_155' title='bbox 1006 1651 1206 1692; x_wconf 76' lang='lat' dir='ltr'>regularem,</span> 
     </span>
     <span class='ocr_line' id='line_1_36' title="bbox 469 1703 1206 1748; baseline -0.003 -11"><span class='ocrx_word' id='word_1_156' title='bbox 469 1716 505 1738; x_wconf 85' lang='lat' dir='ltr'>ex</span> <span class='ocrx_word' id='word_1_157' title='bbox 531 1703 718 1748; x_wconf 87' lang='lat' dir='ltr'>approbatis</span> <span class='ocrx_word' id='word_1_158' title='bbox 744 1709 777 1735; x_wconf 93' lang='lat' dir='ltr'>ut</span> <span class='ocrx_word' id='word_1_159' title='bbox 793 1703 1010 1746; x_wconf 86' lang='lat' dir='ltr'>praemittitur</span> <span class='ocrx_word' id='word_1_160' title='bbox 1027 1714 1044 1735; x_wconf 90' lang='lat' dir='ltr'>a</span> <span class='ocrx_word' id='word_1_161' title='bbox 1061 1704 1206 1736; x_wconf 88' lang='lat' dir='ltr'>locorum</span> 
     </span>
     <span class='ocr_line' id='line_1_37' title="bbox 469 1756 1209 1799; baseline -0.001 -8"><span class='ocrx_word' id='word_1_162' title='bbox 469 1757 662 1797; x_wconf 88' lang='lat' dir='ltr'>Ordinariis,</span> <span class='ocrx_word' id='word_1_163' title='bbox 687 1757 741 1799; x_wconf 93' lang='lat' dir='ltr'>qui</span> <span class='ocrx_word' id='word_1_164' title='bbox 767 1767 823 1790; x_wconf 91' lang='lat' dir='ltr'>eos</span> <span class='ocrx_word' id='word_1_165' title='bbox 847 1756 886 1789; x_wconf 88' lang='lat' dir='ltr'>ab</span> <span class='ocrx_word' id='word_1_166' title='bbox 912 1757 1209 1790; x_wconf 85' lang='lat' dir='ltr'>excommunicatio-</span> 
     </span>
     <span class='ocr_line' id='line_1_38' title="bbox 468 1809 1210 1853; baseline -0.003 -9"><span class='ocrx_word' id='word_1_167' title='bbox 468 1812 529 1851; x_wconf 86' lang='lat' dir='ltr'>nis,</span> <span class='ocrx_word' id='word_1_168' title='bbox 557 1810 776 1853; x_wconf 85' lang='lat' dir='ltr'>suspensionis</span> <span class='ocrx_word' id='word_1_169' title='bbox 813 1814 844 1842; x_wconf 89' lang='lat' dir='ltr'>et</span> <span class='ocrx_word' id='word_1_170' title='bbox 878 1810 948 1843; x_wconf 90' lang='lat' dir='ltr'>aliis</span> <span class='ocrx_word' id='word_1_171' title='bbox 986 1809 1210 1843; x_wconf 89' lang='lat' dir='ltr'>ecclesiasticis</span> 
     </span>
     <span class='ocr_line' id='line_1_39' title="bbox 472 1864 1211 1898; baseline -0.001 0"><span class='ocrx_word' id='word_1_172' title='bbox 472 1864 639 1898; x_wconf 88' lang='lat' dir='ltr'>sententiis</span> <span class='ocrx_word' id='word_1_173' title='bbox 666 1867 696 1896; x_wconf 93' lang='lat' dir='ltr'>et</span> <span class='ocrx_word' id='word_1_174' title='bbox 720 1864 863 1896; x_wconf 84' lang='lat' dir='ltr'>censuris</span> <span class='ocrx_word' id='word_1_175' title='bbox 889 1874 906 1896; x_wconf 90' lang='lat' dir='ltr'>a</span> <span class='ocrx_word' id='word_1_176' title='bbox 932 1864 999 1896; x_wconf 92' lang='lat' dir='ltr'>iure</span> <span class='ocrx_word' id='word_1_177' title='bbox 1023 1865 1072 1896; x_wconf 90' lang='lat' dir='ltr'>vel</span> <span class='ocrx_word' id='word_1_178' title='bbox 1099 1864 1137 1896; x_wconf 92' lang='lat' dir='ltr'>ab</span> <span class='ocrx_word' id='word_1_179' title='bbox 1155 1864 1211 1897; x_wconf 88' lang='lat' dir='ltr'>ho-</span> 
     </span>
     <span class='ocr_line' id='line_1_40' title="bbox 470 1915 1209 1960; baseline 0 -11"><span class='ocrx_word' id='word_1_180' title='bbox 470 1918 567 1957; x_wconf 88' lang='lat' dir='ltr'>mine,</span> <span class='ocrx_word' id='word_1_181' title='bbox 596 1916 706 1960; x_wconf 88' lang='lat' dir='ltr'>quavis</span> <span class='ocrx_word' id='word_1_182' title='bbox 741 1918 838 1949; x_wconf 81' lang='lat' dir='ltr'>causa</span> <span class='ocrx_word' id='word_1_183' title='bbox 873 1916 945 1950; x_wconf 89' lang='lat' dir='ltr'>latis</span> <span class='ocrx_word' id='word_1_184' title='bbox 980 1926 1035 1949; x_wconf 90' lang='lat' dir='ltr'>seu</span> <span class='ocrx_word' id='word_1_185' title='bbox 1072 1915 1209 1956; x_wconf 83' lang='lat' dir='ltr'>inflictis,</span> 
     </span>
     <span class='ocr_line' id='line_1_41' title="bbox 470 1969 1212 2012; baseline -0.004 -8"><span class='ocrx_word' id='word_1_186' title='bbox 470 1981 530 2004; x_wconf 88' lang='lat' dir='ltr'>nec</span> <span class='ocrx_word' id='word_1_187' title='bbox 553 1980 615 2004; x_wconf 92' lang='lat' dir='ltr'>non</span> <span class='ocrx_word' id='word_1_188' title='bbox 640 1969 679 2002; x_wconf 85' lang='lat' dir='ltr'>ab</span> <span class='ocrx_word' id='word_1_189' title='bbox 704 1969 851 2002; x_wconf 90' lang='lat' dir='ltr'>omnibus</span> <span class='ocrx_word' id='word_1_190' title='bbox 887 1969 1026 2012; x_wconf 89' lang='lat' dir='ltr'>peccatis</span> <span class='ocrx_word' id='word_1_191' title='bbox 1043 1995 1050 2009; x_wconf 93' lang='lat'>,</span> <span class='ocrx_word' id='word_1_192' title='bbox 1076 1969 1212 2002; x_wconf 84' lang='lat' dir='ltr'>excessi-</span> 
     </span>
     <span class='ocr_line' id='line_1_42' title="bbox 472 2021 1211 2065; baseline -0.003 -9"><span class='ocrx_word' id='word_1_193' title='bbox 472 2024 550 2063; x_wconf 85' lang='lat' dir='ltr'>bus,</span> <span class='ocrx_word' id='word_1_194' title='bbox 575 2022 763 2056; x_wconf 86' lang='lat' dir='ltr'>criminibus</span> <span class='ocrx_word' id='word_1_195' title='bbox 796 2026 827 2055; x_wconf 86' lang='lat' dir='ltr'>et</span> <span class='ocrx_word' id='word_1_196' title='bbox 858 2021 982 2056; x_wconf 86' lang='lat' dir='ltr'>delictis</span> <span class='ocrx_word' id='word_1_197' title='bbox 1008 2022 1211 2065; x_wconf 88' lang='lat' dir='ltr'>quantumvis</span> 
     </span>
     <span class='ocr_line' id='line_1_43' title="bbox 473 2074 1211 2119; baseline -0.003 -10"><span class='ocrx_word' id='word_1_198' title='bbox 473 2077 624 2119; x_wconf 78' lang='lat' dir='ltr'>gravibus</span> <span class='ocrx_word' id='word_1_199' title='bbox 649 2081 680 2109; x_wconf 90' lang='lat' dir='ltr'>et</span> <span class='ocrx_word' id='word_1_200' title='bbox 704 2074 908 2117; x_wconf 88' lang='lat' dir='ltr'>enormibus,</span> <span class='ocrx_word' id='word_1_201' title='bbox 933 2075 1029 2108; x_wconf 88' lang='lat' dir='ltr'>etiam</span> <span class='ocrx_word' id='word_1_202' title='bbox 1065 2076 1211 2108; x_wconf 88' lang='lat' dir='ltr'>locorum</span> 
     </span>
     <span class='ocr_line' id='line_1_44' title="bbox 473 2127 1213 2171; baseline -0.004 -8"><span class='ocrx_word' id='word_1_203' title='bbox 473 2128 667 2168; x_wconf 89' lang='lat' dir='ltr'>Ordinariis,</span> <span class='ocrx_word' id='word_1_204' title='bbox 692 2128 756 2161; x_wconf 88' lang='lat' dir='ltr'>sive</span> <span class='ocrx_word' id='word_1_205' title='bbox 780 2127 875 2161; x_wconf 85' lang='lat' dir='ltr'>nobis</span> <span class='ocrx_word' id='word_1_206' title='bbox 901 2133 933 2162; x_wconf 86' lang='lat' dir='ltr'>et</span> <span class='ocrx_word' id='word_1_207' title='bbox 956 2127 1029 2161; x_wconf 85' lang='lat' dir='ltr'>Sedi</span> <span class='ocrx_word' id='word_1_208' title='bbox 1054 2127 1213 2171; x_wconf 85' lang='lat' dir='ltr'>Apostoli-</span> 
     </span>
     <span class='ocr_line' id='line_1_45' title="bbox 474 2180 1213 2221; baseline -0.004 -6"><span class='ocrx_word' id='word_1_209' title='bbox 474 2192 540 2221; x_wconf 86' lang='lat' dir='ltr'>cae‚</span> <span class='ocrx_word' id='word_1_210' title='bbox 561 2181 654 2214; x_wconf 89' lang='lat' dir='ltr'>etiam</span> <span class='ocrx_word' id='word_1_211' title='bbox 681 2181 712 2212; x_wconf 94' lang='lat' dir='ltr'>in</span> <span class='ocrx_word' id='word_1_212' title='bbox 737 2180 852 2214; x_wconf 90' lang='lat' dir='ltr'>litteris</span> <span class='ocrx_word' id='word_1_213' title='bbox 868 2181 919 2214; x_wconf 88' lang='lat' dir='ltr'>die</span> <span class='ocrx_word' id='word_1_214' title='bbox 939 2181 1062 2214; x_wconf 86' lang='lat' dir='ltr'>Coenae</span> <span class='ocrx_word' id='word_1_215' title='bbox 1087 2180 1213 2213; x_wconf 86' lang='lat' dir='ltr'>Domini</span> 
     </span>
     <span class='ocr_line' id='line_1_46' title="bbox 474 2233 1214 2277; baseline -0.005 -8"><span class='ocrx_word' id='word_1_216' title='bbox 474 2235 537 2277; x_wconf 79' lang='lat' dir='ltr'>legi</span> <span class='ocrx_word' id='word_1_217' title='bbox 562 2234 665 2267; x_wconf 89' lang='lat' dir='ltr'>solitis</span> <span class='ocrx_word' id='word_1_218' title='bbox 691 2233 860 2273; x_wconf 90' lang='lat' dir='ltr'>contentis,</span> <span class='ocrx_word' id='word_1_219' title='bbox 883 2239 913 2266; x_wconf 86' lang='lat' dir='ltr'>et</span> <span class='ocrx_word' id='word_1_220' title='bbox 933 2234 1009 2266; x_wconf 72' lang='lat' dir='ltr'>alias</span> <span class='ocrx_word' id='word_1_221' title='bbox 1033 2244 1094 2276; x_wconf 90' lang='lat' dir='ltr'>per</span> <span class='ocrx_word' id='word_1_222' title='bbox 1120 2244 1214 2276; x_wconf 88' lang='lat' dir='ltr'>quas-</span> 
     </span>
     <span class='ocr_line' id='line_1_47' title="bbox 475 2286 1215 2330; baseline 0 -11"><span class='ocrx_word' id='word_1_223' title='bbox 475 2297 613 2330; x_wconf 86' lang='lat' dir='ltr'>cumque</span> <span class='ocrx_word' id='word_1_224' title='bbox 637 2291 761 2318; x_wconf 88' lang='lat' dir='ltr'>nostras</span> <span class='ocrx_word' id='word_1_225' title='bbox 787 2291 840 2318; x_wconf 90' lang='lat' dir='ltr'>aut</span> <span class='ocrx_word' id='word_1_226' title='bbox 864 2286 1085 2320; x_wconf 86' lang='lat' dir='ltr'>Romanorum</span> <span class='ocrx_word' id='word_1_227' title='bbox 1110 2287 1215 2319; x_wconf 85' lang='lat' dir='ltr'>Ponti-</span> 
     </span>
     <span class='ocr_line' id='line_1_48' title="bbox 475 2338 1217 2382; baseline -0.003 -9"><span class='ocrx_word' id='word_1_228' title='bbox 475 2341 572 2373; x_wconf 82' lang='lat' dir='ltr'>licnm</span> <span class='ocrx_word' id='word_1_229' title='bbox 609 2338 899 2382; x_wconf 86' lang='lat' dir='ltr'>praedeeessorum</span> <span class='ocrx_word' id='word_1_230' title='bbox 934 2344 1121 2371; x_wconf 88' lang='lat' dir='ltr'>nostrorum</span> <span class='ocrx_word' id='word_1_231' title='bbox 1146 2349 1217 2372; x_wconf 88' lang='lat' dir='ltr'>con-</span> 
     </span>
     <span class='ocr_line' id='line_1_49' title="bbox 477 2392 1216 2435; baseline 0 -9"><span class='ocrx_word' id='word_1_232' title='bbox 477 2393 670 2432; x_wconf 89' lang='lat' dir='ltr'>stitutiones,</span> <span class='ocrx_word' id='word_1_233' title='bbox 688 2402 821 2435; x_wconf 84' lang='lat' dir='ltr'>quarum</span> <span class='ocrx_word' id='word_1_234' title='bbox 840 2397 969 2425; x_wconf 86' lang='lat' dir='ltr'>tenores</span> <span class='ocrx_word' id='word_1_235' title='bbox 994 2392 1216 2435; x_wconf 87' lang='lat' dir='ltr'>praesentibus</span> 
     </span>
     <span class='ocr_line' id='line_1_50' title="bbox 478 2445 1212 2488; baseline -0.003 -8"><span class='ocrx_word' id='word_1_236' title='bbox 478 2446 592 2480; x_wconf 88' lang='lat' dir='ltr'>baberi</span> <span class='ocrx_word' id='word_1_237' title='bbox 615 2446 764 2478; x_wconf 90' lang='lat' dir='ltr'>volumus</span> <span class='ocrx_word' id='word_1_238' title='bbox 788 2455 847 2488; x_wconf 89' lang='lat' dir='ltr'>pro</span> <span class='ocrx_word' id='word_1_239' title='bbox 873 2445 1046 2488; x_wconf 82' lang='lat' dir='ltr'>expressis,</span> <span class='ocrx_word' id='word_1_240' title='bbox 1073 2456 1212 2488; x_wconf 89' lang='lat' dir='ltr'>quomo-</span> 
     </span>
     <span class='ocr_line' id='line_1_51' title="bbox 479 2498 1217 2542; baseline -0.003 -10"><span class='ocrx_word' id='word_1_241' title='bbox 479 2500 660 2542; x_wconf 87' lang='lat' dir='ltr'>documque</span> <span class='ocrx_word' id='word_1_242' title='bbox 689 2498 876 2538; x_wconf 82' lang='lat' dir='ltr'>reservatis,</span> <span class='ocrx_word' id='word_1_243' title='bbox 904 2498 936 2531; x_wconf 90' lang='lat' dir='ltr'>in</span> <span class='ocrx_word' id='word_1_244' title='bbox 961 2499 1030 2531; x_wconf 78' lang='lat' dir='ltr'>soro</span> <span class='ocrx_word' id='word_1_245' title='bbox 1055 2498 1217 2531; x_wconf 89' lang='lat' dir='ltr'>conscien-</span> 
     </span>
     <span class='ocr_line' id='line_1_52' title="bbox 479 2551 1217 2586; baseline -0.001 -1"><span class='ocrx_word' id='word_1_246' title='bbox 479 2553 542 2586; x_wconf 85' lang='lat' dir='ltr'>tiae</span> <span class='ocrx_word' id='word_1_247' title='bbox 573 2557 604 2586; x_wconf 89' lang='lat' dir='ltr'>et</span> <span class='ocrx_word' id='word_1_248' title='bbox 640 2552 700 2585; x_wconf 89' lang='lat' dir='ltr'>hac</span> <span class='ocrx_word' id='word_1_249' title='bbox 731 2551 799 2585; x_wconf 89' lang='lat' dir='ltr'>vice</span> <span class='ocrx_word' id='word_1_250' title='bbox 829 2556 949 2584; x_wconf 86' lang='lat' dir='ltr'>tantum</span> <span class='ocrx_word' id='word_1_251' title='bbox 985 2551 1152 2586; x_wconf 87' lang='lat' dir='ltr'>absolvere</span> <span class='ocrx_word' id='word_1_252' title='bbox 1186 2556 1217 2584; x_wconf 89' lang='lat' dir='ltr'>et</span> 
     </span>
     <span class='ocr_line' id='line_1_53' title="bbox 481 2606 1216 2650; baseline -0.001 -10"><span class='ocrx_word' id='word_1_253' title='bbox 481 2607 622 2641; x_wconf 87' lang='lat' dir='ltr'>liberare</span> <span class='ocrx_word' id='word_1_254' title='bbox 647 2607 788 2642; x_wconf 82' lang='lat' dir='ltr'>valeant:</span> <span class='ocrx_word' id='word_1_255' title='bbox 815 2609 846 2641; x_wconf 86' lang='lat' dir='ltr'>et</span> <span class='ocrx_word' id='word_1_256' title='bbox 868 2606 1001 2650; x_wconf 87' lang='lat' dir='ltr'>insuper</span> <span class='ocrx_word' id='word_1_257' title='bbox 1024 2610 1096 2639; x_wconf 90' lang='lat' dir='ltr'>vota</span> <span class='ocrx_word' id='word_1_258' title='bbox 1121 2615 1216 2649; x_wconf 86' lang='lat' dir='ltr'>quae-</span> 
     </span>
    </p>
   </div>
   <div class='ocr_carea' id='block_1_5' title="bbox 1040 227 1400 253">
    <p class='ocr_par' dir='ltr' id='par_1_6' title="bbox 1040 227 1400 253">
     <span class='ocr_line' id='line_1_54' title="bbox 1040 227 1400 253; baseline 0 0"><span class='ocrx_word' id='word_1_259' title='bbox 1040 228 1221 253; x_wconf 75' lang='lat' dir='ltr'>BULLARIUM</span> <span class='ocrx_word' id='word_1_260' title='bbox 1244 227 1400 253; x_wconf 73' lang='lat' dir='ltr'><strong>ROMANUM</strong></span> 
     </span>
    </p>
   </div>
   <div class='ocr_carea' id='block_1_6' title="bbox 1212 389 1227 1462">
    <p class='ocr_par' dir='ltr' id='par_1_7' title="bbox 1212 389 1227 1462">
     <span class='ocr_line' id='line_1_55' title="bbox 1212 389 1227 1462; baseline 0 0"><span class='ocrx_word' id='word_1_261' title='bbox 1212 389 1227 1462; x_wconf 95' lang='lat' dir='ltr'> </span> 
     </span>
    </p>
   </div>
   <div class='ocr_carea' id='block_1_7' title="bbox 1228 1856 1240 2535">
    <p class='ocr_par' dir='ltr' id='par_1_8' title="bbox 1228 1856 1240 2535">
     <span class='ocr_line' id='line_1_56' title="bbox 1228 1856 1240 2535; baseline 0 0"><span class='ocrx_word' id='word_1_262' title='bbox 1228 1856 1240 2535; x_wconf 95' lang='lat' dir='ltr'> </span> 
     </span>
    </p>
   </div>
   <div class='ocr_carea' id='block_1_8' title="bbox 1234 226 2169 2650">
    <p class='ocr_par' dir='ltr' id='par_1_9' title="bbox 1234 226 2165 320">
     <span class='ocr_line' id='line_1_57' title="bbox 1982 226 2165 257; baseline 0.022 -4"><span class='ocrx_word' id='word_1_263' title='bbox 1982 226 2030 254; x_wconf 80' lang='lat' dir='ltr'>An.</span> <span class='ocrx_word' id='word_1_264' title='bbox 2052 226 2081 254; x_wconf 90' lang='lat' dir='ltr'>C.</span> <span class='ocrx_word' id='word_1_265' title='bbox 2099 227 2165 257; x_wconf 76' lang='lat'>¹739</span> 
     </span>
     <span class='ocr_line' id='line_1_58' title="bbox 1234 274 1971 320; baseline -0.004 -10"><span class='ocrx_word' id='word_1_266' title='bbox 1234 286 1372 320; x_wconf 70' lang='lat' dir='ltr'>cumque</span> <span class='ocrx_word' id='word_1_267' title='bbox 1398 274 1582 319; x_wconf 85' lang='lat' dir='ltr'>(religionis</span> <span class='ocrx_word' id='word_1_268' title='bbox 1601 274 1795 309; x_wconf 84' lang='lat' dir='ltr'>etcastitatis</span> <span class='ocrx_word' id='word_1_269' title='bbox 1816 274 1971 319; x_wconf 85' lang='lat' dir='ltr'>exceptis)</span> 
     </span>
    </p>

    <p class='ocr_par' dir='ltr' id='par_1_10' title="bbox 1235 328 1974 373">
     <span class='ocr_line' id='line_1_59' title="bbox 1235 328 1974 373; baseline -0.001 -12"><span class='ocrx_word' id='word_1_270' title='bbox 1235 330 1265 361; x_wconf 93' lang='lat' dir='ltr'>in</span> <span class='ocrx_word' id='word_1_271' title='bbox 1290 330 1353 362; x_wconf 85' lang='lat' dir='ltr'>alia</span> <span class='ocrx_word' id='word_1_272' title='bbox 1377 329 1429 373; x_wconf 88' lang='lat' dir='ltr'>pia</span> <span class='ocrx_word' id='word_1_273' title='bbox 1453 334 1484 362; x_wconf 89' lang='lat' dir='ltr'>et</span> <span class='ocrx_word' id='word_1_274' title='bbox 1519 328 1672 362; x_wconf 84' lang='lat' dir='ltr'>salutaria</span> <span class='ocrx_word' id='word_1_275' title='bbox 1707 338 1806 371; x_wconf 87' lang='lat' dir='ltr'>opera</span> <span class='ocrx_word' id='word_1_276' title='bbox 1829 338 1974 361; x_wconf 89' lang='lat' dir='ltr'>eommu-</span> 
     </span>
    </p>

    <p class='ocr_par' dir='ltr' id='par_1_11' title="bbox 1235 380 1975 424">
     <span class='ocr_line' id='line_1_60' title="bbox 1235 380 1975 424; baseline -0.001 -10"><span class='ocrx_word' id='word_1_277' title='bbox 1235 387 1322 424; x_wconf 89' lang='lat' dir='ltr'>tare,</span> <span class='ocrx_word' id='word_1_278' title='bbox 1348 382 1489 416; x_wconf 73' lang='lat' dir='ltr'>iniuncta</span> <span class='ocrx_word' id='word_1_279' title='bbox 1514 387 1621 414; x_wconf 86' lang='lat' dir='ltr'>tamen</span> <span class='ocrx_word' id='word_1_280' title='bbox 1645 381 1691 414; x_wconf 88' lang='lat' dir='ltr'>eis</span> <span class='ocrx_word' id='word_1_281' title='bbox 1717 384 1747 414; x_wconf 90' lang='lat' dir='ltr'>et</span> <span class='ocrx_word' id='word_1_282' title='bbox 1776 391 1888 414; x_wconf 87' lang='lat' dir='ltr'>eorum</span> <span class='ocrx_word' id='word_1_283' title='bbox 1913 380 1975 413; x_wconf 90' lang='lat' dir='ltr'>cui-</span> 
     </span>
    </p>

    <p class='ocr_par' dir='ltr' id='par_1_12' title="bbox 1235 433 1975 530">
     <span class='ocr_line' id='line_1_61' title="bbox 1235 433 1975 478; baseline -0.001 -11"><span class='ocrx_word' id='word_1_284' title='bbox 1235 436 1312 468; x_wconf 81' lang='lat' dir='ltr'>libet</span> <span class='ocrx_word' id='word_1_285' title='bbox 1351 435 1384 467; x_wconf 90' lang='lat' dir='ltr'>in</span> <span class='ocrx_word' id='word_1_286' title='bbox 1423 434 1618 478; x_wconf 86' lang='lat' dir='ltr'>supradictis</span> <span class='ocrx_word' id='word_1_287' title='bbox 1661 434 1823 467; x_wconf 85' lang='lat' dir='ltr'>omnibus·</span> <span class='ocrx_word' id='word_1_288' title='bbox 1850 433 1975 467; x_wconf 86' lang='lat' dir='ltr'>casibus</span> 
     </span>
     <span class='ocr_line' id='line_1_62' title="bbox 1237 487 1974 530; baseline -0.001 -10"><span class='ocrx_word' id='word_1_289' title='bbox 1237 487 1430 530; x_wconf 79' lang='lat' dir='ltr'>poenitentia</span> <span class='ocrx_word' id='word_1_290' title='bbox 1444 488 1582 526; x_wconf 84' lang='lat' dir='ltr'>salutari,</span> <span class='ocrx_word' id='word_1_291' title='bbox 1601 487 1737 530; x_wconf 85' lang='lat' dir='ltr'>aliisque</span> <span class='ocrx_word' id='word_1_292' title='bbox 1750 487 1894 520; x_wconf 87' lang='lat' dir='ltr'>eiusdem</span> <span class='ocrx_word' id='word_1_293' title='bbox 1905 496 1974 519; x_wconf 92' lang='lat' dir='ltr'>con-</span> 
     </span>
    </p>

    <p class='ocr_par' dir='ltr' id='par_1_13' title="bbox 1239 539 1762 582">
     <span class='ocr_line' id='line_1_63' title="bbox 1239 539 1762 582; baseline -0.002 -10"><span class='ocrx_word' id='word_1_294' title='bbox 1239 540 1362 573; x_wconf 76' lang='lat' dir='ltr'>fessarii</span> <span class='ocrx_word' id='word_1_295' title='bbox 1387 540 1521 573; x_wconf 88' lang='lat' dir='ltr'>arbitrio</span> <span class='ocrx_word' id='word_1_296' title='bbox 1546 539 1762 582; x_wconf 85' lang='lat' dir='ltr'>iniungendis.</span> 
     </span>
    </p>

    <p class='ocr_par' dir='ltr' id='par_1_14' title="bbox 1240 592 2169 1534">
     <span class='ocr_line' id='line_1_64' title="bbox 1283 592 2168 638; baseline -0.001 -12"><span class='ocrx_word' id='word_1_297' title='bbox 1283 594 1297 637; x_wconf 64' lang='lat' dir='ltr'>g</span> <span class='ocrx_word' id='word_1_298' title='bbox 1322 594 1352 626; x_wconf 74' lang='lat'>8.</span> <span class='ocrx_word' id='word_1_299' title='bbox 1380 593 1582 636; x_wconf 85' lang='lat' dir='ltr'>Quapropter</span> <span class='ocrx_word' id='word_1_300' title='bbox 1613 598 1725 626; x_wconf 87' lang='lat' dir='ltr'>tenore</span> <span class='ocrx_word' id='word_1_301' title='bbox 1756 592 1975 636; x_wconf 87' lang='lat' dir='ltr'>praesentium</span> <span class='ocrx_word' id='word_1_302' title='bbox 2011 608 2168 638; x_wconf 54' lang='lat' dir='ltr'>Apaisjafcffl,</span> 
     </span>
     <span class='ocr_line' id='line_1_65' title="bbox 1240 639 2169 692; baseline -0.001 -14"><span class='ocrx_word' id='word_1_303' title='bbox 1240 647 1271 679; x_wconf 92' lang='lat' dir='ltr'>in</span> <span class='ocrx_word' id='word_1_304' title='bbox 1295 647 1410 679; x_wconf 90' lang='lat' dir='ltr'>virtute</span> <span class='ocrx_word' id='word_1_305' title='bbox 1436 652 1564 679; x_wconf 87' lang='lat' dir='ltr'>sanctae</span> <span class='ocrx_word' id='word_1_306' title='bbox 1598 645 1801 679; x_wconf 80' lang='lat' dir='ltr'>obedientiae</span> <span class='ocrx_word' id='word_1_307' title='bbox 1833 639 2169 692; x_wconf 50' lang='lat' dir='ltr'>districte232ss¹j¹s⁸qf¹ffiuffffll</span> 
     </span>
     <span class='ocr_line' id='line_1_66' title="bbox 1240 688 2169 743; baseline 0.004 -12"><span class='ocrx_word' id='word_1_308' title='bbox 1240 699 1455 743; x_wconf 87' lang='lat' dir='ltr'>praecipimus</span> <span class='ocrx_word' id='word_1_309' title='bbox 1491 705 1585 742; x_wconf 90' lang='lat' dir='ltr'>atque</span> <span class='ocrx_word' id='word_1_310' title='bbox 1618 699 1805 731; x_wconf 85' lang='lat' dir='ltr'>mandamus</span> <span class='ocrx_word' id='word_1_311' title='bbox 1831 688 2169 740; x_wconf 55' lang='lat' dir='ltr'>omnibus3¹23⁶¹.u.lfl‚⁰12&#39;02‡i</span> 
     </span>
     <span class='ocr_line' id='line_1_67' title="bbox 1241 742 2099 796; baseline -0.001 -11"><span class='ocrx_word' id='word_1_312' title='bbox 1241 758 1271 785; x_wconf 88' lang='lat' dir='ltr'>et</span> <span class='ocrx_word' id='word_1_313' title='bbox 1296 753 1551 796; x_wconf 81' lang='lat' dir='ltr'>quibuscumque</span> <span class='ocrx_word' id='word_1_314' title='bbox 1566 752 1803 785; x_wconf 83' lang='lat' dir='ltr'>venerabilibus</span> <span class='ocrx_word' id='word_1_315' title='bbox 1829 751 1978 784; x_wconf 81' lang='lat' dir='ltr'>fratribus</span> <span class='ocrx_word' id='word_1_316' title='bbox 1988 742 2099 768; x_wconf 54' lang='lat' dir='ltr'>‘&#39;mmm‘&#39;</span> 
     </span>
     <span class='ocr_line' id='line_1_68' title="bbox 1241 804 1979 849; baseline -0.001 -11"><span class='ocrx_word' id='word_1_317' title='bbox 1241 806 1438 849; x_wconf 86' lang='lat' dir='ltr'>patriarchis,</span> <span class='ocrx_word' id='word_1_318' title='bbox 1465 804 1731 848; x_wconf 81' lang='lat' dir='ltr'>archiepiscopis,</span> <span class='ocrx_word' id='word_1_319' title='bbox 1763 805 1924 848; x_wconf 87' lang='lat' dir='ltr'>episeopis</span> <span class='ocrx_word' id='word_1_320' title='bbox 1948 809 1979 837; x_wconf 91' lang='lat' dir='ltr'>et</span> 
     </span>
     <span class='ocr_line' id='line_1_69' title="bbox 1242 858 1981 901; baseline 0 -11"><span class='ocrx_word' id='word_1_321' title='bbox 1242 859 1311 891; x_wconf 88' lang='lat' dir='ltr'>aliis</span> <span class='ocrx_word' id='word_1_322' title='bbox 1347 858 1552 892; x_wconf 89' lang='lat' dir='ltr'>eeclesiarum</span> <span class='ocrx_word' id='word_1_323' title='bbox 1583 858 1747 901; x_wconf 88' lang='lat' dir='ltr'>praelatis,</span> <span class='ocrx_word' id='word_1_324' title='bbox 1782 868 1817 890; x_wconf 85' lang='lat' dir='ltr'>ac</span> <span class='ocrx_word' id='word_1_325' title='bbox 1849 858 1981 901; x_wconf 86' lang='lat' dir='ltr'>quibus-</span> 
     </span>
     <span class='ocr_line' id='line_1_70' title="bbox 1242 910 1981 954; baseline 0 -11"><span class='ocrx_word' id='word_1_326' title='bbox 1242 922 1379 954; x_wconf 87' lang='lat' dir='ltr'>cumque</span> <span class='ocrx_word' id='word_1_327' title='bbox 1416 911 1594 944; x_wconf 87' lang='lat' dir='ltr'>Ordinariis</span> <span class='ocrx_word' id='word_1_328' title='bbox 1618 911 1762 944; x_wconf 86' lang='lat' dir='ltr'>locorum</span> <span class='ocrx_word' id='word_1_329' title='bbox 1786 910 1981 954; x_wconf 87' lang='lat' dir='ltr'>ubicumque</span> 
     </span>
     <span class='ocr_line' id='line_1_71' title="bbox 1243 962 1982 1006; baseline -0.003 -9"><span class='ocrx_word' id='word_1_330' title='bbox 1243 964 1466 1004; x_wconf 79' lang='lat' dir='ltr'>existentibus,</span> <span class='ocrx_word' id='word_1_331' title='bbox 1493 974 1670 1006; x_wconf 87' lang='lat' dir='ltr'>eorumque</span> <span class='ocrx_word' id='word_1_332' title='bbox 1704 963 1828 996; x_wconf 88' lang='lat' dir='ltr'>vicariis</span> <span class='ocrx_word' id='word_1_333' title='bbox 1859 968 1892 996; x_wconf 86' lang='lat' dir='ltr'>et</span> <span class='ocrx_word' id='word_1_334' title='bbox 1915 962 1982 996; x_wconf 78' lang='lat' dir='ltr'>osli-</span> 
     </span>
     <span class='ocr_line' id='line_1_72' title="bbox 1243 1016 1980 1057; baseline -0.001 -7"><span class='ocrx_word' id='word_1_335' title='bbox 1243 1017 1402 1057; x_wconf 88' lang='lat' dir='ltr'>cialibus,</span> <span class='ocrx_word' id='word_1_336' title='bbox 1433 1017 1505 1057; x_wconf 84' lang='lat' dir='ltr'>vel,</span> <span class='ocrx_word' id='word_1_337' title='bbox 1542 1016 1578 1049; x_wconf 86' lang='lat' dir='ltr'>iis</span> <span class='ocrx_word' id='word_1_338' title='bbox 1611 1016 1861 1056; x_wconf 82' lang='lat' dir='ltr'>deficientibus,</span> <span class='ocrx_word' id='word_1_339' title='bbox 1895 1016 1980 1056; x_wconf 86' lang='lat' dir='ltr'>illis,</span> 
     </span>
     <span class='ocr_line' id='line_1_73' title="bbox 1245 1070 1982 1113; baseline 0 -11"><span class='ocrx_word' id='word_1_340' title='bbox 1245 1070 1296 1113; x_wconf 88' lang='lat' dir='ltr'>qui</span> <span class='ocrx_word' id='word_1_341' title='bbox 1322 1080 1431 1103; x_wconf 86' lang='lat' dir='ltr'>curam</span> <span class='ocrx_word' id='word_1_342' title='bbox 1457 1070 1634 1103; x_wconf 87' lang='lat' dir='ltr'>animarum</span> <span class='ocrx_word' id='word_1_343' title='bbox 1660 1075 1824 1109; x_wconf 83' lang='lat' dir='ltr'>exercent,</span> <span class='ocrx_word' id='word_1_344' title='bbox 1843 1074 1893 1109; x_wconf 89' lang='lat' dir='ltr'>ut,</span> <span class='ocrx_word' id='word_1_345' title='bbox 1909 1080 1982 1102; x_wconf 90' lang='lat' dir='ltr'>cum</span> 
     </span>
     <span class='ocr_line' id='line_1_74' title="bbox 1245 1123 1985 1166; baseline 0 -12"><span class='ocrx_word' id='word_1_346' title='bbox 1245 1123 1460 1166; x_wconf 87' lang='lat' dir='ltr'>praesentium</span> <span class='ocrx_word' id='word_1_347' title='bbox 1490 1123 1670 1155; x_wconf 87' lang='lat' dir='ltr'>litterarum</span> <span class='ocrx_word' id='word_1_348' title='bbox 1704 1126 1901 1164; x_wconf 84' lang='lat' dir='ltr'>transumpta</span> <span class='ocrx_word' id='word_1_349' title='bbox 1928 1128 1985 1155; x_wconf 88' lang='lat' dir='ltr'>aut</span> 
     </span>
     <span class='ocr_line' id='line_1_75' title="bbox 1245 1175 1984 1219; baseline 0 -10"><span class='ocrx_word' id='word_1_350' title='bbox 1245 1178 1392 1219; x_wconf 84' lang='lat' dir='ltr'>exempla</span> <span class='ocrx_word' id='word_1_351' title='bbox 1410 1177 1504 1209; x_wconf 89' lang='lat' dir='ltr'>etiam</span> <span class='ocrx_word' id='word_1_352' title='bbox 1529 1176 1687 1219; x_wconf 89' lang='lat' dir='ltr'>impressa</span> <span class='ocrx_word' id='word_1_353' title='bbox 1704 1175 1901 1219; x_wconf 87' lang='lat' dir='ltr'>acceperint,</span> <span class='ocrx_word' id='word_1_354' title='bbox 1927 1175 1984 1209; x_wconf 86' lang='lat' dir='ltr'>illa</span> 
     </span>
     <span class='ocr_line' id='line_1_76' title="bbox 1246 1228 1984 1272; baseline 0.001 -11"><span class='ocrx_word' id='word_1_355' title='bbox 1246 1229 1350 1262; x_wconf 88' lang='lat' dir='ltr'>statim</span> <span class='ocrx_word' id='word_1_356' title='bbox 1375 1229 1496 1272; x_wconf 88' lang='lat' dir='ltr'>absque</span> <span class='ocrx_word' id='word_1_357' title='bbox 1527 1229 1593 1261; x_wconf 81' lang='lat' dir='ltr'>ulla</span> <span class='ocrx_word' id='word_1_358' title='bbox 1617 1230 1730 1268; x_wconf 78' lang='lat' dir='ltr'>mora,</span> <span class='ocrx_word' id='word_1_359' title='bbox 1768 1228 1984 1262; x_wconf 75' lang='lat' dir='ltr'>retardatione</span> 
     </span>
     <span class='ocr_line' id='line_1_77' title="bbox 1247 1281 1987 1324; baseline -0.003 -9"><span class='ocrx_word' id='word_1_360' title='bbox 1247 1283 1296 1315; x_wconf 88' lang='lat' dir='ltr'>vel</span> <span class='ocrx_word' id='word_1_361' title='bbox 1322 1281 1555 1324; x_wconf 87' lang='lat' dir='ltr'>impedimento</span> <span class='ocrx_word' id='word_1_362' title='bbox 1586 1291 1644 1324; x_wconf 87' lang='lat' dir='ltr'>per</span> <span class='ocrx_word' id='word_1_363' title='bbox 1678 1291 1752 1314; x_wconf 89' lang='lat' dir='ltr'>suas</span> <span class='ocrx_word' id='word_1_364' title='bbox 1777 1281 1930 1314; x_wconf 86' lang='lat' dir='ltr'>ecclesias</span> <span class='ocrx_word' id='word_1_365' title='bbox 1955 1286 1987 1314; x_wconf 87' lang='lat' dir='ltr'>et</span> 
     </span>
     <span class='ocr_line' id='line_1_78' title="bbox 1248 1333 1985 1377; baseline -0.001 -10"><span class='ocrx_word' id='word_1_366' title='bbox 1248 1335 1427 1373; x_wconf 85' lang='lat' dir='ltr'>dioeceses,</span> <span class='ocrx_word' id='word_1_367' title='bbox 1452 1333 1646 1377; x_wconf 80' lang='lat' dir='ltr'>provinciaS,</span> <span class='ocrx_word' id='word_1_368' title='bbox 1670 1333 1829 1374; x_wconf 86' lang='lat' dir='ltr'>civitates,</span> <span class='ocrx_word' id='word_1_369' title='bbox 1856 1333 1985 1377; x_wconf 87' lang='lat' dir='ltr'>oppida,</span> 
     </span>
     <span class='ocr_line' id='line_1_79' title="bbox 1248 1386 1986 1430; baseline 0 -11"><span class='ocrx_word' id='word_1_370' title='bbox 1248 1392 1348 1420; x_wconf 89' lang='lat' dir='ltr'>terras</span> <span class='ocrx_word' id='word_1_371' title='bbox 1373 1392 1404 1419; x_wconf 89' lang='lat' dir='ltr'>et</span> <span class='ocrx_word' id='word_1_372' title='bbox 1427 1387 1496 1419; x_wconf 81' lang='lat' dir='ltr'>loca</span> <span class='ocrx_word' id='word_1_373' title='bbox 1521 1387 1687 1430; x_wconf 86' lang='lat' dir='ltr'>publicent</span> <span class='ocrx_word' id='word_1_374' title='bbox 1712 1391 1742 1419; x_wconf 90' lang='lat' dir='ltr'>et</span> <span class='ocrx_word' id='word_1_375' title='bbox 1759 1386 1920 1429; x_wconf 87' lang='lat' dir='ltr'>publicari</span> <span class='ocrx_word' id='word_1_376' title='bbox 1941 1386 1986 1419; x_wconf 86' lang='lat' dir='ltr'>sa-</span> 
     </span>
     <span class='ocr_line' id='line_1_80' title="bbox 1248 1438 1987 1482; baseline 0 -10"><span class='ocrx_word' id='word_1_377' title='bbox 1248 1439 1340 1479; x_wconf 80' lang='lat' dir='ltr'>ciant,</span> <span class='ocrx_word' id='word_1_378' title='bbox 1373 1440 1609 1482; x_wconf 84' lang='lat' dir='ltr'>ecclesiamque</span> <span class='ocrx_word' id='word_1_379' title='bbox 1645 1449 1700 1472; x_wconf 89' lang='lat' dir='ltr'>seu</span> <span class='ocrx_word' id='word_1_380' title='bbox 1732 1439 1883 1472; x_wconf 86' lang='lat' dir='ltr'>ecclesias</span> <span class='ocrx_word' id='word_1_381' title='bbox 1915 1438 1987 1472; x_wconf 92' lang='lat' dir='ltr'>visi-</span> 
     </span>
     <span class='ocr_line' id='line_1_81' title="bbox 1250 1492 1566 1534; baseline -0.006 -8"><span class='ocrx_word' id='word_1_382' title='bbox 1250 1493 1360 1526; x_wconf 84' lang='lat' dir='ltr'>tandas</span> <span class='ocrx_word' id='word_1_383' title='bbox 1386 1492 1566 1534; x_wconf 79' lang='lat' dir='ltr'>designent.</span> 
     </span>
    </p>

    <p class='ocr_par' dir='ltr' id='par_1_15' title="bbox 1250 1545 1996 2542">
     <span class='ocr_line' id='line_1_82' title="bbox 1294 1545 1988 1589; baseline 0 -10"><span class='ocrx_word' id='word_1_384' title='bbox 1294 1547 1308 1589; x_wconf 57' lang='grc' dir='ltr'><em>ᾖ</em></span> <span class='ocrx_word' id='word_1_385' title='bbox 1333 1545 1365 1579; x_wconf 85' lang='lat'>9.</span> <span class='ocrx_word' id='word_1_386' title='bbox 1392 1545 1459 1578; x_wconf 91' lang='lat' dir='ltr'>Non</span> <span class='ocrx_word' id='word_1_387' title='bbox 1478 1545 1674 1578; x_wconf 87' lang='lat' dir='ltr'>intendimus</span> <span class='ocrx_word' id='word_1_388' title='bbox 1692 1550 1796 1577; x_wconf 89' lang='lat' dir='ltr'>autem</span> <span class='ocrx_word' id='word_1_389' title='bbox 1818 1555 1878 1588; x_wconf 91' lang='lat' dir='ltr'>per</span> <span class='ocrx_word' id='word_1_390' title='bbox 1898 1555 1988 1588; x_wconf 84' lang='lat' dir='ltr'>prae-</span> 
     </span>
     <span class='ocr_line' id='line_1_83' title="bbox 1250 1597 1989 1641; baseline 0 -10"><span class='ocrx_word' id='word_1_391' title='bbox 1250 1603 1356 1631; x_wconf 88' lang='lat' dir='ltr'>sentes</span> <span class='ocrx_word' id='word_1_392' title='bbox 1393 1608 1491 1641; x_wconf 87' lang='lat' dir='ltr'>super</span> <span class='ocrx_word' id='word_1_393' title='bbox 1525 1597 1634 1641; x_wconf 76' lang='lat' dir='ltr'>aliqua</span> <span class='ocrx_word' id='word_1_394' title='bbox 1668 1597 1906 1640; x_wconf 84' lang='lat' dir='ltr'>irregularitate</span> <span class='ocrx_word' id='word_1_395' title='bbox 1930 1609 1989 1641; x_wconf 86' lang='lat' dir='ltr'>pu-</span> 
     </span>
     <span class='ocr_line' id='line_1_84' title="bbox 1251 1651 1989 1691; baseline 0.001 -7"><span class='ocrx_word' id='word_1_396' title='bbox 1251 1652 1334 1685; x_wconf 80' lang='lat' dir='ltr'>bliea</span> <span class='ocrx_word' id='word_1_397' title='bbox 1358 1651 1409 1684; x_wconf 88' lang='lat' dir='ltr'>vel</span> <span class='ocrx_word' id='word_1_398' title='bbox 1433 1652 1573 1691; x_wconf 83' lang='lat' dir='ltr'>occulta,</span> <span class='ocrx_word' id='word_1_399' title='bbox 1597 1653 1690 1691; x_wconf 78' lang='lat' dir='ltr'>nota,</span> <span class='ocrx_word' id='word_1_400' title='bbox 1728 1651 1871 1691; x_wconf 78' lang='lat' dir='ltr'>defectu,</span> <span class='ocrx_word' id='word_1_401' title='bbox 1906 1652 1989 1685; x_wconf 87' lang='lat' dir='ltr'>inca-</span> 
     </span>
     <span class='ocr_line' id='line_1_85' title="bbox 1251 1704 1988 1748; baseline 0.001 -11"><span class='ocrx_word' id='word_1_402' title='bbox 1251 1705 1386 1748; x_wconf 89' lang='lat' dir='ltr'>pacitate</span> <span class='ocrx_word' id='word_1_403' title='bbox 1423 1714 1479 1737; x_wconf 92' lang='lat' dir='ltr'>seu</span> <span class='ocrx_word' id='word_1_404' title='bbox 1515 1704 1719 1737; x_wconf 86' lang='lat' dir='ltr'>inhabilitate</span> <span class='ocrx_word' id='word_1_405' title='bbox 1756 1706 1988 1747; x_wconf 88' lang='lat' dir='ltr'>quoquomodo</span> 
     </span>
     <span class='ocr_line' id='line_1_86' title="bbox 1252 1756 1991 1800; baseline -0.001 -9"><span class='ocrx_word' id='word_1_406' title='bbox 1252 1759 1412 1791; x_wconf 78' lang='lat' dir='ltr'>contracta</span> <span class='ocrx_word' id='word_1_407' title='bbox 1438 1756 1635 1800; x_wconf 87' lang='lat' dir='ltr'>dispensare,</span> <span class='ocrx_word' id='word_1_408' title='bbox 1660 1757 1708 1790; x_wconf 86' lang='lat' dir='ltr'>vel</span> <span class='ocrx_word' id='word_1_409' title='bbox 1729 1756 1870 1799; x_wconf 86' lang='lat' dir='ltr'>aliquam</span> <span class='ocrx_word' id='word_1_410' title='bbox 1896 1757 1991 1790; x_wconf 85' lang='lat' dir='ltr'>sacul-</span> 
     </span>
     <span class='ocr_line' id='line_1_87' title="bbox 1253 1809 1991 1852; baseline 0 -9"><span class='ocrx_word' id='word_1_411' title='bbox 1253 1816 1347 1843; x_wconf 86' lang='lat' dir='ltr'>tatem</span> <span class='ocrx_word' id='word_1_412' title='bbox 1373 1809 1516 1842; x_wconf 88' lang='lat' dir='ltr'>tribuere</span> <span class='ocrx_word' id='word_1_413' title='bbox 1552 1809 1757 1852; x_wconf 85' lang='lat' dir='ltr'>dispensandi</span> <span class='ocrx_word' id='word_1_414' title='bbox 1794 1820 1848 1842; x_wconf 89' lang='lat' dir='ltr'>seu</span> <span class='ocrx_word' id='word_1_415' title='bbox 1875 1810 1991 1844; x_wconf 88' lang='lat' dir='ltr'>habili-</span> 
     </span>
     <span class='ocr_line' id='line_1_88' title="bbox 1254 1861 1991 1905; baseline 0 -9"><span class='ocrx_word' id='word_1_416' title='bbox 1254 1862 1339 1896; x_wconf 87' lang='lat' dir='ltr'>tandi</span> <span class='ocrx_word' id='word_1_417' title='bbox 1365 1868 1396 1895; x_wconf 89' lang='lat' dir='ltr'>et</span> <span class='ocrx_word' id='word_1_418' title='bbox 1421 1862 1452 1894; x_wconf 90' lang='lat' dir='ltr'>in</span> <span class='ocrx_word' id='word_1_419' title='bbox 1477 1861 1646 1905; x_wconf 90' lang='lat' dir='ltr'>pristinum</span> <span class='ocrx_word' id='word_1_420' title='bbox 1665 1867 1782 1894; x_wconf 89' lang='lat' dir='ltr'>statum</span> <span class='ocrx_word' id='word_1_421' title='bbox 1800 1862 1991 1896; x_wconf 89' lang='lat' dir='ltr'>restituendi</span> 
     </span>
     <span class='ocr_line' id='line_1_89' title="bbox 1254 1914 1992 1958; baseline 0.001 -10"><span class='ocrx_word' id='word_1_422' title='bbox 1254 1916 1349 1949; x_wconf 85' lang='lat' dir='ltr'>etiam</span> <span class='ocrx_word' id='word_1_423' title='bbox 1368 1916 1400 1948; x_wconf 90' lang='lat' dir='ltr'>in</span> <span class='ocrx_word' id='word_1_424' title='bbox 1422 1915 1492 1948; x_wconf 83' lang='lat' dir='ltr'>soro</span> <span class='ocrx_word' id='word_1_425' title='bbox 1510 1914 1746 1956; x_wconf 87' lang='lat' dir='ltr'>conscientiae,</span> <span class='ocrx_word' id='word_1_426' title='bbox 1772 1924 1879 1958; x_wconf 90' lang='lat' dir='ltr'>neque</span> <span class='ocrx_word' id='word_1_427' title='bbox 1897 1916 1992 1949; x_wconf 85' lang='lat' dir='ltr'>etiam</span> 
     </span>
     <span class='ocr_line' id='line_1_90' title="bbox 1254 1968 1992 2012; baseline 0 -11"><span class='ocrx_word' id='word_1_428' title='bbox 1254 1969 1382 2002; x_wconf 88' lang='lat' dir='ltr'>easdem</span> <span class='ocrx_word' id='word_1_429' title='bbox 1417 1973 1602 2011; x_wconf 87' lang='lat' dir='ltr'>praesentes</span> <span class='ocrx_word' id='word_1_430' title='bbox 1642 1968 1690 2009; x_wconf 85' lang='lat' dir='ltr'>iis,</span> <span class='ocrx_word' id='word_1_431' title='bbox 1725 1968 1778 2012; x_wconf 90' lang='lat' dir='ltr'>qui</span> <span class='ocrx_word' id='word_1_432' title='bbox 1805 1979 1822 2001; x_wconf 88' lang='lat' dir='ltr'>a</span> <span class='ocrx_word' id='word_1_433' title='bbox 1844 1968 1937 2002; x_wconf 89' lang='lat' dir='ltr'>nobis</span> <span class='ocrx_word' id='word_1_434' title='bbox 1962 1974 1992 2003; x_wconf 87' lang='lat' dir='ltr'>et</span> 
     </span>
     <span class='ocr_line' id='line_1_91' title="bbox 1255 2020 1991 2065; baseline 0.001 -11"><span class='ocrx_word' id='word_1_435' title='bbox 1255 2022 1439 2065; x_wconf 78' lang='lat' dir='ltr'>Apostolica</span> <span class='ocrx_word' id='word_1_436' title='bbox 1463 2020 1555 2060; x_wconf 86' lang='lat' dir='ltr'>Sede,</span> <span class='ocrx_word' id='word_1_437' title='bbox 1579 2021 1627 2054; x_wconf 90' lang='lat' dir='ltr'>vel</span> <span class='ocrx_word' id='word_1_438' title='bbox 1652 2021 1691 2054; x_wconf 88' lang='lat' dir='ltr'>ab</span> <span class='ocrx_word' id='word_1_439' title='bbox 1713 2021 1821 2064; x_wconf 88' lang='lat' dir='ltr'>aliquo</span> <span class='ocrx_word' id='word_1_440' title='bbox 1846 2022 1991 2064; x_wconf 87' lang='lat' dir='ltr'>praelato</span> 
     </span>
     <span class='ocr_line' id='line_1_92' title="bbox 1255 2073 1991 2115; baseline 0.003 -9"><span class='ocrx_word' id='word_1_441' title='bbox 1255 2085 1311 2107; x_wconf 90' lang='lat' dir='ltr'>seu</span> <span class='ocrx_word' id='word_1_442' title='bbox 1336 2074 1441 2107; x_wconf 88' lang='lat' dir='ltr'>iudice</span> <span class='ocrx_word' id='word_1_443' title='bbox 1474 2073 1718 2115; x_wconf 87' lang='lat' dir='ltr'>ecclesiastico,</span> <span class='ocrx_word' id='word_1_444' title='bbox 1751 2074 1847 2107; x_wconf 86' lang='lat' dir='ltr'>etiam</span> <span class='ocrx_word' id='word_1_445' title='bbox 1880 2085 1991 2108; x_wconf 90' lang='lat' dir='ltr'>eorum</span> 
     </span>
     <span class='ocr_line' id='line_1_93' title="bbox 1255 2127 1991 2171; baseline 0.001 -11"><span class='ocrx_word' id='word_1_446' title='bbox 1255 2128 1384 2160; x_wconf 91' lang='lat' dir='ltr'>nomine</span> <span class='ocrx_word' id='word_1_447' title='bbox 1407 2127 1574 2171; x_wconf 86' lang='lat' dir='ltr'>speciatim</span> <span class='ocrx_word' id='word_1_448' title='bbox 1599 2137 1663 2160; x_wconf 91' lang='lat' dir='ltr'>non</span> <span class='ocrx_word' id='word_1_449' title='bbox 1685 2137 1850 2170; x_wconf 84' lang='lat' dir='ltr'>expresso,</span> <span class='ocrx_word' id='word_1_450' title='bbox 1869 2138 1991 2161; x_wconf 88' lang='lat' dir='ltr'>excom·</span> 
     </span>
     <span class='ocr_line' id='line_1_94' title="bbox 1257 2180 1992 2224; baseline 0.001 -11"><span class='ocrx_word' id='word_1_451' title='bbox 1257 2180 1420 2220; x_wconf 90' lang='lat' dir='ltr'>municati,</span> <span class='ocrx_word' id='word_1_452' title='bbox 1444 2180 1601 2224; x_wconf 83' lang='lat' dir='ltr'>suspensi,</span> <span class='ocrx_word' id='word_1_453' title='bbox 1627 2180 1800 2220; x_wconf 86' lang='lat' dir='ltr'>interdicti,</span> <span class='ocrx_word' id='word_1_454' title='bbox 1833 2191 1889 2213; x_wconf 91' lang='lat' dir='ltr'>seu</span> <span class='ocrx_word' id='word_1_455' title='bbox 1915 2181 1992 2214; x_wconf 69' lang='lat' dir='ltr'>alias</span> 
     </span>
     <span class='ocr_line' id='line_1_95' title="bbox 1258 2233 1994 2266; baseline 0.001 -1"><span class='ocrx_word' id='word_1_456' title='bbox 1258 2235 1287 2265; x_wconf 89' lang='lat' dir='ltr'>iu</span> <span class='ocrx_word' id='word_1_457' title='bbox 1313 2233 1488 2266; x_wconf 87' lang='lat' dir='ltr'>sententias</span> <span class='ocrx_word' id='word_1_458' title='bbox 1514 2238 1545 2265; x_wconf 90' lang='lat' dir='ltr'>et</span> <span class='ocrx_word' id='word_1_459' title='bbox 1577 2243 1726 2266; x_wconf 84' lang='lat' dir='ltr'>censuras</span> <span class='ocrx_word' id='word_1_460' title='bbox 1762 2233 1914 2266; x_wconf 86' lang='lat' dir='ltr'>incidisse</span> <span class='ocrx_word' id='word_1_461' title='bbox 1940 2234 1994 2266; x_wconf 89' lang='lat' dir='ltr'>de-</span> 
     </span>
     <span class='ocr_line' id='line_1_96' title="bbox 1257 2286 1993 2329; baseline -0.001 -10"><span class='ocrx_word' id='word_1_462' title='bbox 1257 2287 1387 2326; x_wconf 84' lang='lat' dir='ltr'>clarati,</span> <span class='ocrx_word' id='word_1_463' title='bbox 1413 2286 1462 2319; x_wconf 92' lang='lat' dir='ltr'>vel</span> <span class='ocrx_word' id='word_1_464' title='bbox 1488 2286 1616 2329; x_wconf 86' lang='lat' dir='ltr'>publice</span> <span class='ocrx_word' id='word_1_465' title='bbox 1642 2286 1826 2319; x_wconf 84' lang='lat' dir='ltr'>denunciati</span> <span class='ocrx_word' id='word_1_466' title='bbox 1856 2286 1993 2327; x_wconf 86' lang='lat' dir='ltr'>suerint,</span> 
     </span>
     <span class='ocr_line' id='line_1_97' title="bbox 1257 2339 1996 2382; baseline 0 -11"><span class='ocrx_word' id='word_1_467' title='bbox 1257 2339 1317 2372; x_wconf 89' lang='lat' dir='ltr'>nisi</span> <span class='ocrx_word' id='word_1_468' title='bbox 1343 2339 1424 2371; x_wconf 86' lang='lat' dir='ltr'>intra</span> <span class='ocrx_word' id='word_1_469' title='bbox 1449 2344 1573 2382; x_wconf 79' lang='lat' dir='ltr'>tenipus</span> <span class='ocrx_word' id='word_1_470' title='bbox 1603 2339 1758 2371; x_wconf 88' lang='lat' dir='ltr'>dictarum</span> <span class='ocrx_word' id='word_1_471' title='bbox 1776 2339 1912 2372; x_wconf 88' lang='lat' dir='ltr'>duarum</span> <span class='ocrx_word' id='word_1_472' title='bbox 1936 2339 1996 2372; x_wconf 87' lang='lat' dir='ltr'>he·</span> 
     </span>
     <span class='ocr_line' id='line_1_98' title="bbox 1258 2392 1994 2435; baseline -0.001 -10"><span class='ocrx_word' id='word_1_473' title='bbox 1258 2393 1488 2425; x_wconf 89' lang='lat' dir='ltr'>bdomadarum</span> <span class='ocrx_word' id='word_1_474' title='bbox 1507 2392 1733 2432; x_wconf 80' lang='lat' dir='ltr'>satisfecerint,</span> <span class='ocrx_word' id='word_1_475' title='bbox 1754 2397 1808 2424; x_wconf 89' lang='lat' dir='ltr'>aut</span> <span class='ocrx_word' id='word_1_476' title='bbox 1825 2402 1898 2425; x_wconf 90' lang='lat' dir='ltr'>cum</span> <span class='ocrx_word' id='word_1_477' title='bbox 1923 2402 1994 2435; x_wconf 91' lang='lat' dir='ltr'>par-</span> 
     </span>
     <span class='ocr_line' id='line_1_99' title="bbox 1259 2444 1994 2485; baseline 0.001 -7"><span class='ocrx_word' id='word_1_478' title='bbox 1259 2446 1342 2478; x_wconf 88' lang='lat' dir='ltr'>tibus</span> <span class='ocrx_word' id='word_1_479' title='bbox 1367 2446 1642 2485; x_wconf 88' lang='lat' dir='ltr'>concordaverint,</span> <span class='ocrx_word' id='word_1_480' title='bbox 1667 2446 1734 2478; x_wconf 92' lang='lat' dir='ltr'>ullo</span> <span class='ocrx_word' id='word_1_481' title='bbox 1759 2445 1856 2478; x_wconf 88' lang='lat' dir='ltr'>modo</span> <span class='ocrx_word' id='word_1_482' title='bbox 1882 2444 1994 2479; x_wconf 80' lang='lat' dir='ltr'>suffra-</span> 
     </span>
     <span class='ocr_line' id='line_1_100' title="bbox 1259 2499 1694 2542; baseline -0.002 -10"><span class='ocrx_word' id='word_1_483' title='bbox 1259 2500 1325 2542; x_wconf 80' lang='lat' dir='ltr'>gari</span> <span class='ocrx_word' id='word_1_484' title='bbox 1351 2510 1458 2542; x_wconf 86' lang='lat' dir='ltr'>posse,</span> <span class='ocrx_word' id='word_1_485' title='bbox 1483 2504 1538 2532; x_wconf 87' lang='lat' dir='ltr'>aut</span> <span class='ocrx_word' id='word_1_486' title='bbox 1562 2499 1694 2532; x_wconf 87' lang='lat' dir='ltr'>debere.</span> 
     </span>
    </p>

    <p class='ocr_par' dir='ltr' id='par_1_16' title="bbox 1259 2551 1995 2650">
     <span class='ocr_line' id='line_1_101' title="bbox 1303 2551 1995 2596; baseline -0.001 -10"><span class='ocrx_word' id='word_1_487' title='bbox 1303 2553 1317 2596; x_wconf 68' lang='lat' dir='ltr'>g</span> <span class='ocrx_word' id='word_1_488' title='bbox 1342 2552 1396 2586; x_wconf 76' lang='lat'>10.</span> <span class='ocrx_word' id='word_1_489' title='bbox 1423 2552 1492 2586; x_wconf 91' lang='lat' dir='ltr'>Non</span> <span class='ocrx_word' id='word_1_490' title='bbox 1523 2552 1727 2586; x_wconf 83' lang='lat' dir='ltr'>obstantibus</span> <span class='ocrx_word' id='word_1_491' title='bbox 1757 2551 1995 2586; x_wconf 89' lang='lat' dir='ltr'>constitutioni-</span> 
     </span>
     <span class='ocr_line' id='line_1_102' title="bbox 1259 2605 1992 2650; baseline 0 -12"><span class='ocrx_word' id='word_1_492' title='bbox 1259 2605 1331 2647; x_wconf 90' lang='lat' dir='ltr'>bus,</span> <span class='ocrx_word' id='word_1_493' title='bbox 1360 2605 1622 2640; x_wconf 86' lang='lat' dir='ltr'>ordinationibus</span> <span class='ocrx_word' id='word_1_494' title='bbox 1658 2605 1858 2650; x_wconf 86' lang='lat' dir='ltr'>apostolicis‚</span> <span class='ocrx_word' id='word_1_495' title='bbox 1895 2614 1992 2650; x_wconf 87' lang='lat' dir='ltr'>prae-</span> 
     </span>
    </p>
   </div>
   <div class='ocr_carea' id='block_1_9' title="bbox 1997 1549 2186 1605">
    <p class='ocr_par' dir='ltr' id='par_1_17' title="bbox 1997 1549 2186 1605">
     <span class='ocr_line' id='line_1_103' title="bbox 2054 1549 2186 1577; baseline 0 0"><span class='ocrx_word' id='word_1_496' title='bbox 2054 1549 2186 1577; x_wconf 63' lang='lat' dir='ltr'>Reservatio&#39;</span> 
     </span>
     <span class='ocr_line' id='line_1_104' title="bbox 1997 1589 2093 1605; baseline -0.01 0"><span class='ocrx_word' id='word_1_497' title='bbox 1997 1589 2093 1605; x_wconf 67' lang='lat' dir='ltr'>casuum-</span> 
     </span>
    </p>
   </div>
   <div class='ocr_carea' id='block_1_10' title="bbox 2164 0 2232 2023">
    <p class='ocr_par' dir='ltr' id='par_1_18' title="bbox 2164 0 2232 2023">
     <span class='ocr_line' id='line_1_105' title="bbox 2164 0 2232 2023; baseline 0 0"><span class='ocrx_word' id='word_1_498' title='bbox 2164 0 2232 2023; x_wconf 95' lang='lat' dir='ltr'> </span> 
     </span>
    </p>
   </div>
   <div class='ocr_carea' id='block_1_11' title="bbox 2004 2586 2163 2605">
    <p class='ocr_par' dir='ltr' id='par_1_19' title="bbox 2004 2586 2163 2605">
     <span class='ocr_line' id='line_1_106' title="bbox 2004 2586 2163 2605; baseline -0.019 0"><span class='ocrx_word' id='word_1_499' title='bbox 2004 2586 2163 2605; x_wconf 82' lang='lat' dir='ltr'>contrariorum.</span> 
     </span>
    </p>
   </div>
   <div class='ocr_carea' id='block_1_12' title="bbox 2070 2555 2232 2586">
    <p class='ocr_par' dir='ltr' id='par_1_20' title="bbox 2070 2555 2232 2586">
     <span class='ocr_line' id='line_1_107' title="bbox 2070 2555 2232 2586; baseline -0.019 -8"><span class='ocrx_word' id='word_1_500' title='bbox 2070 2555 2179 2586; x_wconf 71' lang='lat' dir='ltr'>Dsrogatio</span> <span class='ocrx_word' id='word_1_501' title='bbox 2231 2559 2232 2562; x_wconf 58' lang='lat'>¹</span> 
     </span>
    </p>
   </div>
  </div>
 </body>
</html>
