2232 3178
271 252 317 278 An.
334 251 364 278 c.
390 251 460 278 1110
506 243 571 277 6611

306 996 450 1022 Transumpus

268 1022 338 1042 danda
354 1023 413 1043 fidos.

290 2316 414 2338 Exordium.

464 301 574 334 mitate
599 301 661 334 alia
693 300 870 340 roboratis,
902 299 1030 332 statutis
1067 304 1098 332 et
1131 308 1207 331 con-

464 354 700 394 suctudinibus,
719 352 895 396 privilegiis
910 363 1056 396 quoque,
1073 351 1205 385 indultis

464 413 494 440 et
515 407 630 440 litteris
647 406 835 450 apostolicis
853 406 885 438 in
899 406 1095 439 contrarium
1113 416 1206 449 prae·

464 461 634 493 missorum
653 459 902 502 quomodolibet
925 458 1104 498 concessis,
1131 469 1206 491 con-

463 513 598 545 tii-matis
632 519 663 545 et
684 512 868 551 innovatis·,
904 512 1023 554 quibus
1055 512 1204 544 omnibus

464 571 494 598 et
519 564 675 606 singulis,
702 564 833 597 illorum
866 569 998 596 tenores
1030 564 1205 606 praesenti-

463 619 521 649 bus
546 628 606 660 pro
632 618 730 660 plene
755 622 786 649 ct
810 616 1007 648 sufficienter
1029 616 1201 658 expressis,

463 680 498 702 ac
524 670 562 702 de
588 670 687 702 verbo
712 669 751 702 ad
775 670 909 701 verbum
928 668 1056 701 insertis
1086 669 1203 700 haben-

463 729 522 762 tes,
553 723 617 755 illis
642 722 720 755 alias
745 722 776 754 in
810 733 869 755 suo
900 723 1022 755 robore
1055 730 1202 764 perman-

464 774 565 814 suris,
595 774 632 806 ad
659 775 913 818 praemissorum
948 773 1114 813 effectum,
1142 774 1203 806 hac

462 826 529 859 vice
560 827 744 867 dumtaxat,
779 827 962 870 specialiter
991 831 1023 860 et
1050 835 1202 869 expresse

463 880 683 923 derogamus3
716 880 900 924 ceterisque
932 878 1103 913 contrariis
1137 878 1204 922 qui-

461 933 679 976 buscumque.

505 986 520 1029 g
552 986 584 1018 6.
612 986 766 1019 Volumus
802 990 910 1018 autem
943 990 979 1018 ut
1014 985 1202 1018 earumdem

461 1038 684 1082 praesentium
705 1038 887 1072 litterarum
905 1038 1129 1081 transumptiS,
1147 1048 1203 1071 seu

462 1092 626 1134 exemplis,
642 1092 738 1124 etiam
753 1091 935 1135 impressis,
961 1102 1057 1124 manu
1083 1091 1201 1125 notarii

461 1144 584 1187 publici
614 1144 825 1187 subscriptis,
850 1148 882 1176 et
907 1143 1015 1186 sigillo
1041 1154 1202 1187 personae

461 1198 492 1229 in
513 1197 731 1230 ecclesiastica
749 1197 906 1239 dignitate
921 1197 1116 1229 constitutae
1134 1208 1202 1229 mu-

461 1251 551 1290 nius,
578 1250 690 1283 eadem
715 1260 850 1293 prorsus
870 1250 950 1283 fides
968 1249 1089 1294 ubique
1114 1252 1202 1283 loco-

462 1314 531 1336 rum
550 1315 557 1344 ;
575 1309 636 1336 tam
652 1304 682 1336 in
702 1303 822 1336 iudicio
837 1314 932 1346 quam
949 1309 1038 1336 extra
1056 1304 1133 1336 illud
1153 1304 1200 1336 ad-

461 1356 622 1396 hibeatur,
649 1366 730 1400 quae
760 1356 839 1400 ipsis
864 1356 1093 1399 praesentibus
1112 1357 1202 1389 adhi-

460 1409 593 1443 beretur
610 1410 633 1442 si
654 1409 762 1442 forent
779 1408 944 1442 exhibitae
964 1410 1014 1442 vel
1034 1414 1198 1442 ostensae.

505 1462 616 1494 Datum
645 1462 777 1503 Romae,
800 1462 886 1505 apud
918 1461 949 1495 S.
978 1462 1109 1495 Mariam
1143 1462 1201 1495 Ma-

460 1516 580 1555 iorem,
605 1515 664 1547 sub
690 1515 810 1547 annulo
836 1514 1008 1548 Piscatoris
1024 1542 1031 1556 ,
1059 1515 1110 1548 die
1135 1525 1200 1549 xx11

459 1568 594 1602 ianuarii
624 1577 772 1608 iincch,
794 1567 1002 1610 pontificatus
1020 1568 1124 1601 nostri
1145 1579 1201 1602 an-

461 1632 503 1654 no
534 1631 564 1654 Χ.

496 1682 557 1709 Dat.
579 1682 623 1709 die
643 1682 677 1709 22
696 1681 810 1709 ianuarii
833 1682 909 1714 1760,
931 1682 1026 1717 pontif.
1047 1691 1118 1710 anno
1138 1691 1163 1710 x.

743 1824 919 1858 CCLXXIV.

459 1905 638 1937 Damnalio
675 1908 703 1937 el
740 1904 922 1948 prohibitio
962 1904 1042 1937 libri
1079 1905 1200 1948 yallico

504 1957 659 1990 idiomate
683 1958 835 2001 impressi
858 1957 914 1991 sub
941 1957 1036 1991 titulo
1056 1958 1199 1992 Histoire

504 2011 545 2043 du
572 2010 651 2043 livre
682 2010 721 2044 de
754 2011 940 2044 reflections
972 2013 1113 2045 morales
1143 2023 1200 2044 sur

504 2065 534 2096 le
559 2063 710 2096 Nouveau
736 2063 921 2097 Testament
947 2069 979 2097 et
1003 2065 1043 2098 de
1064 2066 1094 2098 la
1117 2065 1200 2098 Con-

503 2115 652 2149 stitution
679 2116 886 2158 Uniqenilus.
919 2117 946 2150 A
974 2117 1197 2151 Amslerdam.

670 2195 806 2222 Clemens
827 2196 906 2229 Papa
921 2196 986 2229 ΧΠ,

575 2239 611 2265 ad
632 2241 813 2273 perpetuam
832 2239 878 2267 rei
898 2240 1083 2267 memoriam.

503 2310 589 2343 lnter
620 2316 745 2344 ceteras
778 2311 950 2353 pastoralis
979 2321 1075 2345 curae
1108 2313 1198 2346 solli-

458 2363 636 2403 citudines,
674 2363 793 2406 quibus
834 2364 1014 2406 premimur
1048 2365 1195 2405 assidue,

460 2417 512 2449 illa
537 2416 740 2459 potissimum
766 2426 824 2449 nos
848 2422 960 2459 urget,
986 2422 1021 2449 ut
1049 2418 1087 2450 ad
1125 2429 1196 2451 suc-

458 2468 637 2501 crescentia
662 2478 831 2511 pravarum
858 2468 1075 2502 doctrinarum
1100 2475 1195 2513 atque

459 2521 632 2554 haeresum
659 2521 797 2561 zizania,
822 2531 903 2564 quae
928 2522 1093 2565 nequitiae
1123 2533 1197 2566 ope·

458 2574 534 2606 rarii
560 2574 592 2606 in
617 2574 708 2607 vinea
734 2574 882 2614 Domini,
908 2585 989 2618 quae
1015 2580 1064 2608 est
1088 2575 1196 2609 Eccle-

459 2626 518 2668 sia,
548 2626 699 2660 licentius
734 2627 999 2671 superseminare
1031 2627 1192 2671 nituntur,

1045 248 1230 274 BULLAmUM
1255 248 1412 273 ROMANUM

1251 296 1306 330 ex¹
1332 297 1477 331 iniuncto
1504 297 1598 331 nobis
1634 298 1785 331 divinitus
1817 299 1985 343 apostolici

1251 351 1392 384 muneris
1420 350 1546 392 debito,
1573 356 1726 394 quantum
1752 362 1823 385 curn
1849 353 1986 387 Domino

1250 413 1437 447 possumus,
1462 405 1677 438 convellenda
1702 404 1821 448 iugiter
1844 406 1986 440 animum

1250 456 1466 489 intendamus.

1291 510 1305 552 ἓ
1330 509 1359 541 1.
1387 510 1578 553 Eapropter,
1600 521 1671 544 cum
1696 521 1760 544 non
1782 510 1850 545 sine
1871 511 1985 546 intimo

1247 562 1352 594 cordis
1378 562 1480 595 nostri
1506 574 1654 596 moerore
1671 564 1872 607 accepimus’
1888 565 1921 598 in
1938 567 1986 599 lu-

1247 624 1317 646 cem
1337 615 1496 657 prodiisse
1520 615 1638 648 lihrum
1659 617 1829 658 quemdam
1852 617 1884 649 in
1909 628 1984 660 qua-

1248 672 1319 699 tuor
1343 673 1447 700 tomos
1463 668 1682 708 distributum,
1696 669 1811 710 gallico
1830 669 1983 703 idiomate

1247 719 1451 761 impressum,
1468 720 1517 752 cui
1548 720 1659 752 titulus
1680 720 1825 753 Histoire
1841 721 1885 754 du
1904 722 1985 755 livre

1246 771 1299 803 des
1322 772 1494 814 resleoez‘ons
1525 772 1664 805 morales
1694 783 1751 804 sur
1777 773 1805 806 le
1828 773 1985 808 Nouveatc

1250 825 1430 858 Testament
1448 829 1475 858 e!
1495 824 1533 858 de
1552 825 1582 857 lu
1598 825 1817 859 constitution
1834 826 1985 870 Unigeni-

1247 883 1311 917 tuS,
1330 878 1355 911 A
1375 878 1595 920 Amsterdam,
1614 879 1724 922 plures
1743 883 1847 911 autem
1866 879 1983 914 fratres

1247 931 1348 963 nostri
1373 931 1404 964 S.
1428 931 1465 964 R.
1489 931 1523 964 E.
1553 931 1750 972 cardinales,
1776 933 1884 965 audita
1909 933 1984 967 libri

1246 984 1429 1018 huiusmodi
1464 987 1599 1017 censura
1634 984 1694 1018 sibi
1732 986 1850 1026 relata,
1876 986 1983 1027 illurn,

1247 1044 1407 1082 tamqnam
1428 1038 1649 1072 continentem
1667 1039 1909 1081 propositiones
1926 1041 1983 1074 sal-

1245 1102 1314 1131 sas,
1341 1092 1515 1134 captiosas,
1542 1091 1669 1135 piarum
1703 1092 1828 1125 aurium
1853 1093 1983 1127 offensi-

1244 1155 1314 1184 vas,
1339 1145 1564 1183 scandalosaS.
1590 1146 1792 1186 temerarias,
1819 1147 1983 1182 Ecclesiae

1245 1203 1277 1230 et
1302 1197 1370 1231 eius
1394 1197 1483 1240 praxi
1510 1197 1702 1237 iniuriosas,
1727 1209 1834 1242 neque
1862 1200 1894 1232 in
1926 1201 1983 1234 Ec-

1245 1251 1374 1284 clesiam
1399 1252 1516 1291 solum,
1539 1251 1596 1283 sed
1622 1251 1718 1284 etiam
1745 1252 1777 1284 in
1802 1258 1981 1296 potestates

1245 1305 1365 1338 saeculi
1403 1304 1674 1343 contumeliosas,
1701 1305 1892 1347 seditiosas,
1925 1307 1983 1340 im-

1244 1357 1324 1401 piaS,
1346 1357 1562 1400 blasphemas,
1580 1362 1747 1401 suspectas
1772 1358 1811 1391 de
1837 1359 1980 1400 haeresi,

1244 1421 1280 1443 ac
1305 1410 1465 1443 haeresim
1502 1410 1603 1453 ipsam
1640 1410 1819 1454 sapientes,
1853 1422 1982 1446 necnon

1245 1464 1417 1497 haereticis
1444 1469 1475 1497 et
1499 1463 1688 1497 haeresibus
1714 1475 1750 1497 ac
1775 1464 1870 1498 etiam
1897 1466 1982 1500 schi-

1244 1517 1339 1550 smati
1370 1517 1530 1556 faventes,
1558 1526 1728 1558 erroneas,
1755 1517 1883 1551 haeresi
1911 1530 1982 1562 pro-

1244 1569 1362 1609 ximas,
1400 1568 1524 1613 pluries
1561 1569 1744 1611 damnatas,
1780 1581 1817 1604 ac
1852 1571 1982 1605 demum

1244 1623 1342 1656 etiam
1377 1621 1575 1661 haereticas,
1611 1622 1777 1666 variasque
1813 1623 1981 1667 haereses,

1244 1681 1276 1709 et
1300 1675 1495 1719 praecipue³
1520 1675 1739 1708 lansenianam
1766 1686 1803 1709 ae
1825 1676 1983 1717 Quesnel-

1244 1729 1361 1762 lianam
1387 1728 1553 1761 manifeste
1579 1728 1770 1762 innovantes
1789 1734 1820 1762 et
1836 1740 1983 1763 asseren-

1244 1787 1291 1815 tes
1315 1782 1515 1825 respective,
1540 1781 1780 1824 prohibendum
1806 1793 1842 1815 ac
1866 1784 1983 1817 conde·

1243 1836 1418 1868 mnandum
1444 1845 1515 1868 esse
1540 1835 1737 1868 censuerint:

1287 1889 1301 1932 g
1331 1888 1362 1920 2.
1389 1887 1452 1921 Nos
1488 1888 1611 1931 itaque,
1640 1898 1680 1921 ne
1717 1888 1978 1923 christifidelium

1243 1941 1369 1974 animae
1394 1940 1515 1984 apertis
1541 1940 1717 1973 mendaciis
1741 1951 1776 1973 ac
1794 1941 1979 1975 damnabili-

1242 1995 1301 2027 bus
1328 1995 1483 2037 deceptae
1509 1993 1719 2036 opinionibus
1744 2005 1761 2026 a
1785 1994 1927 2028 veritatis
1948 2000 1980 2028 et

1243 2048 1382 2081 iustitiae
1408 2047 1521 2080 semita
1546 2052 1763 2088 amoveantur,
1790 2048 1828 2081 de
1850 2058 1980 2081 eorum-

1243 2103 1315 2135 dem
1355 2100 1565 2135 cardinalium
1602 2100 1740 2134 consilio
1757 2127 1764 2141 ‚
1806 2112 1842 2134 ac
1881 2102 1977 2136 etiam

1243 2161 1329 2189 motu
1353 2154 1489 2198 proprio
1526 2159 1558 2187 et
1588 2164 1624 2187 cx
1662 2155 1750 2187 certa
1787 2155 1922 2190 scientia
1946 2162 1979 2191 et

1242 2209 1366 2240 matura
1384 2206 1619 2241 deliberatione
1639 2208 1766 2247 nostris,
1782 2208 1887 2252 deque
1906 2220 1978 2253 apo-

1241 2260 1371 2294 stolicae
1397 2259 1565 2303 potestatis
1592 2260 1806 2303 plenitudine,
1832 2263 1977 2305 supradi-

1241 2319 1325 2346 ctum
1351 2313 1468 2345 librum
1494 2312 1552 2345 sub
1577 2323 1676 2355 supra
1701 2323 1857 2356 expresso
1875 2314 1976 2348 aliove

1241 2376 1444 2409 quocumque
1478 2364 1569 2398 titulo
1599 2366 1792 2409 ubicumque
1828 2372 1859 2399 et
1890 2377 1974 2410 quo-

1239 2428 1374 2460 cumque
1400 2417 1464 2450 3110
1489 2417 1642 2450 idiomate
1677 2427 1732 2450 seu
1766 2419 1874 2461 quavis
1911 2420 1977 2452 edi-

1241 2471 1327 2504 tione
1350 2470 1568 2503 autversione
1586 2471 1752 2514 hucusque
1771 2472 1977 2515 impressum,

1278 2552 1288 2577 1
1307 2549 1379 2577 Edit.
1400 2550 1479 2577 11111111Δ
1501 2549 1566 2585 legit
1585 2553 1612 2578 ec
1631 2558 1680 2584 pro
1700 2558 1736 2576 επ
1753 2551 1794 2583 (R.
1814 2551 1865 2584 Τ.).

1272 2594 1288 2620 ⁹2
1308 2594 1345 2621 Ex
1365 2594 1470 2630 syntaxi
1490 2594 1638 2628 legendum
1658 2594 1852 2629 acceperimus
1872 2594 1909 2630 (R.
1926 2596 1976 2630 T.)-

1273 2638 1289 2666 3
1311 2638 1381 2666 Edit.
1403 2637 1483 2667 Main.
1506 2637 1572 2675 legit
1586 2638 1763 2678 praecipuae
1783 2639 1878 2674 (nstin).

1994 250 2047 278 An.
2062 250 2091 279 C.
2111 251 2180 279 1710

2015 528 2118 550 Libellum
2129 529 2178 549 hae-

1995 561 2053 575 reses
2071 555 2178 576 lausania-

1995 588 2042 601 naiu
2067 585 2087 602 ot
2111 584 2178 606 Ques·

1996 608 2108 629 nellianam
2147 615 2177 629 111-

1995 640 2074 654 nnvans
2086 650 2091 659 ,
2119 641 2177 655 eri-o-

1995 661 2083 686 neisque
2130 667 2178 681 sea·

1995 689 2040 707 tons
2049 688 2177 713 propositio-

1994 714 2055 734 nibus
2067 729 2072 738 ,

2016 1897 2139 1920 Damnarat,
