2232 3178
861 216 1002 241 utana-Ns

244 272 354 302 terunt
378 267 409 300 in
435 264 590 308 futurum,
610 268 679 311 pari
698 267 795 300 modo
813 272 843 300 et
860 267 982 310 absque

241 321 307 355 ulla
328 331 463 364 prorsus
489 320 674 354 differentia
698 321 754 360 uti,
780 320 841 352 frui
861 324 892 353 et
911 330 983 362 gau-

242 376 318 408 dere
344 374 450 407 libere
477 380 507 407 et
532 374 619 407 licite
641 374 767 417 possint
792 379 824 406 et
847 374 982 413 valeant,

240 428 272 460 in
299 427 450 460 omnibus
477 433 509 459 et
534 437 592 469 per
624 427 732 459 omnia
766 427 803 459 ad
831 426 983 459 ecclesia-

240 480 337 513 sticas
363 490 495 522 quoque
516 490 735 522 quascumque
761 479 856 511 etiarn
881 479 982 511 maio-

241 543 292 565 res
318 532 350 564 in
377 532 619 565 cathedralibus
656 542 691 564 ac
723 532 982 574 metropolitanis

241 585 388 618 ecclesiis
425 585 520 617 etiam
558 585 760 627 praesulatus
787 585 979 626 dignitates,

239 638 377 682 perinde
403 648 437 670 ac
457 638 482 670 si
505 639 646 671 lauream
669 638 855 670 huiusmodi
875 638 906 670 in
925 638 983 670 ali-

239 693 302 735 qua
329 692 510 735 approbata
538 691 634 724 studii
661 691 824 734 generalis
850 691 981 734 publica

238 745 450 778 universitate
480 745 704 788 susceperint,
732 744 815 777 dicta
842 744 981 777 auctori-

239 803 302 831 tate
328 797 530 831 concedendi
553 802 584 830 et
614 796 822 840 indulgendi,
849 798 979 840 plenam

239 856 269 884 et
298 851 438 894 amplam
468 850 669 890 facultatem,
699 850 812 883 eadem
838 850 979 883 auctori-

239 909 315 944 tate,
340 910 454 937 tenore
483 903 724 947 praesentium,
754 903 924 937 tribuimus
950 909 979 936 et

240 957 459 1001 impertimur.

48 223 100 252 ³An.
116 223 143 250 C.
167 221 232 249 1739

55 1047 60 1052 ⁸
84 1021 226 1067 ιιι-ιιιιιιιιΐιιι
281 1011 296 1054 5
321 1009 353 1044 6.
380 1010 611 1049 Decernentes,
634 1010 764 1047 easdem
790 1016 980 1053 praesentes

47 1048 159 1095 'riiiiffsff'um
200 1054 362 1096 lr‘litteras
388 1062 505 1102 firmas,
527 1063 649 1096 validas
682 1069 714 1096 et
738 1063 885 1096 efficaces
919 1063 980 1096 exi-

237 1122 323 1149 stere
342 1121 373 1149 et
391 1116 471 1154 sore.
489 1126 632 1159 suosque
651 1116 818 1159 plenarios
844 1121 875 1148 et
899 1116 980 1148 inte-

238 1181 312 1213 gros
334 1169 467 1203 effectus
492 1170 598 1202 sortiri
618 1175 649 1202 et
666 1169 830 1208 obtinere,
851 1179 887 1201 ac
905 1169 979 1207 illis,

237 1223 276 1256 ad
303 1233 385 1266 quos
410 1228 535 1266 spectat
566 1222 758 1265 plenissime
788 1222 976 1264 suflragari,

237 1276 350 1319 sicque
375 1276 408 1308 in
433 1276 621 1318 praemissis
657 1285 718 1318 per
754 1285 979 1318 quoscumque

237 1329 361 1362 iudices
386 1329 574 1362 ordinarios
606 1333 638 1362 et
671 1329 855 1371 delegatos,
883 1328 978 1360 etiam
1001 1344 1002 1357 ι

237 1392 405 1415 causarum
438 1381 552 1426 palatii
590 1381 761 1426 apostolici
799 1381 980 1421 auditores,

238 1435 375 1470 iudicari
402 1440 432 1469 et
459 1435 586 1469 definiri
623 1435 764 1475 debere,
792 1445 827 1468 ac
853 1434 978 1468 irritum

239 1495 270 1523 ct
295 1489 401 1530 inane,
427 1489 453 1522 si
472 1499 565 1521 secus
584 1499 684 1532 super
702 1489 751 1521 his
770 1499 787 1521 a
805 1498 980 1531 quoquam,

239 1603 297 1637 ter,
324 1595 500 1638 contigerit
524 1595 690 1628 attentari.

48 1655 226 1703 ᾶϋυυιιιειῐυιυω
280 1650 295 1693 ἓ
319 1649 351 1683 3.
378 1648 449 1681 Non
465 1648 670 1680 obstantibus
688 1646 980 1680 constitutionibus

2 1716 5 1742 ι
62 1688 164 1708 “wm'
237 1709 269 1736 et
293 1702 556 1736 ordinationibus
580 1701 780 1744 apostolicis,
797 1701 978 1743 ceterisque

237 1755 405 1790 contrariis
430 1755 702 1798 quibuscumque.

280 1810 394 1842 Datum
420 1808 555 1846 Romae,
579 1808 667 1850 apud
699 1807 730 1840 S.
759 1807 891 1839 Mariam
917 1806 980 1838 Ma-

236 1863 360 1902 iorem,
387 1861 447 1894 sub
473 1861 596 1893 annulo
622 1860 796 1893 piscatoris
814 1887 822 1900 ,
849 1859 901 1893 die
926 1869 978 1892 xiv

237 1915 392 1949 februarii
416 1923 609 1954 sinccxxxix,
636 1914 847 1957 pontificatus
873 1913 977 1946 nostri

236 1979 322 2003 anno
347 1979 390 2002 tx.

272 2032 332 2060 Dat.
354 2031 398 2060 die
419 2031 451 2059 14
471 2029 607 2058 februarii
631 2029 708 2064 1739,
730 2029 827 2065 pontif.
850 2037 921 2057 anno
942 2035 976 2057 tx.

530 2156 681 2190 CCXLlX.

237 2237 448 2280 Confirmatio
474 2235 592 2269 decreti
622 2236 886 2279 Conqrcyatiom's
912 2236 979 2278 epi-

279 2300 449 2334 scoporum
474 2293 503 2322 et
527 2289 733 2332 reyularium
761 2299 858 2332 super
883 2289 979 2332 depu-

238 1542 351 1586 qttavis
373 1542 576 1582 auctoritate,
602 1542 741 1575 scienter
760 1542 809 1575 vel
829 1541 980 1584 ignoran-
1001 1560 1002 1568 ι

280 2397 502 2440 deficientium
529 2400 599 2439 pos!
632 2395 829 2428 celebratum
854 2397 980 2439 capita-

282 2451 352 2484 lam
374 2449 576 2493 provinciale
601 2448 736 2482 Ordinis
754 2449 899 2490 fratrum
920 2459 980 2481 ere-

280 2505 441 2537 mitarum
471 2503 578 2535 sancti
601 2502 787 2545 Auquseini
810 2502 981 2536 Eoecalcea-

284 2562 389 2590 torum
420 2559 687 2601 nuncupatorum
714 2555 981 2599 Conyregyationis

282 2610 476 2655 Hispaniae.

8 2238 12 2287 ἶ

10 2338 14 2467 ι
281 2345 402 2377 tatione
427 2341 637 2384 definitorum
659 2352 862 2385 quocumque
887 2342 979 2375 modo

12 2469 16 2620 l

15 2653 17 2712 i
327 2671 510 2700 Bua.1wnu
533 2671 647 2698 -νυι
669 2670 795 2700 XXXIV.

923 2671 957 2698 0'8

1029 216 1071 241 xn
1096 217 1145 241 rr.
1670 206 1732 240 537
1779 215 1817 241 An
1847 216 1963 245 c.173a

1240 266 1374 293 clemens
1395 266 1475 301 Papa
1494 266 1556 299 ΧΠ,

1164 311 1200 337 ad
1221 310 1355 338 futuram
1378 310 1425 337 rei
1445 311 1632 338 memoriam.

1071 373 1142 416 §.1
1171 373 1290 416 Nuper,
1313 383 1370 416 pro
1397 378 1489 430 patte
1514 373 1709 406 ditectoinm
1736 372 1770 404 si-
1795 386 1822 405 <a
1819 387 1874 431 ιιι
1878 392 1886 405 ι
1904 387 1941 406 ιι
1941 387 1964 406 ι-

1028 426 1144 458 lioiiun
1163 427 1396 459 moder-nomm
1419 426 1475 458 xic·
1471 426 1526 458 sitii
1548 425 1712 467 generalis
1739 413 1811 485 θιιῖϊι

1028 479 1202 512 definitoiii
1219 479 1381 522 generalis
1397 478 1525 511 Ordinis
1547 480 1678 511 statium
1697 472 1789 511 Eric·
1793 498 1826 511 ιιι
1830 499 1865 517 ιιιι

1028 532 1176 564 mitarum
1196 532 1297 564 sancti
1317 532 1487 573 Augustini
1503 532 1767 564 Excalceatorurn

1027 591 1290 628 nuncupatorum
1304 585 1573 627 Congregationis
1585 584 1767 627 Hispaniae,

1026 637 1277 680 Congregationi
1299 637 1537 670 venerabilium
1562 637 1696 669 fratrum
1716 647 1769 669 no-

1026 696 1165 722 strorum
1193 689 1223 722 S.
1252 690 1287 721 R.
1320 689 1354 721 E.
1389 689 1604 721 cardinalium
1629 689 1768 731 negotiis

1026 747 1057 774 et
1082 742 1377 775 consultationibus
1401 741 1632 784 episcoporum
1659 747 1690 774 et
1718 751 1769 774 re-

1026 795 1188 838 gularium
1223 794 1429 838 praepositae
1458 795 1628 838 exposito,
1653 794 1765 838 quod,

1026 859 1107 889 cum,
1125 859 1191 882 non
1214 848 1283 881 sine
1303 848 1438 892 speciali
1464 848 1679 891 providentia,
1706 858 1766 891 pro

1025 901 1112 935 bono
1129 901 1289 944 regimine
1310 901 1499 944 disciplinae
1518 900 1673 942 regularis
1695 912 1768 934 con-

1025 956 1144 988 sultum
1169 955 1210 987 sit
1234 955 1266 987 in
1300 954 1429 987 familiis
1465 954 1649 995 religiosis,
1676 959 1709 986 ut
1734 953 1767 986 in

1024 1009 1160 1051 singulis
1180 1018 1290 1041 earum
1317 1008 1502 1050 provinciis,
1522 1009 1606 1040 ultra
1623 1007 1766 1050 priorem

1024 1063 1258 1105 provincialem
1285 1063 1325 1095 de
1350 1061 1493 1094 triennio
1526 1062 1558 1093 in
1591 1060 1765 1093 triennium

1024 1116 1233 1158 eligendum,
1261 1115 1427 1157 eligantur
1451 1120 1591 1157 quatuor
1617 1113 1767 1146 definito-

1024 1180 1088 1208 res,
1109 1179 1247 1212 quorum
1274 1167 1460 1210 praesentia
1485 1167 1516 1199 in
1544 1167 1694 1199 omnibns
1712 1177 1767 1200 nc-

1943 446 1963 457 ιι.

1881 467 1964 488 rimili-

1871 496 1963 512 tire-:lux

1001 1255 1002 1263 ι
1024 1222 1120 1265 gotiis
1140 1221 1384 1263 emergentibus
1410 1220 1556 1263 praecise
1575 1226 1764 1259 concurrat;

1024 1285 1162 1319 cumque
1201 1274 1379 1307 necessitas
1420 1274 1517 1306 huius
1557 1274 1767 1306 assistentiae

1023 1329 1129 1371 exigat
1160 1334 1193 1361 nt
1219 1327 1401 1360 delinitoria
1428 1337 1560 1371 semper
1584 1327 1648 1360 sint
1680 1337 1766 1360 com-

1023 1383 1134 1426 pleta3
1162 1388 1194 1414 ot
1230 1381 1291 1414 hac
1324 1381 1354 1413 in
1389 1386 1480 1424 parte
1506 1381 1582 1414 satis
1616 1380 1765 1424 specifice

1023 1436 1204 1468 consultum
1230 1445 1295 1467 non
1329 1434 1476 1467 videatur
1502 1434 1533 1466 in
1560 1434 1766 1467 constitutio-

1023 1490 1119 1522 nibus
1153 1488 1425 1532 Congregationis
1453 1493 1483 1521 et
1508 1488 1637 1521 Ordinis
1664 1498 1762 1531 prae-

1023 1543 1194 1582 dictorum,
1214 1548 1250 1575 ut
1274 1541 1399 1575 scilicet
1424 1542 1456 1574 in
1482 1542 1619 1581 casibus,
1646 1541 1678 1574 in
1697 1542 1766 1585 qui-

1023 1596 1083 1629 bus
1116 1596 1284 1638 contingat
1316 1595 1458 1639 aliquem
1496 1605 1552 1628 seu
1585 1596 1696 1638 plures
1726 1606 1763 1628 ex

1023 1649 1252 1682 definitoribus
1284 1649 1325 1681 ob
1355 1654 1492 1681 mortem
1519 1649 1702 1680 naturalem
1732 1654 1765 1680 et

1023 1703 1151 1736 civilem
1177 1702 1306 1735 aliudve
1344 1701 1614 1744 impedimentum
1645 1711 1764 1744 perpe-

1024 1761 1111 1787 tuum
1137 1755 1300 1795 deficere,
1336 1764 1441 1797 eoque
1479 1764 1554 1786 casu
1571 1780 1579 1794 ,
1607 1754 1760 1786 delinito-

1022 1809 1105 1841 rinm
1125 1809 1317 1851 suppleatur
1333 1817 1393 1851 per
1415 1806 1605 1839 definitores
1630 1807 1762 1850 capituli

1022 1861 1209 1895 immediate
1236 1859 1481 1904 praecedentis,
1500 1859 1645 1902 urgentia
1663 1859 1764 1903 siqui-

1023 1915 1094 1948 dem
1127 1913 1338 1957 negotiorum
1373 1912 1491 1957 passim
1525 1912 1762 1956 emergentium

1022 1969 1061 2002 de
1085 1974 1197 2002 cetero
1222 1978 1287 2001 non
1313 1966 1479 2011 permittat
1499 1971 1533 1998 ut
1561 1966 1689 1999 illorum
1713 1976 1763 1998 ac-

1023 2033 1132 2057 cessus
1150 2025 1349 2066 expectetur,
1366 2025 1527 2064 quatenus
1546 2020 1603 2060 illi,
1622 2024 1695 2063 post
1712 2019 1764 2052 ab·

1022 2078 1162 2110 solutum
1188 2074 1342 2114 officium,
1364 2078 1398 2106 ut
1423 2074 1617 2117 plerumque
1640 2073 1760 2114 evenit,

1023 2132 1062 2164 ad
1087 2130 1165 2163 alias
1192 2132 1299 2173 partes
1327 2127 1534 2168 transierint,
1562 2138 1599 2161 ac
1624 2127 1762 2170 proinde

1022 2183 1252 2217 desiderabant
1288 2186 1323 2214 ιιι
1354 2182 1395 2214 ab
1427 2181 1540 2214 eadem
1572 2180 1759 2223 congrega-

1022 2239 1111 2272 tione
1137 2235 1353 2270 cardinalium
1381 2236 1616 2275 declararetur,
1642 2241 1695 2274 ut,
1731 2235 1762 2268 in

1022 2300 1227 2334 quocumque
1269 2299 1343 2321 casu
1382 2288 1585 2320 deficientiae
1625 2288 1761 2321 alicuius

1021 2345 1085 2377 sive
1111 2344 1252 2387 plurium
1279 2352 1313 2375 ei<
1342 2341 1569 2374 definitoribus
1594 2342 1707 2374 electis
1729 2341 1760 2373 in

1022 2396 1173 2440 capitulis
1206 2395 1459 2438 provincialibus
1492 2395 1761 2437 Congregationis

1024 2456 1055 2484 et
1081 2450 1210 2484 Ordinis
1236 2449 1489 2492 praedictorum,
1509 2448 1675 2491 subrogati
1702 2448 1761 2480 im-

1024 2503 1163 2536 mediate
1182 2507 1210 2535 et
1233 2511 1362 2545 semper
1387 2501 1618 2541 intelligantur,
1641 2505 1672 2533 ct
1689 2511 1762 2544 sup-

1024 2557 1116 2600 plere
1149 2555 1291 2589 debcant
1317 2564 1427 2587 eornm
1463 2553 1578 2587 voces'
1606 2559 1638 2586 et
1665 2559 1759 2595 vota,

1061 2619 1071 2644 1
1096 2617 1205 2645 videtur
1224 2615 1368 2652 legendum
1389 2616 1460 2644 vices
1478 2618 1516 2651 (a.
1534 2618 1583 2650 T.).
