2232 3178
630 314 907 398 INDEX
976 315 1430 398 INITIALIS.

611 893 633 926 A

252 998 297 1034 Ad
322 997 589 1042 circumspectam
616 998 750 1031 Romani
787 1024 793 1031 .
823 1024 829 1031 .
860 1024 866 1031 .
898 1025 904 1030 .
955 998 995 1031 47

252 1053 298 1087 Ad
322 1062 375 1092 ea,
400 1062 458 1095 per
481 1061 562 1095 quae
587 1050 868 1084 christifidelium.
900 1078 905 1084 .
932 1050 997 1084 995

251 1105 297 1139 Ad
321 1103 480 1138 excelsum
506 1103 675 1148 pastoralis
701 1104 796 1137 officii
825 1131 830 1136 .
861 1130 868 1137 .
900 1131 905 1137 .
932 1104 996 1138 377

250 1158 384 1192 Adiutor
409 1161 438 1190 ct
465 1162 632 1200 susceptor
652 1163 760 1190 noster
787 1184 792 1189 .
824 1184 829 1189 .
861 1184 866 1189 .
898 1184 903 1189 .
932 1156 997 1190 495

250 1212 407 1245 Admonet
430 1220 488 1243 nos
513 1210 681 1253 apostolici
707 1210 848 1244 muneris
898 1237 904 1243 .
957 1210 997 1243 70

252 1265 298 1299 Ad
323 1268 554 1298 sacrosanctam
582 1264 615 1298 13.
644 1264 727 1297 Petri
748 1290 902 1297 .....
931 1264 996 1297 499

250 1318 296 1352 Ad
320 1317 504 1361 seraphicae
528 1316 693 1360 religionis
712 1341 904 1350 ......
931 1316 996 1351 993

248 1370 295 1404 Ad
318 1370 477 1403 sublimen
503 1370 677 1402 sanctitatis
703 1374 866 1403 montem.
896 1397 902 1403 .
931 1370 996 1404 946

249 1424 332 1458 Alias
356 1423 455 1456 felicis
484 1422 713 1456 recordationis
748 1449 903 1456 .....
975 1423 997 1456 4

248 1476 332 1511 Alias
355 1476 454 1509 felicis
479 1476 708 1510 recordationis
747 1503 903 1510 .....
931 1477 994 1510 919

248 1530 331 1564 Alias
356 1529 455 1563 felicis
480 1529 710 1563 recordationis
748 1556 903 1563 .....
930 1530 995 1564 995

247 1583 332 1617 Alias
355 1583 456 1616 felicis
481 1582 713 1616 recordationis
747 1610 901 1616 .....
929 1583 994 1617 363

248 1636 331 1670 Alias
356 1636 437 1668 inter
461 1635 601 1668 diversas
626 1636 844 1670 ordinationes
859 1663 866 1669 .
896 1662 902 1668 .
953 1636 994 1670 37

248 1690 333 1724 Alias
356 1699 431 1732 nos,
456 1699 573 1733 nempe
598 1689 651 1722 die
671 1715 901 1722 .......
929 1689 994 1723 316

247 1743 331 1777 Alias
355 1753 413 1776 nos
438 1753 495 1786 per
519 1747 645 1776 nostras
673 1768 902 1776 .......
928 1742 993 1777 308

247 1796 331 1830 Alias
354 1806 413 1829 nos
438 1806 495 1840 per
519 1801 643 1829 nostras
670 1822 902 1830 .......
929 1796 994 1831 595

248 1850 334 1883 Alias
359 1860 417 1893 pro
442 1854 531 1893 parte
555 1849 663 1883 dilecti
686 1848 743 1883 filii
782 1876 789 1883 .
819 1876 826 1883 .
857 1876 864 1883 .
894 1876 901 1883 .
929 1849 993 1883 509

247 1902 332 1937 Alias
357 1902 485 1946 quidem
510 1902 610 1936 felicis
634 1902 865 1937 recordationis
893 1928 901 1937 .
929 1902 993 1936 600

247 1956 427 2000 Apostolica
451 1955 529 1990 haec
553 1961 661 1990 sancta
685 1956 781 1990 Sedes
817 1983 823 1989 .
855 1984 861 1989 .
894 1983 899 1989 .
929 1955 992 1990 583

248 2010 449 2054 Apostolicae
473 2010 712 2054 procurationis
745 2037 900 2044 .....
928 2010 992 2044 988

248 2064 445 2107 Apostolicae
470 2064 628 2098 servitutis
674 2091 898 2098 .......
950 2064 987 2097 61

248 2117 446 2161 Apostolicae
468 2116 688 2151 sollicitudinis
712 2143 900 2152 ......
950 2117 993 2152 84

611 2231 632 2265 C

248 2329 405 2364 Caelestes
426 2327 586 2362 Ecclesiae
611 2328 781 2363 thesauros
822 2356 827 2362 .
856 2357 862 2363 .
893 2356 899 2363 .
926 2329 986 2363 901

248 2383 436 2418 Caelestium
461 2393 630 2416 munerum
655 2383 822 2417 thesauros
854 2410 861 2416 .
892 2410 898 2417 .

248 2436 436 2471 caelestium
462 2446 631 2470 munerum
656 2437 822 2471 thesauros
855 2463 862 2471 .

248 2488 438 2524 Caelestium
464 2499 633 2522 munerum
660 2489 829 2525 thesauros
856 2517 862 2523 .

249 2541 487 2587 Circumspecta
510 2541 643 2576 Romani
668 2542 830 2577 Pontificis
857 2570 863 2577 .

407 2603 488 2634 Bull.
503 2605 589 2635 Rom.
603 2620 638 2627 —
657 2606 717 2635 Vol.
733 2606 834 2637 XXIV.

948 2383 990 2417 97

892 2464 898 2470 .
948 2437 993 2471 44

893 2517 899 2524 .
927 2491 991 2525 ⁶207

893 2569 900 2577 .
951 2545 992 2578 75

962 2608 997 2635 88

1048 893 1287 938 circumspecta
1313 894 1403 928 Sedis
1429 895 1629 939 Apostolicae
1662 924 1667 930 .

1050 945 1193 989 Collegia
1218 951 1249 979 et
1273 947 1445 981 seminaria
1476 975 1668 983 ......

1049 999 1165 1033 Crediti
1190 1000 1282 1033 nobis
1306 1000 1437 1034 caelitus

1049 1051 1210 1086 Creditum
1235 1053 1404 1087 humilitati
1428 1057 1555 1088 nostrae
1583 1081 1590 1088 .
1620 1081 1626 1088 .

1048 1104 1125 1138 Cum
1150 1105 1243 1145 alias,
1268 1116 1382 1150 nempe
1407 1106 1458 1139 die

1047 1210 1123 1244 Cum
1148 1211 1248 1244 felicis
1272 1212 1505 1246 reeordationis

1048 1264 1123 1297 Cum
1149 1274 1208 1297 nos
1232 1265 1309 1297 alias
1334 1275 1392 1308 per
1416 1265 1568 1309 quasdam
1589 1293 1594 1299 .
1623 1293 1629 1299 .
1661 1294 1666 1299 .

1048 1317 1125 1349 Cum
1137 1344 1145 1357 ,

1049 1369 1124 1403 Cum
1135 1397 1142 1411 ‚

1047 1422 1123 1456 Cum
1138 1450 1147 1464 ‚

1046 1475 1142 1516 Cum,

1046 1529 1140 1570 Cum,

1045 1582 1121 1616 Cum
1133 1609 1141 1624 ,

1045 1634 1124 1669 Cum
1136 1662 1144 1677 ‚

1045 1688 1123 1723 Cum
1135 1717 1143 1731 ,

1171 1423 1252 1456 sicut
1276 1423 1383 1457 dilecti
1408 1424 1465 1457 filii

1408 1861 1431 1893 D

1045 1956 1087 1989 De
1111 1956 1211 1990 salute
1236 1956 1387 1991 dominici
1413 1958 1545 2001 gregis.
1576 1986 1582 1992 .
1614 1986 1620 1992 .
1652 1987 1658 1992 .

1042 2010 1266 2053 Dignissimam
1293 2011 1422 2054 regibus
1446 2012 1547 2056 ipsis.
1577 2040 1583 2046 .
1614 2040 1621 2046 .
1651 2040 1657 2047 .

1651 2095 1656 2100 .
1689 2094 1694 2100 .
1722 2068 1782 2102 351

1041 2116 1166 2150 Dudum
1191 2123 1381 2152 emanarunt
1404 2128 1422 2151 a
1446 2119 1657 2153 recolendae.
1689 2147 1695 2153 .
1768 2124 1776 2134 ⁹

1041 2171 1165 2205 Dudum
1191 2172 1348 2205 emanavit
1371 2183 1388 2206 a
1412 2172 1511 2206 felicis
1539 2200 1546 2206 .
1577 2200 1583 2205 .
1613 2201 1619 2207 .
1650 2200 1656 2206 .

1042 2225 1166 2259 Dudum
1191 2225 1290 2258 felicis
1314 2225 1543 2260 recordationis
1577 2253 1583 2259 .
1613 2253 1620 2259 .
1651 2253 1657 2260 .

1042 2064 1130 2108 Dopo
1155 2063 1213 2097 che
1238 2065 1266 2097 la
1291 2064 1552 2108 Congregazione
1578 2093 1584 2099 .
1614 2093 1621 2100 .

1404 2341 1428 2374 E

1042 2438 1101 2481 Ea,
1126 2447 1206 2482 quae
1229 2447 1246 2470 a
1270 2437 1419 2472 Romanis
1443 2437 1649 2471 Pontificibus
1686 2466 1692 2472 .

1650 2518 1656 2526 ’
1684 2518 1693 2580 Ῐ
1719 2494 1786 2583 39141

1043 2491 1201 2525 Ecclesiae
1225 2490 1390 2524 militantis
1413 2492 1581 2535 regimini.
1613 2518 1619 2525 .

1043 2546 1240 2579 Emanarunt
1263 2544 1382 2580 dudum
1407 2555 1424 2579 a
1447 2545 1548 2581 felicis
1573 2572 1580 2580 .
1612 2572 1619 2580 .
1649 2573 1655 2580 .

1168 1476 1250 1509 sicut
1273 1476 1377 1511 dilecti
1403 1477 1459 1510 filii
1473 1503 1661 1512 ......

1165 1529 1247 1562 sicut
1270 1530 1403 1564 dilectus
1427 1531 1512 1564 silius
1544 1557 1552 1564 .
1583 1559 1588 1564 .
1620 1559 1626 1565 .
1656 1558 1663 1565 .

1166 1583 1248 1617 sicut
1271 1583 1406 1618 dilectus
1430 1584 1516 1617 filius
1542 1611 1549 1617 .
1580 1611 1586 1618 .
1617 1612 1623 1618 .
1654 1613 1659 1618 .

1168 1635 1250 1669 sicut
1274 1636 1409 1670 dilectus
1433 1637 1518 1670 filius
1544 1665 1550 1671 .
1582 1665 1588 1670 .
1618 1665 1624 1671 .
1655 1665 1661 1671 .

1168 1689 1250 1723 sieut
1272 1690 1365 1723 nobis
1391 1691 1549 1725 innotuit.
1580 1718 1587 1725 .
1617 1719 1623 1725 .
1654 1719 1659 1725 .

1045 1742 1136 1784 Cum,
1160 1743 1241 1776 sicut
1265 1743 1356 1778 nobis
1381 1744 1517 1778 innotuit
1540 1773 1546 1778 .
1578 1772 1583 1777 .
1613 1772 1620 1780 .
1651 1773 1657 1780 .

1700 924 1705 930 .
1733 898 1797 932 339

1734 951 1797 984 559

1734 1004 1798 1037 104

1658 1082 1664 1089 .
1697 1083 1702 1089 .
1732 1056 1796 1090 665

1695 1134 1701 1141 .
1730 1109 1794 1143 568

1049 1157 1125 1191 Cum
1152 1157 1272 1192 dudum
1296 1159 1396 1192 felicis
1421 1159 1654 1194 recordationis
1698 1188 1704 1195 .

1778 1162 1797 1195 5

1731 1185 1795 1248 21'2

1697 1294 1703 1299 .
1731 1267 1795 1301 360

1172 1317 1253 1350 sicut
1276 1318 1474 1362 accepimus,
1511 1345 1517 1351 .
1548 1346 1554 1352 .
1585 1346 1591 1353 .
1623 1347 1628 1353 .
1659 1347 1666 1353 .
1697 1347 1704 1353 .

1168 1370 1249 1403 sicut
1273 1371 1311 1403 ad
1337 1371 1553 1415 apostolatus.
1584 1398 1591 1405 .
1623 1399 1628 1405 .
1659 1399 1666 1406 .

1754 1321 1789 1354 91

1775 1374 1795 1407 8

1752 1427 1795 1462 39

1729 1480 1794 1513 494

1750 1534 1792 1566 96

1727 1587 1792 1620 909

1726 1639 1791 1673 999

1726 1693 1790 1728 199

1725 1746 1789 1781 667

1725 1960 1788 1995 593

1723 2014 1781 2049 571

1745 2121 1787 2155 43

1723 2174 1781 2208 181

1688 2253 1694 2260 .
1722 2226 1785 2262 545

1742 2440 1785 2474 49
