2232 3178
48 199 94 222 An.
115 194 142 220 C.
160 192 225 220 ¹737

47 728 154 750 contraria
164 728 226 748 tellit.

77 2263 193 2286 Exordium.

855 189 996 213 ctenssas

237 245 282 272 tes
319 239 474 279 clericos,
508 238 744 272 thesaurarium
772 238 976 280 generalem,

235 297 425 334 ceterosque
452 291 609 324 officiales
636 296 666 324 et
691 291 855 324 ministros
891 301 977 323 nunc

236 351 267 379 et
292 355 352 388 pro
379 350 527 387 tempore
553 344 728 377 existentes
749 371 756 383 ‚
783 344 907 376 sublata
933 343 978 376 eis

235 404 391 431 eteorum
411 398 543 430 cuilibet
568 397 677 441 quavis
698 398 794 430 aliter
817 397 978 429 iudicandi
999 419 1001 424 ι

237 455 269 482 et
287 448 526 491 interpretandi
554 448 702 481 facultate
724 454 755 481 et
775 448 976 486 auctoritate,
1000 461 1001 471 i

235 502 372 535 iudicari
398 507 429 535 et
462 502 590 535 deliniri
625 502 765 541 debere,
793 512 829 534 ac
855 501 979 534 irritum

235 561 265 589 et
288 555 384 588 inane
410 555 435 587 si
462 566 553 588 secus
580 565 676 598 super
698 554 747 587 his
765 565 780 587 a
799 565 978 598 quoquam,

234 609 346 652 quavis
366 609 573 647 auctoritate,
596 609 736 641 scienter
760 610 809 642 vel
831 608 979 650 ignoran-

236 668 301 700 ter,
333 662 506 704 contigerit
537 661 700 694 attentari.

279 715 293 757 ἓ
319 714 350 748 7.
376 714 447 747 Non
465 714 673 748 obstantibus
692 714 980 747 constitutionibus

236 773 268 800 et
299 767 561 800 ordinationibus
599 767 787 810 apostolicis
808 794 815 806 ,
851 773 1002 799 necnon*

236 820 421 864 praedictae
457 820 617 859 civitati&
643 820 753 853 aliisve
787 819 976 862 quibusvis,

236 874 331 907 etiam
356 874 550 913 iuramento,
572 873 823 906 confirmatione
849 879 980 916 aposto-

236 925 308 966 lica,
321 927 371 960 vel
392 926 503 970 quavis
534 926 686 959 firmitate
711 927 774 959 alia
799 927 977 965 roboratis,

236 979 364 1013 statutis
400 985 431 1012 et
455 979 765 1019 consuetudinibus,
801 978 979 1022 privilegiis

236 1042 382 1076 quoque,
410 1032 544 1065 indultis
586 1037 617 1066 et
645 1032 761 1066 litteris
786 1032 977 1076 apostolicis

237 1085 269 1118 in
284 1085 482 1118 contrarium
501 1086 757 1129 praemissorum
776 1085 980 1129 quomodoli-

236 1139 291 1171 bet
316 1139 482 1172 concessis
503 1166 509 1178 ,
537 1138 739 1172 confirmatis
759 1138 976 1178 etinnovatis·,

237 1191 979 1236 necnonomnibusillisquaeInCliirograpliis

236 1245 453 1290 praeinsertis
491 1245 709 1278 concessimus
735 1255 800 1278 non
826 1246 975 1285 obstare;

235 1298 419 1342 ceterisque
446 1298 616 1331 contrariis
642 1298 916 1342 quibuscumque.

280 1353 391 1386 Datum
414 1352 536 1385 Romae
554 1380 561 1392 ‚
584 1353 669 1394 apud
696 1352 727 1385 S.
756 1352 887 1384 Mariam
920 1352 979 1384 Ma-

234 1407 355 1445 iorem,
380 1406 440 1439 sub
465 1406 585 1438 annulo
612 1405 807 1444 Piscatoris,
843 1405 894 1438 die
920 1415 976 1439 vni

234 1460 377 1494 octobris
406 1469 620 1499 nnccxxxvu,
644 1458 851 1501 pontificatus
871 1459 975 1492 nostri

236 1523 320 1546 anno
349 1523 420 1547 v111.

271 1575 332 1602 Dat.
352 1575 398 1602 die
417 1575 434 1602 8
454 1574 577 1602 octobris
600 1574 678 1608 1737,
696 1574 800 1609 pontif.
822 1583 898 1601 anno
918 1581 976 1602 vni.

527 1714 657 1750 CCXIII.

236 1798 409 1833 Restitutio
445 1809 500 1831 seit
535 1809 616 1831 nova
651 1798 766 1831 erectio
790 1799 977 1841 provinciae

278 1853 372 1895 ressni
396 1852 577 1885 Hiberniae
601 1853 746 1896 frt‘clrnnt
774 1852 909 1885 Ordinis
934 1853 972 1885 B.

280 1906 406 1939 Mariae
431 1905 469 1938 ile
500 1906 608 1938 Monte
634 1905 781 1939 Carmelo
806 1904 974 1938 strictioris

279 1959 505 1993 observantiae
531 1958 657 1990 (ludiim
676 1958 904 1996 reviviscenti&
923 1959 978 1990 cnz'

279 2012 516 2045 adinclz'cantnr
550 2022 655 2044 omnes
680 2015 854 2044 conventus
889 2021 977 2044 nnnc

237 2065 239 2068 ⁴
279 2066 447 2099 existentes
472 2070 500 2098 et
520 2067 731 2109 imposterum
748 2065 974 2108 recuperandi.

446 2147 582 2174 Clemens
603 2147 683 2180 Papa
698 2147 763 2180 XII,

352 2191 389 2218 ad
408 2193 590 2225 perpetuam
609 2190 656 2218 rei
675 2190 861 2218 memoriam.

281 2264 453 2297 Pastoralis
480 2262 596 2302 officii,
624 2273 688 2306 qno
715 2262 895 2295 catholicae
921 2263 978 2297 Ec-

238 2317 355 2350 clesiae
382 2327 442 2360 per
466 2316 651 2349 universum
681 2320 839 2348 terrarum
865 2316 977 2349 orbem

238 2370 371 2404 diffusae
420 2369 570 2412 regimini
619 2369 726 2401 divina
765 2368 978 2412 dispositione

238 2424 482 2467 praesidemus,
508 2422 695 2456 sollicitudo
723 2433 781 2455 nos
815 2422 977 2463 admonet,

238 2481 272 2508 ut
307 2476 392 2509 felici
428 2486 655 2519 prosperoque
690 2474 976 2516 christifidelium,

239 2528 292 2572 qui
318 2539 334 2562 e
359 2529 509 2562 fluctibus
535 2528 655 2561 saeculi
682 2528 713 2560 in
739 2532 870 2570 portum
896 2527 978 2560 vitae

239 2583 411 2625 religiosae
437 2583 662 2626 confugerunt,
690 2581 850 2624 gubernio
881 2586 978 2624 atque

310 2646 390 2674 Ball.
411 2646 494 2673 Rom.
519 2661 552 2666 —
575 2645 636 2673 Vol.
656 2643 760 2672 XXIV.
922 2643 954 2670 39

1023 188 1067 213 xii
1093 189 1141 213 rr.
1666 178 1731 213 305
1779 189 1826 214 Αη.
1849 188 1876 215 e.
1897 188 1962 216 ¹737

1021 237 1203 277 directioni,
1229 237 1322 270 etiam
1350 247 1407 280 per
1434 236 1686 280 provinciarum,
1713 236 1767 269 ubi

1021 290 1096 322 olim
1122 291 1287 329 florentes,
1312 294 1343 323 et
1363 290 1450 323 idem
1474 290 1563 333 quod
1583 289 1768 322 orthodoxa

1023 343 1134 385 religio
1160 343 1284 386 accepit
1309 343 1541 376 detrimentum
1569 354 1692 387 passae,
1712 343 1766 376 ite-

1023 407 1104 436 rum,
1128 397 1344 430 benedicente
1361 397 1524 430 bonorum
1548 397 1691 430 onmium
1711 399 1769 430 lar-

1024 450 1128 492 gitore
1145 476 1152 489 ‚
1176 449 1377 482 revirescere
1404 454 1614 493 coeperunt,
1641 450 1768 483 restitu-

1024 503 1141 536 tionem
1167 503 1231 536 sive
1248 514 1364 537 novam
1384 504 1576 537 erectionem
1596 504 1766 547 providere

1024 557 1187 589 interdum
1205 557 1399 597 studeamus,
1415 557 1506 598 sicut,
1524 558 1683 596 locorum,
1698 567 1767 600 per·

1025 620 1178 642 sonarum
1204 614 1236 642 et
1262 615 1449 652 temporum
1477 610 1685 653 qualitatibus
1707 621 1767 643 ma·

1027 668 1096 694 ture
1123 662 1303 705 perpensis,
1331 663 1369 695 ad
1396 663 1452 696 Dei
1478 663 1614 705 gloriam
1641 668 1671 695 et
1693 663 1767 695 reli-

1025 715 1128 758 gionis
1148 715 1383 748 incrementum
1405 721 1500 759 atque
1519 715 1698 748 animarum
1718 726 1767 748 sa-

1025 769 1122 801 lutem
1150 768 1303 811 expedire
1330 769 1362 800 in
1388 769 1524 802 Domino
1557 769 1763 801 arbitramur.

1070 821 1141 864 gl.
1170 822 1293 864 Exponi
1331 821 1491 865 siquidem
1530 822 1625 855 nobis
1662 832 1766 865 nuper
1805 832 1961 852 colocasiae-

1026 875 1171 907 l'ecerunt
1196 874 1305 907 dilecti
1332 873 1389 907 filii
1416 875 1561 908 moderni
1589 885 1688 917 agens
1714 859 1960 910 xre-1¹1¹.f},',1(''''still-T.

1025 927 1216 960 nerabilium
1254 927 1387 960 fratrum
1420 928 1657 961 catholicorum
1685 912 1961 961 anti-”M¹¹‘'‘⁰’“”¹'⁵'

1024 980 1130 1013 stilum
1168 979 1259 1022 regni
1296 979 1470 1013 Hiberniae
1505 986 1536 1013 et
1571 986 1766 1023 procurator

1025 1033 1217 1066 dilectorum
1244 1032 1356 1065 itidem
1382 1032 1523 1066 filiorum
1551 1033 1684 1065 fratrum
1710 1032 1766 1066 Or-

1024 1087 1106 1119 dinis
1133 1087 1166 1119 B.
1195 1086 1312 1119 Mariae
1339 1087 1378 1119 de
1403 1085 1507 1119 Monte
1533 1086 1678 1120 Carmelo
1698 1086 1767 1119 stri-

1024 1139 1135 1173 ctioris
1162 1140 1383 1172 observantiae
1403 1145 1660 1184 nuncupatorum
1687 1139 1767 1172 eius·

1024 1193 1096 1225 dem
1123 1193 1236 1235 regni,
1264 1193 1350 1236 quod
1378 1193 1492 1225 fratres
1518 1192 1676 1235 praedicti
1710 1192 1766 1225 Or-

1024 1246 1107 1279 dinis
1133 1257 1218 1279 anno
1244 1256 1360 1286 MCCLx,
1388 1251 1533 1288 tempore
1568 1245 1700 1278 llenrici
1727 1246 1764 1278 Ill

1023 1300 1119 1342 regis,
1147 1305 1182 1332 ut
1206 1300 1372 1341 asseritur,
1399 1299 1590 1333 Hiberniam
1617 1299 1763 1342 ingressi,

1023 1354 1065 1385 ita
1092 1353 1264 1394 religiosae
1290 1353 1373 1386 vitae
1403 1363 1439 1386 ac
1464 1353 1630 1386 doctrinae
1657 1363 1765 1385 exem—

1024 1407 1084 1450 plis
1111 1408 1248 1450 populos
1274 1407 1346 1439 illos
1386 1407 1417 1439 in
1454 1407 1601 1440 eiusdem
1636 1406 1764 1439 Ordinis

1024 1461 1268 1493 venerationem
1295 1461 1526 1503 perduxerunt,
1554 1465 1588 1492 ut
1615 1465 1764 1502 tempore

1022 1514 1158 1547 Eduardi
1186 1514 1221 1546 lv
1252 1514 1315 1547 sive
1342 1514 1351 1546 l
1387 1513 1632 1555 Andegavensis
1657 1513 1763 1556 regis,

1022 1569 1106 1602 circa
1131 1579 1252 1600 annum
1277 1577 1408 1607 MCCCHI,
1425 1568 1457 1601 in
1477 1567 1676 1610 provinciam
1695 1577 1764 1599 coa-

1021 1622 1204 1660 lescentes,
1231 1621 1269 1653 ad
1297 1620 1429 1663 triginta
1466 1620 1546 1653 dnos
1586 1624 1763 1652 conventus

1023 1674 1197 1713 babuisse,
1223 1683 1258 1706 ae
1284 1683 1344 1717 per
1370 1677 1533 1705 tercentos
1568 1677 1600 1705 et
1625 1671 1763 1715 amplius

1021 1738 1124 1761 annos
1151 1726 1410 1770 quamplurimos
1424 1725 1509 1758 viros
1523 1725 1653 1757 Ordinis
1671 1735 1762 1768 prae-

1021 1781 1097 1814 dicti
1124 1780 1296 1813 virtutibus
1317 1790 1353 1812 ac
1371 1779 1486 1813 litteris
1504 1779 1646 1821 insignes
1664 1779 1762 1811 sacris

1020 1835 1131 1868 insulis
1157 1834 1254 1867 fuisse
1280 1834 1451 1867 decoratos
1473 1831 1649 1865 memoriae
1669 1832 1763 1865 tradi-

1021 1900 1086 1922 tum
1113 1888 1163 1921 sit.

1064 1943 1078 1986 ἓ
1103 1941 1133 1974 ⁶2.
1155 1941 1297 1974 Subinde
1323 1946 1438 1981 autem,
1457 1945 1591 1983 propter
1610 1949 1763 1982 persecu·
1782 1982 1784 1984 q
1830 1949 1955 1973 ramorum

1021 1996 1142 2028 tionem
1168 1993 1337 2027 catholicis
1362 1994 1401 2026 ab
1427 1995 1550 2025 asserta
1571 1993 1682 2034 regina
1700 1992 1762 2025 Eli·
1774 1977 1877 2025 }i'tis'imm
1891 1979 1956 1995 “¹¹⁰-

1020 2049 1157 2083 sabetlia
1192 2053 1312 2081 motam
1348 2047 1582 2089 inflictanique,
1610 2046 1762 2079 fratribus

1021 2101 1175 2146 praefatis
1210 2106 1263 2134 aut
1299 2100 1414 2133 occisis
1441 2104 1493 2132 aut
1523 2099 1662 2142 sugatis,
1688 2110 1762 2143 pro-

1021 2156 1124 2189 vincia
1141 2156 1196 2188 illa
1213 2154 1353 2187 extincta
1372 2153 1442 2193 suit,
1462 2153 1668 2196 postmodum
1684 2163 1761 2186 vero

1023 2208 1136 2240 fratres
1161 2206 1236 2239 illuc
1261 2205 1437 2238 redeuntes
1461 2205 1615 2247 adusque
1633 2204 1763 2237 Cromu<

1021 2261 1096 2294 velli
1116 2259 1251 2303 tyranni,
1270 2269 1287 2291 a
1304 2268 1369 2302 quo
1387 2257 1519 2301 penitus
1537 2257 1635 2289 deleti
1655 2257 1758 2295 suere,

1023 2320 1151 2356 tempus
1165 2312 1395 2356 perdurarunt.
1408 2311 1472 2343 Sub
1484 2310 1600 2343 Iacobo
1612 2310 1635 2343 ll
1655 2311 1761 2343 clarae

1022 2366 1214 2405 memoriae,
1242 2366 1317 2398 dum
1343 2364 1435 2404 vixit,
1463 2364 1596 2405 Angliae
1623 2368 1654 2396 et
1677 2363 1759 2396 Sco-

1024 2420 1084 2453 tiae
1121 2419 1169 2452 Vll
1206 2429 1304 2461 rege,
1338 2417 1452 2449 iterum
1491 2415 1760 2449 restaurationem

1022 2473 1175 2516 aggressi,
1203 2482 1275 2505 cum
1301 2471 1371 2514 ipso
1397 2469 1493 2502 etiam
1520 2480 1597 2512 rege
1621 2470 1761 2512 patrium

1022 2529 1127 2560 solum
1149 2526 1333 2568 relinquere
1348 2525 1386 2557 ab
1402 2524 1527 2556 intruso
1542 2522 1759 2559 Guillelmolll

1022 2581 1144 2621 coacti,
1172 2590 1204 2613 sc
1230 2590 1263 2612 se
1290 2578 1321 2611 in
1347 2577 1463 2611 Gallias
1485 2582 1691 2622 receperunt.
