2232 3178
521 204 584 238 570
1064 213 1242 237 nunciatum

479 263 640 292 claramus:
666 267 724 291 non
746 261 823 291 enim
847 264 890 291 est
923 260 1039 292 animus
1066 261 1218 301 religionis
1238 264 1241 287 Ι

480 312 545 341 illos
568 311 720 340 admittere
742 315 770 340 et
793 310 882 340 veluti
906 309 980 340 filios
1003 310 1123 349 habere,
1146 320 1219 350 quos

479 359 645 399 respublica
662 359 820 389 saecularis
839 363 985 398 tamquam
1001 359 1137 390 infamiae
1151 361 1220 390 nota

478 408 597 437 allectos
620 407 790 445 contemnit,
808 411 836 437 et
852 407 887 436 ob
911 407 1060 446 propriam
1077 408 1219 438 vilitatem

478 457 513 485 ab
544 456 647 485 officiis
675 455 846 485 honorificis
868 456 1008 486 excludit.
1037 456 1219 496 Quapropter

477 504 612 534 oninibus
635 504 663 533 in
688 504 816 533 futurum
845 503 1017 541 religionem
1040 504 1218 542 ingressuris

477 558 542 583 ante
579 552 777 591 receptionem
810 553 845 581 ad
879 552 1008 582 habitum
1042 558 1070 583 et
1107 554 1218 592 profes-

477 602 588 631 sionem
623 601 676 630 hoc
709 605 840 630 nostrum
875 601 1044 631 mandatum
1074 602 1218 632 notificari

478 649 686 688 praecipimus.
724 649 868 679 Similiter
904 650 1092 688 prohibemus
1125 650 1218 680 dictos

476 698 592 727 mulalos
619 703 647 728 et
668 699 790 727 mes-risos
812 697 850 737 (si
873 698 923 737 qui
946 698 975 727 in
998 699 1077 728 dicta
1100 699 1218 738 provin-

476 747 519 776 cia
542 747 600 776 iam
620 747 727 776 suerint
743 746 881 785 admissi)
905 746 1043 786 deinceps
1065 747 1100 777 ad
1123 747 1216 778 ot'ticia

476 806 541 825 cuni
558 797 628 825 cura
643 796 806 825 animarum
826 796 946 834 assumi,
965 796 1018 826 sub
1036 796 1136 835 poenis
1154 797 1217 836 ipso

476 845 551 874 sacto
585 844 770 874 incurrendis
802 844 948 874 nullitatis
981 845 1134 875 electionis
1168 850 1218 875 aut

476 893 702 931 nominationis,
727 897 770 931 et,
795 893 888 932 quoad
912 893 1052 932 eligentes
1075 898 1104 923 et
1127 894 1217 924 nomi-

477 948 593 979 nantes,
618 943 790 982 privationis
809 943 889 972 vocis
907 943 1020 973 activae
1036 947 1063 973 et
1086 943 1217 983 passivae

476 1002 529 1031 per
558 992 751 1028 decennium,
777 992 876 1030 quod'
899 992 968 1021 olim
991 992 1153 1031 respective
1182 992 1217 1022 ad

477 1042 571 1071 dictos
594 1041 719 1071 mulatos
756 1044 943 1080 praeceptum
967 1050 981 1069 a
1006 1045 1106 1070 nostro
1136 1050 1218 1080 prae-

476 1090 630 1119 decessore
652 1089 806 1127 Fulgentio
835 1089 1003 1118 Travalloni
1027 1089 1056 1118 in
1086 1089 1148 1119 suis
1170 1089 1218 1119 de-

476 1139 564 1168 cretis
585 1148 661 1168 anno
684 1146 872 1167 Mtiotxxxvnr
895 1147 947 1177 pro
968 1138 1045 1167 dIctn
1067 1138 1217 1177 provincia

476 1187 630 1226 expeditis.

285 213 334 239 An⁴
354 212 381 240 C.
408 213 474 241 ¹730

339 1276 466 1295 amuranu-
521 1265 535 1307 ᾗ
560 1263 591 1296 ⁶2.
612 1263 687 1297 Cum
707 1268 822 1302 autem,
849 1264 933 1296 sicut
954 1263 1056 1295 dictus
1075 1262 1217 1305 ignatius

282 1303 571 1351 552¹e'‘÷‘5.¹1'.⁴u5.³.‡]‘.¹-l1nobis
598 1317 736 1349 subinde
762 1317 880 1359 exponi
903 1316 992 1357 fecit,
1012 1316 1090 1359 ipse,
1109 1317 1218 1349 decre-

413 1358 543 1403 pffltum
584 1369 791 1409 huiusmodi,
819 1380 882 1413 quo
920 1368 1042 1402 firmius
1067 1370 1218 1403 subsistat

477 1429 508 1457 et
533 1428 680 1456 servetur
706 1423 861 1463 exactius,
889 1422 1084 1466 apostolicae
1106 1423 1220 1457 confir-

475 1477 628 1510 mationis
653 1481 783 1509 nostrae
810 1476 995 1520 patrocinio
1013 1477 1217 1519 cemmuniri,

477 1541 686 1573 summopere
713 1529 894 1562 desideret:

520 1585 535 1628 ἓ
559 1584 591 1618 3.
611 1584 687 1624 Nos,
708 1583 815 1626 ipsum
840 1583 998 1625 ignatium
1024 1583 1219 1627 specialibus

476 1637 638 1671 favoribus
663 1643 694 1670 et
718 1636 831 1678 gratiis
867 1636 1021 1680 prosequi
1057 1638 1215 1678 volentes,

477 1697 508 1724 et
533 1702 550 1724 a
574 1690 740 1734 quibusvis
767 1690 1125 1731 excommunicationis,
1146 1702 1218 1724 sus-

476 1744 647 1787 pensionis
672 1749 702 1775 et
727 1743 911 1782 interdicti,
938 1743 1079 1786 aliisque
1115 1745 1219 1777 eccle-

476 1796 611 1829 siasticis
638 1795 829 1835 sententiis,
857 1795 1002 1828 censuris
1028 1801 1059 1828 et
1084 1797 1219 1839 poenis,

476 1862 492 1883 a
519 1851 587 1882 iure
613 1850 663 1882 vel
689 1849 727 1881 ab
755 1849 895 1888 bomine,
915 1849 1027 1891 quavis
1049 1850 1219 1883 occasione

477 1904 524 1935 vel
546 1904 644 1935 causa
668 1902 750 1941 latis,
777 1901 803 1934 si
829 1902 947 1944 quibus
972 1902 1222 1945 quomodolibet

476 1956 651 1989 innodatus
678 1955 798 1995 existit,
826 1955 864 1987 ad
892 1954 1043 1987 effectum
1070 1966 1221 1999 praesen·

479 2011 556 2042 tium
594 2010 760 2042 dumtaxat
795 2009 1075 2052 consequendum,
1103 2010 1219 2042 harum

477 2063 563 2095 serie
589 2063 792 2095 absolventes
811 2066 841 2094 et
859 2061 1045 2094 absolutum
1064 2062 1133 2096 sore
1151 2073 1221 2095 cen-

477 2121 603 2155 sentes,
645 2114 940 2158 supplicationibus
980 2116 1050 2148 eius
1089 2116 1221 2149 nomine

476 2169 571 2202 nobis
597 2179 698 2212 super
717 2168 778 2201 hoc
797 2168 965 2202 humiliter
989 2169 1148 2211 porrectis
1174 2169 1224 2208 in-‚

477 2221 597 2261 clinati,
614 2221 778 2253 decretum
794 2221 1094 2264 p1·aeinsertum,ac
1112 2221 1222 2254 omnia

478 2279 510 2306 et
533 2274 660 2315 singula
686 2273 718 2305 in
744 2284 782 2306 eo
809 2278 976 2315 contenta,
1003 2284 1020 2306 a
1054 2274 1221 2317 praedicto

478 2327 609 2360 Nicolao
635 2327 790 2369 episcopo
823 2332 854 2359 et
889 2327 1044 2369 magistro
1076 2327 1220 2370 generali

478 2381 620 2421 condita,
643 2385 673 2414 et
690 2391 706 2412 a
725 2379 866 2423 capitulo
892 2381 1036 2422 generali
1052 2381 1221 2424 praedicto

478 2433 666 2476 approbata,
682 2433 875 2466 auctoritate
894 2433 1087 2477 apostolica,
1107 2438 1221 2466 tenore

282 1355 389 1374 dorm-lunt

282 1382 409 1402 cviitjrinart.

306 1594 378 1614 l’etttis
390 1594 466 1614 annuit

282 1621 385 1641 Clemens.

514 2515 524 2539 1
544 2512 659 2539 Videtur
674 2512 822 2547 legendum
838 2513 934 2547 quoad
947 2533 954 2547 ‚
971 2520 1019 2540 seu
1038 2513 1135 2547 iuxta,
1158 2512 1222 2540 alio-

478 2556 543 2591 quin
559 2556 676 2592 syntaxis
691 2564 825 2591 suspensa
841 2561 977 2592 maneret;
994 2557 1035 2585 vel
1050 2561 1112 2593 post
1129 2565 1221 2585 vocem

477 2602 657 2638 praefectum
673 2601 742 2630 adde
758 2602 814 2637 fuit
829 2603 867 2637 (R.
881 2603 929 2637 τ.).

2210 0 2232 183 l

1266 213 1425 238 nonanun
2009 217 2057 245 An,
2075 218 2104 246 c.
2128 218 2192 247 1739
2218 194 2232 247 i

1261 262 1506 306 praesentium,
1532 265 1752 308 approbamus
1777 270 1809 298 et
1834 265 2002 299 confirma-
2219 289 2220 305 χ

1260 326 1341 357 mus,
1357 315 1487 360 illique¹
1510 316 1709 350 inviolabilis
1733 319 1933 361 apostolicae
1953 319 2002 352 fir·
2218 323 2221 366 l

1261 368 1381 400 mitatis
1418 369 1518 402 robur
1554 369 1743 410 adiicimus,
1768 381 1946 414 omnesque
1971 377 2002 405 et

1261 421 1407 463 singulos
1433 421 1511 455 iuris
1537 427 1569 455 et
1593 422 1666 456 sacti
1693 423 1860 463 desectus,
1885 424 1910 456 si
1947 425 2002 467 qui

1261 473 1400 517 desuper
1426 475 1676 517 quomodolibet
1699 475 1941 516 intervenerint,
1960 477 2004 510 di-

1261 529 1312 559 cta
1336 528 1527 561 auctoritate
1552 529 1740 571 supplemus
1767 533 1799 561 et
1822 539 1985 562 sanamus.

1304 580 1318 623 ἓ
1342 580 1374 613 4.
1396 581 1631 622 Decet-nentes,
1658 582 1788 614 casdem
1813 587 2003 625 praesentes
2049 594 2192 626 Praesentia-2.
2224 595 2225 628 1

1261 632 1384 666 litteras
1409 644 1538 677 semper
1563 633 1682 675 firmas,
1702 634 1823 667 validas
1848 638 1879 668 et
1901 621 2130 668 effica-ffiiffa‘s‘f'um
2161 624 2192 644 '¹¹'
2224 633 2226 646 '

1261 696 1312 718 ces
1337 686 1475 719 existere
1500 691 1532 719 et
1558 687 1644 727 fore,
1672 697 1812 731 suosque
1836 688 2003 731 plenarios

1261 745 1291 771 et
1317 739 1461 782 integros
1486 739 1618 773 esl'ectus
1643 741 1753 773 sortiri
1783 746 1814 774 et
1840 741 2001 782 obtinere,

1261 803 1297 825 ac
1321 793 1395 835 illis,
1421 794 1459 826 ad
1481 804 1562 836 quos
1588 799 1709 837 spectat
1731 799 1762 827 et
1786 794 1946 838 spectabit
1969 795 2002 828 in

1261 846 1414 885 futurum.
1432 847 1617 890 plenissime
1642 847 1824 891 suffragari,
1844 852 1876 881 et
1893 848 1932 881 ab
1956 848 2002 882 eis

1261 900 1442 943 respective
1466 901 1698 935 inviolabiliter
1722 901 1909 942 observari,
1935 902 1998 936 sic²

1260 953 1294 985 in
1318 954 1506 996 praemissis
1542 964 1601 997 per
1633 965 1853 998 quoscumque
1877 955 2003 990 iudices

1261 1006 1444 1039 ordinarios
1464 1013 1495 1040 et
1513 1007 1689 1049 delegatos,
1714 1008 1810 1040 etiam
1834 1018 2004 1042 causarum

1261 1059 1372 1102 palatii
1399 1061 1569 1102 apostolici
1591 1060 1777 1102 auditores,
1810 1060 1946 1094 iudicari
1973 1066 2005 1094 et

1262 1112 1389 1145 definiri
1417 1113 1552 1152 debere,
1580 1124 1616 1146 ac
1641 1114 1768 1146 irritum
1793 1119 1825 1146 et
1849 1114 1946 1147 inane
1977 1114 2004 1147 si

1261 1176 1355 1199 secus
1374 1178 1479 1210 -super
1504 1167 1555 1200 his
1580 1178 1597 1201 a
1621 1178 1796 1211 quoquam,
1813 1168 1923 1211 quavis
1949 1178 2002 1200 au-

1262 1219 1421 1262 ctoritate,
1447 1221 1586 1254 scienter
1610 1222 1659 1254 vel
1684 1221 1883 1264 ignoranter,
1900 1221 2005 1254 conti-

1261 1273 1345 1314 gerit
1369 1274 1533 1306 attentari.

1306 1325 1321 1369 ἓ
1345 1325 1376 1359 5.
1404 1325 1473 1359 Non
1495 1326 1701 1360 obstantibus
1718 1327 2004 1360 constitutionibus

1263 1383 1295 1411 et
1308 1379 1781 1423 ordinationibusapostolicis,
1792 1391 1922 1415 necnon
1932 1391 2005 1424 pro-

1262 1431 1385 1465 vinciae
1412 1438 1443 1465 et
1466 1433 1597 1466 Ordinis
1630 1434 1879 1476 praedictorum,
1905 1434 2004 1467 etiam

1262 1485 1460 1527 iuramento,
1477 1486 1728 1520 confirmatione
1743 1487 1937 1530 apostolica,
1953 1488 2004 1521 vel

1261 1539 1375 1582 quavis
1400 1539 1552 1572 firmitate
1576 1539 1639 1572 alia
1663 1540 1826 1573 roboratis
1841 1567 1848 1580 ,
1874 1540 2005 1574 statutis

1262 1597 1293 1624 et
1317 1592 1628 1633 consuetudinibus,
1653 1592 1831 1635 privilegiis
1858 1604 2004 1637 quoque,

1261 1645 1396 1679 indultis
1420 1651 1452 1678 et
1475 1646 1590 1679 litteris
1615 1646 1800 1689 apostolicis
1825 1647 1859 1679 in
1881 1653 2007 1680 contra-

1261 1698 1344 1731 rium
1376 1699 1631 1742 praemissorum
1658 1699 1906 1742 quomodolibet
1929 1710 2006 1733 con-

1262 1751 1375 1791 cessis,
1399 1751 1598 1784 confirmatis
1623 1756 1654 1784 et
1678 1752 1859 1793 innovatis;
1887 1752 2006 1795 quibus

1263 1805 1414 1838 omnibus
1447 1810 1479 1838 et
1513 1804 1670 1847 singulis,
1706 1805 1839 1838 illorum
1872 1811 2005 1839 tenores

1263 1869 1323 1902 pro
1356 1859 1454 1901 plene
1487 1863 1515 1891 et
1551 1857 1749 1891 sufficienter
1773 1858 1937 1902 expressis
1970 1869 2006 1892 ac

1265 1912 1304 1944 de
1330 1911 1427 1944 verbo
1452 1912 1490 1944 ad
1517 1911 1651 1944 verbum
1676 1910 1810 1944 insertis
1832 1911 2006 1953 hahentes,

1264 1964 1328 1998 illis
1346 1962 1425 1998 alias
1450 1965 1482 1998 in
1498 1975 1555 1998 suo
1569 1964 1687 1998 robore
1713 1965 1949 2008 permansuris,
1966 1966 2005 1999 ad

1265 2019 1517 2061 praemissorum
1542 2017 1708 2058 effectum,
1735 2018 1798 2051 hac
1821 2018 1890 2052 vice
1915 2018 2006 2052 dum-

1267 2077 1368 2112 taxat,
1393 2071 1581 2114 specialiter
1618 2076 1649 2104 et
1685 2081 1840 2114 expresse
1873 2072 2007 2114 deroga-

1266 2137 1355 2166 mus;
1388 2125 1573 2169 ceterisque
1598 2125 1770 2158 contrariis
1795 2125 2006 2169 quibuscum-

1266 2189 1342 2222 que.

1309 2232 1423 2265 Datum
1446 2231 1579 2272 Romae,
1610 2231 1695 2275 apud
1721 2231 1752 2264 S.
1773 2232 1905 2265 Mariam
1942 2233 2005 2266 Ma-

1266 2286 1387 2325 iorem,
1415 2286 1474 2318 sub
1510 2285 1632 2317 annulo
1666 2284 1851 2325 piscatoris,
1887 2286 1939 2319 die
1973 2296 2005 2320 vr

1265 2338 1390 2380 augusti
1418 2346 1621 2378 nnccxxx1x‚
1657 2337 1865 2379 pontificatus
1901 2339 2004 2371 nostri

1265 2401 1350 2423 anno
1374 2401 1405 2423 x.

2225 724 2227 739 l

2082 1334 2193 1364 nerogatio

2014 1363 2172 1383 contrariorum.

1301 2453 1359 2480 Dat.
1381 2453 1425 2479 die
1445 2453 1462 2479 6
1481 2454 1588 2488 augusti
1611 2453 1690 2488 1739,
1712 2453 1811 2488 pontis.
1829 2461 1904 2481 anno
1924 2462 1950 2480 x-

1302 2560 1311 2586 1
1334 2559 1389 2586 Aut
1409 2558 1469 2594 lege
1489 2559 1606 2593 illisque
1624 2559 1663 2594 (R.
1680 2558 1729 2593 12).

1298 2602 1315 2630 2
1334 2602 1490 2639 Legendum
1509 2603 1606 2639 sicque
1624 2604 1667 2639 (n.
1681 2603 1730 2638 12).
