2232 3178
58 213 105 242 An.
119 211 148 239 C.
170 210 235 237 1738

243 256 388 297 praesidio
417 266 451 286 ac
473 256 635 287 munimine
668 255 829 294 roborare,
853 256 981 294 additis,

243 306 373 343 mutatis,
397 305 538 336 correctis
554 305 589 335 iis
604 305 739 335 omnibus
756 314 830 344 quae
853 314 983 334 summae

243 354 412 385 Sanctitatis
425 363 493 384 suae
507 354 666 393 sapientiae
678 354 821 391 addenda,
836 353 982 391 mutanda,

242 403 413 442 corrigenda
439 403 602 433 videantur.

281 452 382 482 Datum
406 452 435 482 in
458 452 584 482 comitiis
613 452 721 482 nostris
751 452 912 482 maioribus
934 452 984 481 ha-

241 499 310 530 bitis
332 500 360 529 in
385 500 562 530 monasterio
592 500 621 531 S.
645 500 772 530 Iustinae
800 500 834 530 de
863 501 982 537 Padus,

241 548 288 578 die
310 556 338 577 1v
362 548 430 578 maii
454 558 529 578 anno
552 558 751 579 moccxxxvm.

281 596 313 626 D.
338 596 445 626 losarn
472 597 569 627 Manu
591 607 606 627 a
629 598 730 637 Papia,
751 597 841 627 abbas
857 601 884 627 et
900 606 983 636 prae-

320 645 430 675 sidens.

280 694 312 723 D.
336 694 470 724 Cimonis
493 704 508 724 a
532 695 665 733 Perusio,
683 694 773 725 abbas
789 698 818 724 et
835 694 981 724 delinitor.

280 742 311 772 D.
335 743 536 773 Itossruoxsus
561 753 575 773 a
592 743 723 784 Neapoli,
748 743 837 773 abbas
863 747 892 773 et
913 743 984 773 defi-

320 792 410 822 nitor.

279 840 310 870 D.
332 841 458 871 tremus
481 841 577 872 ΜΑΜΑ
600 851 614 872 a
636 842 770 881 Mantua⁷
787 841 875 872 abbas
888 845 916 872 et
937 841 983 872 de-

321 889 431 920 finitor.

280 937 310 967 D.
327 937 487 968 Donnxicrs
503 947 516 968 a
530 938 674 975 Messana,
688 938 777 968 abbas
790 942 818 969 et
834 938 981 968 definitor.

280 986 312 1016 D.
338 987 489 1017 Vinolxit's
513 996 526 1016 a
550 987 663 1025 Brixia,
679 986 768 1017 abbas
785 991 813 1017 et
836 987 981 1017 definitor.

280 1035 312 1065 D.
336 1035 462 1065 IOANNEs
485 1035 632 1065 Putemus
656 1045 671 1065 a
695 1036 843 1066 Saviliano
858 1059 865 1073 ‚
896 1036 983 1066 abbas

320 1089 348 1114 et
369 1084 516 1114 delinitor.

280 1133 312 1163 D.
347 1133 473 1163 toaxxsss
503 1135 653 1164 Axroxirs
677 1144 691 1164 a
714 1135 813 1164 Padua
831 1159 838 1173 ‚
872 1134 960 1164 abbas
975 1159 982 1173 ‚

320 1182 456 1212 definitor
479 1186 506 1212 et
529 1183 625 1212 scriba
649 1183 783 1222 capituli.

70 1272 232 1304 ,pennatum
286 1262 346 1306 5⁶2.
366 1263 441 1296 Cum
460 1269 578 1303 autem,
596 1263 679 1296 sicut
697 1264 809 1296 eadem
828 1263 984 1306 expositio

54 1300 478 1358 itsslfflu‘lffiffilsubiungebat,
506 1316 610 1348 dictus
636 1316 772 1350 Micbael
797 1316 985 1349 Franciscus

54 1355 89 1375 ‘¹⁰'
242 1374 439 1412 procurator
472 1369 633 1411 generalis
661 1369 790 1403 decreta
817 1370 984 1403 huiusmo—

243 1421 283 1461 di,
313 1432 377 1465 qno
404 1421 526 1454 firmius
553 1422 731 1455 subsistant
755 1427 787 1455 et
815 1427 986 1455 serventur

241 1474 394 1514 exactius,
416 1475 616 1518 apostolicae
643 1475 901 1509 confirmationis
927 1487 985 1508 no-

240 1533 323 1561 strae
350 1527 532 1571 patrocinio
559 1529 751 1562 communiri
778 1539 984 1573 summopere

241 1580 406 1614 desideret
422 1592 428 1612 ς

285 1635 302 1675 ἕ
327 1633 357 1666 3.
383 1633 460 1673 Nos,
488 1634 589 1677 ipsius
621 1634 786 1668 Michaelis
823 1635 983 1668 Francisci

240 1688 462 1731 procuratoris
489 1687 651 1730 generalis
679 1688 760 1721 votis
788 1688 848 1721 hac
874 1688 905 1720 in
933 1699 985 1728 re,

241 1747 397 1784 quantum
430 1751 502 1773 eum
528 1741 664 1774 Domino
689 1751 875 1784 possumus,
901 1741 986 1775 savo-

241 1794 391 1827 rabiliter
422 1804 569 1827 annuere
596 1796 763 1834 volentes,
797 1805 938 1837 eumque
969 1804 985 1826 a

241 1847 409 1890 quibusvis
428 1847 786 1887 excommunicationis,
804 1847 986 1890 suspensio-

240 1901 290 1933 nis
322 1907 353 1934 et
379 1901 564 1941 interdicti,
593 1901 732 1944 aliisque
758 1900 986 1934 ecclesiasticis

240 1954 432 1994 sententiis,
458 1954 604 1986 censuris
642 1959 673 1986 et
708 1954 843 1997 poenis,
875 1965 891 1986 a
917 1954 985 1987 iure

239 2007 288 2039 vel
323 2006 361 2038 ab
399 2006 553 2047 homine,
580 2007 691 2049 quavis
728 2006 901 2040 occasione
936 2007 986 2040 vel

241 2062 337 2092 eausa
362 2060 444 2099 latis,
470 2060 494 2092 si
522 2060 641 2103 quibus
666 2060 914 2103 quomodolibet
938 2060 987 2093 in-

239 2112 378 2146 nodatus
406 2113 521 2153 existit,
541 2113 580 2146 ad
597 2113 746 2147 effectum
764 2113 986 2157 praesentium

240 2165 404 2199 dumtaxat
439 2167 723 2210 consequendum,
749 2167 864 2200 harum
902 2167 986 2200 serie

240 2219 444 2252 absolventes
466 2225 498 2253 et
518 2219 698 2254 absolutum
717 2220 784 2253 sore
804 2226 988 2261 censentes,

239 2271 534 2315 supplicationibus
560 2274 629 2306 eius
655 2272 788 2306 nomine
814 2273 908 2306 nobis
933 2284 986 2306 su-

240 2335 300 2368 per
336 2326 396 2359 hoc
432 2325 602 2360 humiliter
638 2327 796 2369 porrectis
829 2327 986 2367 inclinati,

240 2379 349 2411 omnia
386 2385 417 2411 et
453 2379 583 2422 singula
614 2379 746 2413 decreta
770 2380 985 2422 praeinserta,

241 2432 435 2465 auctoritate
461 2433 655 2476 apostolica,
683 2439 797 2466 tenore
830 2443 987 2476 praesen-

241 2486 334 2527 tium,
354 2485 583 2518 confirmamus
601 2491 632 2519 et
652 2486 882 2529 approbamus,
910 2486 987 2520 illis-

242 2550 305 2584 que
346 2539 542 2573 inviolabilis
586 2540 784 2583 apostolicae
827 2539 986 2572 firmitatis

241 2593 341 2626 robur
366 2593 552 2634 adiieimus,
580 2604 615 2626 ac
641 2603 752 2626 omnes
784 2598 815 2627 et
840 2593 986 2636 singulos

77 1643 175 1665 concedit
185 1643 230 1665 Cle-

53 1675 115 1690 mens.

869 207 1012 232 CLEMENS
1035 207 1080 231 x11
1105 207 1154 231 PP.

1667 196 1732 230 493
1779 205 1817 231 An
1845 205 1873 232 c.
1897 206 1964 233 1738

1026 256 1105 288 iuris
1131 261 1163 289 et
1188 255 1262 288 sacti
1289 254 1450 295 desectus,
1476 255 1501 287 si
1538 255 1591 298 qui
1629 254 1771 297 desuper

1026 309 1273 352 quomodolibet
1297 308 1545 349 intervenerint,
1566 309 1766 352 supplemus.

1069 363 1084 405 ἓ
1109 363 1140 396 4.
1167 362 1404 402 Decernentes,
1432 362 1543 395 eadem
1579 367 1707 402 statuta,
1734 372 1771 393 ac
1818 372 1891 398 anue
1916 378 1967 397 ptr-

1027 421 1213 458 praesentes
1238 415 1361 448 litteras
1386 426 1518 458 semper
1543 415 1672 455 firmas,
1697 402 1965 447 νειΙί-Ειᾝιίᾈι.ἕψω

1027 469 1082 501 das
1107 474 1138 501 et
1156 468 1306 502 efficaces
1325 468 1465 501 existere
1483 474 1514 501 et
1532 470 1610 508 sore,
1629 478 1770 510 suosque

1027 522 1194 564 plenarios
1220 527 1252 554 et
1276 521 1422 564 integros
1447 521 1580 554 effectus
1605 521 1715 554 sortiri
1741 526 1773 553 et

1027 574 1185 614 obtinere,
1211 585 1247 607 ac
1265 574 1341 615 illis,
1363 576 1403 607 ad
1422 586 1502 617 quos
1520 580 1646 618 spectat
1662 580 1694 607 et
1712 585 1772 617 pro

1027 633 1175 671 tempore
1215 629 1493 671 quandocumque
1533 628 1714 671 spectabit,
1740 628 1773 660 in

1026 681 1178 714 omnibus
1204 686 1235 714 et
1260 691 1319 724 per
1352 681 1459 714 omnia
1493 681 1682 724 plenissime
1711 681 1775 712 suf-

1029 734 1161 777 fragari,
1189 738 1221 767 et
1242 734 1281 767 ab
1307 733 1353 768 eis
1377 735 1557 777 respective
1584 733 1774 766 inviolabili-

1029 793 1078 821 ter
1103 787 1287 827 observari,
1314 787 1425 830 sicque
1452 787 1482 820 in
1508 787 1698 830 praemissis
1716 797 1775 830 per

1028 850 1251 884 quoscumque
1278 840 1400 873 iudices
1418 840 1601 874 ordinarios
1627 845 1659 873 et
1684 840 1773 873 dele-

1028 899 1119 937 gatos
1149 894 1245 926 etiam
1268 904 1438 927 causarum
1464 894 1573 937 palatii
1599 893 1772 937 apostolici

1028 947 1196 980 auditores
1216 947 1352 980 iudicari
1379 952 1411 980 et
1435 946 1562 980 deffiniri
1589 947 1718 986 debere,
1738 957 1773 979 ac

1029 1001 1154 1033 irritum
1182 1006 1214 1033 et
1245 1001 1340 1034 inane
1366 1001 1391 1033 si
1418 1011 1510 1033 secus
1547 1010 1645 1043 super
1679 1001 1729 1032 liis
1756 1011 1773 1033 a

1028 1065 1211 1097 quoquam,
1247 1053 1358 1096 quavis
1394 1054 1605 1093 auctoritate,
1631 1054 1773 1086 scienter

1029 1107 1078 1139 vel
1104 1107 1307 1148 ignoranter,
1334 1105 1511 1148 contigerit
1537 1106 1702 1139 attentari.

1073 1161 1088 1201 ξ
1115 1159 1144 1191 5.
1173 1159 1243 1191 Non
1262 1159 1466 1191 obstantibus
1484 1159 1771 1191 constitutionibus

1029 1218 1061 1244 et
1093 1212 1357 1244 ordinationibus
1394 1213 1603 1255 apostolicis,
1641 1222 1771 1245 necnon

1029 1265 1132 1297 dietae
1158 1265 1438 1307 Congreganonis,
1458 1265 1554 1298 etiam
1574 1266 1770 1303 iuramento,

1029 1318 1275 1351 confirmatione
1301 1318 1490 1361 apostolica,
1516 1320 1565 1352 vel
1592 1319 1701 1361 quavis
1721 1318 1775 1350 fir-

1028 1371 1138 1404 mitate
1164 1372 1225 1404 alia
1252 1371 1421 1411 roboratis,
1439 1373 1566 1405 statutis
1585 1378 1616 1405 et
1635 1383 1774 1406 consue-

1030 1425 1213 1464 tudinibus,
1239 1425 1419 1468 privilegiis
1453 1436 1604 1470 quoque,
1639 1426 1772 1459 indultis

1029 1483 1061 1510 et
1100 1478 1218 1511 litteris
1259 1479 1451 1522 apostolicis
1496 1480 1529 1512 in
1573 1480 1774 1513 contrarium

1027 1532 1281 1575 praemissorum
1312 1532 1562 1575 quomodolibet
1594 1533 1770 1572 concessis,

1028 1585 1226 1618 confirmatis
1246 1591 1276 1619 et
1295 1586 1470 1627 innovatis,
1490 1586 1606 1629 quibus
1624 1586 1773 1619 omnibus

1029 1645 1060 1671 et
1077 1639 1221 1681 singulis,
1247 1638 1378 1672 illorum
1398 1644 1526 1672 tenores
1545 1639 1772 1682 praesentibus

1029 1703 1087 1735 pro
1120 1693 1216 1735 plene
1249 1697 1280 1725 et
1312 1692 1511 1725 sufficienter
1542 1691 1705 1735 expressis
1737 1703 1773 1724 ac

1030 1746 1068 1778 de
1090 1746 1190 1778 verbo
1222 1745 1261 1777 ad
1287 1745 1419 1777 verbum
1446 1744 1577 1778 insertis
1604 1745 1771 1784 habentes,

1029 1799 1094 1832 illis
1121 1799 1200 1831 alias
1227 1798 1259 1830 in
1285 1808 1344 1830 suo
1382 1798 1500 1831 robore
1537 1797 1771 1841 permansuris,

1030 1852 1067 1884 ad
1084 1850 1336 1894 praemissorum
1353 1849 1514 1891 effectum,
1526 1850 1586 1882 liae
1600 1849 1668 1882 vice
1683 1850 1773 1882 dum-

1031 1910 1124 1944 taxat,
1139 1903 1325 1947 specialiter
1338 1909 1370 1936 et
1383 1914 1537 1946 expresse
1556 1904 1750 1945 derogamus
1764 1914 1772 1943 ;

1030 1958 1212 2001 ceterisque
1239 1956 1408 1990 contrariis
1435 1957 1704 2000 quibuscumque.

1073 2011 1188 2043 Datum
1220 2010 1358 2049 Romae,
1374 2010 1458 2053 apud
1477 2009 1509 2042 S.
1532 2009 1663 2042 Mariam
1678 2009 1775 2041 Maio-

1030 2075 1111 2104 rem,
1137 2063 1198 2096 sub
1223 2064 1345 2096 annulo
1364 2062 1549 2103 piscatoris,
1572 2063 1622 2095 die
1645 2072 1698 2097 xnl
1725 2073 1776 2095 se-

1030 2116 1186 2161 ptembris
1205 2125 1422 2157 Moccxxxvni,
1445 2115 1654 2159 pontificatus
1671 2115 1773 2148 nostri

1030 2181 1114 2205 anno
1133 2181 1176 2205 lx.

1065 2233 1125 2260 Dat.
1141 2234 1186 2260 die
1204 2233 1237 2261 13
1250 2232 1417 2268 septembris
1435 2232 1513 2263 1738,
1532 2232 1630 2268 pontif.
1648 2239 1722 2260 anno
1736 2238 1772 2258 ix.

1827 1164 1967 1184 Obstantibus

1784 1191 1880 1217 derogat.

1335 2403 1459 2438 CCXLl.

1031 2483 1242 2526 Confirmatio
1285 2484 1555 2517 constitutionum
1594 2485 1630 2517 in
1668 2485 1774 2527 forma

1073 2537 1239 2570 communi
1266 2537 1400 2570 Ordinis
1425 2538 1567 2579 fratrum
1586 2538 1618 2569 S.
1639 2537 1773 2570 Ioannis

1073 2592 1133 2625 Dei·
1154 2591 1423 2634 Gonyreqationz's
1443 2590 1637 2634 Hispaniae.
