2232 3178
25 243 71 270 An.
92 242 119 268 G.
143 240 208 267 ¹737

211 285 294 332 pulis
319 296 506 320 sermonem
533 286 694 320 habebat:
732 296 883 330 quaeque
919 284 952 317 in

213 339 334 374 scholis
370 349 408 373 ex
445 339 653 372 ethnicorum
678 339 771 372 libris
797 337 952 382 explicari

211 394 330 433 solent,
353 402 499 435 quaeque
518 392 556 424 ab
575 392 836 425 adolescentibus
855 390 952 424 scribi

212 444 407 488 tractarique
426 445 572 478 exercitii
592 448 687 478 causa
702 449 953 484 consueverunt,

210 499 272 532 huc
296 497 460 531 referebat
485 498 594 531 omnia
622 503 655 530 ut
687 508 800 531 eorum
826 497 952 530 animos

211 562 275 586 non
294 552 390 584 modo
408 550 592 584 eruditione
611 551 756 584 excultos
776 550 832 583 sed
858 549 952 583 ctiam

209 604 332 649 probos
351 609 547 647 sanctosque
566 603 770 637 efformaret:
787 603 953 646 quodiam

211 657 359 700 diligenti
385 658 463 690 cura
497 661 528 689 et
554 662 617 689 tam
645 655 737 688 uberi
765 656 869 688 fructu
895 665 954 698 per

210 709 417 754 septennium
445 709 600 752 explevit,
627 714 661 740 ut
694 709 761 742 eius
799 707 953 752 discipuli

210 774 227 796 a
252 762 368 796 ceteris
393 762 552 805 gravitate
577 773 704 796 morum
731 762 879 805 vitaeque
906 762 954 795 in-

210 815 363 850 nocentia
388 815 669 849 discernerentur.

23 883 199 915 samosatena-
253 870 268 913 ἓ
293 869 322 903 8.
349 869 396 902 Ad
422 869 595 902 sacerdotii
621 868 758 902 sublime
790 868 954 912 fastigium

23 909 288 968 llss‘e'ilnt‘iffls'ssprae
324 922 422 956 animi
458 921 619 955 modestia
656 922 818 955 reluctans
856 927 953 965 atque

24 967 85 986 '⁰¹⁰⁰'
103 963 173 984 ‘'³⁶¹‘'
210 975 329 1009 invitus
355 975 561 1019 superiorum
588 975 677 1007 iussu
703 975 870 1009 ascendit:
903 985 954 1007 sa-

211 1029 327 1063 cerdos
352 1034 460 1062 autem
485 1029 602 1069 sactus,
623 1028 771 1071 cogitans
790 1027 953 1072 quomodo

210 1082 277 1116 Deo
301 1083 468 1125 placeret,
507 1092 580 1115 cum
616 1083 714 1125 plane
751 1081 954 1124 intelligeret

211 1136 336 1170 nullum
362 1135 536 1169 certiorem
562 1135 698 1179 gradum
724 1135 763 1168 ad
788 1134 847 1168 Dei
871 1144 954 1168 amo-

211 1200 281 1223 rem
307 1200 376 1223 esse
403 1199 499 1233 quam
526 1188 670 1222 hominis
689 1199 767 1232 erga
785 1189 953 1222 hominem

211 1243 413 1283 charitatem,
441 1248 540 1276 totum
565 1253 599 1276 se
617 1243 835 1276 sublevandae
855 1253 954 1286 egen-

211 1297 290 1330 tium
316 1296 447 1340 inopiae
474 1301 506 1329 et
526 1296 751 1340 procurandae
771 1296 953 1329 animarum

211 1349 307 1383 saluti
334 1349 473 1382 devovit.

83 1413 199 1439 Praecipue
255 1404 270 1448 ἓ
295 1402 327 1437 9.
353 1402 454 1436 Nemo
481 1402 650 1436 hominum
673 1409 752 1444 erat,
771 1413 870 1447 quem
888 1413 953 1436 am-

25 1446 265 1501 {iiinl’ag'iiiinmpla
298 1456 367 1490 eius
393 1467 457 1489 non
490 1457 766 1500 complecteretur
790 1456 950 1497 charitas;

211 1510 412 1554 potissimam
439 1515 545 1543 tamen
571 1521 753 1553 pauperum
773 1521 880 1543 curam
898 1521 953 1553 ge-

212 1563 312 1603 rebat,
331 1573 472 1607 sequens
490 1562 606 1597 Christi
622 1563 742 1596 domiui
758 1563 951 1607 exemplum,

212 1616 279 1661 qui,
299 1621 335 1649 ut
352 1616 527 1649 humanam
545 1617 734 1660 superbiam
753 1617 952 1655 retunderet,

212 1681 294 1711 cum,
321 1669 360 1703 ad
385 1670 563 1703 sanandum
590 1670 696 1713 reguli
723 1669 840 1709 silium,
867 1670 953 1703 illius

212 1724 343 1758 domum
368 1729 501 1767 rogatus
528 1723 574 1756 ire
600 1724 775 1764 noluisset,
807 1723 845 1756 ad
880 1734 955 1757 cen-

1 1789 3 1813 t
213 1777 350 1810 turionis
377 1787 520 1817 servum,
546 1787 611 1810 non
637 1776 801 1816 invitatus,
827 1777 872 1810 ire
898 1788 954 1820 pa-

2 1833 5 1872 ἰ
212 1837 299 1865 ratus
325 1831 395 1864 suit.
434 1831 478 1864 lta
504 1830 572 1864 cius
599 1840 730 1870 servus,
757 1830 870 1874 spiritu
897 1831 953 1864 Dei

1 1874 5 1921 l
212 1886 327 1928 plenus
364 1885 418 1928 qui
457 1894 557 1927 super
598 1883 739 1916 humiles
780 1884 954 1928 requiescit

3 1929 6 1954 ¹
212 1944 245 1972 et
282 1938 459 1972 humilibus
496 1938 549 1970 dat
586 1937 749 1980 gratiam,
776 1938 829 1971 vili
858 1944 952 1982 atque

211 1992 329 2026 humili
354 1992 442 2035 plebi
469 2002 502 2024 sc
527 1991 717 2035 praebebat,
746 1996 778 2024 ct
806 1993 954 2036 pauperi-

211 2045 272 2078 bus
297 2044 465 2088 magisque
491 2044 717 2087 indigentibus
750 2045 875 2078 serebat
899 2056 954 2078 au-

211 2099 338 2139 xilium,
364 2098 595 2142 spectabatque
617 2098 648 2130 in
668 2097 857 2131 hominibus
877 2099 954 2132 ima-

7 2169 10 2207 Ι
212 2152 321 2195 ginem
357 2162 419 2195 qua
452 2151 490 2184 ad
525 2151 580 2184 Dei
607 2151 853 2184 similitudinem
879 2152 953 2185 sacti

8 2235 10 2238 .
212 2211 295 2246 sunt,
321 2208 351 2239 et
374 2204 515 2249 pretium
540 2214 693 2247 magnum
712 2215 776 2248 quo
794 2205 954 2249 redempti

8 2242 11 2297 l
213 2264 296 2300 sunt,
321 2268 387 2292 non
413 2263 520 2291 autem
546 2258 687 2291 honores
713 2263 745 2290 et
771 2258 898 2292 divitias
925 2264 956 2292 et

8 2307 10 2310 ⁴
213 2323 349 2356 pompas
374 2318 405 2346 et
430 2312 604 2346 vanitatem
629 2313 764 2345 saeculi.

28 2370 204 2422 “sztdffigffiigoig
258 2366 273 2410 ἓ
296 2364 351 2399 to.
378 2365 502 2398 intimis
524 2365 624 2408 igitur
641 2365 739 2398 animi
758 2366 907 2398 sensibus
925 2372 956 2399 ct

28 2424 201 2471 :atquo-*tibet
217 2419 292 2452 totis
318 2419 485 2452 charitatis
511 2418 707 2458 visceribus,
735 2429 807 2451 cum
832 2429 956 2462 paupe·

85 2465 90 2471 '
214 2481 283 2504 rum
309 2472 475 2515 angustias
495 2477 655 2512 cerneret,
677 2472 954 2505 commovebatur.

214 2524 343 2558 Nullum
380 2535 482 2568 genus
521 2529 590 2557 crat
627 2524 840 2565 calamitatis,
868 2525 954 2569 quod

214 2588 280 2612 non
306 2578 510 2618 sublevaret;
538 2578 643 2611 nullus
669 2588 786 2621 aeger,
815 2578 865 2611 cui
892 2588 956 2612 non

215 2636 446 2672 succu1'rcret3
482 2632 589 2664 nullus
626 2631 748 2671 miser,
775 2631 823 2664 cui
860 2642 956 2675 opem

305 2695 388 2723 Ball.
403 2695 486 2725 Rom.
506 2710 540 2716 —
560 2695 623 2724 Vol.
640 2695 742 2723 XXIV.
887 2693 921 2722 32

829 234 973 261 CLEMENS
1004 236 1046 260 :511
1071 235 1120 260 ΓΡ.

1638 226 1700 259 249
1748 235 1844 261 Aac.
1870 235 1934 262 1737

998 294 1063 317 non
1088 284 1208 318 ferret:
1248 284 1329 318 alios
1354 284 1460 318 verbis
1487 284 1715 318 consolabatur
1731 312 1738 324 ‚

997 337 1069 371 aliis
1095 347 1194 381 opere
1221 337 1447 371 subveniebat.
1482 337 1538 371 llis
1563 343 1672 370 natum
1698 343 1742 370 at·

997 401 1059 434 que
1084 391 1299 424 inserviendis
1333 391 1497 424 addictum
1524 402 1557 425 se
1582 391 1739 435 putabat,

997 443 1048 475 his
1085 443 1235 477 diurnam
1273 449 1504 488 nocturamque
1543 455 1673 488 operam
1710 444 1740 476 iu

998 496 1181 539 ergastulis,
1208 497 1241 529 in
1267 497 1475 538 nosocomiis,
1502 496 1534 530 in
1560 508 1674 530 eorum
1693 509 1742 531 ca-

997 549 1039 582 sis
1065 549 1265 592 praestabat:
1302 550 1381 583 duos
1407 550 1602 594 praesertim
1627 561 1742 594 aegro-

998 608 1055 642 tos,
1082 613 1138 636 seu
1165 603 1275 646 potius
1290 602 1460 636 hominum
1476 604 1643 644 cadavera,
1659 615 1741 648 quae

997 655 1152 688 foeditate
1192 655 1298 688 morbi
1339 661 1371 688 et
1410 656 1596 689 maleolenti
1638 657 1740 690 odore

998 718 1112 741 omnes
1140 718 1156 740 a
1182 719 1216 741 se
1242 714 1436 748 averterant,
1463 709 1533 753 ipse
1560 709 1669 750 adivit,
1694 720 1742 743 so-

997 761 1079 794 latus
1117 767 1184 802 est,
1212 767 1244 794 et
1277 761 1365 794 omni
1399 761 1581 795 officiorum
1618 772 1740 805 genere

998 813 1089 847 fovit:
1116 814 1273 848 miracula
1296 819 1327 847 et
1351 814 1504 858 prodigia
1528 815 1595 848 sere
1616 825 1682 848 non
1708 815 1740 848 in

998 868 1135 901 aliorum
1162 878 1258 911 quam
1284 867 1317 900 in
1343 878 1524 911 pauperum
1548 867 1682 911 gratiam
1700 873 1741 901 at-

999 931 1061 964 que
1086 920 1119 953 in
1144 920 1337 954 miserorum
1364 920 1520 954 auxilium
1545 926 1675 965 patrare
1696 921 1741 954 vi-

999 972 1150 1006 debatur.

1041 1025 1056 1068 ξ
1081 1025 1134 1058 11.
1161 1025 1330 1070 Despectis
1354 1025 1524 1059 insolentis
1551 1026 1636 1069 vulgi
1662 1026 1740 1060 ludi·

997 1079 1077 1112 briis
1103 1085 1134 1113 et
1158 1091 1338 1124 puerorum
1366 1080 1670 1122 exsibilationibus,
1696 1065 1936 1118 xvi-Rssffl'ffuti‘i'ssssfi‘s'l

997 1143 1050 1166 sus
1076 1139 1126 1167 est
1145 1144 1203 1178 per
1221 1134 1363 1168 mediam
1382 1134 1496 1167 urbem
1522 1140 1554 1167 et
1578 1122 1789 1168 conset-tas‘³‘'

997 1188 1122 1230 populo
1154 1187 1219 1221 vias
1251 1187 1298 1220 ire
1324 1193 1459 1221 onustus
1484 1193 1740 1221 stramentorum

998 1240 1149 1281 fascibus,
1161 1251 1241 1285 quos
1255 1241 1493 1274 emendicando
1508 1247 1690 1284 paraverat,
1705 1247 1741 1274 ut

997 1295 1244 1337 aegrotantibus
1270 1295 1382 1338 egenis
1415 1295 1536 1328 lectum
1562 1300 1737 1328 sterneret.

1041 1349 1056 1392 ξ
1081 1347 1135 1380 1⁶2.
1162 1347 1316 1381 Cessante
1341 1348 1552 1385 commercio,
1580 1359 1652 1381 cum
1671 1348 1740 1381 lan·
1773 1357 1839 1377 itu-ae
1856 1356 1881 1376 aa
1899 1363 1936 1376 m

997 1407 1197 1445 guescerent
1220 1407 1316 1442 artes,
1342 1407 1374 1435 et
1392 1400 1571 1434 artificibus
1590 1401 1671 1435 nihil
1691 1385 1894 1435 xva-f1‘t'ili.'.⁸„'l*¹⁰⁵
1905 1390 1934 1404 'u'

997 1457 1079 1489 leret
1104 1454 1265 1489 industria
1289 1461 1323 1488 ut
1347 1465 1381 1488 se
1407 1465 1564 1498 suamque
1587 1455 1740 1489 familiam

997 1509 1132 1550 alerent,
1160 1519 1273 1542 eorum
1299 1508 1427 1552 opificia
1453 1508 1492 1541 ad
1518 1508 1635 1542 divites
1660 1519 1741 1542 mer·

997 1570 1121 1596 catores
1148 1562 1282 1603 serebat,
1310 1573 1433 1606 eosque
1460 1564 1615 1597 exorabat
1640 1569 1675 1595 ut
1692 1573 1741 1596 ae-

997 1628 1061 1661 quo
1087 1617 1195 1661 pretio
1233 1623 1392 1650 emerent.
1421 1617 1565 1659 Puellis,
1603 1628 1740 1661 quarum

997 1683 1047 1705 res
1073 1671 1161 1705 domi
1188 1677 1325 1714 angusta
1351 1677 1429 1713 erat,
1455 1682 1497 1705 ne
1524 1677 1670 1714 egestate
1688 1682 1742 1715 op-

997 1725 1218 1769 primerentur
1250 1729 1305 1757 aut
1338 1729 1625 1767 corrumperentur
1651 1725 1740 1765 otio,

998 1779 1065 1822 ipse
1107 1788 1208 1821 opera
1250 1776 1381 1810 feminei
1424 1776 1548 1810 artificii
1593 1776 1741 1811 facienda

997 1832 1200 1876 quaerebat,
1225 1837 1261 1863 ut
1285 1830 1453 1864 laboribus
1479 1830 1544 1863 suis
1570 1830 1739 1871 viverent,

996 1895 1056 1919 nec
1081 1884 1152 1919 aliis
1180 1884 1281 1926 oneri,
1307 1894 1367 1918 nec
1391 1883 1451 1917 sibi
1478 1883 1673 1918 detrimento
1699 1890 1740 1917 at·

997 1950 1059 1983 que
1086 1938 1184 1972 exitio
1210 1943 1330 1971 essent.

1041 1992 1055 2035 ξ
1084 1991 1133 2026 13.
1161 1991 1308 2024 Ostiatim
1333 1991 1451 2035 stipem
1490 1991 1934 2045 citieiitlicabat‚d:gav11vj135j-

998 2052 1031 2079 ut
1056 2045 1175 2079 deinde
1208 2046 1379 2078 collectam
1413 2045 1452 2078 ad
1486 2045 1622 2078 alendos
1654 2031 1934 2089 pau-⁹=¹¹'c·⁴='¹·⁴rjl·n'v'vr3

997 2109 1093 2143 peres
1126 2105 1158 2131 et
1182 2098 1414 2132 sustentandos
1441 2108 1571 2132 carcere
1597 2098 1740 2131 inclusos
1752 2085 1933 2132 'tilii‘ilii'i'ler-O*

999 2152 1222 2186 distribueret.
1265 2152 1466 2196 Pupillorum
1503 2157 1533 2185 et
1568 2152 1738 2185 viduarum

998 2217 1109 2240 causas
1146 2206 1231 2250 apud
1268 2205 1391 2239 iudices
1417 2211 1549 2239 strenue
1576 2206 1739 2245 tuebatur,

998 2271 1039 2294 ne
1066 2259 1199 2293 divitum
1234 2259 1379 2303 potentia
1404 2259 1576 2302 oppressi,
1601 2261 1650 2293 vel
1683 2261 1742 2292 im-

999 2312 1178 2357 proborum
1205 2312 1319 2345 fraude
1346 2312 1569 2354 circumventi,
1588 2313 1740 2345 damnum

999 2372 1097 2410 atque
1123 2365 1272 2398 iniuriam
1300 2365 1498 2408 acciperent.
1519 2365 1628 2408 ltaque
1650 2365 1741 2399 misc-

999 2430 1108 2453 rorum
1147 2419 1331 2462 perfugium
1353 2445 1360 2459 ,
1400 2418 1600 2462 pupillorum
1641 2424 1739 2460 tutor,

999 2473 1168 2506 viduarum
1194 2473 1369 2512 defensor,
1396 2472 1608 2505 esurientium
1634 2472 1738 2514 cibus,

1000 2525 1263 2559 calamitosorum
1303 2535 1402 2568 spes,
1441 2535 1611 2568 aegrorum
1656 2527 1741 2560 sola-

1001 2579 1102 2617 tium,
1128 2578 1309 2611 communis
1344 2577 1488 2610 omnium
1521 2588 1640 2621 parens
1673 2585 1741 2613 crat

1000 2636 1094 2675 atque
1120 2631 1159 2664 ab
1186 2630 1336 2664 omnibus
1368 2631 1465 2674 vulgo
1498 2631 1738 2674 appellabatur.

1786 1039 1852 1059 Baiuli
1870 1040 1936 1058 iri-tar
