2232 3178
449 233 512 266 676
994 240 1171 264 numanum
1196 240 1346 266 nommant

405 295 489 329 Bona
514 293 732 327 ecclesiastica.
761 311 804 317 —
827 292 946 326 Iamdiu
971 292 1009 325 ab
1034 292 1200 325 haereticis
1225 298 1376 336 occupata
1406 292 1437 325 in
1465 293 1638 326 Palatinam
1663 293 1761 327 Rheni
1790 294 1931 327 inferiori

491 353 521 380 et
544 347 575 379 in
600 346 714 379 ducatu
739 345 956 388 Neoburgensi
990 345 1026 377 iis
1052 344 1226 378 condonata
1255 345 1308 388 qui
1337 345 1375 378 ad
1406 345 1499 378 fidem
1525 345 1711 379 catholicam
1737 351 1928 381 convertun-

490 405 550 440 tur,
576 398 618 431 59
644 399 660 431 b
678 403 708 430 et
724 408 785 441 seq.

403 452 521 487 Botteri
546 452 677 484 loannes
702 450 901 483 Florentinus
926 450 1108 494 capellanus
1133 455 1273 484 secretus
1297 450 1464 484 Clementis
1489 451 1544 485 PP.
1570 450 1636 492 XII,
1663 451 1706 484 74
1728 451 1754 485 b.

1157 600 1180 634 C

402 717 557 751 Cadavera
593 714 867 748 missionariorum
901 713 1054 747 Ordinum
1085 714 1281 757 regularium
1315 715 1345 748 in
1376 715 1521 760 partibus
1560 715 1667 760 Syriae
1701 719 1731 750 et
1762 715 1935 750 Palestinae

491 768 652 812 quomodo
678 767 880 808 tumulanda,
906 766 944 799 41
973 777 1004 799 α.

405 822 563 856 Caesaries
596 820 704 853 fictitia
738 820 925 863 prohibetur
958 820 1116 854 canonicis
1148 820 1348 864 regularibus
1373 820 1497 854 Ordinis
1530 821 1558 855 S.
1584 821 1710 854 Antonii
1735 820 1935 864 Viennensis,

492 875 554 908 576
580 874 596 906 b
621 879 650 906 et
673 885 735 917 seq.

402 927 532 961 Camera
556 927 744 970 Apostolica.
769 945 811 950 —
836 926 869 958 ln
895 925 1134 959 ratiocinatores
1159 937 1218 969 pro
1243 927 1278 959 ea
1304 926 1456 969 assumpti
1481 931 1544 958 tres
1575 925 1681 968 legum
1714 926 1807 970 periti
1832 936 1850 959 a
1874 926 1937 959 col-

490 980 573 1022 legio
598 985 860 1023 procuratorum,
885 979 926 1011 47
952 979 968 1011 b
993 984 1023 1011 et
1046 989 1117 1023 seqs,
1142 979 1400 1012 ratiocinatorum
1419 979 1567 1012 Gamerae
1592 979 1819 1018 emolumenta,
1837 977 1878 1012 50
1895 978 1933 1018 b;

490 1034 582 1077 quale
604 1043 734 1073 munus,
755 1033 796 1066 53
821 1044 840 1066 a
866 1038 895 1065 et
919 1043 993 1076 seqx,
1021 1032 1149 1065 cuilibet
1165 1042 1247 1065 novo
1266 1031 1410 1065 Pontifici
1429 1031 1599 1064 bilancium
1618 1041 1827 1074 expensarum
1845 1040 1936 1074 prae-

491 1086 573 1118 teriti
598 1085 762 1128 regiminis
787 1085 992 1126 tradendum,
1018 1084 1059 1117 56
1085 1095 1118 1124 α;
1143 1085 1291 1118 Gamerae
1315 1083 1465 1117 officiales
1489 1083 1603 1117 debent
1627 1083 1728 1127 Papae
1753 1093 1936 1126 suggerere,

491 1149 526 1172 ea
550 1149 629 1182 quae
655 1138 794 1171 eiusdem
820 1138 968 1171 Gamerae
994 1138 1118 1170 utilitati
1140 1137 1298 1180 prolicere
1322 1137 1458 1180 possint,
1484 1135 1525 1169 56
1550 1136 1577 1168 b.

402 1192 550 1226 canonici
575 1192 738 1234 regulares
762 1190 886 1223 Ordinis
911 1191 939 1224 S.
966 1190 1089 1224 Antonii
1116 1190 1307 1223 Viennensis.
1329 1208 1371 1213 —
1395 1189 1478 1222 Laici
1502 1189 1595 1222 liuius
1619 1188 1743 1222 Ordinis
1767 1188 1936 1232 professio-

491 1255 563 1278 nem
600 1244 724 1277 nonnisi
760 1249 832 1287 post
867 1243 1070 1276 undecimum
1103 1253 1218 1276 annum
1251 1242 1421 1276 novitiatus
1452 1242 1594 1276 emittere
1622 1247 1784 1285 poterant,
1813 1240 1878 1274 484
1901 1241 1935 1282 b;

492 1297 673 1330 huiusmodi
695 1296 847 1329 terminus
864 1296 901 1328 ad
919 1295 1161 1340 quadriennium
1187 1295 1333 1328 redactus
1346 1322 1353 1335 ,
1373 1294 1438 1328 485
1458 1306 1495 1335 α;
1517 1295 1677 1328 canonicis
1702 1295 1795 1327 liuius
1813 1294 1938 1328 Ordinis

465 1388 467 1390 ¹
493 1350 637 1383 fictitiam
662 1349 832 1382 caesariem
858 1354 981 1392 gestare
1005 1348 1135 1382 vetitum
1162 1348 1220 1381 sub
1249 1350 1351 1392 poena
1381 1348 1598 1392 suspensionis
1623 1348 1690 1392 ipso
1721 1347 1802 1380 sacto
1834 1347 1939 1380 incur-

493 1403 626 1444 rendae,
651 1401 714 1435 57ss
739 1402 756 1434 b
781 1407 812 1435 et
834 1413 896 1445 seq.

402 1456 614 1490 Canonizatio.
642 1474 683 1480 —
707 1455 739 1488 Β.
766 1455 948 1488 Vincentius
974 1465 991 1487 a
1015 1455 1127 1495 Paulo,
1153 1454 1300 1487 fundator
1337 1455 1598 1498 presbyterorum
1623 1454 1831 1487 saecularium
1856 1453 1937 1487 Con-

491 1509 684 1552 gregationis
705 1508 860 1541 Missionis
892 1514 922 1541 et
957 1508 1114 1542 societatis
1140 1508 1323 1541 Puellarum
1349 1507 1526 1548 Charitatis‚
1550 1508 1736 1541 Sanctorum
1768 1507 1853 1539 fastis
1884 1506 1951 1540 ad-.

491 1562 639 1606 scriptus,
664 1561 728 1594 „⁶232
754 1573 773 1594 a
794 1566 823 1594 et
847 1571 906 1604 seq.
917 1573 928 1600 ,·
954 1561 1026 1593 item
1059 1560 1091 1593 B.
1117 1561 1302 1593 Franciscus
1335 1561 1429 1603 Regis
1464 1561 1631 1604 presbyter
1664 1560 1828 1593 Societatis
1851 1559 1938 1600 lesu,

491 1614 556 1648 246
573 1615 590 1647 b
607 1620 637 1648 et
652 1625 728 1658 seqs,
749 1615 823 1647 item
848 1615 882 1647 Β.
901 1614 1071 1648 Catharina
1095 1614 1196 1646 Flisca
1221 1614 1346 1646 Adurna
1372 1613 1556 1656 Genuensis,
1577 1613 1635 1646 ⁶2ss1
1667 1624 1687 1646 α
1711 1617 1741 1646 et
1763 1624 1840 1656 seq,
1864 1613 1937 1645 item

490 1668 522 1701 Β.
539 1668 659 1702 Iuliana
678 1667 861 1701 Falconeria
877 1667 974 1699 Tertii
991 1666 1116 1700 Ordinis
1140 1667 1312 1701 Servorum
1334 1667 1364 1699 B.
1383 1667 1419 1699 M.
1439 1667 1470 1699 V.
1493 1666 1667 1708 fundatrix,
1687 1665 1752 1698 275
1776 1677 1796 1699 α
1821 1671 1851 1698 et
1873 1675 1934 1709 seq.

403 1721 588 1766 Capuccini,
613 1721 685 1754 vide
708 1720 843 1754 Minores
868 1720 1045 1764 Capuccini.

402 1774 592 1808 Cardinales.
617 1792 659 1799 —
683 1773 818 1807 Ducatos
838 1773 1191 1817 septuagintaquinque,
1209 1783 1302 1816 quos,
1328 1773 1413 1806 iuxta
1437 1772 1693 1806 constitutionem
1714 1772 1801 1806 Pauli
1824 1772 1857 1813 V,
1874 1771 1936 1804 mi-

490 1827 599 1860 nistris
634 1828 716 1861 sacri
753 1826 883 1870 Collegii
917 1826 1038 1859 solvere
1070 1826 1248 1867 debebant,
1282 1831 1354 1870 post
1384 1831 1519 1860 mortem
1555 1826 1770 1868 cardinalium,
1803 1825 1932 1858 illorum

489 1879 660 1921 haeredes,
677 1880 826 1923 deinceps
843 1879 965 1913 solvere
982 1879 1142 1912 debebunt
1166 1880 1223 1923 ipsi
1250 1879 1424 1913 cardinales
1444 1879 1526 1912 intra
1550 1889 1690 1913 mensem
1716 1889 1789 1913 suae
1814 1887 1939 1922 promo-

493 1933 608 1974 tionis,
632 1933 654 1965 4
676 1943 696 1965 α
721 1936 750 1967 et
774 1943 834 1976 seq.

403 1986 575 2020 Cardinalis
598 1986 750 2028 vicarius,
776 1986 848 2018 vide
872 1986 1013 2019 Vicarius
1039 1985 1206 2019 cardinalis
1231 1985 1270 2018 de
1295 1985 1390 2018 Urbe.

402 2040 613 2073 Cardinalium
638 2039 921 2083 Congregationes,
944 2039 1014 2072 vide
1037 2039 1177 2072 Decreta.

403 2093 599 2127 Carmentae.
615 2112 658 2118 -—
675 2093 874 2127 Reformatae
891 2092 1128 2126 constitutiones
1144 2091 1313 2125 nonnullae
1330 2090 1455 2124 Ordinis
1471 2090 1575 2132 huius,
1593 2090 1634 2124 89
1651 2100 1686 2130 α;
1703 2090 1792 2133 prior
1815 2088 1939 2133 provin-

491 2145 578 2178 cialis
601 2146 780 2189 provinciae
804 2146 962 2179 Romanae
986 2145 1072 2177 nulla
1096 2145 1211 2188 gaudet
1234 2144 1452 2177 iurisdictione
1477 2143 1509 2176 in
1533 2143 1739 2177 conventibus
1762 2143 1792 2176 S.
1817 2142 1939 2175 Martini

492 2199 530 2231 ad
554 2199 682 2240 Montes,
718 2199 748 2231 S.
776 2198 892 2232 Mariae
928 2199 959 2231 in
992 2198 1223 2241 Transpontina
1258 2203 1289 2230 et
1316 2197 1345 2230 S.
1371 2196 1498 2229 Antonii
1532 2196 1739 2237 Praenestini,
1771 2195 1872 2237 ibid.;
1907 2195 1940 2228 in

495 2251 638 2295 capitulis
666 2251 910 2296 provincialibus
940 2251 1123 2295 provinciae
1154 2250 1247 2283 huius
1267 2250 1315 2283 ius
1340 2249 1481 2293 suffragii
1512 2249 1628 2283 liabent
1658 2250 1748 2293 prior
1772 2248 1940 2292 generalis,

503 2305 647 2348 magistri
682 2304 864 2348 provinciae
900 2305 992 2336 etiam
1029 2303 1178 2346 degentes
1214 2304 1243 2335 in
1268 2303 1360 2336 dictis
1385 2302 1485 2336 trihus
1509 2302 1728 2344 conventibus,
1757 2302 1857 2335 lector
1885 2301 1940 2335 Sa·
1990 2306 1993 2307 ’

489 2357 626 2401 pientiae
651 2362 681 2390 et
705 2367 818 2400 regens
836 2356 1100 2400 Transpontinae,
1120 2355 1162 2389 89
1187 2356 1214 2396 l›;
1239 2356 1332 2389 sociis
1349 2355 1553 2398 generalibus
1568 2355 1616 2388 ius
1633 2355 1773 2398 suffragii
1790 2354 1941 2398 competit

490 2414 552 2444 tam
588 2410 619 2442 in
655 2410 791 2453 capitulo
822 2420 916 2453 quam
952 2409 984 2441 in
1017 2409 1199 2443 definitorio
1223 2409 1380 2452 generali,
1404 2409 1512 2449 2‘b2·ct.;
1547 2408 1584 2441 iis
1620 2419 1695 2442 vero
1719 2408 1941 2452 praedecentia

489 2472 552 2495 non
572 2463 722 2506 competit
745 2463 777 2495 in
800 2462 965 2505 religione,
989 2461 1049 2494 nisi
1074 2462 1200 2505 quando
1225 2467 1297 2495 sunt
1321 2462 1352 2494 in
1377 2462 1490 2495 actuali
1511 2462 1661 2495 exercitio
1677 2461 1828 2502 muneris,
1844 2461 1938 2502 ibid.;

491 2516 655 2549 innovatae
679 2516 802 2549 litterae
826 2516 1030 2550 Summorum
1056 2515 1260 2556 Pontificum,
1284 2515 1399 2559 quibus
1423 2515 1572 2548 fratribus
1597 2514 1722 2548 Ordinis
1746 2514 1840 2548 huius
1863 2514 1942 2548 Con-

489 2569 681 2612 gregationis
705 2569 872 2614 Hispaniae
908 2568 1096 2613 prohibetur
1120 2569 1271 2603 transitus
1305 2569 1343 2602 ad
1375 2569 1468 2603 aliam
1500 2579 1734 2613 quamcumque
1763 2567 1940 2612 Congrega-

488 2623 625 2668 tionem,
650 2622 715 2659 545
738 2624 766 2659 b.
