2232 3178
266 219 316 248 An.
337 218 364 244 0.
390 218 455 246 1740
500 210 564 243 614

463 268 633 306 praesertim
653 277 752 298 eorum
776 269 825 307 qui
848 269 876 298 in
896 267 1047 298 laboriosis
1063 268 1203 297 exercita-

463 316 590 346 tionibus
607 321 796 354 occupantur,
821 316 929 355 quique
953 316 996 345 vel
1020 317 1113 355 prima
1138 316 1202 345 luce

463 365 641 393 monasterio
663 365 696 393 ad
720 374 792 403 opus
815 365 1017 402 egrediuntur,
1042 365 1086 393 vel
1110 374 1203 403 usque

462 412 496 441 ad
529 421 678 450 vesperam
713 412 824 449 regredi
860 417 1023 451 nequeunt:
1049 413 1093 441 bis
1125 413 1202 441 enim

465 461 601 489 horarum
626 461 687 489 loco
707 465 799 490 certas
820 461 1001 499 precationes
1025 460 1113 489 abbas
1137 470 1205 490 con-

463 509 563 538 stituet
587 509 722 547 privatim
756 509 932 538 recitandas
957 509 1064 539 Omnes
1094 514 1202 546 tamen,

464 557 512 595 qui
536 557 667 595 legitima
690 558 779 587 causa
801 558 934 597 impediti
956 568 1013 587 non
1037 563 1116 594 sunt,
1134 568 1203 598 quo-

463 605 532 635 tidie
555 606 670 635 divinae
693 606 829 644 liturgiae
852 606 998 636 intersint.

502 663 541 683 111.
568 655 722 694 Postquam
746 655 790 684 sui
813 655 900 685 officii
927 655 1098 685 ministeriis
1120 655 1204 685 satis-

462 702 595 741 fecerint,
617 703 639 732 si
664 703 732 742 quid
758 703 839 732 vacui
863 704 1000 742 temporis
1016 703 1202 742 superfuerit,

461 751 490 780 id
514 755 606 780 totum
630 751 658 780 in
683 751 754 781 alias
777 752 1002 781 exercitationes
1035 752 1203 791 spirituales

462 803 510 828 aut
534 800 699 839 corporales
722 800 901 839 impendant,
919 800 1040 839 eiusque
1057 800 1098 830 rei
1115 801 1202 829 causa

462 847 594 877 abbatem
618 848 758 886 adibunt,
783 853 814 878 ut
836 849 927 887 ipsius
952 849 1128 878 voluntatem
1153 857 1200 878 ex-

461 896 590 935 quirant.

502 953 540 973 11.
564 944 670 975 Curent
700 945 839 984 peculiari
873 945 967 975 studio
1000 955 1066 984 erga
1101 955 1202 975 omnes

460 993 601 1031 clericos,
625 998 653 1023 et
681 994 836 1033 praecipue
865 994 892 1023 111
927 994 1018 1024 sacris
1049 994 1202 1024 ordinibus

461 1042 637 1078 existentes,
661 1046 826 1081 respectum
850 1043 1104 1082 humilitatemque
1120 1043 1203 1072 exhi-

462 1090 548 1127 bere,
576 1091 663 1129 idque
686 1091 778 1128 magis
801 1100 868 1129 erga
891 1091 1098 1120 sacerdotalem
1125 1091 1203 1121 ordi-

461 1149 540 1177 nem,
558 1140 720 1178 sciantque,
737 1140 825 1178 quod,
851 1140 964 1169 etiamsi
989 1140 1109 1178 professi
1132 1140 1200 1176 sint,

461 1188 490 1216 111
514 1188 604 1217 sacris
627 1193 722 1218 tamen
747 1188 946 1218 functionibus
969 1188 1072 1218 cedere
1095 1188 1202 1219 debent

461 1238 577 1268 clericis
605 1238 691 1267 etiam
726 1238 844 1268 novitiis
875 1237 1073 1268 ecclesiastico
1099 1238 1200 1268 habitu

461 1286 581 1316 indutis.

502 1344 529 1365 v.
553 1335 623 1371 Quia
648 1340 745 1365 tamen
770 1340 867 1375 patres
888 1336 979 1366 nostri
996 1339 1071 1366 statu
1094 1336 1200 1374 laicali,

463 1384 506 1414 vel
530 1384 692 1414 minoribus
713 1383 876 1422 ordinibus,
894 1388 942 1413 aut
958 1385 1114 1414 diaconatu
1138 1389 1201 1414 tan-

464 1436 525 1463 tum
559 1433 705 1471 contenti,
734 1433 791 1463 Deo
825 1433 979 1471 serviisse,
1004 1433 1202 1473 fratribusque

462 1481 622 1520 praefuisse
645 1486 823 1519 noscuntur3
847 1482 911 1511 idco
928 1482 1085 1512 monachos
1101 1482 1200 1518 laicos,

462 1529 505 1559 vet
523 1530 643 1560 clericos
665 1534 714 1560 aut
736 1530 874 1560 diaconos
897 1530 1022 1560 scientia
1044 1530 1201 1560 sufficienti

463 1579 608 1618 praeditos
631 1583 659 1609 et
681 1579 817 1617 regimini
841 1579 977 1615 idoneos,
1001 1588 1059 1608 non
1082 1579 1202 1609 omnino

463 1627 498 1656 ab
514 1627 618 1657 officiis
641 1628 728 1657 etiam
752 1628 917 1666 insignibus
939 1628 1135 1666 excludimus,
1152 1627 1201 1657 sed

463 1686 546 1715 posse
573 1686 621 1706 eos
644 1680 701 1706 tam
724 1676 760 1706 ab
782 1676 886 1706 abbate
918 1676 1048 1715 generali
1081 1681 1109 1706 et
1135 1686 1203 1706 con-

463 1725 630 1763 gregatione
653 1725 902 1763 hegumenorum,
926 1735 1011 1765 quam
1039 1725 1073 1755 ab
1099 1725 1202 1755 abbate

462 1779 490 1804 et
512 1774 737 1812 congregatione
760 1774 981 1811 monachorum,
1006 1778 1092 1812 atque
1114 1773 1201 1803 etiam

463 1833 478 1853 a
497 1822 722 1861 congregatione
736 1822 865 1861 generali
882 1822 949 1861 eligi
965 1823 994 1852 in
1011 1822 1200 1860 begumenos,

463 1881 654 1906 oeconomos,
679 1875 885 1911 procuratores
907 1876 936 1901 et
958 1872 1152 1910 consultores,
1175 1876 1203 1902 et

463 1921 497 1951 ad
521 1921 593 1950 alias
615 1920 726 1950 similes
742 1921 899 1959 dignitates
922 1921 1086 1960 promoveri
1109 1921 1203 1951 decla-

464 1979 581 2006 ramus;
597 1969 652 1999 bac
670 1972 767 1999 tamen
783 1970 863 1999 salva
878 1969 1058 2008 conditione,
1078 1973 1109 2000 ut
1130 1979 1201 1999 nun-

464 2027 550 2057 quam
574 2018 603 2048 in
626 2018 760 2048 abbatem
790 2018 954 2056 generalem
987 2022 1036 2048 aut
1068 2018 1201 2048 abbatem

465 2066 633 2106 provinciae
655 2067 716 2096 sive
746 2067 933 2105 monasterii,
957 2067 1007 2106 qui
1036 2067 1203 2097 sacerdotes

465 2124 528 2145 esse
543 2114 660 2153 debent,
678 2115 833 2154 eligantur.
853 2115 906 2151 Qui
930 2119 1025 2145 autem
1048 2125 1093 2153 eo,
1117 2125 1202 2155 quem

465 2164 609 2202 diximus,
631 2164 716 2194 modo
750 2164 859 2194 electus
892 2164 979 2194 fuerit
1007 2164 1201 2203 hegumenus,

466 2213 610 2250 intelligat
627 2212 682 2242 31111
701 2212 825 2251 primum
843 2216 907 2251 post
922 2212 1086 2242 sacerdotes
1109 2212 1202 2242 locum

465 2260 623 2290 convenire
645 2264 725 2290 extra
749 2260 1006 2298 congregationes3
1031 2261 1060 2290 in
1083 2270 1203 2299 congre-

465 2308 631 2346 gationibus
653 2318 722 2338 vero
745 2313 808 2348 post
831 2309 1010 2346 begumenos
1026 2309 1202 2347 sacerdotes,

465 2362 493 2387 et
516 2361 583 2387 ante
605 2367 705 2387 omnes
728 2357 800 2387 alios
822 2358 908 2388 etiam
931 2358 1104 2387 sacerdotes.

505 2415 544 2436 w.
568 2407 693 2437 Caveant
715 2406 850 2436 monachi
874 2406 961 2443 laici,
984 2416 1019 2436 ne
1050 2406 1118 2446 quid
1148 2406 1203 2436 sibi

466 2455 594 2494 capiant,
612 2459 660 2485 aut
682 2455 745 2485 aliis
767 2455 847 2492 dent,
864 2455 1059 2493 commodent,
1077 2455 1203 2492 mittant,

467 2508 516 2534 aut
539 2504 697 2543 quidquam
720 2504 886 2534 huiusmodi
909 2504 1017 2534 faciant
1032 2503 1140 2543 absque
1155 2514 1206 2533 ex-

468 2554 569 2592 pressa
591 2553 710 2584 1100111111
740 2553 870 2591 abbatis,
894 2557 944 2584 aut
966 2553 1029 2584 eius
1051 2553 1100 2593 qui
1123 2554 1204 2593 operi

468 2606 591 2641 praeest.

1044 219 1228 244 BULLATUUM
1252 218 1410 244 ROMANUM

1286 276 1334 297 vn.
1352 267 1468 297 Librum
1486 268 1597 298 nullum
1614 268 1740 298 retinere
1759 272 1807 299 aut
1827 268 1924 307 legere
1946 268 1982 299 iis

1246 315 1346 345 licebit
1362 316 1420 345 sine
1437 316 1549 346 abbatis
1572 316 1699 352 licentia,
1714 317 1797 346 cuius
1814 317 1983 356 prudentiae

1247 364 1302 393 erit
1325 374 1372 393 eos
1394 365 1452 394 illis
1475 365 1611 403 legendos
1633 366 1792 403 assignare,
1817 366 1866 404 qui
1891 366 1981 404 magis

1248 412 1281 441 ad
1304 412 1486 451 spiritualem
1510 414 1639 452 ipsorum
1657 414 1818 454 profectum
1842 414 1981 453 expedire

1247 460 1433 490 videbuntur.

1286 518 1305 538 1.
1340 509 1370 538 111
1401 519 1576 549 unoquoque
1609 511 1784 540 monasterio
1816 511 1982 541 distributio

1247 558 1384 587 horarum
1412 558 1440 587 in
1469 558 1577 588 tabella
1608 559 1790 589 describatur
1817 564 1845 589 et
1867 560 1896 589 in
1920 559 1983 590 loco

1247 611 1362 645 patente
1380 611 1513 645 ponatur,
1531 607 1559 636 in
1579 617 1633 646 qua
1648 608 1808 638 secundum
1825 608 1893 638 anni
1912 612 1984 638 tem-

1247 664 1315 693 pora
1338 655 1496 693 diligenter
1525 660 1661 686 notentur
1684 657 1772 687 borae
1794 657 1886 693 011011,
1909 657 1984 686 idest

1248 713 1448 743 vesperarum,
1469 704 1662 743 completorii,
1680 705 1829 742 nocturni,
1847 704 1983 735 matutini

1246 761 1311 781 eum
1343 752 1429 782 tertizt
1459 757 1486 782 et
1519 757 1618 782 sextae
1650 757 1736 792 atque
1772 762 1887 791 nonae,
1912 753 1981 783 item

1245 800 1315 830 hora
1340 801 1524 839 liturgiarum
1549 802 1727 841 privatarum
1745 806 1772 832 et
1788 801 1980 838 solemnium;

1244 849 1313 878 item
1336 850 1405 879 hora
1430 850 1543 889 prandii
1568 853 1595 880 et
1617 859 1724 880 coenae
1740 861 1747 887 3
1763 850 1890 890 denique
1911 850 1982 880 hora

1245 897 1341 936 operis
1364 907 1501 928 manuum
1525 907 1575 928 seu
1599 899 1828 929 ministeriorum
1852 902 1902 929 aut
1922 902 1984 929 stu-

1244 945 1296 983 dii,
1311 950 1338 975 et
1352 945 1421 975 bora
1445 956 1500 985 qua
1525 947 1628 976 fratres
1644 946 1774 976 cubitum
1794 950 1874 984 eunt,
1889 956 1982 986 usque

1244 994 1278 1023 ad
1301 994 1415 1032 signum
1439 1004 1495 1033 quo
1516 995 1693 1026 excitantur.

1284 1052 1314 1073 11.
1332 1042 1375 1072 Ab
1393 1042 1496 1072 abbate
1518 1044 1714 1073 constituatur
1736 1044 1906 1081 monachus,
1924 1045 1983 1074 sive

1246 1091 1384 1129 vicarius,
1409 1091 1469 1121 sive
1491 1092 1566 1121 alius
1588 1092 1784 1132 quicumque,
1808 1093 1891 1122 cuius
1922 1093 1984 1122 offi-

1245 1140 1322 1170 cium
1339 1140 1404 1177 erit,
1427 1144 1558 1179 tempore
1580 1141 1702 1170 orationi
1719 1145 1747 1170 et
1761 1141 1883 1180 reliquis
1901 1150 1983 1170 exer-

1245 1189 1322 1218 citiis
1348 1189 1515 1227 assignato,
1540 1188 1696 1219 observare
1729 1199 1798 1219 num
1826 1198 1926 1219 omnes
1948 1189 1984 1219 iis

1246 1241 1364 1267 vacent:
1383 1237 1450 1267 item
1467 1237 1623 1268 observare
1643 1237 1739 1268 omnia
1755 1247 1829 1277 quae
1845 1238 1879 1268 ad
1897 1238 1986 1268 hone·

1245 1291 1347 1316 statem
1382 1291 1410 1317 et
1438 1287 1600 1317 decentiam
1631 1291 1779 1317 externam
1814 1287 1983 1327 pertinent,

1246 1335 1400 1365 ecclesiam
1423 1340 1451 1365 et
1473 1336 1682 1366 monasterium
1705 1335 1734 1366 in
1757 1335 1828 1366 locis
1858 1335 1984 1375 publicis

1246 1384 1460 1424 perlustrando,
1477 1388 1504 1414 et
1520 1384 1543 1414 si
1562 1384 1630 1423 quid
1654 1384 1862 1414 inconveniens
1884 1383 1987 1423 depre-

1246 1433 1395 1470 henderit,
1419 1433 1453 1462 ad
1477 1432 1609 1463 abbatem
1634 1433 1751 1463 referat.

1285 1491 1326 1511 111.
1344 1481 1385 1511 Ad
1402 1491 1531 1511 mensam
1548 1481 1691 1511 habeatur
1713 1481 1805 1511 lectio.
1830 1480 1983 1512 Silentium

1245 1535 1342 1561 autem
1375 1539 1525 1570 nunquam
1548 1530 1583 1560 ab
1606 1530 1710 1561 abbate
1735 1531 1929 1570 dispensetur.
1952 1529 1981 1560 Si

1245 1589 1331 1620 quem
1344 1589 1412 1610 vero
1424 1584 1598 1610 extraneum
1614 1580 1843 1610 ecclesiasticum
1860 1583 1910 1610 aut
1924 1588 1985 1609 sae-

1246 1629 1373 1659 cularem
1387 1629 1542 1667 contigerit
1558 1628 1591 1658 ad
1606 1628 1814 1658 monasterium
1827 1628 1983 1665 divertere,

1246 1677 1307 1716 ipse
1331 1677 1418 1706 abbas
1447 1677 1547 1712 solus,
1571 1677 1615 1706 vel
1645 1676 1774 1707 adhibito
1802 1676 1901 1716 aliquo
1928 1677 1985 1706 alio

1246 1726 1389 1756 monacho
1422 1734 1474 1764 pro
1506 1725 1586 1755 illius
1615 1725 1670 1754 viri
1699 1724 1856 1763 dignitate,
1880 1724 1987 1764 poterit

1246 1774 1333 1804 simul
1349 1783 1414 1803 cum
1431 1774 1480 1804 illo
1497 1773 1593 1803 cibum
1613 1783 1744 1812 sumere,
1765 1773 1863 1812 idque,
1880 1773 1904 1802 si
1921 1772 1985 1802 fieri

1246 1822 1365 1862 poterit,
1383 1826 1462 1852 extra
1482 1822 1666 1852 refectorium
1683 1832 1688 1851 :
1713 1821 1843 1861 alioquin
1859 1821 1903 1851 vel
1919 1825 1986 1851 ante

1247 1871 1291 1901 vel
1322 1875 1475 1911 postquam
1498 1870 1634 1900 monachi
1656 1870 1686 1900 in
1708 1870 1862 1901 refectorio
1885 1869 1984 1900 cibum

1246 1919 1436 1959 sumpserint.

1285 1977 1324 1998 1v.
1347 1968 1417 1999 Cum
1443 1968 1605 1998 monachus
1633 1968 1669 1998 de
1699 1966 1874 1998 monasterio
1903 1962 1985 1998 exire

1245 2027 1303 2047 non
1326 2017 1450 2056 debeat,
1477 2017 1534 2047 nisi
1557 2016 1635 2047 socio
1664 2016 1794 2046 adhibito
1817 2025 1902 2056 quem
1931 2015 1987 2046 sibi

1246 2066 1334 2096 abbas
1366 2066 1575 2105 assignaverit,
1600 2066 1729 2096 advertat
1762 2066 1850 2096 abbas
1881 2070 1913 2096 ut
1944 2065 1986 2095 sic

1246 2115 1343 2145 socios
1373 2115 1588 2153 accommodet,
1616 2125 1652 2146 ne
1679 2115 1766 2145 sociis
1795 2124 1897 2154 graves
1928 2114 1988 2144 sint

1246 2169 1296 2194 aut
1311 2164 1439 2199 molesti,
1466 2173 1560 2203 neque
1582 2164 1670 2194 nimis
1692 2164 1848 2194 familiares
1870 2167 1920 2194 aut
1940 2172 1987 2194 su·

1247 2213 1351 2253 specti.

1287 2271 1314 2291 v.
1330 2262 1390 2292 Nisi
1412 2262 1572 2292 necessitas
1587 2262 1714 2301 coegerit
1730 2262 1817 2302 (quae
1840 2265 1934 2291 tamen
1951 2259 1986 2291 ab

1247 2310 1352 2341 abbate
1375 2311 1430 2341 erit
1460 2311 1663 2349 cognoscenda
1687 2315 1715 2341 et
1739 2310 1905 2350 probanda)
1928 2319 1988 2340 mo-

1248 2360 1345 2397 nachi,
1370 2360 1405 2389 ad
1429 2359 1591 2390 ministeria
1620 2359 1681 2389 sive
1703 2359 1738 2389 ad
1759 2359 1887 2390 studium
1909 2359 1986 2389 intra

1249 2409 1458 2438 monasterium
1482 2407 1608 2446 addicti,
1632 2408 1667 2438 de
1689 2407 1866 2438 monasterio
1888 2407 1987 2446 egredi

1248 2467 1304 2487 non
1341 2457 1561 2496 permittantur,
1585 2456 1641 2486 nisi
1674 2456 1719 2486 bis
1740 2456 1769 2486 in
1792 2456 1984 2494 bebdomada,

1248 2510 1276 2536 et
1298 2516 1363 2536 eum
1387 2505 1611 2545 interpolatione
1644 2505 1779 2544 dierum,
1804 2505 1986 2545 peractisque

1249 2555 1329 2594 prius
1353 2554 1523 2585 ministeriis
1551 2555 1740 2585 necessariis:
1764 2554 1851 2594 idque
1879 2554 1917 2584 ita
1951 2552 1986 2583 ab

1249 2602 1352 2634 abbate
1375 2613 1425 2643 per
1449 2607 1566 2634 turnum
1601 2603 1794 2634 distribuatur
1808 2627 1815 2641 ,
1839 2605 1871 2632 ut
1893 2605 1922 2632 et
1943 2601 1986 2632 di-

1992 220 2040 247 Αη.
2057 220 2087 247 C.
2109 219 2177 249 17⁴0

2031 516 2072 537 Cm’
2098 517 2142 539 VH.

2015 543 2045 563 De
2057 545 2130 564 ordine
2142 544 2177 564 do·
2212 559 2213 562 ,

1994 569 2081 590 mesdeo
2093 585 2098 594 ‚
2115 572 2136 590 et.
2151 570 2178 591 do

1993 596 2104 616 honestate
2119 599 2178 618 extra

2008 624 2158 643 monasterium

1994 649 2107 670 servanda.
