<?xml version="1.0" encoding="UTF-8"?>
<!DOCTYPE html PUBLIC "-//W3C//DTD XHTML 1.0 Transitional//EN"
    "http://www.w3.org/TR/xhtml1/DTD/xhtml1-transitional.dtd">
<html xmlns="http://www.w3.org/1999/xhtml" xml:lang="en" lang="en">
 <head>
  <title>
</title>
<meta http-equiv="Content-Type" content="text/html;charset=utf-8" />
  <meta name='ocr-system' content='tesseract 3.04.00' />
  <meta name='ocr-capabilities' content='ocr_page ocr_carea ocr_par ocr_line ocrx_word'/>
</head>
<body>
  <div class='ocr_page' id='page_1' title='image "./bullarumdiplomat24cath_0656.png"; bbox 0 0 2232 3178; ppageno 0'>
   <div class='ocr_carea' id='block_1_1' title="bbox 265 229 561 264">
    <p class='ocr_par' dir='ltr' id='par_1_1' title="bbox 265 229 561 264">
     <span class='ocr_line' id='line_1_1' title="bbox 265 229 561 264; baseline -0.007 -1"><span class='ocrx_word' id='word_1_1' title='bbox 265 236 315 264; x_wconf 80' lang='lat' dir='ltr'>An.</span> <span class='ocrx_word' id='word_1_2' title='bbox 336 236 353 263; x_wconf 93' lang='lat' dir='ltr'>C</span> <span class='ocrx_word' id='word_1_3' title='bbox 384 236 453 263; x_wconf 68' lang='grc'>1740</span> <span class='ocrx_word' id='word_1_4' title='bbox 498 229 561 261; x_wconf 65' lang='lat'>(3⁶22</span> 
     </span>
    </p>
   </div>
   <div class='ocr_carea' id='block_1_2' title="bbox 458 285 1206 2664">
    <p class='ocr_par' dir='ltr' id='par_1_2' title="bbox 458 285 1202 1200">
     <span class='ocr_line' id='line_1_2' title="bbox 459 285 1199 324; baseline -0.001 -9"><span class='ocrx_word' id='word_1_5' title='bbox 459 290 568 323; x_wconf 84' lang='lat' dir='ltr'>coacta,</span> <span class='ocrx_word' id='word_1_6' title='bbox 593 286 635 316; x_wconf 81' lang='lat' dir='ltr'>vel</span> <span class='ocrx_word' id='word_1_7' title='bbox 666 286 796 322; x_wconf 79' lang='lat' dir='ltr'>seducta,</span> <span class='ocrx_word' id='word_1_8' title='bbox 822 285 982 324; x_wconf 77' lang='lat' dir='ltr'>recipiatur</span> <span class='ocrx_word' id='word_1_9' title='bbox 1005 285 1032 314; x_wconf 91' lang='lat' dir='ltr'>in</span> <span class='ocrx_word' id='word_1_10' title='bbox 1056 289 1199 314; x_wconf 89' lang='lat' dir='ltr'>monaste-</span> 
     </span>
     <span class='ocr_line' id='line_1_3' title="bbox 459 333 1197 373; baseline -0.001 -10"><span class='ocrx_word' id='word_1_11' title='bbox 459 335 519 371; x_wconf 84' lang='lat' dir='ltr'>rio,</span> <span class='ocrx_word' id='word_1_12' title='bbox 545 334 682 373; x_wconf 87' lang='lat' dir='ltr'>nullaque</span> <span class='ocrx_word' id='word_1_13' title='bbox 712 334 811 363; x_wconf 85' lang='lat' dir='ltr'>habitu</span> <span class='ocrx_word' id='word_1_14' title='bbox 846 334 1018 363; x_wconf 89' lang='lat' dir='ltr'>monialium</span> <span class='ocrx_word' id='word_1_15' title='bbox 1049 333 1197 369; x_wconf 88' lang='lat' dir='ltr'>induatur,</span> 
     </span>
     <span class='ocr_line' id='line_1_4' title="bbox 458 382 1196 422; baseline 0 -11"><span class='ocrx_word' id='word_1_16' title='bbox 458 383 567 422; x_wconf 70' lang='lat' dir='ltr'>absque</span> <span class='ocrx_word' id='word_1_17' title='bbox 592 383 705 412; x_wconf 79' lang='lat' dir='ltr'>licentia</span> <span class='ocrx_word' id='word_1_18' title='bbox 729 382 841 412; x_wconf 88' lang='lat' dir='ltr'>abbatis</span> <span class='ocrx_word' id='word_1_19' title='bbox 864 383 1020 420; x_wconf 77' lang='lat' dir='ltr'>generalis,</span> <span class='ocrx_word' id='word_1_20' title='bbox 1038 386 1066 412; x_wconf 90' lang='lat' dir='ltr'>et</span> <span class='ocrx_word' id='word_1_21' title='bbox 1085 382 1140 411; x_wconf 78' lang='lat' dir='ltr'>nisi</span> <span class='ocrx_word' id='word_1_22' title='bbox 1164 392 1196 411; x_wconf 83' lang='lat' dir='ltr'>ex</span> 
     </span>
     <span class='ocr_line' id='line_1_5' title="bbox 458 431 1198 470; baseline 0 -11"><span class='ocrx_word' id='word_1_23' title='bbox 458 441 599 460; x_wconf 79' lang='lat' dir='ltr'>consensu</span> <span class='ocrx_word' id='word_1_24' title='bbox 623 440 672 459; x_wconf 82' lang='lat' dir='ltr'>seu</span> <span class='ocrx_word' id='word_1_25' title='bbox 697 431 844 469; x_wconf 73' lang='lat' dir='ltr'>suffragiis</span> <span class='ocrx_word' id='word_1_26' title='bbox 863 431 1016 470; x_wconf 80' lang='lat' dir='ltr'>plusquam</span> <span class='ocrx_word' id='word_1_27' title='bbox 1035 431 1198 460; x_wconf 68' lang='lat' dir='ltr'>medietatis</span> 
     </span>
     <span class='ocr_line' id='line_1_6' title="bbox 459 479 1199 518; baseline 0 -10"><span class='ocrx_word' id='word_1_28' title='bbox 459 479 641 508; x_wconf 88' lang='lat' dir='ltr'>monialium.</span> <span class='ocrx_word' id='word_1_29' title='bbox 661 479 771 508; x_wconf 86' lang='lat' dir='ltr'>Habeat</span> <span class='ocrx_word' id='word_1_30' title='bbox 790 483 886 508; x_wconf 87' lang='lat' dir='ltr'>autem</span> <span class='ocrx_word' id='word_1_31' title='bbox 909 488 957 509; x_wconf 84' lang='lat' dir='ltr'>eas</span> <span class='ocrx_word' id='word_1_32' title='bbox 979 489 1079 508; x_wconf 88' lang='lat' dir='ltr'>omnes</span> <span class='ocrx_word' id='word_1_33' title='bbox 1102 488 1199 518; x_wconf 88' lang='lat' dir='ltr'>respe-</span> 
     </span>
     <span class='ocr_line' id='line_1_7' title="bbox 459 528 1199 566; baseline -0.001 -9"><span class='ocrx_word' id='word_1_34' title='bbox 459 529 535 557; x_wconf 75' lang='lat' dir='ltr'>ctive</span> <span class='ocrx_word' id='word_1_35' title='bbox 559 528 753 563; x_wconf 88' lang='lat' dir='ltr'>conditiones,</span> <span class='ocrx_word' id='word_1_36' title='bbox 771 537 844 566; x_wconf 86' lang='lat' dir='ltr'>quae</span> <span class='ocrx_word' id='word_1_37' title='bbox 864 528 892 557; x_wconf 90' lang='lat' dir='ltr'>in</span> <span class='ocrx_word' id='word_1_38' title='bbox 910 528 1029 557; x_wconf 87' lang='lat' dir='ltr'>novitiis</span> <span class='ocrx_word' id='word_1_39' title='bbox 1049 528 1199 557; x_wconf 88' lang='lat' dir='ltr'>monachis</span> 
     </span>
     <span class='ocr_line' id='line_1_8' title="bbox 458 577 1197 616; baseline 0.001 -11"><span class='ocrx_word' id='word_1_40' title='bbox 458 577 537 606; x_wconf 80' lang='lat' dir='ltr'>iuxta</span> <span class='ocrx_word' id='word_1_41' title='bbox 572 577 797 606; x_wconf 77' lang='lat' dir='ltr'>constitutiones</span> <span class='ocrx_word' id='word_1_42' title='bbox 831 582 947 606; x_wconf 85' lang='lat' dir='ltr'>nostras</span> <span class='ocrx_word' id='word_1_43' title='bbox 983 577 1197 616; x_wconf 71' lang='lat' dir='ltr'>requiruntur,</span> 
     </span>
     <span class='ocr_line' id='line_1_9' title="bbox 458 626 1199 664; baseline 0.001 -11"><span class='ocrx_word' id='word_1_44' title='bbox 458 626 555 664; x_wconf 68' lang='lat' dir='ltr'>sitspie</span> <span class='ocrx_word' id='word_1_45' title='bbox 578 626 722 655; x_wconf 77' lang='lat' dir='ltr'><strong>sexdecim</strong></span> <span class='ocrx_word' id='word_1_46' title='bbox 740 635 832 655; x_wconf 88' lang='lat' dir='ltr'>annos</span> <span class='ocrx_word' id='word_1_47' title='bbox 848 630 927 663; x_wconf 87' lang='lat' dir='ltr'>nata,</span> <span class='ocrx_word' id='word_1_48' title='bbox 945 635 1008 655; x_wconf 91' lang='lat' dir='ltr'>cnm</span> <span class='ocrx_word' id='word_1_49' title='bbox 1027 626 1199 655; x_wconf 87' lang='lat' dir='ltr'>novitiatum</span> 
     </span>
     <span class='ocr_line' id='line_1_10' title="bbox 459 674 1198 713; baseline 0.001 -11"><span class='ocrx_word' id='word_1_50' title='bbox 459 674 573 712; x_wconf 89' lang='lat' dir='ltr'>incipit,</span> <span class='ocrx_word' id='word_1_51' title='bbox 590 684 682 712; x_wconf 87' lang='lat' dir='ltr'>neque</span> <span class='ocrx_word' id='word_1_52' title='bbox 700 683 807 703; x_wconf 87' lang='lat' dir='ltr'>annum</span> <span class='ocrx_word' id='word_1_53' title='bbox 824 675 928 703; x_wconf 88' lang='lat' dir='ltr'>aetatis</span> <span class='ocrx_word' id='word_1_54' title='bbox 942 674 1198 713; x_wconf 83' lang='lat' dir='ltr'>quadragesimum</span> 
     </span>
     <span class='ocr_line' id='line_1_11' title="bbox 460 723 1201 762; baseline 0.001 -11"><span class='ocrx_word' id='word_1_55' title='bbox 460 723 595 761; x_wconf 87' lang='lat' dir='ltr'>quintum</span> <span class='ocrx_word' id='word_1_56' title='bbox 613 723 743 753; x_wconf 84' lang='lat' dir='ltr'>excedat.</span> <span class='ocrx_word' id='word_1_57' title='bbox 759 723 890 753; x_wconf 81' lang='lat' dir='ltr'>Profiteri</span> <span class='ocrx_word' id='word_1_58' title='bbox 908 727 1003 753; x_wconf 90' lang='lat' dir='ltr'>autem</span> <span class='ocrx_word' id='word_1_59' title='bbox 1021 733 1077 753; x_wconf 91' lang='lat' dir='ltr'>non</span> <span class='ocrx_word' id='word_1_60' title='bbox 1095 723 1201 762; x_wconf 87' lang='lat' dir='ltr'>poterit</span> 
     </span>
     <span class='ocr_line' id='line_1_12' title="bbox 459 772 1199 811; baseline 0.001 -11"><span class='ocrx_word' id='word_1_61' title='bbox 459 775 526 801; x_wconf 86' lang='lat' dir='ltr'>ante</span> <span class='ocrx_word' id='word_1_62' title='bbox 543 772 719 811; x_wconf 86' lang='lat' dir='ltr'>completum</span> <span class='ocrx_word' id='word_1_63' title='bbox 736 772 888 802; x_wconf 80' lang='lat' dir='ltr'>biennium</span> <span class='ocrx_word' id='word_1_64' title='bbox 912 773 1082 802; x_wconf 75' lang='lat' dir='ltr'>novitiatus,</span> <span class='ocrx_word' id='word_1_65' title='bbox 1099 772 1127 802; x_wconf 84' lang='lat' dir='ltr'>Si</span> <span class='ocrx_word' id='word_1_66' title='bbox 1144 782 1199 811; x_wconf 86' lang='lat' dir='ltr'>qua</span> 
     </span>
     <span class='ocr_line' id='line_1_13' title="bbox 459 821 1198 859; baseline 0.001 -10"><span class='ocrx_word' id='word_1_67' title='bbox 459 829 528 849; x_wconf 84' lang='lat' dir='ltr'>vero</span> <span class='ocrx_word' id='word_1_68' title='bbox 558 821 666 850; x_wconf 89' lang='lat' dir='ltr'>novitia</span> <span class='ocrx_word' id='word_1_69' title='bbox 697 821 725 850; x_wconf 91' lang='lat' dir='ltr'>in</span> <span class='ocrx_word' id='word_1_70' title='bbox 756 825 850 851; x_wconf 84' lang='lat' dir='ltr'>aetate</span> <span class='ocrx_word' id='word_1_71' title='bbox 877 821 1008 859; x_wconf 74' lang='lat' dir='ltr'>legitima</span> <span class='ocrx_word' id='word_1_72' title='bbox 1031 821 1198 857; x_wconf 79' lang='lat' dir='ltr'>constituta,</span> 
     </span>
     <span class='ocr_line' id='line_1_14' title="bbox 461 869 1201 909; baseline 0 -11"><span class='ocrx_word' id='word_1_73' title='bbox 461 869 640 907; x_wconf 85' lang='lat' dir='ltr'>probationis</span> <span class='ocrx_word' id='word_1_74' title='bbox 662 880 738 900; x_wconf 90' lang='lat' dir='ltr'>anno</span> <span class='ocrx_word' id='word_1_75' title='bbox 761 870 888 900; x_wconf 90' lang='lat' dir='ltr'>nondum</span> <span class='ocrx_word' id='word_1_76' title='bbox 912 870 1038 909; x_wconf 84' lang='lat' dir='ltr'>expleto,</span> <span class='ocrx_word' id='word_1_77' title='bbox 1062 869 1098 899; x_wconf 89' lang='lat' dir='ltr'>ob</span> <span class='ocrx_word' id='word_1_78' title='bbox 1121 869 1201 899; x_wconf 84' lang='lat' dir='ltr'>insir-</span> 
     </span>
     <span class='ocr_line' id='line_1_15' title="bbox 459 918 1202 958; baseline 0.003 -12"><span class='ocrx_word' id='word_1_79' title='bbox 459 918 590 948; x_wconf 86' lang='lat' dir='ltr'>mitatcm</span> <span class='ocrx_word' id='word_1_80' title='bbox 614 918 649 948; x_wconf 88' lang='lat' dir='ltr'>ab</span> <span class='ocrx_word' id='word_1_81' title='bbox 673 919 727 949; x_wconf 90' lang='lat' dir='ltr'>hoc</span> <span class='ocrx_word' id='word_1_82' title='bbox 743 919 859 949; x_wconf 85' lang='lat' dir='ltr'>saeculo</span> <span class='ocrx_word' id='word_1_83' title='bbox 876 918 1047 956; x_wconf 80' lang='lat' dir='ltr'>migratura,</span> <span class='ocrx_word' id='word_1_84' title='bbox 1065 927 1116 958; x_wconf 88' lang='lat' dir='ltr'>pro</span> <span class='ocrx_word' id='word_1_85' title='bbox 1133 928 1202 948; x_wconf 92' lang='lat' dir='ltr'>con—</span> 
     </span>
     <span class='ocr_line' id='line_1_16' title="bbox 459 967 1202 1006; baseline 0.003 -11"><span class='ocrx_word' id='word_1_86' title='bbox 459 967 603 996; x_wconf 73' lang='lat' dir='ltr'>solatione</span> <span class='ocrx_word' id='word_1_87' title='bbox 626 968 741 996; x_wconf 88' lang='lat' dir='ltr'>animae</span> <span class='ocrx_word' id='word_1_88' title='bbox 764 977 832 997; x_wconf 90' lang='lat' dir='ltr'>suae</span> <span class='ocrx_word' id='word_1_89' title='bbox 855 968 888 997; x_wconf 88' lang='lat' dir='ltr'>ad</span> <span class='ocrx_word' id='word_1_90' title='bbox 911 967 1042 997; x_wconf 87' lang='lat' dir='ltr'>habitum</span> <span class='ocrx_word' id='word_1_91' title='bbox 1060 968 1202 1006; x_wconf 83' lang='lat' dir='ltr'>professa-</span> 
     </span>
     <span class='ocr_line' id='line_1_17' title="bbox 459 1015 1201 1051; baseline 0.001 -7"><span class='ocrx_word' id='word_1_92' title='bbox 459 1024 523 1044; x_wconf 97' lang='lat' dir='ltr'>rum</span> <span class='ocrx_word' id='word_1_93' title='bbox 538 1015 651 1045; x_wconf 81' lang='lat' dir='ltr'>admitti</span> <span class='ocrx_word' id='word_1_94' title='bbox 669 1016 889 1051; x_wconf 77' lang='lat' dir='ltr'>desideraverit,</span> <span class='ocrx_word' id='word_1_95' title='bbox 903 1025 999 1045; x_wconf 89' lang='lat' dir='ltr'>coram</span> <span class='ocrx_word' id='word_1_96' title='bbox 1015 1015 1162 1045; x_wconf 66' lang='lat' dir='ltr'>abbatissa</span> <span class='ocrx_word' id='word_1_97' title='bbox 1173 1020 1201 1045; x_wconf 88' lang='lat' dir='ltr'>et</span> 
     </span>
     <span class='ocr_line' id='line_1_18' title="bbox 459 1063 1201 1102; baseline 0.001 -10"><span class='ocrx_word' id='word_1_98' title='bbox 459 1063 635 1093; x_wconf 74' lang='lat' dir='ltr'>monialibus</span> <span class='ocrx_word' id='word_1_99' title='bbox 667 1064 702 1093; x_wconf 78' lang='lat' dir='ltr'>ab</span> <span class='ocrx_word' id='word_1_100' title='bbox 731 1063 835 1094; x_wconf 78' lang='lat' dir='ltr'>abbate</span> <span class='ocrx_word' id='word_1_101' title='bbox 857 1065 985 1102; x_wconf 81' lang='lat' dir='ltr'>generali</span> <span class='ocrx_word' id='word_1_102' title='bbox 1016 1064 1060 1093; x_wconf 92' lang='lat' dir='ltr'>vel</span> <span class='ocrx_word' id='word_1_103' title='bbox 1082 1074 1115 1093; x_wconf 83' lang='lat' dir='ltr'>ex</span> <span class='ocrx_word' id='word_1_104' title='bbox 1139 1065 1201 1093; x_wconf 87' lang='lat' dir='ltr'>eius</span> 
     </span>
     <span class='ocr_line' id='line_1_19' title="bbox 459 1112 1201 1151; baseline 0.003 -11"><span class='ocrx_word' id='word_1_105' title='bbox 459 1112 665 1141; x_wconf 82' lang='lat' dir='ltr'>commissione</span> <span class='ocrx_word' id='word_1_106' title='bbox 688 1112 723 1141; x_wconf 85' lang='lat' dir='ltr'>ab</span> <span class='ocrx_word' id='word_1_107' title='bbox 746 1113 845 1151; x_wconf 88' lang='lat' dir='ltr'>aliquo</span> <span class='ocrx_word' id='word_1_108' title='bbox 877 1113 1027 1142; x_wconf 80' lang='lat' dir='ltr'>sacerdote</span> <span class='ocrx_word' id='word_1_109' title='bbox 1061 1113 1201 1142; x_wconf 86' lang='lat' dir='ltr'>monacho</span> 
     </span>
     <span class='ocr_line' id='line_1_20' title="bbox 459 1161 1199 1200; baseline 0 -10"><span class='ocrx_word' id='word_1_110' title='bbox 459 1161 574 1190; x_wconf 85' lang='lat' dir='ltr'>admitti</span> <span class='ocrx_word' id='word_1_111' title='bbox 599 1161 707 1200; x_wconf 84' lang='lat' dir='ltr'>poterit</span> <span class='ocrx_word' id='word_1_112' title='bbox 729 1161 763 1190; x_wconf 92' lang='lat' dir='ltr'>ad</span> <span class='ocrx_word' id='word_1_113' title='bbox 788 1161 999 1200; x_wconf 75' lang='lat' dir='ltr'>professionem</span> <span class='ocrx_word' id='word_1_114' title='bbox 1026 1161 1199 1191; x_wconf 86' lang='lat' dir='ltr'>faciendam.</span> 
     </span>
    </p>

    <p class='ocr_par' dir='ltr' id='par_1_3' title="bbox 459 1209 1202 1832">
     <span class='ocr_line' id='line_1_21' title="bbox 500 1209 1202 1248; baseline 0.001 -10"><span class='ocrx_word' id='word_1_115' title='bbox 500 1218 539 1239; x_wconf 92' lang='lat' dir='ltr'>1v.</span> <span class='ocrx_word' id='word_1_116' title='bbox 554 1209 614 1238; x_wconf 86' lang='lat' dir='ltr'>Non</span> <span class='ocrx_word' id='word_1_117' title='bbox 632 1210 866 1248; x_wconf 82' lang='lat' dir='ltr'>multiplicentur</span> <span class='ocrx_word' id='word_1_118' title='bbox 882 1210 1008 1239; x_wconf 84' lang='lat' dir='ltr'>novitiae</span> <span class='ocrx_word' id='word_1_119' title='bbox 1025 1210 1069 1239; x_wconf 79' lang='lat' dir='ltr'>vel</span> <span class='ocrx_word' id='word_1_120' title='bbox 1092 1210 1202 1239; x_wconf 90' lang='lat' dir='ltr'>monia-</span> 
     </span>
     <span class='ocr_line' id='line_1_22' title="bbox 462 1258 1201 1297; baseline 0.001 -10"><span class='ocrx_word' id='word_1_121' title='bbox 462 1258 504 1288; x_wconf 91' lang='lat' dir='ltr'>les</span> <span class='ocrx_word' id='word_1_122' title='bbox 520 1258 594 1287; x_wconf 91' lang='lat' dir='ltr'>ultra</span> <span class='ocrx_word' id='word_1_123' title='bbox 618 1267 773 1288; x_wconf 88' lang='lat' dir='ltr'>numerum</span> <span class='ocrx_word' id='word_1_124' title='bbox 797 1268 909 1297; x_wconf 86' lang='lat' dir='ltr'>earum,</span> <span class='ocrx_word' id='word_1_125' title='bbox 928 1268 1002 1297; x_wconf 87' lang='lat' dir='ltr'>quae</span> <span class='ocrx_word' id='word_1_126' title='bbox 1025 1268 1058 1289; x_wconf 85' lang='lat' dir='ltr'>ex</span> <span class='ocrx_word' id='word_1_127' title='bbox 1082 1259 1201 1288; x_wconf 91' lang='lat' dir='ltr'>redditi-</span> 
     </span>
     <span class='ocr_line' id='line_1_23' title="bbox 462 1305 1201 1345; baseline 0.003 -10"><span class='ocrx_word' id='word_1_128' title='bbox 462 1305 516 1335; x_wconf 86' lang='lat' dir='ltr'>bus</span> <span class='ocrx_word' id='word_1_129' title='bbox 549 1307 675 1345; x_wconf 89' lang='lat' dir='ltr'>propriis</span> <span class='ocrx_word' id='word_1_130' title='bbox 707 1307 878 1336; x_wconf 85' lang='lat' dir='ltr'>monasterii</span> <span class='ocrx_word' id='word_1_131' title='bbox 908 1307 952 1337; x_wconf 82' lang='lat' dir='ltr'>vel</span> <span class='ocrx_word' id='word_1_132' title='bbox 987 1317 1021 1337; x_wconf 82' lang='lat' dir='ltr'>ex</span> <span class='ocrx_word' id='word_1_133' title='bbox 1053 1307 1201 1337; x_wconf 86' lang='lat' dir='ltr'>consuetis</span> 
     </span>
     <span class='ocr_line' id='line_1_24' title="bbox 460 1354 1201 1394; baseline 0.003 -11"><span class='ocrx_word' id='word_1_134' title='bbox 460 1354 652 1393; x_wconf 67' lang='lat' dir='ltr'>eleemosynis</span> <span class='ocrx_word' id='word_1_135' title='bbox 675 1355 824 1385; x_wconf 86' lang='lat' dir='ltr'>commode</span> <span class='ocrx_word' id='word_1_136' title='bbox 843 1355 954 1394; x_wconf 87' lang='lat' dir='ltr'>possint</span> <span class='ocrx_word' id='word_1_137' title='bbox 970 1356 1138 1385; x_wconf 88' lang='lat' dir='ltr'>sustentari.</span> <span class='ocrx_word' id='word_1_138' title='bbox 1155 1355 1201 1385; x_wconf 87' lang='lat' dir='ltr'>Ni·</span> 
     </span>
     <span class='ocr_line' id='line_1_25' title="bbox 459 1403 1200 1444; baseline 0.003 -12"><span class='ocrx_word' id='word_1_139' title='bbox 459 1403 501 1432; x_wconf 93' lang='lat' dir='ltr'>hil</span> <span class='ocrx_word' id='word_1_140' title='bbox 514 1413 581 1434; x_wconf 89' lang='lat' dir='ltr'>vero</span> <span class='ocrx_word' id='word_1_141' title='bbox 598 1413 649 1443; x_wconf 87' lang='lat' dir='ltr'>pro</span> <span class='ocrx_word' id='word_1_142' title='bbox 662 1413 760 1434; x_wconf 91' lang='lat' dir='ltr'>earum</span> <span class='ocrx_word' id='word_1_143' title='bbox 774 1405 940 1444; x_wconf 84' lang='lat' dir='ltr'>receptione</span> <span class='ocrx_word' id='word_1_144' title='bbox 954 1405 982 1434; x_wconf 91' lang='lat' dir='ltr'>in</span> <span class='ocrx_word' id='word_1_145' title='bbox 1000 1404 1142 1434; x_wconf 89' lang='lat' dir='ltr'>novitiatu</span> <span class='ocrx_word' id='word_1_146' title='bbox 1156 1404 1200 1434; x_wconf 91' lang='lat' dir='ltr'>vel</span> 
     </span>
     <span class='ocr_line' id='line_1_26' title="bbox 460 1452 1201 1493; baseline 0.001 -11"><span class='ocrx_word' id='word_1_147' title='bbox 460 1452 638 1491; x_wconf 84' lang='lat' dir='ltr'>professione</span> <span class='ocrx_word' id='word_1_148' title='bbox 661 1462 675 1482; x_wconf 88' lang='lat' dir='ltr'>a</span> <span class='ocrx_word' id='word_1_149' title='bbox 699 1453 877 1483; x_wconf 87' lang='lat' dir='ltr'>monasterio</span> <span class='ocrx_word' id='word_1_150' title='bbox 910 1453 1056 1492; x_wconf 80' lang='lat' dir='ltr'>exigatur,</span> <span class='ocrx_word' id='word_1_151' title='bbox 1081 1458 1201 1493; x_wconf 84' lang='lat' dir='ltr'>excepto</span> 
     </span>
     <span class='ocr_line' id='line_1_27' title="bbox 460 1501 1202 1541; baseline 0.003 -11"><span class='ocrx_word' id='word_1_152' title='bbox 460 1501 569 1531; x_wconf 88' lang='lat' dir='ltr'>vestitu</span> <span class='ocrx_word' id='word_1_153' title='bbox 602 1502 802 1539; x_wconf 74' lang='lat' dir='ltr'>novitiarum,</span> <span class='ocrx_word' id='word_1_154' title='bbox 832 1506 860 1532; x_wconf 88' lang='lat' dir='ltr'>et</span> <span class='ocrx_word' id='word_1_155' title='bbox 890 1502 1005 1541; x_wconf 85' lang='lat' dir='ltr'>quando</span> <span class='ocrx_word' id='word_1_156' title='bbox 1034 1502 1202 1532; x_wconf 89' lang='lat' dir='ltr'>vestiendae</span> 
     </span>
     <span class='ocr_line' id='line_1_28' title="bbox 460 1550 1202 1590; baseline 0.001 -11"><span class='ocrx_word' id='word_1_157' title='bbox 460 1554 547 1580; x_wconf 91' lang='lat' dir='ltr'>erunt</span> <span class='ocrx_word' id='word_1_158' title='bbox 570 1550 670 1580; x_wconf 87' lang='lat' dir='ltr'>habitu</span> <span class='ocrx_word' id='word_1_159' title='bbox 696 1551 871 1580; x_wconf 87' lang='lat' dir='ltr'>novitiarum</span> <span class='ocrx_word' id='word_1_160' title='bbox 895 1551 939 1580; x_wconf 92' lang='lat' dir='ltr'>vel</span> <span class='ocrx_word' id='word_1_161' title='bbox 969 1550 1069 1580; x_wconf 88' lang='lat' dir='ltr'>habitu</span> <span class='ocrx_word' id='word_1_162' title='bbox 1093 1551 1202 1590; x_wconf 87' lang='lat' dir='ltr'>profes-</span> 
     </span>
     <span class='ocr_line' id='line_1_29' title="bbox 461 1599 1201 1637; baseline 0 -9"><span class='ocrx_word' id='word_1_163' title='bbox 461 1608 571 1637; x_wconf 83' lang='lat' dir='ltr'>sarum,</span> <span class='ocrx_word' id='word_1_164' title='bbox 594 1599 623 1628; x_wconf 90' lang='lat' dir='ltr'>id</span> <span class='ocrx_word' id='word_1_165' title='bbox 646 1599 695 1629; x_wconf 81' lang='lat' dir='ltr'>siat</span> <span class='ocrx_word' id='word_1_166' title='bbox 716 1599 746 1628; x_wconf 88' lang='lat' dir='ltr'>in</span> <span class='ocrx_word' id='word_1_167' title='bbox 765 1599 889 1628; x_wconf 73' lang='lat' dir='ltr'>ecclesia</span> <span class='ocrx_word' id='word_1_168' title='bbox 912 1599 1081 1629; x_wconf 87' lang='lat' dir='ltr'>monasterii</span> <span class='ocrx_word' id='word_1_169' title='bbox 1104 1608 1201 1629; x_wconf 83' lang='lat' dir='ltr'>coram</span> 
     </span>
     <span class='ocr_line' id='line_1_30' title="bbox 460 1647 1202 1678; baseline 0.001 -1"><span class='ocrx_word' id='word_1_170' title='bbox 460 1647 606 1678; x_wconf 73' lang='lat' dir='ltr'>abbatissa</span> <span class='ocrx_word' id='word_1_171' title='bbox 629 1651 658 1678; x_wconf 92' lang='lat' dir='ltr'>et</span> <span class='ocrx_word' id='word_1_172' title='bbox 680 1647 856 1678; x_wconf 85' lang='lat' dir='ltr'>monialibus</span> <span class='ocrx_word' id='word_1_173' title='bbox 878 1649 907 1678; x_wconf 91' lang='lat' dir='ltr'>in</span> <span class='ocrx_word' id='word_1_174' title='bbox 931 1648 1065 1678; x_wconf 87' lang='lat' dir='ltr'>manibus</span> <span class='ocrx_word' id='word_1_175' title='bbox 1088 1648 1202 1678; x_wconf 85' lang='lat' dir='ltr'>abbatis</span> 
     </span>
     <span class='ocr_line' id='line_1_31' title="bbox 460 1697 1202 1737; baseline 0 -11"><span class='ocrx_word' id='word_1_176' title='bbox 460 1697 618 1735; x_wconf 78' lang='lat' dir='ltr'>generalis,</span> <span class='ocrx_word' id='word_1_177' title='bbox 639 1697 755 1736; x_wconf 88' lang='lat' dir='ltr'>praevio</span> <span class='ocrx_word' id='word_1_178' title='bbox 777 1707 921 1727; x_wconf 89' lang='lat' dir='ltr'>consensu</span> <span class='ocrx_word' id='word_1_179' title='bbox 945 1697 1085 1737; x_wconf 82' lang='lat' dir='ltr'>episcopi,</span> <span class='ocrx_word' id='word_1_180' title='bbox 1104 1697 1149 1727; x_wconf 89' lang='lat' dir='ltr'>vel</span> <span class='ocrx_word' id='word_1_181' title='bbox 1172 1697 1202 1727; x_wconf 89' lang='lat' dir='ltr'>in</span> 
     </span>
     <span class='ocr_line' id='line_1_32' title="bbox 461 1745 1202 1786; baseline 0.003 -12"><span class='ocrx_word' id='word_1_182' title='bbox 461 1745 597 1776; x_wconf 84' lang='lat' dir='ltr'>manibus</span> <span class='ocrx_word' id='word_1_183' title='bbox 619 1746 711 1785; x_wconf 91' lang='lat' dir='ltr'>ipsius</span> <span class='ocrx_word' id='word_1_184' title='bbox 732 1746 883 1786; x_wconf 83' lang='lat' dir='ltr'>episcopi,</span> <span class='ocrx_word' id='word_1_185' title='bbox 908 1747 1018 1776; x_wconf 89' lang='lat' dir='ltr'>monito</span> <span class='ocrx_word' id='word_1_186' title='bbox 1051 1747 1131 1785; x_wconf 86' lang='lat' dir='ltr'>prius</span> <span class='ocrx_word' id='word_1_187' title='bbox 1153 1745 1202 1776; x_wconf 86' lang='lat' dir='ltr'>ab·</span> 
     </span>
     <span class='ocr_line' id='line_1_33' title="bbox 462 1794 689 1832; baseline 0.004 -9"><span class='ocrx_word' id='word_1_188' title='bbox 462 1794 527 1825; x_wconf 87' lang='lat' dir='ltr'>bate</span> <span class='ocrx_word' id='word_1_189' title='bbox 550 1795 689 1832; x_wconf 73' lang='lat' dir='ltr'>generali.</span> 
     </span>
    </p>

    <p class='ocr_par' dir='ltr' id='par_1_4' title="bbox 461 1843 1205 2225">
     <span class='ocr_line' id='line_1_34' title="bbox 501 1843 1201 1875; baseline 0 -2"><span class='ocrx_word' id='word_1_190' title='bbox 501 1852 528 1873; x_wconf 92' lang='lat' dir='ltr'>v.</span> <span class='ocrx_word' id='word_1_191' title='bbox 553 1844 654 1874; x_wconf 90' lang='lat' dir='ltr'>Velum</span> <span class='ocrx_word' id='word_1_192' title='bbox 678 1844 905 1875; x_wconf 87' lang='lat' dir='ltr'>consecrationis</span> <span class='ocrx_word' id='word_1_193' title='bbox 936 1844 1008 1874; x_wconf 91' lang='lat' dir='ltr'>nulli</span> <span class='ocrx_word' id='word_1_194' title='bbox 1033 1843 1201 1874; x_wconf 89' lang='lat' dir='ltr'>monialium</span> 
     </span>
     <span class='ocr_line' id='line_1_35' title="bbox 461 1892 1203 1933; baseline -0.001 -11"><span class='ocrx_word' id='word_1_195' title='bbox 461 1892 558 1931; x_wconf 85' lang='lat' dir='ltr'>detur,</span> <span class='ocrx_word' id='word_1_196' title='bbox 581 1893 638 1923; x_wconf 88' lang='lat' dir='ltr'>nisi</span> <span class='ocrx_word' id='word_1_197' title='bbox 672 1893 707 1923; x_wconf 89' lang='lat' dir='ltr'>ab</span> <span class='ocrx_word' id='word_1_198' title='bbox 736 1894 891 1933; x_wconf 78' lang='lat' dir='ltr'>episcopo3</span> <span class='ocrx_word' id='word_1_199' title='bbox 921 1894 1008 1933; x_wconf 88' lang='lat' dir='ltr'>idque</span> <span class='ocrx_word' id='word_1_200' title='bbox 1039 1892 1203 1931; x_wconf 79' lang='lat' dir='ltr'>virginibus</span> 
     </span>
     <span class='ocr_line' id='line_1_36' title="bbox 462 1941 1203 1982; baseline 0.001 -11"><span class='ocrx_word' id='word_1_201' title='bbox 462 1942 579 1982; x_wconf 86' lang='lat' dir='ltr'>quidem</span> <span class='ocrx_word' id='word_1_202' title='bbox 610 1952 686 1973; x_wconf 89' lang='lat' dir='ltr'>anno</span> <span class='ocrx_word' id='word_1_203' title='bbox 708 1943 810 1973; x_wconf 86' lang='lat' dir='ltr'>aetatis</span> <span class='ocrx_word' id='word_1_204' title='bbox 840 1943 1083 1982; x_wconf 80' lang='lat' dir='ltr'>quadragesimo3</span> <span class='ocrx_word' id='word_1_205' title='bbox 1108 1941 1203 1972; x_wconf 85' lang='lat' dir='ltr'>viduis</span> 
     </span>
     <span class='ocr_line' id='line_1_37' title="bbox 464 1991 1205 2031; baseline 0.001 -11"><span class='ocrx_word' id='word_1_206' title='bbox 464 2001 531 2021; x_wconf 90' lang='lat' dir='ltr'>vero</span> <span class='ocrx_word' id='word_1_207' title='bbox 550 2001 626 2022; x_wconf 88' lang='lat' dir='ltr'>anno</span> <span class='ocrx_word' id='word_1_208' title='bbox 648 1992 841 2030; x_wconf 78' lang='lat' dir='ltr'>sexagesimo3</span> <span class='ocrx_word' id='word_1_209' title='bbox 859 2001 912 2022; x_wconf 88' lang='lat' dir='ltr'>nec</span> <span class='ocrx_word' id='word_1_210' title='bbox 931 1992 987 2022; x_wconf 91' lang='lat' dir='ltr'>nisi</span> <span class='ocrx_word' id='word_1_211' title='bbox 1010 1991 1133 2031; x_wconf 83' lang='lat' dir='ltr'>expletis</span> <span class='ocrx_word' id='word_1_212' title='bbox 1149 1991 1205 2021; x_wconf 88' lang='lat' dir='ltr'>sal-</span> 
     </span>
     <span class='ocr_line' id='line_1_38' title="bbox 464 2040 1205 2080; baseline 0.001 -11"><span class='ocrx_word' id='word_1_213' title='bbox 464 2044 520 2070; x_wconf 86' lang='lat' dir='ltr'>tem</span> <span class='ocrx_word' id='word_1_214' title='bbox 544 2041 672 2080; x_wconf 86' lang='lat' dir='ltr'>quinque</span> <span class='ocrx_word' id='word_1_215' title='bbox 695 2041 779 2070; x_wconf 87' lang='lat' dir='ltr'>annis</span> <span class='ocrx_word' id='word_1_216' title='bbox 802 2045 866 2080; x_wconf 90' lang='lat' dir='ltr'>post</span> <span class='ocrx_word' id='word_1_217' title='bbox 887 2041 1023 2071; x_wconf 87' lang='lat' dir='ltr'>emissam</span> <span class='ocrx_word' id='word_1_218' title='bbox 1050 2040 1205 2080; x_wconf 84' lang='lat' dir='ltr'>professio-</span> 
     </span>
     <span class='ocr_line' id='line_1_39' title="bbox 463 2088 1203 2128; baseline 0.001 -11"><span class='ocrx_word' id='word_1_219' title='bbox 463 2097 542 2118; x_wconf 87' lang='lat' dir='ltr'>nem.</span> <span class='ocrx_word' id='word_1_220' title='bbox 561 2088 608 2118; x_wconf 85' lang='lat' dir='ltr'>Sic</span> <span class='ocrx_word' id='word_1_221' title='bbox 624 2093 720 2119; x_wconf 88' lang='lat' dir='ltr'>antem</span> <span class='ocrx_word' id='word_1_222' title='bbox 737 2089 858 2127; x_wconf 82' lang='lat' dir='ltr'>velatae,</span> <span class='ocrx_word' id='word_1_223' title='bbox 876 2089 998 2128; x_wconf 86' lang='lat' dir='ltr'>reliquis</span> <span class='ocrx_word' id='word_1_224' title='bbox 1014 2098 1071 2118; x_wconf 88' lang='lat' dir='ltr'>non</span> <span class='ocrx_word' id='word_1_225' title='bbox 1089 2088 1203 2126; x_wconf 88' lang='lat' dir='ltr'>velatis,</span> 
     </span>
     <span class='ocr_line' id='line_1_40' title="bbox 467 2137 1205 2177; baseline 0.001 -11"><span class='ocrx_word' id='word_1_226' title='bbox 467 2139 587 2177; x_wconf 71' lang='lat' dir='ltr'>excepta</span> <span class='ocrx_word' id='word_1_227' title='bbox 603 2137 762 2177; x_wconf 70' lang='lat' dir='ltr'>abbatissa,</span> <span class='ocrx_word' id='word_1_228' title='bbox 784 2138 968 2177; x_wconf 78' lang='lat' dir='ltr'>praecedant,</span> <span class='ocrx_word' id='word_1_229' title='bbox 986 2143 1014 2168; x_wconf 89' lang='lat' dir='ltr'>et</span> <span class='ocrx_word' id='word_1_230' title='bbox 1033 2138 1089 2168; x_wconf 88' lang='lat' dir='ltr'>veli</span> <span class='ocrx_word' id='word_1_231' title='bbox 1111 2137 1205 2168; x_wconf 65' lang='lat' dir='ltr'>forma</span> 
     </span>
     <span class='ocr_line' id='line_1_41' title="bbox 464 2186 694 2225; baseline 0.009 -11"><span class='ocrx_word' id='word_1_232' title='bbox 464 2186 694 2225; x_wconf 75' lang='lat' dir='ltr'>distinguantur.</span> 
     </span>
    </p>

    <p class='ocr_par' dir='ltr' id='par_1_5' title="bbox 466 2235 1206 2664">
     <span class='ocr_line' id='line_1_42' title="bbox 505 2235 1205 2275; baseline 0 -10"><span class='ocrx_word' id='word_1_233' title='bbox 505 2244 542 2265; x_wconf 80' lang='lat' dir='ltr'>vr.</span> <span class='ocrx_word' id='word_1_234' title='bbox 561 2235 592 2265; x_wconf 91' lang='lat' dir='ltr'>In</span> <span class='ocrx_word' id='word_1_235' title='bbox 609 2236 751 2266; x_wconf 86' lang='lat' dir='ltr'>electione</span> <span class='ocrx_word' id='word_1_236' title='bbox 767 2236 942 2275; x_wconf 78' lang='lat' dir='ltr'>abbatissae,</span> <span class='ocrx_word' id='word_1_237' title='bbox 960 2237 1148 2275; x_wconf 88' lang='lat' dir='ltr'>omniumque</span> <span class='ocrx_word' id='word_1_238' title='bbox 1164 2236 1205 2265; x_wconf 93' lang='lat' dir='ltr'>of-</span> 
     </span>
     <span class='ocr_line' id='line_1_43' title="bbox 467 2284 1204 2324; baseline 0 -10"><span class='ocrx_word' id='word_1_239' title='bbox 467 2284 607 2321; x_wconf 85' lang='lat' dir='ltr'>ficialum,</span> <span class='ocrx_word' id='word_1_240' title='bbox 627 2285 768 2314; x_wconf 87' lang='lat' dir='ltr'>moniales</span> <span class='ocrx_word' id='word_1_241' title='bbox 792 2285 951 2324; x_wconf 83' lang='lat' dir='ltr'>professae,</span> <span class='ocrx_word' id='word_1_242' title='bbox 974 2294 1048 2324; x_wconf 88' lang='lat' dir='ltr'>quae</span> <span class='ocrx_word' id='word_1_243' title='bbox 1070 2285 1142 2315; x_wconf 89' lang='lat' dir='ltr'>duos</span> <span class='ocrx_word' id='word_1_244' title='bbox 1160 2285 1204 2314; x_wconf 90' lang='lat' dir='ltr'>in-</span> 
     </span>
     <span class='ocr_line' id='line_1_44' title="bbox 467 2333 1206 2372; baseline 0 -10"><span class='ocrx_word' id='word_1_245' title='bbox 467 2337 563 2371; x_wconf 77' lang='lat' dir='ltr'>tegros</span> <span class='ocrx_word' id='word_1_246' title='bbox 585 2337 649 2372; x_wconf 90' lang='lat' dir='ltr'>post</span> <span class='ocrx_word' id='word_1_247' title='bbox 671 2333 880 2372; x_wconf 80' lang='lat' dir='ltr'>professionem</span> <span class='ocrx_word' id='word_1_248' title='bbox 896 2342 988 2363; x_wconf 88' lang='lat' dir='ltr'>annos</span> <span class='ocrx_word' id='word_1_249' title='bbox 1006 2333 1037 2363; x_wconf 89' lang='lat' dir='ltr'>in</span> <span class='ocrx_word' id='word_1_250' title='bbox 1060 2336 1206 2362; x_wconf 79' lang='lat' dir='ltr'>monaste·</span> 
     </span>
     <span class='ocr_line' id='line_1_45' title="bbox 466 2381 1205 2420; baseline 0.001 -9"><span class='ocrx_word' id='word_1_251' title='bbox 466 2382 510 2411; x_wconf 87' lang='lat' dir='ltr'>rio</span> <span class='ocrx_word' id='word_1_252' title='bbox 532 2385 675 2419; x_wconf 85' lang='lat' dir='ltr'>egerunt,</span> <span class='ocrx_word' id='word_1_253' title='bbox 700 2381 836 2420; x_wconf 76' lang='lat' dir='ltr'>suffragia</span> <span class='ocrx_word' id='word_1_254' title='bbox 866 2382 960 2412; x_wconf 87' lang='lat' dir='ltr'>ferant</span> <span class='ocrx_word' id='word_1_255' title='bbox 982 2391 1079 2412; x_wconf 88' lang='lat' dir='ltr'>coram</span> <span class='ocrx_word' id='word_1_256' title='bbox 1103 2382 1205 2412; x_wconf 83' lang='lat' dir='ltr'>abbate</span> 
     </span>
     <span class='ocr_line' id='line_1_46' title="bbox 466 2429 1204 2467; baseline 0.001 -8"><span class='ocrx_word' id='word_1_257' title='bbox 466 2430 595 2467; x_wconf 79' lang='lat' dir='ltr'>generali</span> <span class='ocrx_word' id='word_1_258' title='bbox 612 2430 655 2459; x_wconf 92' lang='lat' dir='ltr'>vel</span> <span class='ocrx_word' id='word_1_259' title='bbox 672 2430 735 2459; x_wconf 89' lang='lat' dir='ltr'>eius</span> <span class='ocrx_word' id='word_1_260' title='bbox 754 2429 925 2467; x_wconf 84' lang='lat' dir='ltr'>substituto,</span> <span class='ocrx_word' id='word_1_261' title='bbox 944 2434 972 2460; x_wconf 91' lang='lat' dir='ltr'>et</span> <span class='ocrx_word' id='word_1_262' title='bbox 995 2439 1092 2460; x_wconf 87' lang='lat' dir='ltr'>coram</span> <span class='ocrx_word' id='word_1_263' title='bbox 1108 2440 1142 2460; x_wconf 91' lang='lat' dir='ltr'>eo</span> <span class='ocrx_word' id='word_1_264' title='bbox 1159 2431 1204 2460; x_wconf 90' lang='lat' dir='ltr'>cui</span> 
     </span>
     <span class='ocr_line' id='line_1_47' title="bbox 466 2478 1204 2518; baseline 0.001 -11"><span class='ocrx_word' id='word_1_265' title='bbox 466 2478 502 2507; x_wconf 91' lang='lat' dir='ltr'>de</span> <span class='ocrx_word' id='word_1_266' title='bbox 524 2478 588 2508; x_wconf 87' lang='lat' dir='ltr'>inre</span> <span class='ocrx_word' id='word_1_267' title='bbox 610 2478 758 2518; x_wconf 88' lang='lat' dir='ltr'>competit.</span> <span class='ocrx_word' id='word_1_268' title='bbox 783 2478 816 2508; x_wconf 85' lang='lat' dir='ltr'>Et</span> <span class='ocrx_word' id='word_1_269' title='bbox 838 2478 932 2518; x_wconf 84' lang='lat' dir='ltr'>quoad</span> <span class='ocrx_word' id='word_1_270' title='bbox 951 2483 1075 2509; x_wconf 90' lang='lat' dir='ltr'>aetatem</span> <span class='ocrx_word' id='word_1_271' title='bbox 1095 2479 1204 2517; x_wconf 79' lang='lat' dir='ltr'>eligen-</span> 
     </span>
     <span class='ocr_line' id='line_1_48' title="bbox 468 2527 1205 2567; baseline 0.003 -12"><span class='ocrx_word' id='word_1_272' title='bbox 468 2527 532 2565; x_wconf 83' lang='lat' dir='ltr'>dae,</span> <span class='ocrx_word' id='word_1_273' title='bbox 557 2531 689 2557; x_wconf 87' lang='lat' dir='ltr'>servetur</span> <span class='ocrx_word' id='word_1_274' title='bbox 713 2527 864 2567; x_wconf 84' lang='lat' dir='ltr'>dispositio</span> <span class='ocrx_word' id='word_1_275' title='bbox 887 2527 959 2557; x_wconf 88' lang='lat' dir='ltr'>iuris</span> <span class='ocrx_word' id='word_1_276' title='bbox 981 2527 1134 2557; x_wconf 87' lang='lat' dir='ltr'>canonici:</span> <span class='ocrx_word' id='word_1_277' title='bbox 1159 2537 1205 2557; x_wconf 90' lang='lat' dir='ltr'>ea-</span> 
     </span>
     <span class='ocr_line' id='line_1_49' title="bbox 468 2576 1205 2617; baseline 0.003 -12"><span class='ocrx_word' id='word_1_278' title='bbox 468 2586 524 2615; x_wconf 86' lang='lat' dir='ltr'>que</span> <span class='ocrx_word' id='word_1_279' title='bbox 546 2576 630 2606; x_wconf 88' lang='lat' dir='ltr'>debet</span> <span class='ocrx_word' id='word_1_280' title='bbox 648 2586 722 2615; x_wconf 83' lang='lat' dir='ltr'>esse,</span> <span class='ocrx_word' id='word_1_281' title='bbox 746 2585 818 2615; x_wconf 91' lang='lat' dir='ltr'>quae</span> <span class='ocrx_word' id='word_1_282' title='bbox 841 2585 933 2607; x_wconf 89' lang='lat' dir='ltr'>annos</span> <span class='ocrx_word' id='word_1_283' title='bbox 955 2577 1056 2607; x_wconf 84' lang='lat' dir='ltr'>saltem</span> <span class='ocrx_word' id='word_1_284' title='bbox 1076 2577 1205 2617; x_wconf 87' lang='lat' dir='ltr'>quinque</span> 
     </span>
     <span class='ocr_line' id='line_1_50' title="bbox 469 2625 1204 2664; baseline 0.004 -11"><span class='ocrx_word' id='word_1_285' title='bbox 469 2628 532 2664; x_wconf 85' lang='lat' dir='ltr'>post</span> <span class='ocrx_word' id='word_1_286' title='bbox 564 2625 697 2655; x_wconf 78' lang='lat' dir='ltr'>emissam</span> <span class='ocrx_word' id='word_1_287' title='bbox 727 2626 938 2664; x_wconf 82' lang='lat' dir='ltr'>professionem</span> <span class='ocrx_word' id='word_1_288' title='bbox 968 2626 996 2656; x_wconf 89' lang='lat' dir='ltr'>in</span> <span class='ocrx_word' id='word_1_289' title='bbox 1028 2626 1204 2657; x_wconf 84' lang='lat' dir='ltr'>monasterio</span> 
     </span>
    </p>
   </div>
   <div class='ocr_carea' id='block_1_3' title="bbox 1218 285 1224 1080">
    <p class='ocr_par' dir='ltr' id='par_1_6' title="bbox 1218 285 1224 1080">
     <span class='ocr_line' id='line_1_51' title="bbox 1218 285 1224 1080; baseline 0 0"><span class='ocrx_word' id='word_1_290' title='bbox 1218 285 1224 1080; x_wconf 95' lang='lat' dir='ltr'> </span> 
     </span>
    </p>
   </div>
   <div class='ocr_carea' id='block_1_4' title="bbox 1037 235 1403 260">
    <p class='ocr_par' dir='ltr' id='par_1_7' title="bbox 1037 235 1403 260">
     <span class='ocr_line' id='line_1_52' title="bbox 1037 235 1403 260; baseline -0.003 0"><span class='ocrx_word' id='word_1_291' title='bbox 1037 236 1221 260; x_wconf 72' lang='lat' dir='ltr'>BULLARIUM</span> <span class='ocrx_word' id='word_1_292' title='bbox 1243 235 1403 259; x_wconf 74' lang='lat' dir='ltr'><strong>ROMANUM</strong></span> 
     </span>
    </p>
   </div>
   <div class='ocr_carea' id='block_1_5' title="bbox 1241 283 1990 2657">
    <p class='ocr_par' dir='ltr' id='par_1_8' title="bbox 1241 283 1977 421">
     <span class='ocr_line' id='line_1_53' title="bbox 1241 283 1976 324; baseline 0 -11"><span class='ocrx_word' id='word_1_293' title='bbox 1241 284 1428 314; x_wconf 85' lang='lat' dir='ltr'>landabiliter</span> <span class='ocrx_word' id='word_1_294' title='bbox 1450 283 1564 314; x_wconf 74' lang='lat' dir='ltr'>vixerit.</span> <span class='ocrx_word' id='word_1_295' title='bbox 1588 284 1728 324; x_wconf 84' lang='lat' dir='ltr'>Reliquae</span> <span class='ocrx_word' id='word_1_296' title='bbox 1750 294 1817 314; x_wconf 88' lang='lat' dir='ltr'>vero</span> <span class='ocrx_word' id='word_1_297' title='bbox 1838 283 1976 315; x_wconf 83' lang='lat' dir='ltr'>officiales</span> 
     </span>
     <span class='ocr_line' id='line_1_54' title="bbox 1242 332 1977 372; baseline 0.003 -11"><span class='ocrx_word' id='word_1_298' title='bbox 1242 336 1305 371; x_wconf 85' lang='lat' dir='ltr'>post</span> <span class='ocrx_word' id='word_1_299' title='bbox 1336 336 1469 362; x_wconf 76' lang='lat' dir='ltr'>exactum</span> <span class='ocrx_word' id='word_1_300' title='bbox 1493 342 1506 361; x_wconf 90' lang='lat' dir='ltr'>a</span> <span class='ocrx_word' id='word_1_301' title='bbox 1535 333 1715 371; x_wconf 79' lang='lat' dir='ltr'>professione</span> <span class='ocrx_word' id='word_1_302' title='bbox 1750 332 1916 372; x_wconf 86' lang='lat' dir='ltr'>biennium,</span> <span class='ocrx_word' id='word_1_303' title='bbox 1947 343 1977 363; x_wconf 92' lang='lat' dir='ltr'>o-</span> 
     </span>
     <span class='ocr_line' id='line_1_55' title="bbox 1243 381 1783 421; baseline 0.002 -11"><span class='ocrx_word' id='word_1_304' title='bbox 1243 381 1353 410; x_wconf 90' lang='lat' dir='ltr'>mnium</span> <span class='ocrx_word' id='word_1_305' title='bbox 1377 381 1540 411; x_wconf 84' lang='lat' dir='ltr'>officiorum</span> <span class='ocrx_word' id='word_1_306' title='bbox 1564 391 1684 421; x_wconf 84' lang='lat' dir='ltr'>capaces</span> <span class='ocrx_word' id='word_1_307' title='bbox 1707 386 1783 412; x_wconf 90' lang='lat' dir='ltr'>sunt.</span> 
     </span>
    </p>

    <p class='ocr_par' dir='ltr' id='par_1_9' title="bbox 1243 430 1980 956">
     <span class='ocr_line' id='line_1_56' title="bbox 1281 430 1975 460; baseline 0.003 -2"><span class='ocrx_word' id='word_1_308' title='bbox 1281 438 1330 458; x_wconf 74' lang='lat' dir='ltr'>vn.</span> <span class='ocrx_word' id='word_1_309' title='bbox 1366 430 1448 459; x_wconf 81' lang='lat' dir='ltr'>Nulla</span> <span class='ocrx_word' id='word_1_310' title='bbox 1482 430 1627 460; x_wconf 86' lang='lat' dir='ltr'>abbatissa</span> <span class='ocrx_word' id='word_1_311' title='bbox 1661 431 1703 460; x_wconf 87' lang='lat' dir='ltr'>vel</span> <span class='ocrx_word' id='word_1_312' title='bbox 1738 430 1870 460; x_wconf 83' lang='lat' dir='ltr'>officialis</span> <span class='ocrx_word' id='word_1_313' title='bbox 1901 431 1975 460; x_wconf 90' lang='lat' dir='ltr'>ultra</span> 
     </span>
     <span class='ocr_line' id='line_1_57' title="bbox 1243 478 1976 517; baseline 0.001 -10"><span class='ocrx_word' id='word_1_314' title='bbox 1243 478 1400 507; x_wconf 90' lang='lat' dir='ltr'>triennium</span> <span class='ocrx_word' id='word_1_315' title='bbox 1434 479 1463 508; x_wconf 89' lang='lat' dir='ltr'>in</span> <span class='ocrx_word' id='word_1_316' title='bbox 1497 479 1599 508; x_wconf 76' lang='lat' dir='ltr'>eadem</span> <span class='ocrx_word' id='word_1_317' title='bbox 1633 479 1774 517; x_wconf 85' lang='lat' dir='ltr'>dignitate</span> <span class='ocrx_word' id='word_1_318' title='bbox 1806 479 1850 508; x_wconf 88' lang='lat' dir='ltr'>vel</span> <span class='ocrx_word' id='word_1_319' title='bbox 1882 479 1976 509; x_wconf 82' lang='lat' dir='ltr'>officio</span> 
     </span>
     <span class='ocr_line' id='line_1_58' title="bbox 1243 528 1979 565; baseline 0.003 -10"><span class='ocrx_word' id='word_1_320' title='bbox 1243 536 1361 556; x_wconf 86' lang='lat' dir='ltr'>manere</span> <span class='ocrx_word' id='word_1_321' title='bbox 1385 531 1478 565; x_wconf 84' lang='lat' dir='ltr'>potest</span> <span class='ocrx_word' id='word_1_322' title='bbox 1501 531 1551 557; x_wconf 90' lang='lat' dir='ltr'>aut</span> <span class='ocrx_word' id='word_1_323' title='bbox 1573 528 1751 565; x_wconf 84' lang='lat' dir='ltr'>confirmari,</span> <span class='ocrx_word' id='word_1_324' title='bbox 1769 528 1825 557; x_wconf 89' lang='lat' dir='ltr'>nisi</span> <span class='ocrx_word' id='word_1_325' title='bbox 1848 537 1862 557; x_wconf 86' lang='lat' dir='ltr'>a</span> <span class='ocrx_word' id='word_1_326' title='bbox 1885 528 1979 564; x_wconf 83' lang='lat' dir='ltr'>digni-</span> 
     </span>
     <span class='ocr_line' id='line_1_59' title="bbox 1244 575 1979 615; baseline 0 -11"><span class='ocrx_word' id='word_1_327' title='bbox 1244 580 1300 604; x_wconf 84' lang='lat' dir='ltr'>tate</span> <span class='ocrx_word' id='word_1_328' title='bbox 1318 576 1363 604; x_wconf 89' lang='lat' dir='ltr'>vel</span> <span class='ocrx_word' id='word_1_329' title='bbox 1380 575 1475 605; x_wconf 85' lang='lat' dir='ltr'>officio</span> <span class='ocrx_word' id='word_1_330' title='bbox 1491 586 1541 615; x_wconf 90' lang='lat' dir='ltr'>per</span> <span class='ocrx_word' id='word_1_331' title='bbox 1557 576 1702 614; x_wconf 77' lang='lat' dir='ltr'>integrum</span> <span class='ocrx_word' id='word_1_332' title='bbox 1719 576 1878 606; x_wconf 87' lang='lat' dir='ltr'>triennium</span> <span class='ocrx_word' id='word_1_333' title='bbox 1895 585 1979 605; x_wconf 84' lang='lat' dir='ltr'>vaca-</span> 
     </span>
     <span class='ocr_line' id='line_1_60' title="bbox 1243 623 1979 664; baseline 0 -12"><span class='ocrx_word' id='word_1_334' title='bbox 1243 624 1331 660; x_wconf 87' lang='lat' dir='ltr'>verit,</span> <span class='ocrx_word' id='word_1_335' title='bbox 1350 623 1406 653; x_wconf 88' lang='lat' dir='ltr'>nisi</span> <span class='ocrx_word' id='word_1_336' title='bbox 1423 624 1581 653; x_wconf 85' lang='lat' dir='ltr'>necessitas</span> <span class='ocrx_word' id='word_1_337' title='bbox 1605 625 1639 654; x_wconf 90' lang='lat' dir='ltr'>ad</span> <span class='ocrx_word' id='word_1_338' title='bbox 1662 625 1815 664; x_wconf 86' lang='lat' dir='ltr'>petendam</span> <span class='ocrx_word' id='word_1_339' title='bbox 1831 624 1979 663; x_wconf 89' lang='lat' dir='ltr'>dispensa-</span> 
     </span>
     <span class='ocr_line' id='line_1_61' title="bbox 1245 672 1978 712; baseline 0 -11"><span class='ocrx_word' id='word_1_340' title='bbox 1245 672 1351 701; x_wconf 88' lang='lat' dir='ltr'>tionem</span> <span class='ocrx_word' id='word_1_341' title='bbox 1369 682 1383 701; x_wconf 91' lang='lat' dir='ltr'>a</span> <span class='ocrx_word' id='word_1_342' title='bbox 1407 673 1652 702; x_wconf 77' lang='lat' dir='ltr'>reverendissimo</span> <span class='ocrx_word' id='word_1_343' title='bbox 1674 673 1791 703; x_wconf 89' lang='lat' dir='ltr'>domino</span> <span class='ocrx_word' id='word_1_344' title='bbox 1814 672 1978 712; x_wconf 74' lang='lat' dir='ltr'>patriarcha</span> 
     </span>
     <span class='ocr_line' id='line_1_62' title="bbox 1243 721 1979 760; baseline 0.003 -11"><span class='ocrx_word' id='word_1_345' title='bbox 1243 721 1381 758; x_wconf 72' lang='lat' dir='ltr'>coegerit.</span> <span class='ocrx_word' id='word_1_346' title='bbox 1396 721 1537 760; x_wconf 84' lang='lat' dir='ltr'>Nullaque</span> <span class='ocrx_word' id='word_1_347' title='bbox 1554 722 1688 751; x_wconf 85' lang='lat' dir='ltr'>monialis</span> <span class='ocrx_word' id='word_1_348' title='bbox 1702 722 1858 752; x_wconf 87' lang='lat' dir='ltr'>succedere</span> <span class='ocrx_word' id='word_1_349' title='bbox 1874 721 1979 760; x_wconf 90' lang='lat' dir='ltr'>poterit</span> 
     </span>
     <span class='ocr_line' id='line_1_63' title="bbox 1244 769 1977 809; baseline 0.004 -12"><span class='ocrx_word' id='word_1_350' title='bbox 1244 769 1273 798; x_wconf 92' lang='lat' dir='ltr'>in</span> <span class='ocrx_word' id='word_1_351' title='bbox 1308 769 1408 798; x_wconf 86' lang='lat' dir='ltr'>eodem</span> <span class='ocrx_word' id='word_1_352' title='bbox 1442 769 1538 799; x_wconf 84' lang='lat' dir='ltr'>officio</span> <span class='ocrx_word' id='word_1_353' title='bbox 1568 770 1650 800; x_wconf 87' lang='lat' dir='ltr'>alteri</span> <span class='ocrx_word' id='word_1_354' title='bbox 1684 771 1775 800; x_wconf 90' lang='lat' dir='ltr'>sorori</span> <span class='ocrx_word' id='word_1_355' title='bbox 1808 780 1977 809; x_wconf 80' lang='lat' dir='ltr'>germanae,</span> 
     </span>
     <span class='ocr_line' id='line_1_64' title="bbox 1244 818 1980 859; baseline 0.003 -13"><span class='ocrx_word' id='word_1_356' title='bbox 1244 827 1339 857; x_wconf 88' lang='lat' dir='ltr'>neque</span> <span class='ocrx_word' id='word_1_357' title='bbox 1377 818 1405 848; x_wconf 93' lang='lat' dir='ltr'>in</span> <span class='ocrx_word' id='word_1_358' title='bbox 1438 819 1631 849; x_wconf 89' lang='lat' dir='ltr'>electionibus</span> <span class='ocrx_word' id='word_1_359' title='bbox 1663 820 1842 857; x_wconf 84' lang='lat' dir='ltr'>officiorum,</span> <span class='ocrx_word' id='word_1_360' title='bbox 1866 823 1980 859; x_wconf 88' lang='lat' dir='ltr'>praeter</span> 
     </span>
     <span class='ocr_line' id='line_1_65' title="bbox 1244 867 1979 909; baseline 0.004 -13"><span class='ocrx_word' id='word_1_361' title='bbox 1244 867 1316 897; x_wconf 88' lang='lat' dir='ltr'>duas</span> <span class='ocrx_word' id='word_1_362' title='bbox 1337 877 1466 905; x_wconf 83' lang='lat' dir='ltr'>sorores,</span> <span class='ocrx_word' id='word_1_363' title='bbox 1494 869 1577 898; x_wconf 87' lang='lat' dir='ltr'>tertia</span> <span class='ocrx_word' id='word_1_364' title='bbox 1600 869 1643 899; x_wconf 91' lang='lat' dir='ltr'>vel</span> <span class='ocrx_word' id='word_1_365' title='bbox 1673 874 1775 909; x_wconf 89' lang='lat' dir='ltr'>quarta</span> <span class='ocrx_word' id='word_1_366' title='bbox 1808 869 1979 908; x_wconf 79' lang='lat' dir='ltr'>suffragium</span> 
     </span>
     <span class='ocr_line' id='line_1_66' title="bbox 1244 916 1479 956; baseline 0.009 -11"><span class='ocrx_word' id='word_1_367' title='bbox 1244 916 1351 946; x_wconf 86' lang='lat' dir='ltr'>habere</span> <span class='ocrx_word' id='word_1_368' title='bbox 1375 921 1479 956; x_wconf 82' lang='lat' dir='ltr'>potest.</span> 
     </span>
    </p>

    <p class='ocr_par' dir='ltr' id='par_1_10' title="bbox 1244 967 1982 1202">
     <span class='ocr_line' id='line_1_67' title="bbox 1284 967 1980 998; baseline 0.004 -3"><span class='ocrx_word' id='word_1_369' title='bbox 1284 975 1342 996; x_wconf 83' lang='lat' dir='ltr'>vni.</span> <span class='ocrx_word' id='word_1_370' title='bbox 1372 967 1511 997; x_wconf 88' lang='lat' dir='ltr'>Moniales</span> <span class='ocrx_word' id='word_1_371' title='bbox 1544 977 1644 998; x_wconf 91' lang='lat' dir='ltr'>omnes</span> <span class='ocrx_word' id='word_1_372' title='bbox 1678 968 1766 998; x_wconf 88' lang='lat' dir='ltr'>vitam</span> <span class='ocrx_word' id='word_1_373' title='bbox 1796 976 1980 998; x_wconf 88' lang='lat' dir='ltr'>communem</span> 
     </span>
     <span class='ocr_line' id='line_1_68' title="bbox 1244 1016 1981 1057; baseline 0.001 -13"><span class='ocrx_word' id='word_1_374' title='bbox 1244 1020 1372 1051; x_wconf 85' lang='lat' dir='ltr'>servent,</span> <span class='ocrx_word' id='word_1_375' title='bbox 1390 1016 1467 1045; x_wconf 89' lang='lat' dir='ltr'>omni</span> <span class='ocrx_word' id='word_1_376' title='bbox 1491 1016 1562 1046; x_wconf 87' lang='lat' dir='ltr'>vitio</span> <span class='ocrx_word' id='word_1_377' title='bbox 1584 1017 1771 1056; x_wconf 87' lang='lat' dir='ltr'>proprietatis</span> <span class='ocrx_word' id='word_1_378' title='bbox 1794 1017 1909 1057; x_wconf 86' lang='lat' dir='ltr'>penitus</span> <span class='ocrx_word' id='word_1_379' title='bbox 1931 1016 1981 1046; x_wconf 88' lang='lat' dir='ltr'>ab·</span> 
     </span>
     <span class='ocr_line' id='line_1_69' title="bbox 1245 1063 1982 1104; baseline 0.003 -12"><span class='ocrx_word' id='word_1_380' title='bbox 1245 1063 1313 1093; x_wconf 90' lang='lat' dir='ltr'>lato.</span> <span class='ocrx_word' id='word_1_381' title='bbox 1345 1064 1431 1093; x_wconf 89' lang='lat' dir='ltr'>Curet</span> <span class='ocrx_word' id='word_1_382' title='bbox 1454 1065 1574 1103; x_wconf 89' lang='lat' dir='ltr'>proinde</span> <span class='ocrx_word' id='word_1_383' title='bbox 1597 1065 1760 1104; x_wconf 86' lang='lat' dir='ltr'>abbatissa,</span> <span class='ocrx_word' id='word_1_384' title='bbox 1790 1070 1821 1095; x_wconf 91' lang='lat' dir='ltr'>ut</span> <span class='ocrx_word' id='word_1_385' title='bbox 1846 1064 1982 1095; x_wconf 89' lang='lat' dir='ltr'>omnibus</span> 
     </span>
     <span class='ocr_line' id='line_1_70' title="bbox 1245 1111 1982 1153; baseline 0.003 -12"><span class='ocrx_word' id='word_1_386' title='bbox 1245 1111 1279 1141; x_wconf 87' lang='lat' dir='ltr'>de</span> <span class='ocrx_word' id='word_1_387' title='bbox 1301 1112 1465 1142; x_wconf 85' lang='lat' dir='ltr'>necessario</span> <span class='ocrx_word' id='word_1_388' title='bbox 1488 1113 1580 1151; x_wconf 91' lang='lat' dir='ltr'>victu,</span> <span class='ocrx_word' id='word_1_389' title='bbox 1604 1114 1722 1152; x_wconf 86' lang='lat' dir='ltr'>vestitu,</span> <span class='ocrx_word' id='word_1_390' title='bbox 1748 1114 1911 1153; x_wconf 88' lang='lat' dir='ltr'>ceterisque</span> <span class='ocrx_word' id='word_1_391' title='bbox 1934 1123 1982 1143; x_wconf 85' lang='lat' dir='ltr'>ae-</span> 
     </span>
     <span class='ocr_line' id='line_1_71' title="bbox 1245 1161 1980 1202; baseline 0.004 -13"><span class='ocrx_word' id='word_1_392' title='bbox 1245 1161 1371 1199; x_wconf 85' lang='lat' dir='ltr'>qualiter</span> <span class='ocrx_word' id='word_1_393' title='bbox 1386 1165 1414 1190; x_wconf 90' lang='lat' dir='ltr'>et</span> <span class='ocrx_word' id='word_1_394' title='bbox 1430 1161 1492 1191; x_wconf 87' lang='lat' dir='ltr'>sine</span> <span class='ocrx_word' id='word_1_395' title='bbox 1509 1162 1569 1191; x_wconf 73' lang='lat' dir='ltr'>ulla</span> <span class='ocrx_word' id='word_1_396' title='bbox 1584 1162 1770 1193; x_wconf 88' lang='lat' dir='ltr'>distinctione</span> <span class='ocrx_word' id='word_1_397' title='bbox 1782 1162 1980 1202; x_wconf 87' lang='lat' dir='ltr'>provideatur.</span> 
     </span>
    </p>

    <p class='ocr_par' dir='ltr' id='par_1_11' title="bbox 1244 1209 1990 2470">
     <span class='ocr_line' id='line_1_72' title="bbox 1284 1209 1981 1250; baseline 0.003 -12"><span class='ocrx_word' id='word_1_398' title='bbox 1284 1219 1324 1239; x_wconf 84' lang='lat' dir='ltr'>1x.</span> <span class='ocrx_word' id='word_1_399' title='bbox 1338 1209 1435 1244; x_wconf 86' lang='lat' dir='ltr'>Quoad</span> <span class='ocrx_word' id='word_1_400' title='bbox 1452 1210 1613 1240; x_wconf 86' lang='lat' dir='ltr'>orationem</span> <span class='ocrx_word' id='word_1_401' title='bbox 1627 1211 1755 1241; x_wconf 89' lang='lat' dir='ltr'>vocalem</span> <span class='ocrx_word' id='word_1_402' title='bbox 1773 1215 1800 1240; x_wconf 92' lang='lat' dir='ltr'>et</span> <span class='ocrx_word' id='word_1_403' title='bbox 1812 1211 1981 1250; x_wconf 85' lang='lat' dir='ltr'>mentalem,</span> 
     </span>
     <span class='ocr_line' id='line_1_73' title="bbox 1244 1259 1981 1296; baseline 0.001 -9"><span class='ocrx_word' id='word_1_404' title='bbox 1244 1262 1273 1288; x_wconf 87' lang='lat' dir='ltr'>et</span> <span class='ocrx_word' id='word_1_405' title='bbox 1296 1262 1479 1288; x_wconf 82' lang='lat' dir='ltr'>sacramenta</span> <span class='ocrx_word' id='word_1_406' title='bbox 1503 1259 1695 1288; x_wconf 82' lang='lat' dir='ltr'>confessionis</span> <span class='ocrx_word' id='word_1_407' title='bbox 1711 1263 1739 1289; x_wconf 92' lang='lat' dir='ltr'>et</span> <span class='ocrx_word' id='word_1_408' title='bbox 1755 1259 1981 1296; x_wconf 86' lang='lat' dir='ltr'>communionis,</span> 
     </span>
     <span class='ocr_line' id='line_1_74' title="bbox 1245 1306 1983 1346; baseline 0.001 -10"><span class='ocrx_word' id='word_1_409' title='bbox 1245 1310 1273 1336; x_wconf 89' lang='lat' dir='ltr'>et</span> <span class='ocrx_word' id='word_1_410' title='bbox 1295 1307 1388 1346; x_wconf 90' lang='lat' dir='ltr'>quoad</span> <span class='ocrx_word' id='word_1_411' title='bbox 1411 1306 1530 1337; x_wconf 86' lang='lat' dir='ltr'>missam</span> <span class='ocrx_word' id='word_1_412' title='bbox 1553 1308 1740 1346; x_wconf 89' lang='lat' dir='ltr'>audiendam,</span> <span class='ocrx_word' id='word_1_413' title='bbox 1757 1307 1900 1338; x_wconf 87' lang='lat' dir='ltr'>rationem</span> <span class='ocrx_word' id='word_1_414' title='bbox 1918 1307 1983 1337; x_wconf 88' lang='lat' dir='ltr'>red-</span> 
     </span>
     <span class='ocr_line' id='line_1_75' title="bbox 1245 1355 1984 1394; baseline 0.001 -9"><span class='ocrx_word' id='word_1_415' title='bbox 1245 1355 1357 1385; x_wconf 88' lang='lat' dir='ltr'>dendae</span> <span class='ocrx_word' id='word_1_416' title='bbox 1378 1356 1583 1393; x_wconf 84' lang='lat' dir='ltr'>conscientiae,</span> <span class='ocrx_word' id='word_1_417' title='bbox 1600 1356 1760 1394; x_wconf 88' lang='lat' dir='ltr'>silentium,</span> <span class='ocrx_word' id='word_1_418' title='bbox 1777 1356 1932 1386; x_wconf 87' lang='lat' dir='ltr'>lectionem</span> <span class='ocrx_word' id='word_1_419' title='bbox 1949 1355 1984 1385; x_wconf 90' lang='lat' dir='ltr'>ad</span> 
     </span>
     <span class='ocr_line' id='line_1_76' title="bbox 1245 1404 1984 1442; baseline 0 -8"><span class='ocrx_word' id='word_1_420' title='bbox 1245 1414 1386 1442; x_wconf 84' lang='lat' dir='ltr'>mensam,</span> <span class='ocrx_word' id='word_1_421' title='bbox 1403 1409 1432 1435; x_wconf 90' lang='lat' dir='ltr'>et</span> <span class='ocrx_word' id='word_1_422' title='bbox 1453 1409 1564 1435; x_wconf 86' lang='lat' dir='ltr'>ceteras</span> <span class='ocrx_word' id='word_1_423' title='bbox 1583 1405 1699 1442; x_wconf 78' lang='lat' dir='ltr'>regulas</span> <span class='ocrx_word' id='word_1_424' title='bbox 1718 1405 1778 1434; x_wconf 89' lang='lat' dir='ltr'>sive</span> <span class='ocrx_word' id='word_1_425' title='bbox 1800 1404 1984 1435; x_wconf 88' lang='lat' dir='ltr'>constitutio-</span> 
     </span>
     <span class='ocr_line' id='line_1_77' title="bbox 1245 1454 1984 1493; baseline 0 -9"><span class='ocrx_word' id='word_1_426' title='bbox 1245 1464 1307 1492; x_wconf 90' lang='lat' dir='ltr'>nes,</span> <span class='ocrx_word' id='word_1_427' title='bbox 1326 1455 1421 1484; x_wconf 89' lang='lat' dir='ltr'>omnia</span> <span class='ocrx_word' id='word_1_428' title='bbox 1439 1454 1632 1484; x_wconf 87' lang='lat' dir='ltr'>observentur</span> <span class='ocrx_word' id='word_1_429' title='bbox 1654 1464 1669 1484; x_wconf 89' lang='lat' dir='ltr'>a</span> <span class='ocrx_word' id='word_1_430' title='bbox 1692 1454 1885 1491; x_wconf 84' lang='lat' dir='ltr'>monialibus,</span> <span class='ocrx_word' id='word_1_431' title='bbox 1908 1463 1984 1493; x_wconf 85' lang='lat' dir='ltr'>quae</span> 
     </span>
     <span class='ocr_line' id='line_1_78' title="bbox 1246 1502 1983 1542; baseline -0.001 -10"><span class='ocrx_word' id='word_1_432' title='bbox 1246 1503 1396 1532; x_wconf 87' lang='lat' dir='ltr'>monachis</span> <span class='ocrx_word' id='word_1_433' title='bbox 1421 1502 1600 1542; x_wconf 86' lang='lat' dir='ltr'>praescripta</span> <span class='ocrx_word' id='word_1_434' title='bbox 1623 1506 1701 1532; x_wconf 86' lang='lat' dir='ltr'>sunt.</span> <span class='ocrx_word' id='word_1_435' title='bbox 1719 1502 1831 1533; x_wconf 89' lang='lat' dir='ltr'>Debent</span> <span class='ocrx_word' id='word_1_436' title='bbox 1853 1502 1931 1532; x_wconf 91' lang='lat' dir='ltr'>enim</span> <span class='ocrx_word' id='word_1_437' title='bbox 1954 1502 1983 1532; x_wconf 89' lang='lat' dir='ltr'>in</span> 
     </span>
     <span class='ocr_line' id='line_1_79' title="bbox 1245 1551 1984 1590; baseline -0.001 -9"><span class='ocrx_word' id='word_1_438' title='bbox 1245 1552 1333 1581; x_wconf 85' lang='lat' dir='ltr'>choro</span> <span class='ocrx_word' id='word_1_439' title='bbox 1349 1551 1531 1590; x_wconf 87' lang='lat' dir='ltr'>temporibus</span> <span class='ocrx_word' id='word_1_440' title='bbox 1553 1551 1613 1580; x_wconf 91' lang='lat' dir='ltr'>suis</span> <span class='ocrx_word' id='word_1_441' title='bbox 1630 1551 1720 1580; x_wconf 88' lang='lat' dir='ltr'>horas</span> <span class='ocrx_word' id='word_1_442' title='bbox 1738 1551 1894 1581; x_wconf 86' lang='lat' dir='ltr'>canonicas</span> <span class='ocrx_word' id='word_1_443' title='bbox 1916 1560 1984 1580; x_wconf 84' lang='lat' dir='ltr'>can-</span> 
     </span>
     <span class='ocr_line' id='line_1_80' title="bbox 1246 1598 1983 1638; baseline -0.001 -9"><span class='ocrx_word' id='word_1_444' title='bbox 1246 1606 1318 1638; x_wconf 87' lang='lat' dir='ltr'>tare,</span> <span class='ocrx_word' id='word_1_445' title='bbox 1336 1599 1484 1629; x_wconf 69' lang='lat' dir='ltr'>abbatissa</span> <span class='ocrx_word' id='word_1_446' title='bbox 1505 1608 1555 1628; x_wconf 90' lang='lat' dir='ltr'>seu</span> <span class='ocrx_word' id='word_1_447' title='bbox 1575 1598 1684 1629; x_wconf 72' lang='lat' dir='ltr'>vicaria</span> <span class='ocrx_word' id='word_1_448' title='bbox 1700 1599 1900 1638; x_wconf 87' lang='lat' dir='ltr'>praesidente;</span> <span class='ocrx_word' id='word_1_449' title='bbox 1919 1608 1983 1628; x_wconf 87' lang='lat' dir='ltr'>ora-</span> 
     </span>
     <span class='ocr_line' id='line_1_81' title="bbox 1245 1647 1983 1686; baseline -0.001 -8"><span class='ocrx_word' id='word_1_450' title='bbox 1245 1648 1318 1678; x_wconf 89' lang='lat' dir='ltr'>tioni</span> <span class='ocrx_word' id='word_1_451' title='bbox 1339 1647 1459 1677; x_wconf 87' lang='lat' dir='ltr'>mentali</span> <span class='ocrx_word' id='word_1_452' title='bbox 1483 1657 1534 1686; x_wconf 91' lang='lat' dir='ltr'>per</span> <span class='ocrx_word' id='word_1_453' title='bbox 1555 1648 1732 1678; x_wconf 87' lang='lat' dir='ltr'>semihoram</span> <span class='ocrx_word' id='word_1_454' title='bbox 1750 1647 1780 1677; x_wconf 90' lang='lat' dir='ltr'>in</span> <span class='ocrx_word' id='word_1_455' title='bbox 1799 1647 1847 1677; x_wconf 88' lang='lat' dir='ltr'>die</span> <span class='ocrx_word' id='word_1_456' title='bbox 1862 1656 1983 1684; x_wconf 82' lang='lat' dir='ltr'>vacare3</span> 
     </span>
     <span class='ocr_line' id='line_1_82' title="bbox 1246 1696 1985 1737; baseline 0 -11"><span class='ocrx_word' id='word_1_457' title='bbox 1246 1700 1363 1737; x_wconf 81' lang='lat' dir='ltr'>peccata</span> <span class='ocrx_word' id='word_1_458' title='bbox 1384 1706 1434 1726; x_wconf 90' lang='lat' dir='ltr'>sua</span> <span class='ocrx_word' id='word_1_459' title='bbox 1458 1696 1600 1726; x_wconf 88' lang='lat' dir='ltr'>sacerdoti</span> <span class='ocrx_word' id='word_1_460' title='bbox 1623 1696 1775 1735; x_wconf 82' lang='lat' dir='ltr'>designato</span> <span class='ocrx_word' id='word_1_461' title='bbox 1804 1696 1892 1726; x_wconf 87' lang='lat' dir='ltr'>semel</span> <span class='ocrx_word' id='word_1_462' title='bbox 1915 1705 1985 1736; x_wconf 88' lang='lat' dir='ltr'>qua-</span> 
     </span>
     <span class='ocr_line' id='line_1_83' title="bbox 1246 1745 1987 1784; baseline -0.001 -8"><span class='ocrx_word' id='word_1_463' title='bbox 1246 1746 1289 1776; x_wconf 89' lang='lat' dir='ltr'>vis</span> <span class='ocrx_word' id='word_1_464' title='bbox 1311 1745 1492 1776; x_wconf 77' lang='lat' dir='ltr'>hebdomada</span> <span class='ocrx_word' id='word_1_465' title='bbox 1515 1746 1667 1784; x_wconf 82' lang='lat' dir='ltr'>confiteri3</span> <span class='ocrx_word' id='word_1_466' title='bbox 1692 1746 1905 1776; x_wconf 87' lang='lat' dir='ltr'>Eucharistiam</span> <span class='ocrx_word' id='word_1_467' title='bbox 1928 1745 1987 1775; x_wconf 88' lang='lat' dir='ltr'>die-</span> 
     </span>
     <span class='ocr_line' id='line_1_84' title="bbox 1246 1793 1986 1834; baseline 0.001 -11"><span class='ocrx_word' id='word_1_468' title='bbox 1246 1793 1300 1824; x_wconf 87' lang='lat' dir='ltr'>bus</span> <span class='ocrx_word' id='word_1_469' title='bbox 1322 1794 1477 1824; x_wconf 88' lang='lat' dir='ltr'>dominicis</span> <span class='ocrx_word' id='word_1_470' title='bbox 1499 1798 1527 1824; x_wconf 88' lang='lat' dir='ltr'>et</span> <span class='ocrx_word' id='word_1_471' title='bbox 1549 1794 1630 1824; x_wconf 86' lang='lat' dir='ltr'>festis</span> <span class='ocrx_word' id='word_1_472' title='bbox 1663 1795 1832 1834; x_wconf 87' lang='lat' dir='ltr'>suscipere;</span> <span class='ocrx_word' id='word_1_473' title='bbox 1867 1794 1986 1824; x_wconf 86' lang='lat' dir='ltr'>missam</span> 
     </span>
     <span class='ocr_line' id='line_1_85' title="bbox 1246 1842 1987 1882; baseline -0.001 -9"><span class='ocrx_word' id='word_1_474' title='bbox 1246 1843 1379 1882; x_wconf 89' lang='lat' dir='ltr'>quotidie</span> <span class='ocrx_word' id='word_1_475' title='bbox 1402 1842 1521 1879; x_wconf 68' lang='lat' dir='ltr'>audire,</span> <span class='ocrx_word' id='word_1_476' title='bbox 1538 1842 1613 1872; x_wconf 74' lang='lat' dir='ltr'>seria,</span> <span class='ocrx_word' id='word_1_477' title='bbox 1634 1851 1662 1872; x_wconf 83' lang='grc' dir='ltr'>νι</span> <span class='ocrx_word' id='word_1_478' title='bbox 1683 1847 1712 1873; x_wconf 85' lang='lat' dir='ltr'>et</span> <span class='ocrx_word' id='word_1_479' title='bbox 1734 1851 1762 1872; x_wconf 87' lang='lat' dir='ltr'>1v</span> <span class='ocrx_word' id='word_1_480' title='bbox 1785 1847 1849 1882; x_wconf 88' lang='lat' dir='ltr'>post</span> <span class='ocrx_word' id='word_1_481' title='bbox 1870 1848 1987 1882; x_wconf 85' lang='lat' dir='ltr'>vesper-</span> 
     </span>
     <span class='ocr_line' id='line_1_86' title="bbox 1248 1891 1986 1929; baseline 0 -8"><span class='ocrx_word' id='word_1_482' title='bbox 1248 1892 1341 1922; x_wconf 89' lang='lat' dir='ltr'>tinum</span> <span class='ocrx_word' id='word_1_483' title='bbox 1358 1891 1498 1929; x_wconf 81' lang='lat' dir='ltr'>officium,</span> <span class='ocrx_word' id='word_1_484' title='bbox 1523 1891 1678 1922; x_wconf 86' lang='lat' dir='ltr'>incellam</span> <span class='ocrx_word' id='word_1_485' title='bbox 1701 1901 1783 1921; x_wconf 88' lang='lat' dir='ltr'>suam</span> <span class='ocrx_word' id='word_1_486' title='bbox 1805 1892 1986 1928; x_wconf 86' lang='lat' dir='ltr'>secedentes,</span> 
     </span>
     <span class='ocr_line' id='line_1_87' title="bbox 1249 1940 1988 1980; baseline -0.001 -10"><span class='ocrx_word' id='word_1_487' title='bbox 1249 1941 1383 1971; x_wconf 89' lang='lat' dir='ltr'>manibus</span> <span class='ocrx_word' id='word_1_488' title='bbox 1399 1941 1428 1971; x_wconf 90' lang='lat' dir='ltr'>in</span> <span class='ocrx_word' id='word_1_489' title='bbox 1445 1940 1542 1970; x_wconf 87' lang='lat' dir='ltr'>crucis</span> <span class='ocrx_word' id='word_1_490' title='bbox 1559 1940 1683 1979; x_wconf 82' lang='lat' dir='ltr'>figuram</span> <span class='ocrx_word' id='word_1_491' title='bbox 1698 1940 1828 1971; x_wconf 78' lang='lat' dir='ltr'>extensis</span> <span class='ocrx_word' id='word_1_492' title='bbox 1844 1940 1988 1980; x_wconf 86' lang='lat' dir='ltr'>psalmum</span> 
     </span>
     <span class='ocr_line' id='line_1_88' title="bbox 1247 1989 1989 2031; baseline -0.001 -11"><span class='ocrx_word' id='word_1_493' title='bbox 1247 1991 1379 2020; x_wconf 76' lang='lat' dir='ltr'>Miserere</span> <span class='ocrx_word' id='word_1_494' title='bbox 1400 1990 1557 2031; x_wconf 68' lang='lat' dir='ltr'>quinquies</span> <span class='ocrx_word' id='word_1_495' title='bbox 1580 1991 1726 2028; x_wconf 78' lang='lat' dir='ltr'>recitare3</span> <span class='ocrx_word' id='word_1_496' title='bbox 1746 2000 1803 2020; x_wconf 90' lang='lat' dir='ltr'>non</span> <span class='ocrx_word' id='word_1_497' title='bbox 1820 1994 1917 2020; x_wconf 87' lang='lat' dir='ltr'>tamen</span> <span class='ocrx_word' id='word_1_498' title='bbox 1940 1989 1989 2019; x_wconf 85' lang='lat' dir='ltr'>ab-</span> 
     </span>
     <span class='ocr_line' id='line_1_89' title="bbox 1247 2039 1987 2079; baseline 0 -11"><span class='ocrx_word' id='word_1_499' title='bbox 1247 2039 1386 2079; x_wconf 79' lang='lat' dir='ltr'>batissae,</span> <span class='ocrx_word' id='word_1_500' title='bbox 1410 2040 1459 2070; x_wconf 89' lang='lat' dir='ltr'>sed</span> <span class='ocrx_word' id='word_1_501' title='bbox 1483 2039 1627 2070; x_wconf 86' lang='lat' dir='ltr'>sacerdoti</span> <span class='ocrx_word' id='word_1_502' title='bbox 1649 2039 1825 2070; x_wconf 86' lang='lat' dir='ltr'>confessario</span> <span class='ocrx_word' id='word_1_503' title='bbox 1843 2039 1987 2069; x_wconf 88' lang='lat' dir='ltr'>rationem</span> 
     </span>
     <span class='ocr_line' id='line_1_90' title="bbox 1247 2087 1988 2128; baseline 0 -10"><span class='ocrx_word' id='word_1_504' title='bbox 1247 2089 1444 2119; x_wconf 85' lang='lat' dir='ltr'>conscientiae</span> <span class='ocrx_word' id='word_1_505' title='bbox 1467 2098 1536 2119; x_wconf 90' lang='lat' dir='ltr'>snae</span> <span class='ocrx_word' id='word_1_506' title='bbox 1558 2088 1696 2126; x_wconf 88' lang='lat' dir='ltr'>reddere,</span> <span class='ocrx_word' id='word_1_507' title='bbox 1724 2088 1810 2128; x_wconf 89' lang='lat' dir='ltr'>idque</span> <span class='ocrx_word' id='word_1_508' title='bbox 1839 2088 1910 2118; x_wconf 88' lang='lat' dir='ltr'>satis</span> <span class='ocrx_word' id='word_1_509' title='bbox 1933 2087 1988 2118; x_wconf 86' lang='lat' dir='ltr'>erit</span> 
     </span>
     <span class='ocr_line' id='line_1_91' title="bbox 1247 2136 1988 2174; baseline -0.001 -7"><span class='ocrx_word' id='word_1_510' title='bbox 1247 2138 1272 2167; x_wconf 88' lang='lat' dir='ltr'>si</span> <span class='ocrx_word' id='word_1_511' title='bbox 1295 2138 1384 2167; x_wconf 90' lang='lat' dir='ltr'>semel</span> <span class='ocrx_word' id='word_1_512' title='bbox 1418 2138 1447 2167; x_wconf 89' lang='lat' dir='ltr'>in</span> <span class='ocrx_word' id='word_1_513' title='bbox 1480 2137 1661 2167; x_wconf 67' lang='lat' dir='ltr'>hebdomada</span> <span class='ocrx_word' id='word_1_514' title='bbox 1683 2137 1754 2174; x_wconf 80' lang='lat' dir='ltr'>siat3</span> <span class='ocrx_word' id='word_1_515' title='bbox 1778 2137 1928 2167; x_wconf 88' lang='lat' dir='ltr'>silentium</span> <span class='ocrx_word' id='word_1_516' title='bbox 1958 2136 1988 2167; x_wconf 89' lang='lat' dir='ltr'>in</span> 
     </span>
     <span class='ocr_line' id='line_1_92' title="bbox 1248 2185 1989 2225; baseline 0 -10"><span class='ocrx_word' id='word_1_517' title='bbox 1248 2186 1384 2223; x_wconf 73' lang='lat' dir='ltr'>ecclesia,</span> <span class='ocrx_word' id='word_1_518' title='bbox 1402 2186 1430 2215; x_wconf 92' lang='lat' dir='ltr'>in</span> <span class='ocrx_word' id='word_1_519' title='bbox 1455 2186 1557 2215; x_wconf 68' lang='lat' dir='ltr'>mensa</span> <span class='ocrx_word' id='word_1_520' title='bbox 1579 2190 1606 2215; x_wconf 90' lang='lat' dir='ltr'>et</span> <span class='ocrx_word' id='word_1_521' title='bbox 1628 2195 1643 2215; x_wconf 91' lang='lat' dir='ltr'>a</span> <span class='ocrx_word' id='word_1_522' title='bbox 1666 2185 1855 2225; x_wconf 89' lang='lat' dir='ltr'>completorio</span> <span class='ocrx_word' id='word_1_523' title='bbox 1877 2185 1912 2215; x_wconf 92' lang='lat' dir='ltr'>ad</span> <span class='ocrx_word' id='word_1_524' title='bbox 1931 2189 1989 2215; x_wconf 80' lang='lat' dir='ltr'>ter-</span> 
     </span>
     <span class='ocr_line' id='line_1_93' title="bbox 1248 2233 1990 2274; baseline -0.001 -10"><span class='ocrx_word' id='word_1_525' title='bbox 1248 2235 1317 2264; x_wconf 89' lang='lat' dir='ltr'>tiam</span> <span class='ocrx_word' id='word_1_526' title='bbox 1341 2235 1441 2264; x_wconf 81' lang='lat' dir='ltr'>horam</span> <span class='ocrx_word' id='word_1_527' title='bbox 1464 2234 1523 2264; x_wconf 92' lang='lat' dir='ltr'>diei</span> <span class='ocrx_word' id='word_1_528' title='bbox 1546 2235 1696 2274; x_wconf 85' lang='lat' dir='ltr'>sequentis</span> <span class='ocrx_word' id='word_1_529' title='bbox 1715 2234 1868 2273; x_wconf 81' lang='lat' dir='ltr'>diligenter</span> <span class='ocrx_word' id='word_1_530' title='bbox 1890 2233 1990 2264; x_wconf 85' lang='lat' dir='ltr'>obser-</span> 
     </span>
     <span class='ocr_line' id='line_1_94' title="bbox 1248 2282 1989 2321; baseline -0.001 -8"><span class='ocrx_word' id='word_1_531' title='bbox 1248 2293 1337 2321; x_wconf 71' lang='lat' dir='ltr'>vare,</span> <span class='ocrx_word' id='word_1_532' title='bbox 1362 2284 1391 2313; x_wconf 92' lang='lat' dir='ltr'>iu</span> <span class='ocrx_word' id='word_1_533' title='bbox 1419 2283 1568 2313; x_wconf 86' lang='lat' dir='ltr'>communi</span> <span class='ocrx_word' id='word_1_534' title='bbox 1600 2284 1702 2313; x_wconf 70' lang='lat' dir='ltr'>mensa</span> <span class='ocrx_word' id='word_1_535' title='bbox 1730 2283 1886 2313; x_wconf 87' lang='lat' dir='ltr'>lectionem</span> <span class='ocrx_word' id='word_1_536' title='bbox 1921 2282 1989 2313; x_wconf 89' lang='lat' dir='ltr'>libri</span> 
     </span>
     <span class='ocr_line' id='line_1_95' title="bbox 1248 2332 1988 2372; baseline -0.001 -10"><span class='ocrx_word' id='word_1_537' title='bbox 1248 2332 1410 2372; x_wconf 87' lang='lat' dir='ltr'>spiritualis</span> <span class='ocrx_word' id='word_1_538' title='bbox 1431 2333 1578 2370; x_wconf 82' lang='lat' dir='ltr'>recitare3</span> <span class='ocrx_word' id='word_1_539' title='bbox 1601 2342 1701 2362; x_wconf 89' lang='lat' dir='ltr'>omnes</span> <span class='ocrx_word' id='word_1_540' title='bbox 1723 2332 1850 2371; x_wconf 87' lang='lat' dir='ltr'>denique</span> <span class='ocrx_word' id='word_1_541' title='bbox 1873 2332 1988 2370; x_wconf 82' lang='lat' dir='ltr'>regulas</span> 
     </span>
     <span class='ocr_line' id='line_1_96' title="bbox 1248 2381 1987 2421; baseline 0 -11"><span class='ocrx_word' id='word_1_542' title='bbox 1248 2385 1276 2411; x_wconf 93' lang='lat' dir='ltr'>et</span> <span class='ocrx_word' id='word_1_543' title='bbox 1311 2382 1535 2412; x_wconf 88' lang='lat' dir='ltr'>constitutiones</span> <span class='ocrx_word' id='word_1_544' title='bbox 1571 2381 1739 2419; x_wconf 86' lang='lat' dir='ltr'>observare,</span> <span class='ocrx_word' id='word_1_545' title='bbox 1776 2391 1850 2421; x_wconf 85' lang='lat' dir='ltr'>quae</span> <span class='ocrx_word' id='word_1_546' title='bbox 1886 2390 1987 2411; x_wconf 87' lang='lat' dir='ltr'>earum</span> 
     </span>
     <span class='ocr_line' id='line_1_97' title="bbox 1248 2431 1774 2470; baseline 0 -11"><span class='ocrx_word' id='word_1_547' title='bbox 1248 2431 1332 2460; x_wconf 83' lang='lat' dir='ltr'>sexui</span> <span class='ocrx_word' id='word_1_548' title='bbox 1356 2435 1383 2461; x_wconf 87' lang='lat' dir='ltr'>et</span> <span class='ocrx_word' id='word_1_549' title='bbox 1406 2431 1494 2461; x_wconf 88' lang='lat' dir='ltr'>statui</span> <span class='ocrx_word' id='word_1_550' title='bbox 1517 2440 1575 2461; x_wconf 89' lang='lat' dir='ltr'>non</span> <span class='ocrx_word' id='word_1_551' title='bbox 1598 2433 1774 2470; x_wconf 80' lang='lat' dir='ltr'>repugnant.</span> 
     </span>
    </p>

    <p class='ocr_par' dir='ltr' id='par_1_12' title="bbox 1248 2478 1990 2657">
     <span class='ocr_line' id='line_1_98' title="bbox 1288 2478 1989 2520; baseline 0.001 -12"><span class='ocrx_word' id='word_1_552' title='bbox 1288 2489 1316 2509; x_wconf 87' lang='lat' dir='ltr'>x.</span> <span class='ocrx_word' id='word_1_553' title='bbox 1330 2479 1418 2519; x_wconf 90' lang='lat' dir='ltr'>Operi</span> <span class='ocrx_word' id='word_1_554' title='bbox 1434 2490 1550 2520; x_wconf 88' lang='lat' dir='ltr'>quoqne</span> <span class='ocrx_word' id='word_1_555' title='bbox 1566 2489 1704 2510; x_wconf 89' lang='lat' dir='ltr'>manuum</span> <span class='ocrx_word' id='word_1_556' title='bbox 1721 2483 1899 2517; x_wconf 85' lang='lat' dir='ltr'>assuescant,</span> <span class='ocrx_word' id='word_1_557' title='bbox 1912 2478 1989 2518; x_wconf 88' lang='lat' dir='ltr'>quod</span> 
     </span>
     <span class='ocr_line' id='line_1_99' title="bbox 1248 2527 1987 2559; baseline 0 -2"><span class='ocrx_word' id='word_1_558' title='bbox 1248 2528 1388 2558; x_wconf 89' lang='lat' dir='ltr'>nimirum</span> <span class='ocrx_word' id='word_1_559' title='bbox 1419 2529 1596 2559; x_wconf 88' lang='lat' dir='ltr'>monasterio</span> <span class='ocrx_word' id='word_1_560' title='bbox 1618 2532 1646 2558; x_wconf 88' lang='lat' dir='ltr'>et</span> <span class='ocrx_word' id='word_1_561' title='bbox 1668 2527 1817 2558; x_wconf 87' lang='lat' dir='ltr'>sororibus</span> <span class='ocrx_word' id='word_1_562' title='bbox 1847 2527 1917 2558; x_wconf 87' lang='lat' dir='ltr'>utile</span> <span class='ocrx_word' id='word_1_563' title='bbox 1939 2527 1987 2558; x_wconf 85' lang='lat' dir='ltr'>sit.</span> 
     </span>
     <span class='ocr_line' id='line_1_100' title="bbox 1249 2575 1990 2617; baseline 0 -11"><span class='ocrx_word' id='word_1_564' title='bbox 1249 2576 1350 2607; x_wconf 84' lang='lat' dir='ltr'>Officia</span> <span class='ocrx_word' id='word_1_565' title='bbox 1375 2582 1470 2608; x_wconf 89' lang='lat' dir='ltr'>antem</span> <span class='ocrx_word' id='word_1_566' title='bbox 1496 2587 1547 2617; x_wconf 93' lang='lat' dir='ltr'>pro</span> <span class='ocrx_word' id='word_1_567' title='bbox 1571 2577 1742 2607; x_wconf 87' lang='lat' dir='ltr'>monialium</span> <span class='ocrx_word' id='word_1_568' title='bbox 1766 2576 1877 2606; x_wconf 88' lang='lat' dir='ltr'>viribus</span> <span class='ocrx_word' id='word_1_569' title='bbox 1903 2575 1990 2606; x_wconf 87' lang='lat' dir='ltr'>abba-</span> 
     </span>
     <span class='ocr_line' id='line_1_101' title="bbox 1249 2625 1988 2657; baseline 0 -2"><span class='ocrx_word' id='word_1_570' title='bbox 1249 2625 1318 2656; x_wconf 84' lang='lat' dir='ltr'>tissa</span> <span class='ocrx_word' id='word_1_571' title='bbox 1342 2630 1370 2656; x_wconf 92' lang='lat' dir='ltr'>et</span> <span class='ocrx_word' id='word_1_572' title='bbox 1392 2635 1507 2657; x_wconf 87' lang='lat' dir='ltr'>sorores</span> <span class='ocrx_word' id='word_1_573' title='bbox 1531 2626 1559 2656; x_wconf 88' lang='lat' dir='ltr'>in</span> <span class='ocrx_word' id='word_1_574' title='bbox 1584 2626 1726 2657; x_wconf 87' lang='lat' dir='ltr'>electione</span> <span class='ocrx_word' id='word_1_575' title='bbox 1756 2625 1924 2656; x_wconf 85' lang='lat' dir='ltr'>officialium</span> <span class='ocrx_word' id='word_1_576' title='bbox 1948 2625 1988 2655; x_wconf 87' lang='lat' dir='ltr'>sic</span> 
     </span>
    </p>
   </div>
   <div class='ocr_carea' id='block_1_6' title="bbox 1982 235 2170 265">
    <p class='ocr_par' dir='ltr' id='par_1_13' title="bbox 1982 235 2170 265">
     <span class='ocr_line' id='line_1_102' title="bbox 1982 235 2170 265; baseline 0.016 -3"><span class='ocrx_word' id='word_1_577' title='bbox 1982 235 2034 263; x_wconf 84' lang='lat' dir='ltr'>An.</span> <span class='ocrx_word' id='word_1_578' title='bbox 2057 235 2086 264; x_wconf 89' lang='lat' dir='ltr'>C.</span> <span class='ocrx_word' id='word_1_579' title='bbox 2103 237 2170 265; x_wconf 75' lang='lat'>1740</span> 
     </span>
    </p>
   </div>
  </div>
 </body>
</html>
