2232 3178
272 267 310 293 Au
344 267 461 294 61135
507 257 571 291 504

467 316 631 349 ministros
657 316 759 349 dictae
786 315 1012 359 patriarchalis
1049 315 1207 348 ecclesiae

469 369 727 412 Ulyssiponcnsis
753 368 965 401 occidentalis
981 394 988 406 ,
1013 378 1126 400 omnes
1152 377 1206 400 seu

467 422 617 464 aliquos,
645 422 741 454 modo
767 427 798 453 et
824 421 922 452 forma
953 420 1076 463 pariter
1110 420 1139 452 61
1177 425 1208 452 01

467 475 513 506 eis
539 474 709 512 beuevisis,
738 474 775 506 ad
801 473 1074 516 congregationes
1093 474 1142 506 vel
1161 483 1208 505 ea-

467 527 613 568 pitulum,
639 527 785 570 aliasque
811 526 933 558 similes
960 527 1006 558 vol
1034 525 1207 559 dissimiles

467 580 651 612 functiones
677 579 912 612 ecclesiasticas
937 581 986 612 vel
1012 579 1133 619 civiles,
1160 579 1206 611 di-

467 632 597 673 gnitatis
638 639 744 665 tamen
791 632 1016 674 patriarchalis
1052 632 1204 664 decorem

466 685 514 716 vel
533 684 678 717 eiusdem
697 685 925 727 patrIarchalis
946 685 1101 717 eeclesiae
1117 684 1206 727 Ulys-

466 737 647 780 siponensis
667 737 878 770 occidentalis
898 737 1069 770 utilitatem
1096 742 1127 769 ct
1151 737 1205 769 de-

466 801 520 823 cus
538 790 761 833 respicientes,
783 796 814 823 et
832 801 895 823 non
913 790 1003 830 alias,
1023 790 1054 822 in
1079 789 1206 833 pontisi-

465 842 599 883 calibus,
618 845 666 876 vel
685 844 789 883 aliter,
808 843 845 876 ad
867 848 992 886 tempus
1010 842 1058 875 vel
1079 843 1110 875 in
1129 852 1204 885 per-

465 902 606 938 petuum,
633 896 717 930 dicto
739 896 862 929 Thema
888 895 1044 928 cardinali
1070 895 1206 938 patriar-

466 949 546 989 chat,
572 960 627 981 seu
654 949 740 982 illius
765 949 1008 982 successoribus
1033 948 1201 991 praefatis,

466 1008 639 1044 praesente
664 1004 714 1035 vel
739 1003 883 1043 absente,
904 1012 960 1034 seu
980 1001 1205 1044 praesentibus

468 1055 513 1087 vel
539 1055 731 1088 absentibus
749 1082 756 1095 ,
783 1060 815 1087 et
839 1056 877 1087 ad
904 1054 1020 1087 dictum
1050 1054 1204 1086 Thomain

466 1108 662 1141 cardinalem
689 1108 908 1151 patriarcham
935 1118 992 1140 seu
1027 1107 1096 1140 eius
1133 1117 1205 1139 suc-

466 1170 611 1193 cessores
637 1162 798 1203 praefatos
824 1161 1063 1199 comitandum,
1090 1160 1157 1192 sive
1176 1160 1203 1192 ei

467 1218 498 1245 ct
524 1213 570 1244 eis
595 1213 841 1253 assistendum,
880 1218 935 1245 aut
967 1213 1133 1245 servitium
1166 1213 1204 1244 ab

467 1276 505 1298 co
523 1276 578 1298 seu
598 1266 636 1298 ab
656 1266 701 1298 eis
715 1267 838 1298 iussum
853 1266 1092 1309 praestandum,
1109 1265 1203 1298 etiam

467 1318 604 1351 civiliter
624 1346 631 1359 ,
658 1330 693 1351 cx
720 1319 824 1351 causis
850 1324 953 1351 tamen
981 1319 1129 1362 superius
1155 1330 1206 1351 cx-

467 1371 611 1414 pressis,
638 1372 734 1405 etiam
760 1371 792 1404 in
819 1371 932 1404 diebus
959 1372 1202 1412 communibus,

467 1429 498 1457 et
523 1430 669 1469 tempore
695 1436 758 1468 quo
789 1425 971 1458 functiones
1004 1426 1089 1468 ipsas
1115 1435 1205 1458 exer-

467 1478 533 1511 ceri
552 1478 742 1521 contigerit,
764 1479 953 1521 pariterque
972 1479 1003 1510 111
1022 1479 1136 1511 dicbus
1154 1489 1205 1511 va-

468 1532 644 1571 cationum,
665 1532 840 1564 dummodo
866 1537 1003 1574 propter
1029 1531 1206 1574 praemissa

468 1585 614 1618 ciusdem
654 1585 879 1628 patriarchalis
921 1586 1077 1619 ecclesiae
1118 1586 1206 1629 Ulys-

468 1637 653 1681 siponensis
689 1637 902 1670 occidentalis
939 1638 1103 1670 servitium
1140 1649 1205 1671 non

468 1691 661 1733 negligatur,
681 1700 868 1730 convocare,
889 1701 1016 1723 necnon
1036 1696 1098 1723 tam
1117 1702 1207 1733 prae-

469 1745 560 1783 fatos,
587 1756 683 1787 quam
709 1754 934 1787 quoscumque
959 1744 1041 1776 alios
1068 1749 1158 1776 actus
1176 1749 1207 1777 et

468 1797 652 1830 functiones
678 1797 824 1839 publicas
851 1802 883 1829 et
907 1797 1048 1839 privatas
1066 1797 1207 1839 quando-

468 1860 606 1893 cumque
632 1855 663 1882 et
688 1850 964 1893 qualitercumque
983 1877 990 1891 ,
1022 1855 1086 1882 tarn
1124 1850 1207 1882 intra

468 1915 565 1947 quarn
591 1909 680 1937 extra
698 1904 816 1936 dietam
833 1903 1089 1947 patriarchalem
1108 1905 1208 1937 00610-

469 1957 547 1989 siam
566 1957 853 2000 Ulyssiponensem
879 1956 1126 1996 occidentalem,
1155 1963 1208 1989 aut

469 2010 642 2052 civitatem,
665 2010 713 2043 vel
733 2010 828 2043 etiam
847 2009 1025 2042 dioecesim
1044 2010 1208 2054 Ulyssipo-

468 2074 603 2096 nensem
628 2063 876 2103 occidentalem,
905 2073 970 2097 non
995 2070 1102 2096 tamen
1120 2069 1208 2097 extra

469 2117 686 2159 Portugalliac
711 2122 742 2149 et
766 2117 997 2159 Algarbiorum
1024 2127 1141 2159 regna,
1170 2127 1207 2150 ex

470 2170 574 2202 causis
600 2169 752 2213 superius
777 2170 955 2212 expressis,
981 2175 1012 2202 et
1031 2180 1097 2202 non
1115 2170 1206 2210 alias,

469 2222 534 2256 illis
561 2222 719 2262 indicere,
747 2222 869 2261 habitu,
896 2223 1010 2262 forma,
1038 2222 1101 2262 die,
1127 2223 1208 2255 hora

470 2281 502 2307 ct
526 2276 599 2308 loco
617 2275 723 2309 eidem
740 2275 882 2308 Thomae
900 2275 1057 2307 cardinali
1076 2276 1209 2318 patriar-

469 2328 549 2360 chae
585 2333 615 2360 et
649 2327 737 2360 illius
774 2328 1017 2360 successoribus
1054 2329 1207 2371 praefatis

469 2380 643 2419 benevisis,
668 2390 875 2423 quocumque
900 2380 1012 2413 habitu
1037 2381 1106 2423 ipse
1128 2381 1209 2414 Tho-

470 2444 537 2466 mas
563 2433 737 2466 cardinalis
762 2433 946 2476 patriarcha
971 2439 1002 2466 01
1027 2434 1113 2467 1111115
1141 2445 1208 2467 5116-

471 2497 618 2519 cessores
644 2486 778 2529 praefati
806 2491 869 2519 tam
895 2486 927 2519 in
953 2486 1002 2519 his
1037 2487 1208 2520 functioni-

470 2540 530 2571 bus
567 2550 661 2582 quam
693 2538 724 2571 in
750 2539 866 2572 ceteris
902 2539 932 2571 in
967 2540 1111 2582 praefato
1148 2540 1204 2572 ka-

471 2592 617 2625 lendario
644 2598 678 2624 ut
702 2592 885 2635 praefertur
903 2592 1125 2626 describendis
1142 2598 1208 2626 uta-

473 2650 523 2678 tur
548 2650 580 2678 et
609 2650 766 2686 utantur,
804 2651 836 2679 et
868 2646 906 2679 ad
942 2645 1017 2680 11105
1048 2655 1104 2680 5011
1135 2646 1207 2681 illas

1054 268 1070 291 B
1077 266 1236 291 ULLARIUM
1262 266 1416 291 ROMANUM

1251 325 1363 348 omnes
1388 326 1443 348 scu
1476 316 1602 359 aliquos
1627 326 1738 349 eorum
1775 317 1833 349 sub
1869 317 1984 360 poenis

1250 373 1281 401 et
1305 369 1433 401 mulctis
1458 369 1611 411 praefatis
1643 371 1795 402 coercere
1814 396 1821 409 ‚
1859 370 1985 403 etiamsi

1251 421 1433 453 functiones
1472 421 1503 453 in
1540 421 1730 454 kalendario
1767 423 1914 465 praefato
1951 429 1986 455 ut

1250 474 1433 516 praefertur
1457 475 1690 507 describendas
1728 475 1904 518 anticipare
1936 476 1985 508 vel

1250 525 1379 559 dill'crre
1404 537 1484 570 opus
1509 533 1614 567 esset,
1640 528 1726 570 quod
1752 527 1783 559 in
1809 528 1881 560 aliis
1907 538 1986 570 quo-

1249 589 1310 621 que
1336 579 1463 611 casibus
1488 585 1550 612 tam
1579 580 1644 622 ipse
1670 591 1766 623 quam
1793 580 1878 612 1111115
1916 590 1986 612 suc-

1249 641 1393 664 cessores
1420 632 1556 674 praefati
1583 633 1620 665 ad
1647 633 1714 664 eius
1739 637 1771 665 et
1800 643 1912 665 eorum
1938 643 1986 665 ar-

1248 684 1378 716 bitrium
1406 684 1511 717 facere
1537 685 1638 728 possit
1664 690 1696 717 et
1722 686 1837 725 valeat,
1862 695 1897 717 ac
1915 695 1987 728 pos-

1248 736 1311 768 sint
1336 742 1366 769 et
1397 738 1543 777 valeant,
1580 747 1708 770 necnon
1742 737 1932 770 substitutos
1969 748 1986 770 a

1249 789 1335 822 dicto
1361 789 1481 822 'l'homa
1506 791 1660 822 cardinali
1686 789 1873 832 patriarcha
1897 796 1927 823 et
1954 790 1986 823 il-

1248 841 1310 873 lius
1336 842 1577 875 successoribus
1603 842 1756 886 praefatis
1774 843 1822 875 vel
1854 853 1870 875 a
1896 853 1986 885 prae-

1249 894 1320 926 fatis
1347 894 1491 937 capitulo
1528 900 1559 927 et
1595 895 1760 927 canonicis
1794 895 1898 928 dictae
1931 906 1987 938 pa-

1249 947 1431 980 triarchalis
1457 947 1614 980 ecclesiae
1646 947 1909 991 Ulyssiponensis
1933 958 1986 980 oe-

1248 1001 1419 1033 cidentalis
1445 1001 1483 1033 «le
1521 1000 1596 1033 dicti
1636 1001 1781 1033 Thomae
1813 1001 1986 1034 cardinalis

1249 1053 1452 1095 patriarchae
1477 1053 1610 1096 eiusque
1635 1064 1859 1087 successorum
1892 1064 1986 1097 prae-

1249 1106 1388 1138 fatorum
1414 1107 1565 1139 mandato
1591 1106 1819 1146 nominandos,
1837 1107 1895 1139 sub
1913 1117 1986 1150 poe-

1249 1158 1298 1190 nis
1323 1164 1355 1191 et
1380 1159 1506 1191 mulctis
1534 1158 1602 1191 cius
1633 1164 1663 1191 et
1700 1169 1813 1191 eorum
1850 1159 1985 1193 arbitrio

1249 1212 1476 1255 imponendis,
1502 1213 1541 1245 ad
1567 1213 1765 1245 exercendas
1792 1213 1987 1253 functiones,

1249 1265 1287 1297 ad
1313 1276 1393 1308 quas
1418 1265 1575 1298 nominati
1613 1265 1733 1298 fuerint
1752 1292 1759 1304 ,
1794 1271 1919 1298 arctare
1955 1271 1987 1298 et

1248 1319 1460 1361 compellere,
1488 1318 1619 1360 proviso
1645 1318 1772 1350 interim
1798 1328 1838 1350 ne
1863 1319 1896 1350 in
1924 1328 1986 1350 usu

1250 1371 1409 1403 facultatis
1435 1371 1618 1403 huiusmodi
1646 1371 1740 1403 nimis
1771 1381 1865 1414 grave
1889 1370 1987 1404 servi-

1251 1425 1292 1457 tio
1307 1425 1534 1468 patriarchalis
1548 1424 1707 1458 ecclesiae
1721 1424 1986 1468 Ulyssiponensis

1249 1478 1459 1511 occidentalis
1485 1478 1650 1521 praefatae
1676 1478 1914 1521 praeiudicium
1939 1477 1988 1510 in-

1251 1531 1395 1570 feratur,
1432 1531 1470 1563 ea
1502 1530 1597 1564 etiam
1630 1531 1756 1564 adiecta
1792 1532 1866 1573 lege
1899 1531 1985 1574 quod

1250 1588 1400 1626 respectu
1437 1588 1564 1616 actuum
1605 1583 1749 1616 civilium
1789 1583 1986 1626 capitulares

1250 1637 1384 1680 praefati
1398 1636 1470 1678 cogi
1485 1643 1650 1679 nequeant
1665 1637 1703 1670 ad
1715 1637 1985 1677 interessendum,

1250 1697 1281 1723 et
1309 1690 1466 1733 obsequia
1502 1690 1704 1732 patriarchae
1741 1701 1801 1733 pro
1842 1696 1987 1733 tempore

1250 1744 1397 1777 existenti
1419 1743 1564 1776 eiusdem
1583 1744 1810 1787 patriarchalis
1827 1744 1986 1777 ecclesiae

1251 1797 1509 1842 Ulyssiponensis
1534 1796 1745 1829 occidentalis
1769 1797 1985 1840 praestanda,

1251 1851 1311 1884 nisi
1337 1850 1370 1882 in
1399 1849 1510 1882 habitu
1543 1849 1764 1882 ecclesiastico
1798 1854 1830 1882 et
1865 1850 1987 1883 actibus

1251 1904 1402 1948 gerendis
1427 1903 1687 1946 proportionato,
1705 1909 1737 1936 et
1757 1913 1792 1936 ex
1819 1904 1923 1936 causis
1940 1913 1988 1935 su·

1250 1958 1359 2002 perius
1385 1957 1569 2000 expressis,
1595 1961 1626 1989 et
1651 1967 1714 1989 nou
1740 1956 1831 1989 alias.

1295 2012 1309 2054 ξ
1335 2010 1365 2043 7.
1393 2011 1437 2043 Ac
1462 2010 1611 2053 insuper,
1639 2010 1724 2053 quod
1749 2014 1876 2050 statuta,
1902 2010 1988 2043 ordi-

1251 2064 1419 2104 nationeS‚
1445 2063 1581 2106 capitula
1608 2069 1639 2096 et
1663 2063 1792 2096 decreta
1817 2074 1988 2106 quaecum-

1995 269 2044 296 An.
2061 268 2087 295 c.
2113 269 2174 298 1138
2193 264 2197 303 '2

2062 2018 2176 2040 annullatio

1998 2050 2173 2071 quornm-*umque

1998 2074 2120 2092 statutorum
2142 2077 2177 2092 au·

1962 2116 1967 2122 ,
1998 2099 2061 2120 tellao
2071 2098 2175 2119 factorum.

1252 2128 1324 2161 que,
1351 2117 1460 2159 vigore
1486 2115 1643 2149 facultatis
1668 2116 1700 2148 in
1722 2121 1793 2149 actu
1813 2116 1987 2149 erectionis

1251 2171 1392 2214 capellae
1413 2169 1523 2211 regiae
1546 2169 1578 2201 in
1603 2168 1763 2211 insignem
1784 2169 1989 2212 collegiatam

1251 2223 1420 2256 ecclesiam
1441 2228 1566 2255 erectae
1584 2222 1725 2265 capitulo
1743 2223 1907 2265 praefatae
1925 2224 1988 2256 eol-

1252 2276 1389 2319 legiatae
1414 2275 1569 2308 eeclesiae
1605 2275 1778 2317 erigendae
1811 2275 1990 2318 apostolica

1251 2328 1443 2362 auctoritate
1468 2328 1614 2371 praefata
1640 2338 1812 2361 concessae
1830 2356 1837 2368 ,
1863 2333 1916 2362 aut
1947 2330 1989 2362 al-

1252 2383 1351 2415 terius
1377 2382 1609 2424 cuiuscumque
1636 2381 1819 2421 facultatis,
1844 2382 1940 2415 etiam
1972 2393 1990 2415 a

1250 2436 1319 2467 iure
1344 2435 1394 2468 vel
1420 2433 1655 2467 consuetudine
1680 2434 1900 2476 provenientis
1916 2461 1923 2475 ,
1949 2435 1989 2468 ab

1250 2488 1364 2521 eodem
1389 2487 1531 2530 capitulo
1557 2487 1658 2526 edita,
1686 2487 1989 2529 etiamiuramento,

1251 2546 1304 2573 aut
1329 2540 1439 2584 quavis
1465 2539 1614 2573 firmitate
1639 2539 1701 2573 alia
1726 2540 1897 2582 roborata,
1924 2541 1989 2573 sive

1251 2594 1348 2627 etiam
1373 2593 1624 2627 consuetudines
1641 2598 1834 2627 statutorum
1852 2594 1913 2627 vim
1932 2594 1989 2627 ha-

1249 2647 1365 2681 bentes
1398 2646 1567 2690 (exceptis
1605 2646 1788 2688 dumtaxat,
1827 2651 1987 2690 quatenus
