2232 3178
2166 23 2180 35 ,,
2204 0 2232 133 3!

2005 162 2054 190 Αιι,
2071 162 2102 190 c.
2123 161 2187 192 ¹737
2208 144 2232 202 li

1261 211 1379 253 potita,
1407 215 1438 244 et
1464 216 1611 244 octavum
1638 211 1752 244 aetatis
1778 221 1852 244 suae
1877 221 1997 244 annum
2207 214 2210 247 l

1262 263 1441 306 attingens,
1468 273 1575 296 amore
1601 274 1677 306 erga
1701 264 1815 304 Deum,
1842 274 1917 306 erga
1943 274 1999 306 pa-

1262 320 1369 348 rentes
1403 315 1581 359 obsequio,
1607 326 1683 359 erga
1719 327 1751 349 se
1784 316 1886 360 ipsam
1923 327 1999 349 con-

288 163 336 189 Λη.
354 162 382 189 c.
406 162 472 189 1737
519 153 582 187 ‘20⁶2
1063 160 1244 186 anuinium
1267 161 1422 187 nomnen

301 224 469 244 acuminum
525 211 539 254 ἓ
564 211 595 243 ⁶2.
623 210 699 243 Nam
721 221 779 254 per
800 211 935 252 gratiam
956 209 1095 253 Spiritus
1112 210 1217 243 Sancti

287 254 470 296 5132&ltl*.¹¹¹.'-'...„l.'‚f
481 268 614 296 naturae
654 274 746 296 usum
792 268 823 295 et
862 272 958 295 sexus
997 262 1217 295 infirmitatem

287 303 468 349 fii'1i'⁴i5.iii'1iii-‡‚'‘¹'
481 321 691 358 transgressa,
717 315 864 348 accincta
890 315 1008 348 robore
1035 320 1067 348 et
1094 316 1127 348 in
1158 316 1218 358 spi-

298 1912 321 1933 1³.
334 1911 466 1943 ‘Gathar-inae

284 1942 354 1965 patria
365 1955 369 1961 ,
402 1945 466 1962 genus

283 1967 304 1986 et
319 1966 444 1991 primur-lia.

479 368 541 400 ritu
563 368 742 407 ambulans,
764 368 926 401 desideria
943 368 1048 401 carnis
1067 379 1130 402 non
1148 379 1218 412 per·

481 421 576 461 seeit;
603 420 658 453 sed
681 420 711 452 in
734 419 840 453 divina
858 421 1019 453 charitate
1038 422 1131 454 altius
1150 421 1217 454 lixis
1238 433 1240 444 ·

479 473 651 512 radicibus,
667 478 698 505 et
712 472 877 506 domicilio
896 484 955 506 suo
975 484 1074 517 super
1094 479 1217 516 petram

480 525 613 557 robusta
639 526 721 558 mole
747 525 900 565 solidato,
920 525 1011 558 firma
1043 532 1074 559 et
1106 526 1218 559 incon-

479 587 569 610 eussa
595 578 634 610 ad
661 578 837 610 infernales
859 578 1006 611 incursus
1031 584 1062 611 et
1086 579 1123 612 ad
1143 590 1218 622 pro-

479 631 577 663 cellas
610 636 642 663 et
668 631 814 663 turbines
841 631 958 664 saeculi
984 632 1093 672 stetit,
1120 639 1154 664 ut
1178 633 1217 665 ad

478 682 536 716 Dei
560 693 707 722 munera,
728 693 787 726 per
806 683 912 716 divina
937 689 1111 727 praecepta
1133 685 1217 717 sorti-

480 741 527 767 ter
551 746 708 779 pergens,
737 736 873 769 feliciter
898 737 1093 780 perveniret.
1128 738 1217 770 llane

479 787 578 830 igitur
602 789 762 822 hodierna
788 789 860 830 die,
887 790 1022 823 servatis
1056 791 1094 823 de
1127 801 1217 823 more

480 841 751 883 solemnitatibus,
778 842 811 875 in
835 843 1024 876 Sanctarum
1043 844 1215 877 Viduarun]

479 904 666 936 numerum,
694 896 732 928 ad
759 896 909 929 omnibus
934 896 1084 929 fidelibus
1109 899 1218 930 colen-

485 947 566 987 dam,
582 948 769 981 auctoritaie
783 949 918 981 caelitus
934 950 1028 982 nobis
1045 950 1216 993 impertita,

479 1001 671 1034 retulimus:
696 1006 728 1034 et
753 1001 826 1034 ideo
853 1002 921 1034 eius
954 1002 1006 1046 pie
1041 1008 1216 1045 sancteque

480 1064 530 1086 res
555 1059 661 1096 gestas
699 1056 946 1098 praeclarasque
985 1055 1118 1088 virtutes
1144 1056 1217 1089 bre-

478 1107 560 1140 viter
585 1118 797 1151 exponemus,
824 1114 859 1140 ut
885 1119 994 1141 earum
1019 1119 1218 1142 commemo·

479 1160 622 1194 ratione·
649 1161 796 1194 dolorem
829 1162 936 1194 cordis
969 1162 1070 1195 nostri
1105 1167 1136 1195 et
1160 1172 1217 1205 pe-

479 1213 577 1246 ctoris
603 1214 704 1246 nostri
731 1214 895 1256 angustias
922 1214 1102 1253 leniamus,
1127 1219 1158 1247 et
1184 1213 1217 1245 fi-

479 1267 568 1299 deles
595 1277 708 1300 omnes
733 1267 770 1299 ad
798 1267 949 1310 fugienda
973 1268 1085 1300 mundi
1122 1268 1216 1300 huius

478 1319 700 1353 blandimenta
715 1321 963 1363 sequendasque
978 1320 1113 1353 virtutes
1127 1330 1218 1364 prae-

479 1373 584 1406 clarae
610 1373 706 1405 huius
731 1373 848 1406 viduae
871 1374 1020 1416 exemplo
1040 1383 1219 1417 provocen-

479 1430 541 1458 tur.
567 1425 772 1469 Experientia
796 1427 881 1459 enim
908 1426 1045 1459 docente
1070 1426 1216 1469 quotidie

479 1478 654 1512 ediscimus
672 1479 848 1512 humanam
866 1478 1094 1519 infirmitatem,
1108 1479 1141 1511 in
1156 1483 1218 1511 stu-

479 1531 533 1564 dio
557 1532 709 1565 virtutum
734 1532 948 1572 decurrendo,
973 1533 1122 1575 exemplo
1149 1542 1217 1564 am-

478 1584 565 1627 plius
602 1595 698 1628 qnam
723 1585 907 1629 praeceptis
933 1584 1109 1628 proficere;
1138 1594 1218 1628 quo-

478 1636 565 1670 niam
591 1648 651 1670 nec
677 1637 808 1670 difficile
834 1638 919 1681 quod
946 1638 1008 1670 iam
1027 1638 1145 1670 sactum
1171 1641 1219 1670 est

479 1690 680 1731 aestimatur,
707 1696 739 1724 et
763 1691 843 1724 utile
865 1691 952 1734 quod
979 1691 1166 1734 probatum,
1187 1697 1219 1724 et

478 1744 666 1786 religiosum
700 1744 786 1787 quod
821 1744 1041 1777 haereditario
1079 1745 1217 1787 quodam

477 1802 633 1840 paternae
657 1797 784 1829 virtutis
809 1807 868 1830 usu
894 1797 925 1830 in
952 1808 1011 1830 nos
1028 1803 1075 1830 est
1092 1807 1219 1831 succes-

477 1849 570 1883 sione
597 1850 805 1883 transfusum.

522 1904 536 1945 ἓ
560 1903 589 1936 3.
616 1903 754 1944 Genuae,
781 1914 863 1946 quae
889 1904 1028 1937 celebris
1055 1904 1151 1937 estin
1174 1904 1218 1937 Li0

478 1956 570 1998 guria
595 1957 724 1996 civitas,
750 1962 781 1989 et
807 1956 905 1989 totius
931 1957 1114 1990 Genuensis
1148 1957 1220 1990 Rei-

477 2009 628 2052 publicae
653 2014 765 2053 caput,
784 2009 959 2043 Catharina
978 2015 1052 2042 nata
1070 2015 1118 2042 est
1135 2020 1219 2043 anno

476 2072 642 2097 MCDXLVH.
681 2062 810 2095 Patrem
836 2062 951 2095 habuit
982 2062 1133 2095 Iacobum
1160 2063 1219 2096 Fti-

478 2126 566 2149 scum
593 2125 767 2158 proregem
794 2115 885 2157 regni
901 2114 1060 2158 Neapolis,
1084 2115 1218 2147 Roberti

478 2167 585 2201 fratris
605 2168 708 2201 felicis
726 2167 964 2200 recordationis
986 2167 1164 2200 Innocentii
1183 2167 1220 2199 IV

478 2220 742 2265 praedecessoris
769 2221 868 2253 nostri
895 2220 1004 2262 silium,
1032 2225 1064 2253 et
1083 2226 1220 2253 matrem

478 2274 681 2307 Franciscam
700 2274 738 2306 de
755 2273 863 2316 Nigro,
879 2274 1048 2316 sanguinis
1063 2279 1219 2306 vetustate

479 2328 618 2369 nobiles,
640 2328 695 2360 sed
714 2327 811 2369 longe
829 2328 921 2370 prole
940 2326 1008 2369 ipsa
1025 2327 1217 2367 nobiliores,

478 2391 560 2423 quae
579 2380 787 2424 splendorem
807 2380 934 2422 generis
954 2379 1108 2412 virtutum
1128 2390 1221 2423 prae-

479 2434 606 2473 stantia,
634 2443 717 2477 quac
742 2433 812 2466 sola
837 2433 923 2476 apud
948 2432 1046 2465 Deum
1068 2432 1221 2465 nobilitas

479 2492 550 2527 est,
576 2486 751 2530 superavit.
780 2486 835 2518 Vix
874 2485 960 2519 enim
996 2495 1055 2518 usu
1087 2486 1220 2519 rationis

517 2551 526 2576 1
551 2548 598 2578 Ed..
616 2549 699 2577 Maia.
717 2548 781 2584 legit
795 2549 1099 2578 commemorationem
1114 2548 1153 2583 (a.
1170 2549 1219 2584 r).

1263 373 1396 412 temptu,
1415 369 1541 401 eximiis
1558 369 1712 401 virtutum
1732 369 1940 411 argumentis,
1959 369 1997 401 ad

1262 421 1399 454 suturam
1426 422 1629 454 sanctitatem
1655 422 1824 465 praeluxit.
1852 421 1996 461 Etenim,

1261 473 1379 517 Spiritu
1394 475 1508 507 Sancto
1520 474 1710 514 instruente,
1726 475 1840 507 edocta
1853 474 1999 507 christia-

1261 537 1334 560 nam
1359 527 1550 570 sapientiam
1578 537 1646 560 essc
1671 527 1753 559 scire
1778 527 1882 559 lesum
1907 526 1997 559 Chri-

1261 586 1343 612 stum
1369 586 1400 613 et
1426 581 1512 613 hune
1537 580 1735 619 crucifixum,
1763 580 1950 622 frequenter
1967 579 1998 612 in

1261 632 1380 665 Christi
1418 633 1570 676 patientis
1608 632 1779 675 imaginem
1821 643 1837 665 c
1873 632 1998 676 pariete

1261 685 1398 718 cubiculi
1425 686 1471 718 sui
1498 685 1693 728 pendentem
1717 684 1838 727 figebat
1863 685 1998 724 oculos,

1261 738 1351 771 cuius
1384 740 1519 779 obtutu,
1546 738 1627 772 miro
1661 738 1802 781 patiendi
1837 738 1999 771 desiderio

1261 792 1517 831 accendebatur,
1544 797 1600 831 ut,
1626 790 1787 824 crucifixis
1813 791 2000 824 carnalibus

1260 843 1440 884 desideriis,
1461 849 1568 877 mente
1589 845 1693 877 soluta
1717 848 1748 876 et
1772 843 1875 877 libera
1900 844 1937 876 ad
1965 853 1998 877 a·

1261 907 1382 930 morem
1403 897 1610 930 invisibilium
1632 897 1790 930 tenderet.
1806 897 1914 940 Itaque
1932 897 1996 929 iam

1260 950 1485 991 magisterium
1504 950 1628 982 virtutis
1649 951 1777 993 adepta,
1796 961 1879 994 quae
1903 959 2000 993 prae-

1260 1002 1418 1036 iudicium
1430 1003 1568 1036 vehebat
1583 1002 1704 1043 aetatis,
1716 1002 1908 1045 spretalccti
1922 1002 2001 1034 mol-

1259 1056 1345 1096 litie,
1371 1056 1474 1099 paleis
1507 1056 1682 1096 culcitrae,
1710 1055 1799 1098 ligno
1833 1055 1999 1088 cervicalis

1261 1109 1362 1142 vicem
1389 1115 1420 1142 et
1444 1119 1536 1142 usum
1561 1109 1818 1151 praebentibus,
1845 1119 1996 1142 somnum

1259 1162 1485 1195 brevissimum
1501 1162 1663 1205 capiebat,
1679 1162 1790 1195 omnia
1804 1167 1909 1194 autem
1928 1171 2000 1204 pue-

1260 1214 1333 1247 rilia
1365 1215 1606 1248 oblectamenta
1631 1220 1845 1248 contemnens
1861 1242 1868 1252 ,
1892 1214 1999 1257 rigida

1259 1267 1379 1300 silentii
1394 1273 1499 1301 custos
1514 1269 1580 1300 sola
1594 1268 1742 1301 oratione
1762 1267 1997 1300 delectabatur.

1304 1320 1318 1362 ξ
1350 1319 1381 1352 4.
1415 1320 1628 1358 Quamobrem
1666 1320 1804 1363 spiritali
1841 1319 2000 1353 orationis
2027 1329 2191 1359 ‚commmo-

2011 1357 2074 1376 nialis
2091 1362 2136 1376 esse
2159 1361 2193 1376 cn-

1260 1372 1333 1405 cibo
1359 1373 1489 1412 nutrita,
1508 1374 1586 1406 adeo
1606 1373 1636 1405 in
1659 1375 1694 1406 ea
1712 1373 1859 1406 caelestis
1877 1372 2196 1416 patriae1·erei.pa.‹enmm

2026 1409 2177 1435 obtemperans

1261 1435 1352 1458 amor
1382 1426 1559 1469 mundique
1592 1431 1799 1469 contemptus
1835 1435 2192 1484 succreve-iiiii'ss‘iici'ii'ass's'i'g'

1260 1483 1320 1518 rat,
1341 1483 1376 1511 ut
1394 1478 1573 1512 decimum¹
1594 1479 1722 1512 tertium
1748 1489 1868 1512 annum
1889 1489 2000 1522 agens,

1261 1532 1400 1565 consilio
1426 1532 1614 1565 confessarii
1640 1532 1686 1565 sui
1715 1532 1882 1572 adhibito,
1907 1542 1942 1565 se
1967 1532 2001 1565 in

1261 1585 1554 1619 sanctimonialium
1580 1585 1779 1618 monasterio
1805 1586 1914 1619 dicare
1935 1585 2001 1619 Deo

1262 1644 1426 1681 totamque
1463 1638 1583 1671 dedere
1621 1638 1770 1671 decrevit.
1799 1638 1860 1671 Sed
1892 1647 2000 1671 sacrae

1262 1693 1420 1735 virgines,
1448 1702 1526 1735 quas
1553 1691 1661 1724 adulta
1687 1691 1783 1724 animi
1809 1691 2002 1725 Catharinae

1262 1745 1419 1778 fortitudo
1438 1750 1469 1778 et
1494 1744 1638 1787 spii·itale
1664 1744 1763 1777 robur
1784 1744 1914 1784 latebat,
1934 1744 2002 1777 eius

1263 1803 1392 1831 teneros
1428 1808 1529 1830 annos
1564 1802 1595 1830 et
1626 1797 1822 1830 imbecillam
1855 1797 2001 1840 corporis

1262 1851 1481 1884 valetudinem
1517 1855 1605 1883 ratae
1638 1861 1703 1883 non
1729 1855 1836 1893 aptam
1862 1849 2003 1883 serendis

1263 1904 1430 1938 laboribus
1445 1909 1476 1936 et
1493 1903 1690 1936 monasticae
1706 1903 1787 1935 vitae
1802 1903 2002 1943 muneribus,

1263 1957 1533 1991 consuetudinem
1548 1956 1735 1989 monasterii
1752 1961 1950 1996 excusantes,
1962 1956 2003 1989 ob

1265 2017 1410 2043 teneram
1438 2009 1505 2042 eius
1531 2014 1666 2042 aetatem
1699 2009 1731 2041 in
1757 2020 1849 2042 suum
1875 2019 2004 2043 consor-

1265 2064 1342 2096 tium
1379 2063 1551 2096 admittere
1588 2068 1789 2095 recusarunt.
1823 2063 1868 2095 lta
1894 2063 2004 2106 dispo-

1264 2121 1360 2150 nente
1405 2116 1562 2149 altissimo
1606 2116 1732 2148 divinae
1776 2116 2002 2159 providentiae

1264 2168 1411 2209 consilio,
1433 2179 1449 2201 a
1478 2168 1633 2211 religioso
1661 2169 1849 2201 monasterii
1874 2179 2005 2202 secessu

1265 2222 1461 2265 repellitur,
1494 2232 1575 2264 quac
1602 2227 1715 2264 postea
1741 2221 1773 2254 in
1798 2223 1929 2255 saeculo
1954 2232 2005 2254 re-

1264 2285 1398 2308 manens
1423 2275 1550 2307 seminis
1576 2275 1684 2318 nuptis
1710 2285 1746 2307 ac
1777 2275 1900 2315 viduis,
1930 2286 2004 2318 qua-

1264 2339 1334 2360 rum
1373 2328 1532 2361 mentibus
1575 2328 1751 2361 carnalium
1793 2328 2004 2371 cupiditatum

1265 2381 1415 2414 tenebras
1440 2381 1550 2413 mundi
1584 2381 1785 2414 consuetudo
1822 2380 2000 2421 effuderat,

1265 2434 1346 2467 viam
1360 2433 1486 2467 Domini
1502 2434 1626 2477 ingredi
1644 2434 1828 2467 volentibus
1843 2440 2002 2478 tamquam

1300 2505 1311 2531 1
1336 2504 1455 2532 Pessime
1474 2505 1538 2532 edit.
1555 2505 1632 2533 Μαίη.
1651 2505 1731 2533 habet
1751 2505 1867 2533 demum
1887 2513 1936 2541 pro
1956 2505 2003 2533 de—

1264 2549 1374 2576 cimum
1394 2551 1432 2584 (R.
1450 2550 1497 2584 T.).
