2232 3178
44 181 95 209 An.
110 180 140 208 C.
164 179 232 208 ¹740

853 179 995 204 CLEME'NS
1024 179 1069 204 xn
1093 179 1144 204 Pr.

235 226 284 257 bet
307 226 404 266 primo
427 226 568 257 terminos
591 226 736 257 facultatis
759 236 828 257 suae
850 236 907 256 non
928 236 977 256 ex-

236 275 349 314 cedere,
373 275 422 306 sed
440 276 515 306 intra
532 285 580 306 eos
596 286 626 306 se
645 276 812 313 continere;
835 276 975 306 nimirum

235 324 260 354 si
282 333 404 354 examen
421 325 624 355 tantummodo
639 326 694 365 ipsi
711 325 898 355 commissum
916 325 977 354 sue-

236 373 285 410 rit,
309 383 366 403 non
389 373 474 403 debet
500 373 674 403 sententiam
707 373 802 410 serre3
835 372 975 410 secundo,

236 421 411 458 consectum,
429 426 461 451 ut
483 430 583 461 supra,
605 431 774 460 processum
797 421 975 457 iudicialem,

237 470 415 509 propriaque
451 479 539 500 manu
578 470 778 509 subscriptum
813 473 842 498 et
880 469 976 507 sigillo

237 519 407 549 monasterii
429 519 595 559 signatum,
620 519 799 550 transmittat
831 519 866 548 ad
892 527 977 558 supe-

237 567 356 598 riorem.

277 625 326 648 vn.
342 616 476 647 Monachi
492 626 593 647 omnes
609 625 713 647 curare
729 615 855 646 debent:
875 615 977 655 primo,

238 668 270 695 ut
291 665 513 705 delinquentem
535 666 707 696 charitative
730 669 879 700 moneant,
896 665 977 694 iuxta

238 719 373 745 sanctum
403 714 611 754 Evangelium,
635 719 791 754 antequam
824 718 978 744 accusetur

238 763 285 793 vel
308 763 520 794 denuncietur:
539 764 677 801 secundo,
694 768 737 801 ut,
757 767 898 802 quantum
915 762 978 792 fieri

239 816 345 852 potest,
379 813 490 843 evitent
523 813 647 843 formam
679 812 802 849 iudicii,
827 812 978 851 multoque

239 861 330 899 magis
353 861 541 901 exceptiones
557 871 630 900 quae
653 861 715 891 dari
738 861 833 891 solent
855 861 899 890 vel
916 870 981 900 pos-

238 914 307 939 sunt
328 913 430 940 contra
452 910 668 940 solemnitatem
690 910 765 940 iuris
787 910 817 939 in
842 919 979 949 processu

238 958 314 988 sacto
353 963 382 989 et
417 959 565 989 sententia
599 959 668 989 lata.
702 959 773 989 Nam
811 959 979 989 institutum

239 1007 451 1045 monasticum,
476 1007 553 1047 quod
587 1016 792 1047 assumpsere,
816 1007 900 1037 docet
932 1016 980 1036 eos

240 1065 297 1085 non
320 1056 497 1086 contendere
530 1056 659 1095 iudicio,
682 1057 732 1087 sed
764 1056 901 1096 propriae
933 1065 982 1085 vo-

240 1104 345 1134 luntati
377 1105 573 1143 renunciare,
598 1105 809 1144 poenitentiam
832 1113 930 1143 agere,
953 1107 982 1134 et

240 1162 294 1192 pro
316 1153 438 1183 Domino
461 1154 531 1193 pati.

280 1210 340 1232 vni.
363 1202 425 1232 Non
447 1202 533 1232 debet
555 1202 584 1232 in
614 1212 646 1232 re
675 1202 731 1232 levi
766 1202 810 1232 vel
844 1212 876 1232 ex
901 1203 983 1232 mera

241 1251 409 1290 suspicione
432 1251 494 1281 fieri
529 1251 674 1282 accusatio
706 1256 756 1281 ant
783 1251 981 1287 denunciatio,

241 1300 291 1330 sed
313 1299 343 1330 in
365 1300 471 1330 delicto
487 1301 568 1338 gravi
584 1304 612 1330 et
626 1303 716 1337 certo,
735 1300 778 1330 vel
791 1300 874 1339 quasi
890 1303 981 1329 certo.

241 1348 311 1378 Item
341 1348 377 1378 ab
410 1348 595 1379 accusatione
630 1348 826 1379 excluduntur
862 1347 981 1386 ebriosi,

231 1397 440 1438 detractores,
465 1397 617 1434 iracundi,
645 1401 694 1427 aut
725 1397 871 1427 similibus
903 1397 983 1427 vitiis

106 2343 157 2366 Cn.
172 2343 199 2365 ΙΙ.

86 2368 117 2391 Do
132 2371 200 2398 culpis
215 2372 236 2392 et

53 2398 135 2425 poenit.

241 1445 428 1484 laborantes,
462 1446 533 1486 qui,
557 1446 638 1486 prius
672 1446 843 1485 frequenter
866 1445 982 1484 moniti,

242 1494 388 1525 emendati
416 1504 473 1524 non
502 1494 620 1524 suerint.
649 1494 683 1524 Et
713 1494 763 1534 qui
796 1504 864 1524 voce
887 1494 984 1524 activa

241 1548 271 1574 et
293 1543 405 1583 passiva
428 1544 535 1583 privati
567 1548 653 1582 sunt,
676 1543 763 1574 iidem
787 1553 844 1573 non
876 1543 984 1573 debent

242 1602 257 1623 a
281 1593 377 1623 iudice
400 1593 435 1623 ad
468 1593 668 1624 testimonium
690 1593 816 1629 admitti,
850 1592 923 1622 hene
945 1596 984 1622 ta-

243 1651 309 1672 men
342 1641 377 1672 ad
413 1642 662 1672 informationem.
696 1641 816 1677 Quando
848 1650 917 1671 vero
950 1650 983 1671 ex

243 1699 382 1729 processu
399 1690 565 1720 constiterit
587 1689 755 1720 innocentia
778 1689 918 1728 accusati,
935 1689 983 1719 de—

243 1738 292 1769 bet
320 1748 335 1769 a
368 1739 466 1769 iudice
499 1742 651 1770 accusator
682 1739 711 1769 in
743 1739 838 1778 poena
868 1738 984 1768 talionis

244 1787 445 1818 condemnari.

283 1847 323 1868 1x.
347 1837 378 1867 Si
400 1837 559 1875 delictum,
581 1837 616 1867 de
639 1846 696 1877 quo
724 1837 790 1876 quis
817 1841 983 1873 accusatur,

244 1890 294 1917 aut
315 1886 521 1924 denunciatur,
546 1886 590 1916 vel
612 1886 787 1926 inquiritur,
812 1896 870 1916 non
894 1886 983 1916 suerit

245 1935 407 1975 publicum,
431 1944 534 1966 curare
556 1935 640 1965 debet
662 1935 748 1965 iudex
782 1944 818 1965 ne
849 1935 922 1965 illud
955 1944 984 1965 e-

245 1983 357 2023 vulget,
380 1983 429 2013 sed
453 1987 598 2013 secretum
620 1988 729 2022 servet,
753 1988 896 2023 quantum
922 1983 985 2014 fieri

245 2035 351 2071 potest.

285 2090 314 2111 x.
337 2080 391 2117 Qui
414 2081 621 2121 poenitentiam
650 2087 754 2122 sponte
783 2083 876 2112 facere
905 2091 986 2112 recu-

245 2129 365 2168 saverit,
389 2130 524 2169 compelli
547 2130 654 2170 poterit
671 2140 723 2170 per
739 2140 888 2161 censuras.
905 2130 985 2166 Quod

246 2178 270 2207 si
293 2178 365 2209 istas
387 2183 523 2218 proterve
545 2179 700 2218 spreverit.
723 2179 835 2210 acriora
858 2180 986 2209 remedia

247 2227 458 2265 adhibeantur,
482 2237 598 2267 semper
617 2232 712 2258 tamen
736 2228 835 2258 habito
852 2232 986 2268 respectu

246 2277 488 2307 circumstantiae
511 2277 580 2315 loci,
607 2277 746 2316 temporis
768 2281 796 2307 et
819 2286 972 2316 personae.

286 2326 360 2356 Cum
394 2325 620 2356 constitutiones
653 2325 744 2355 nostri
776 2324 893 2355 Ordinis
929 2335 985 2355 non

247 2374 378 2413 obligent
400 2374 435 2404 ad
459 2374 573 2413 culpam
588 2396 596 2411 ,
619 2373 677 2403 nisi
709 2377 829 2412 propter
861 2378 988 2404 contem-

247 2428 328 2463 ptum
351 2427 379 2453 et
401 2423 584 2461 scandalum,
609 2422 659 2452 sed
683 2422 777 2452 solum
800 2422 930 2461 obligent
952 2423 987 2452 ad

248 2481 370 2513 poenam
401 2471 667 2511 transgressoribus
689 2471 895 2510 infligendam,
924 2472 989 2502 ideo

248 2522 405 2553 dicendum
429 2531 507 2552 nunc
529 2526 572 2552 est
593 2521 628 2552 de
652 2521 765 2561 poenis,
785 2531 858 2561 quae
875 2521 908 2552 ad
925 2531 988 2551 cor-

248 2572 410 2612 reptionem
434 2572 587 2612 culparum
610 2571 812 2611 imponuntur.

1058 237 1078 257 1.
1102 227 1134 258 In
1158 227 1262 267 primis
1292 228 1460 268 superiores
1492 227 1679 265 intelligant,
1703 226 1758 257 sibi

1019 285 1083 305 cum
1106 276 1245 306 fratribus
1268 277 1411 315 agendum
1434 277 1464 307 in
1488 276 1592 316 spiritu
1615 275 1756 312 lenitatis,

1018 334 1072 354 nec
1095 324 1152 355 nisi
1174 326 1263 355 causa
1281 330 1391 356 attente
1409 326 1573 365 perspecta,
1594 324 1629 354 ad
1645 324 1758 354 acriora

1019 373 1147 403 remedia
1181 383 1244 404 esse
1281 374 1539 413 progrediendum.
1572 373 1667 409 Quare
1700 372 1759 411 ple-

1019 430 1144 461 rumque
1167 423 1378 461 praemittenda
1401 423 1456 452 erit
1479 422 1638 452 admonitio
1665 421 1761 450 chari-

1020 470 1106 499 tativa
1141 480 1192 500 seu
1224 480 1276 510 per
1308 480 1338 500 se
1372 481 1423 501 seu
1457 480 1508 510 per
1537 471 1630 507 alios,
1660 469 1699 499 ita
1728 473 1760 498 ut

1020 518 1154 548 subditus
1182 519 1342 558 doceatur,
1372 519 1605 550 emendationem
1639 518 1760 548 delicto-

1020 575 1084 595 rum
1101 576 1116 596 a
1138 567 1291 606 superiore
1312 568 1426 607 quaeri,
1446 578 1504 598 non
1526 566 1761 607 delinquentium

1020 624 1148 645 ruinam.

1060 672 1090 693 11.
1114 663 1281 703 intelligant
1304 665 1414 704 pariter
1436 664 1566 702 subditi,
1590 664 1691 694 eadem
1715 663 1762 702 pia

1020 713 1110 743 animi
1134 714 1357 753 praeparatione
1389 713 1445 744 sibi
1477 713 1663 753 suscipienda
1699 721 1761 742 esse

1021 761 1075 791 ista
1098 762 1251 792 charitatis
1284 762 1411 792 remedia
1428 787 1435 801 ‚
1459 772 1525 793 cum
1561 771 1617 801 qua
1640 772 1655 791 a
1677 770 1763 800 supe-

1022 810 1097 841 riore
1120 811 1168 841 illa
1192 812 1333 851 applicari
1349 812 1459 842 iustum
1483 816 1526 842 est
1549 811 1677 846 credere,
1696 819 1762 840 cum

1022 869 1128 898 magno
1150 860 1264 890 scilicet
1285 860 1431 890 desiderio
1470 860 1583 900 proprii
1616 859 1763 899 profectus

1023 912 1051 938 et
1072 908 1305 946 emendationis;
1330 918 1424 948 neque
1439 909 1567 939 dandum
1586 908 1681 937 locum
1704 907 1764 936 dia-

1023 956 1088 987 bolo
1122 957 1293 996 suggerenti
1326 957 1425 987 sutiles
1460 957 1593 996 querelas
1624 956 1763 986 adversus

1023 1007 1208 1045 superiores,
1233 1010 1282 1036 aut
1305 1015 1403 1036 secum
1427 1006 1517 1045 ipsis,
1545 1009 1611 1043 aut,
1635 1004 1712 1044 quod
1734 1014 1764 1033 o-

1025 1055 1125 1084 mnino
1147 1055 1309 1085 cavendum
1332 1059 1386 1093 est,
1406 1064 1472 1085 cum
1496 1055 1572 1093 aliis,
1591 1053 1764 1094 praesertim

1024 1104 1165 1141 externis,
1189 1104 1304 1134 etiamsi
1327 1104 1476 1142 contingat
1501 1103 1696 1143 poenitentias
1721 1103 1767 1131 in-

1025 1153 1107 1191 iungi
1130 1152 1297 1182 insontibus
1319 1162 1357 1182 ex
1379 1153 1463 1191 salsa,
1486 1156 1519 1182 ut
1541 1151 1697 1191 aliquando
1720 1160 1766 1180 ac-

1025 1201 1122 1231 cidere
1144 1210 1264 1231 necesse
1286 1205 1341 1239 est,
1365 1201 1512 1231 delatione
1534 1204 1563 1230 et
1586 1208 1698 1230 errore.

1065 1259 1106 1280 111.
1131 1250 1284 1279 Praeterea
1308 1249 1474 1289 superiores
1496 1250 1664 1288 frequenter
1685 1257 1766 1277 reco-

1025 1299 1118 1337 gitent
1133 1323 1140 1337 ,
1164 1308 1195 1328 se
1217 1298 1251 1328 de
1274 1298 1335 1328 suis
1370 1298 1496 1328 subditis
1529 1297 1675 1328 rationem
1710 1297 1767 1327 Deo

1026 1348 1210 1386 reddituros,
1234 1356 1267 1377 ac
1289 1347 1412 1386 proinde
1444 1347 1601 1385 diligenter
1632 1346 1767 1386 serioque

1026 1401 1147 1427 caveant
1180 1405 1216 1427 ne
1250 1405 1285 1426 ex
1315 1396 1440 1436 propria
1467 1395 1652 1434 indulgentia
1674 1399 1701 1425 et
1723 1404 1768 1424 re-

1027 1446 1165 1476 missione
1188 1445 1332 1484 regularis
1354 1445 1509 1484 disciplina
1536 1444 1672 1483 laxetur,
1696 1443 1766 1473 dum

1026 1496 1164 1526 nimirum
1182 1495 1302 1533 subditi,
1319 1495 1524 1534 impunitatem
1548 1495 1603 1525 sibi
1625 1504 1659 1524 ex
1682 1503 1766 1533 supe-

1026 1544 1114 1574 rioris
1136 1544 1327 1574 conniventia
1350 1544 1535 1583 pollicentes,
1553 1542 1767 1583 quodlibetau-

1026 1593 1096 1623 dere
1113 1593 1251 1632 paulatim
1268 1597 1453 1623 assuescunt.
1469 1592 1664 1628 Quamobrem
1680 1595 1765 1621 caute

1027 1642 1295 1681 circumspecteque
1318 1642 1469 1672 attendant
1500 1651 1536 1671 ne
1568 1641 1633 1680 quis
1665 1643 1768 1670 contra

1027 1691 1251 1722 constitutiones
1284 1690 1392 1721 abusus
1425 1691 1528 1730 quovis
1551 1694 1703 1729 praetextu
1725 1690 1770 1718 in-

1027 1739 1165 1779 ducatur,
1188 1740 1384 1779 noverintque
1413 1749 1448 1769 ex
1476 1739 1575 1778 parvis
1609 1743 1770 1776 transgres-

1027 1789 1159 1819 sionibus
1181 1798 1316 1827 magnam
1339 1788 1514 1827 quandoque
1545 1788 1660 1818 ruinam
1683 1786 1770 1817 disci—

1028 1838 1123 1877 plinae
1145 1837 1274 1876 regulari
1296 1837 1462 1876 imminere,
1479 1837 1579 1876 idque,
1596 1836 1621 1866 si
1638 1836 1769 1875 ipsorum

1029 1887 1098 1917 vitio
1114 1886 1277 1926 contingat,
1299 1886 1483 1916 Yravissimae
1500 1886 1578 1926 ipsos
1597 1894 1688 1915 noxae
1704 1893 1770 1914 reos

1028 1936 1099 1966 sore.

1067 1993 1106 2014 ιν.
1130 1984 1161 2014 ln
1186 1983 1286 2024 poenis
1309 1983 1499 2022 iniungendis
1515 1982 1682 2022 superiores
1698 1981 1768 2012 haec

1030 2034 1185 2074 praecipue
1202 2033 1368 2064 observent.
1386 2033 1528 2071 Primum,
1545 2037 1588 2071 ut,
1606 2032 1690 2062 aucta
1706 2041 1771 2070 gra-

1030 2083 1119 2113 vitate
1135 2082 1238 2122 culpae
1254 2092 1291 2112 ex
1307 2082 1449 2121 gravitate
1466 2081 1766 2117 circumstantiarum,

1030 2141 1121 2171 poena
1145 2131 1255 2171 pariter
1277 2134 1442 2169 augeatur:
1467 2134 1494 2160 et
1527 2130 1556 2160 in
1592 2129 1628 2159 iis
1651 2129 1768 2168 quidem

1031 2180 1228 2218 monasteriis,
1252 2180 1282 2210 in
1306 2179 1413 2219 quibus
1436 2184 1478 2209 est
1500 2178 1680 2218 frequentior
1711 2187 1770 2207 mo-

1030 2230 1192 2260 nachorum
1209 2238 1360 2266 numerus,
1375 2228 1409 2258 ad
1430 2237 1559 2258 mensam
1575 2235 1770 2263 communem,

1031 2288 1066 2308 ex
1103 2278 1243 2308 schedula
1265 2288 1279 2307 a
1303 2278 1455 2317 superiore
1489 2277 1532 2307 vel
1568 2277 1630 2305 eius
1664 2276 1770 2305 vicario

1031 2326 1200 2365 scribenda,
1224 2327 1339 2365 legatur
1361 2326 1446 2364 culpa
1469 2330 1497 2355 et
1520 2334 1623 2364 poena,
1640 2323 1768 2353 indicato

1030 2375 1116 2405 ctiam
1141 2375 1260 2405 nomine
1282 2374 1479 2412 delinquentis
1494 2398 1501 2410 ,
1527 2373 1562 2402 ad
1585 2381 1769 2402 communem

1031 2424 1276 2459 aedificationem,
1300 2422 1356 2452 nisi
1380 2423 1452 2452 sorte
1474 2422 1536 2461 ipse
1569 2430 1636 2451 reus
1668 2420 1768 2450 eodem

1031 2473 1061 2502 in
1084 2472 1147 2503 loco
1169 2482 1205 2502 ex
1228 2472 1281 2501 sua
1303 2470 1458 2500 devotione
1481 2470 1550 2499 velit
1566 2479 1596 2499 se
1619 2469 1714 2508 ipsum
1733 2469 1770 2498 si-

1032 2522 1093 2552 mili
1118 2521 1201 2551 modo
1223 2529 1377 2550 accusare:
1414 2519 1488 2558 quod
1512 2519 1599 2549 eliam
1622 2518 1767 2557 superior,

1032 2580 1096 2601 cum
1121 2571 1147 2600 id
1171 2570 1308 2609 expedire
1331 2570 1359 2599 in
1379 2568 1501 2598 Domino
1525 2567 1707 2605 indicaverit,
1726 2568 1768 2597 in-

1649 169 1709 203 651
1761 178 1812 205 An.
1831 177 1860 204 c.
1884 177 1950 205 ¹740
