2232 3178
53 209 102 238 An.
117 207 146 236 C.
169 206 236 235 1740

852 207 997 233 CLEMENS
1021 207 1069 232 ΧΠ
1094 207 1144 232 Pr.

247 258 280 286 ut
303 258 421 295 propter
442 255 515 286 illud
536 255 572 286 ab
594 255 691 286 officio
713 256 853 296 suspendi
876 260 925 286 aut
940 256 988 286 de-

248 303 316 342 poni
338 303 453 334 debeat.
477 304 513 334 Et
535 305 610 335 idem
634 304 772 343 suffragia
808 305 986 344 promulget,

248 361 333 391 quae,
350 357 382 383 ut
397 353 552 391 sufficiant,
574 354 645 384 duas
661 354 761 384 tertias
784 357 881 393 partes
903 363 989 383 exce-

251 401 341 439 dent;
365 406 394 432 et
416 406 484 432 tunc
508 403 604 432 statim
628 403 662 432 de
685 403 743 432 alio
765 402 899 440 eligendo
923 411 989 440 aga-

250 453 315 487 tur3
337 454 375 486 et,
398 450 422 480 si
446 451 509 480 lieri
532 455 640 490 potest,
664 460 722 480 non
755 451 836 490 prius
868 450 937 479 inde
959 460 988 480 e-

249 498 431 535 grediantur,
469 508 555 538 quam
592 499 765 529 electionem
799 498 986 538 perfecerint.

249 545 280 576 ln
303 556 358 586 qua
381 557 412 577 re
434 548 491 578 duo
524 548 782 578 animadvertenda
815 551 894 577 sunt.
929 547 988 577 Pri-

249 603 339 633 mum,
364 599 413 633 ut,
436 596 461 626 si
482 596 612 626 defectus
634 596 668 626 ad
692 596 913 636 suspensionem
939 599 989 625 aut

248 643 459 682 depositionem
493 645 672 675 sufficientes
695 653 753 674 non
787 644 988 683 deprehende-

248 696 363 730 rentur,
388 692 453 722 aliis
476 693 511 723 de
534 693 623 722 rebus
645 697 757 731 agatur,
782 696 901 732 propter
918 701 990 731 quas

249 745 406 771 convocata
430 742 619 780 congregatio
642 741 786 779 videatur,
811 745 839 771 et
861 741 938 780 quod
954 741 988 770 ad

249 789 382 819 abbatem
416 791 583 829 generalem
616 790 739 828 attinet,
763 789 988 828 dissimuletur,

249 839 309 869 imo
332 848 399 870 vero
422 839 503 869 nullo
527 844 656 880 tempore
679 839 823 878 divulgari
840 838 945 869 debet:
963 842 991 868 et

251 887 303 926 sic,
322 897 388 918 curn
404 888 524 918 abbates
547 893 758 927 convocantur,
782 887 989 927 praemonendi

250 941 318 966 sunt
341 936 375 967 de
399 941 522 967 secreto.
548 937 727 974 Secundum,
751 937 775 967 si
797 937 990 967 constitutum

249 985 337 1016 fuerit
359 986 441 1016 illum
465 986 500 1016 ab
515 981 618 1017 'officio
650 986 828 1026 suspendere
860 990 910 1017 aut
942 986 992 1016 de-

250 1045 371 1075 ponere,
395 1041 464 1066 tunc
486 1036 574 1066 etiam
596 1045 662 1066 cum
685 1036 785 1066 eodem
819 1036 923 1066 abbate
945 1045 993 1074 ge-

250 1084 342 1114 nerali
365 1089 477 1114 secreto
500 1084 644 1123 agendum
667 1089 722 1122 est,
759 1089 791 1114 ut
813 1085 938 1124 ipsemet
960 1094 992 1114 se

250 1133 346 1163 officio
371 1133 508 1172 abdicet,
532 1138 583 1170 ut,
606 1143 671 1163 eum
700 1133 754 1163 hoc
777 1133 991 1172 promulgatum

252 1181 354 1219 fuerit,
379 1186 529 1221 peccatum
545 1186 573 1212 et
588 1182 676 1212 officii
701 1186 820 1221 propter
842 1186 991 1221 peccatum

252 1230 378 1269 privatio
401 1231 575 1261 occultetur.
599 1231 629 1261 si
652 1234 748 1260 autem
782 1231 911 1260 defectus
935 1240 991 1260 non

251 1279 340 1309 fuerit
373 1279 537 1318 eiusmodi,
567 1284 598 1309 ut
630 1279 789 1319 privandus
819 1279 916 1309 officio
939 1289 992 1309 suo

252 1337 311 1358 non
333 1328 382 1366 sit,
402 1328 451 1358 sed
475 1332 589 1359 tantum
612 1328 804 1367 corrigendus
826 1328 990 1366 videretur,

252 1377 383 1416 quinque
405 1377 563 1416 eligentur,
588 1377 694 1417 quibus
729 1386 798 1407 cura
822 1377 993 1415 iniungatur

252 1426 469 1465 considerandi,
504 1436 578 1466 quae
600 1426 743 1457 correctio
776 1426 803 1456 ei
825 1426 992 1463 conveniat,

253 1478 280 1504 et
302 1474 364 1514 ipse
387 1475 506 1505 omnino
528 1475 646 1505 obedire
663 1475 884 1514 congregationi
907 1483 994 1513 gene-

253 1523 308 1553 rali
328 1527 472 1553 teneatur.

294 1580 342 1601 vn.
366 1571 510 1608 Crimina,
544 1571 580 1601 ob
614 1581 688 1611 quae
723 1572 813 1602 abbas
846 1573 993 1611 generalis

254 1620 393 1659 suspendi
416 1621 459 1650 vel
483 1620 588 1660 deponi
611 1620 646 1650 ab
671 1621 767 1651 officio
790 1625 902 1660 potest,
927 1625 994 1651 sunt

254 1669 346 1699 haec:
370 1667 394 1699 si
418 1669 582 1699 haereticus
605 1670 694 1700 fuerit
715 1675 765 1700 aut
788 1670 994 1700 schismaticus

253 1722 303 1748 aut
325 1727 339 1747 a
362 1717 469 1748 Christi
493 1718 548 1748 side
570 1718 605 1748 ad
627 1722 737 1748 sectam
759 1718 923 1748 infidelium
946 1719 994 1749 de-

254 1766 372 1804 fecerit3
396 1767 421 1797 si
454 1767 489 1797 ab
511 1766 620 1797 Ordine
643 1772 744 1798 nostro
766 1768 992 1807 apostataverit;

253 1815 278 1845 si
301 1815 430 1854 graviter
454 1816 573 1846 fratrem
602 1816 645 1846 vel
668 1820 841 1846 extraneum
878 1825 996 1856 percus-

254 1864 337 1903 serit,
361 1869 411 1895 aut
432 1865 622 1895 homicidium
641 1865 840 1902 commiserit;
863 1865 887 1894 si
910 1865 996 1895 fabri-

254 1922 317 1942 cam
341 1913 439 1951 magni
462 1913 601 1943 momenti
624 1913 825 1953 praeceperit,
849 1918 899 1943 aut
920 1913 994 1943 bona

254 1961 407 2000 religionis
429 1962 615 2001 alienaverit,
639 1966 689 1993 aut
710 1971 818 1992 novum
849 1967 996 1992 monaste-

255 2011 331 2042 rium
360 2011 508 2051 acceperit
540 2012 585 2041 vel
619 2011 807 2049 fundaverit,
831 2016 881 2042 aut
914 2016 996 2041 vetus

256 2059 442 2098 deseruerit,
466 2060 635 2090 inconsulta
656 2061 883 2099 congregatione
904 2060 995 2099 hegu-

256 2119 427 2147 menorum,
450 2109 474 2139 si
493 2110 636 2140 novitIum
652 2103 755 2140 contra
771 2110 996 2140 constitutiones

256 2159 373 2190 Ordinis
395 2160 541 2199 receperit
562 2159 716 2190 habentem
740 2159 963 2199 impedimenta,
981 2169 995 2189 a

256 2208 363 2248 quibus
387 2208 448 2247 ipse
471 2208 659 2247 dispensandi
688 2218 745 2238 non
769 2208 854 2238 habet
876 2208 996 2238 faculta-

256 2262 332 2294 tem;
355 2257 379 2286 si
413 2256 540 2295 sigillum
575 2257 766 2287 confessionis
798 2257 938 2294 fregerit,
972 2257 996 2287 si

256 2306 369 2336 litteras
391 2306 427 2336 ad
462 2306 717 2344 congregationem
751 2306 916 2343 generalem
952 2306 995 2335 vel

256 2355 488 2393 hegumenorum
521 2354 648 2384 directas
681 2354 872 2393 interceperit
899 2358 926 2384 et
948 2364 995 2384 oe-

256 2403 421 2441 cultaverit,
445 2407 495 2433 aut
517 2403 665 2443 aperuerit
686 2402 864 2442 legeritque3
889 2402 913 2432 si
949 2411 996 2432 ve-

256 2452 407 2491 neficium,
431 2452 612 2490 sortilegium
635 2456 664 2482 et
686 2452 755 2491 quid
788 2451 884 2481 simile
916 2461 996 2482 exer-

257 2501 371 2540 cuerit3
405 2501 429 2531 si
461 2505 612 2540 peccatum
636 2500 734 2530 carnis
766 2499 934 2538 admiserit3
972 2501 995 2530 si

257 2560 379 2581 munera
402 2560 417 2580 a
441 2551 531 2581 fratre
554 2550 710 2590 acceperit,
745 2554 776 2580 ut
807 2549 833 2580 ei
867 2549 996 2580 officium

258 2599 374 2640 aliquod
397 2599 496 2639 daret,
519 2600 541 2629 si
567 2598 756 2637 muneribus,
780 2598 863 2637 dolo,
889 2599 915 2628 vi
948 2603 998 2630 aut

1031 260 1091 286 arte
1114 255 1243 296 qualibet
1262 255 1389 286 officium
1411 254 1467 285 sibi
1486 254 1540 295 ipsi
1556 258 1606 284 aut
1628 254 1692 284 aliis
1708 255 1770 284 dari

1031 309 1079 335 aut
1102 305 1270 335 confirmari
1293 304 1512 344 procuraverit,
1536 303 1559 333 si
1583 303 1770 333 machinatio-

1031 363 1082 383 nes
1105 358 1133 384 et
1155 353 1313 384 schismata
1339 353 1373 383 ad
1396 352 1625 383 destructionem
1653 352 1697 382 vel
1729 352 1772 382 di-

1032 402 1174 431 visionem
1197 401 1313 432 Ordinis
1337 402 1454 438 fecerit;
1473 401 1495 430 si
1512 411 1526 431 a
1543 401 1689 430 sententia
1704 410 1773 430 con-

1031 450 1211 488 gregationis
1234 450 1378 487 generalis
1401 455 1451 479 aut
1483 450 1715 487 hegumenorum
1738 449 1771 478 ad

1032 498 1160 528 tribunal
1183 499 1378 528 saecularium
1407 498 1597 538 appellaverit
1628 498 1671 527 vel
1705 507 1773 526 con-

1032 546 1151 584 fugerit.
1174 546 1203 576 Si
1226 547 1289 576 sine
1311 547 1431 576 licentia
1453 546 1598 576 Ordinarii
1622 555 1653 575 ea
1678 555 1774 574 sacra-

1032 599 1130 624 menta
1155 595 1416 633 administraverit,
1441 605 1514 635 quae
1537 604 1706 634 expressam
1740 595 1774 624 li-

1032 644 1158 673 centiam
1181 645 1353 683 requirunt3
1377 644 1400 673 si
1425 653 1492 674 vero
1515 644 1632 673 infirmo
1654 652 1774 682 corpore

1032 697 1060 722 et
1082 693 1205 723 adversa
1227 694 1394 724 valetudine
1414 694 1513 730 fuerit,
1530 694 1568 723 ita
1586 698 1616 723 ut
1632 693 1774 731 regimine

1034 751 1137 772 vacare
1160 752 1217 772 non
1241 743 1350 782 possit,
1375 752 1431 772 non
1465 742 1550 772 debet
1572 742 1701 781 deponi,
1725 741 1774 771 sed

1033 791 1096 821 eia
1121 791 1348 830 congregatione
1380 792 1610 829 hegumenoruin
1646 790 1773 820 vicarius

1033 839 1242 878 substituatur,
1265 840 1356 870 donec
1379 840 1527 870 commissi
1550 838 1702 877 regiminis
1719 838 1772 868 tri-

1034 889 1155 919 ennium
1179 889 1372 929 compleatur.

1074 947 1133 968 vni.
1155 938 1185 968 Si
1208 938 1274 977 quis
1300 938 1533 976 hegumenorum
1566 937 1594 967 in
1618 945 1708 967 unum
1741 945 1775 966 ex

1035 996 1122 1026 supra
1145 988 1326 1017 enumeratis
1348 987 1521 1017 criminibus
1544 986 1703 1024 inciderit,
1728 986 1775 1015 de-

1035 1035 1083 1065 bet
1106 1036 1141 1065 ab
1165 1035 1269 1066 abbate
1292 1036 1422 1075 generali
1446 1040 1473 1066 et
1495 1035 1618 1075 reliquis
1640 1036 1777 1073 hegume-

1035 1084 1081 1113 nis
1103 1084 1221 1123 deponi.

1076 1141 1094 1162 ι.
1118 1132 1172 1168 Qui
1203 1142 1292 1162 unum
1323 1133 1368 1162 vel
1403 1133 1501 1172 plures
1533 1141 1567 1162 ex
1590 1131 1775 1170 gravioribus

1036 1183 1080 1212 vel
1114 1181 1295 1220 gravissimis
1332 1181 1508 1211 criminibus
1543 1190 1559 1210 a
1592 1190 1656 1220 cap.
1690 1189 1707 1209 v
1742 1180 1776 1209 ad

1036 1240 1100 1270 cap.
1127 1239 1176 1259 xm
1198 1239 1286 1269 supra
1310 1230 1467 1269 descriptis
1490 1229 1690 1266 commiserit,
1715 1238 1776 1259 sae-

1036 1289 1130 1318 peque
1153 1279 1281 1308 monitus
1304 1288 1361 1308 non
1384 1278 1542 1318 resipuerit
1578 1282 1607 1308 et
1639 1278 1689 1317 qui
1712 1287 1778 1317 poe-

1036 1327 1192 1357 nitentiam
1226 1337 1278 1367 pro
1300 1327 1359 1357 illis
1392 1336 1450 1357 non
1485 1326 1702 1366 acceptaverit,
1727 1335 1776 1356 sex

1036 1376 1180 1406 mensium
1204 1375 1299 1415 spatio
1322 1375 1351 1405 in
1375 1375 1485 1405 ieiunio
1508 1375 1647 1415 probetur
1662 1400 1669 1413 ,
1693 1379 1721 1405 et
1743 1374 1778 1404 ad

1038 1429 1096 1455 tres
1120 1434 1234 1455 menses
1257 1424 1292 1454 ab
1315 1424 1445 1454 omnium
1469 1424 1615 1454 consortio
1647 1433 1781 1463 segrege·

1037 1478 1094 1504 tur.
1119 1474 1209 1513 idque
1232 1477 1350 1513 praeter
1372 1473 1567 1513 privationem
1600 1473 1680 1503 vocis
1711 1473 1781 1502 acti-

1037 1532 1089 1553 vae
1111 1527 1140 1552 et
1163 1522 1305 1562 passivae,
1330 1526 1379 1552 aut
1402 1522 1489 1552 etiam
1513 1522 1581 1560 loci,
1605 1530 1730 1552 coronae
1753 1526 1781 1551 et

1037 1572 1156 1610 cuculli,
1181 1581 1267 1611 quam
1292 1571 1392 1601 subire
1414 1571 1531 1601 debebit
1553 1571 1632 1601 iuxta
1656 1570 1781 1610 qualita-

1038 1626 1095 1651 tem
1119 1621 1221 1660 culpae
1255 1620 1399 1658 gravioris
1432 1624 1481 1649 aut
1513 1619 1715 1658 gravissimae.
1750 1619 1780 1648 Si

1038 1679 1106 1700 vero
1129 1678 1220 1699 unum
1244 1678 1278 1699 ex
1301 1669 1499 1708 infrascriptis
1520 1668 1700 1707 gravissimis
1723 1667 1780 1697 cri-

1038 1718 1167 1749 minibus
1189 1717 1392 1755 commiserit,
1417 1722 1503 1756 atque
1525 1717 1636 1754 semel,
1661 1717 1779 1752 iterum,

1038 1778 1071 1798 ac
1094 1768 1180 1798 tertio
1209 1767 1375 1797 admonitus
1398 1771 1426 1797 et
1455 1771 1604 1797 correctus
1636 1766 1671 1796 ad
1702 1765 1778 1795 idem

1039 1818 1149 1848 crimen
1171 1816 1303 1854 redierit,
1328 1820 1392 1855 post
1408 1816 1521 1846 tertiam
1538 1815 1778 1850 admonitionem,

1040 1877 1074 1897 ne
1097 1867 1170 1896 alios
1203 1865 1377 1904 contagione
1402 1865 1543 1904 pestifera
1566 1864 1679 1905 perdat,
1712 1863 1779 1894 eiiei

1040 1916 1156 1946 tandem
1180 1916 1295 1955 poterit,
1318 1915 1442 1945 servatis
1464 1914 1626 1952 servandis,
1649 1924 1707 1944 non
1729 1913 1781 1943 ali-

1040 1970 1083 1995 ter
1118 1969 1234 2003 tamen,
1266 1973 1352 2004 quam
1385 1963 1421 1994 ab
1456 1963 1560 1994 abbate
1592 1962 1722 2001 generali
1745 1962 1780 1992 de

1039 2013 1161 2044 consilio
1183 2017 1211 2044 et
1233 2022 1354 2043 assensu
1377 2017 1502 2053 quatuor
1525 2013 1778 2050 lieguinenoruni;

1040 2063 1133 2103 deque
1156 2062 1219 2092 eius
1247 2062 1391 2092 eiectione
1424 2061 1532 2092 certior
1562 2061 1611 2091 fiat
1644 2069 1780 2090 reveren-

1039 2112 1178 2142 dissimus
1202 2111 1339 2141 dominus
1358 2111 1525 2151 patriarcha
1549 2110 1584 2140 ab
1607 2110 1707 2139 eodem
1730 2108 1779 2138 ab·

1040 2160 1105 2191 bate
1128 2160 1271 2199 generali.

1080 2219 1110 2239 11.
1145 2209 1262 2239 Eiectus
1298 2213 1378 2239 extra
1414 2208 1553 2239 Ordinem
1587 2208 1707 2246 degens,
1743 2206 1781 2236 sit

1041 2263 1182 2298 perpetuo
1205 2267 1366 2298 suspensus
1385 2257 1420 2287 ab
1439 2257 1610 2288 executione
1626 2256 1779 2287 Ordinuin.

1080 2316 1120 2337 111.
1145 2307 1216 2342 Quia
1241 2316 1309 2336 vero
1344 2316 1444 2336 sumus
1467 2307 1495 2335 in
1530 2305 1624 2335 medio
1656 2305 1781 2334 nationis

1040 2366 1162 2396 pravae,
1187 2365 1222 2386 ne
1255 2356 1327 2385 forte
1351 2355 1460 2385 eiectus
1483 2355 1517 2383 ad
1542 2354 1705 2383 haereticos
1737 2354 1781 2383 vel

1040 2405 1173 2435 infideles
1205 2404 1343 2441 accedat,
1368 2402 1487 2433 debebit
1514 2402 1602 2431 abbas
1636 2402 1781 2440 generalis

1040 2463 1100 2483 rem
1124 2458 1207 2483 antea
1230 2462 1296 2482 cum
1331 2452 1494 2491 patriarcha
1520 2456 1666 2489 tractare,
1692 2450 1781 2480 homi-

1040 2511 1166 2542 nemque
1190 2502 1217 2531 in
1241 2510 1343 2530 manus
1368 2500 1430 2529 eius
1453 2500 1637 2538 consignare,
1674 2503 1705 2529 ut
1728 2508 1780 2538 pro

1040 2552 1093 2580 sua
1116 2550 1272 2591 prudentia
1294 2554 1321 2579 et
1343 2548 1465 2579 arbitrio
1487 2549 1521 2578 de
1545 2558 1578 2579 eo
1601 2549 1748 2587 disponat.

1080 2609 1117 2630 lv.
1142 2600 1282 2637 Crimina,
1307 2598 1343 2629 ob
1366 2608 1439 2638 quae
1464 2598 1624 2628 monachus
1660 2608 1697 2625 ox
1728 2598 1780 2626 Or-

1667 197 1731 231 659
1777 205 1825 232 An.
1844 205 1873 233 c.
1898 206 1964 233 1740

1819 1146 1869 1167 cu».
1886 1144 1939 1167 XlV.

1803 1173 1831 1193 De
1848 1178 1916 1198 poena
1928 1173 1971 1193 eie-

1788 1200 1863 1220 clinnis
1886 1205 1910 1220 ex
1934 1199 1973 1219 Or-

1789 1226 1845 1246 dine.
