2232 3178
54 151 102 178 An.
122 150 151 176 C.
173 149 241 177 {740

85 1388 135 1407 Cn.
153 1386 180 1407 lX

54 1416 85 1435 De
96 1414 228 1434 subiectione

47 1447 97 1467 erga
113 1440 227 1467 praelatos,

865 148 1008 172 CLEMENS
1034 149 1077 173 XII
1100 149 1149 173 ΓΡ.

245 197 421 228 monasterio
439 197 473 228 ad
489 197 567 228 aliud
584 207 614 228 se
630 198 801 234 transferre,
818 196 907 227 etiam
933 206 985 236 pro

244 245 332 276 rebus
359 246 470 286 proprii
495 247 685 284 monasterii,
709 246 819 286 absque
842 255 987 276 consensu

243 295 479 334 congregationis
503 296 729 333 monachorum,
754 294 810 324 nisi
843 299 989 324 monaste—

245 343 335 379 rium,
353 344 386 373 ad
411 343 485 383 quod
503 353 533 373 se
552 344 675 380 confert,
693 343 763 373 adeo
785 342 915 372 vicinum
938 342 986 379 sit,

245 396 277 422 ut
293 401 352 421 uno
368 391 414 421 die
431 392 474 421 ire
490 391 524 421 ad
542 391 612 421 illud
630 396 658 421 et
673 391 769 421 redire
785 390 819 420 ad
837 390 987 429 proprium

246 441 458 470 monasterium
475 440 579 470 valeat.
596 440 625 470 Si
644 440 710 479 quis
733 439 821 468 abbas
838 439 905 468 huic
922 448 989 468 con-

244 489 390 519 stitutioni
413 490 646 525 contravenerit,
671 489 707 519 ab
730 488 834 518 abbate
857 488 987 526 generali

245 537 396 576 puniatur.
414 537 509 567 Ceteri
530 547 597 567 vero
615 537 750 567 monachi
774 546 833 566 non
855 536 986 572 abbates,

244 586 294 625 qui
324 586 388 616 sine
415 586 536 615 licentia
563 585 699 615 abbatum
722 594 841 615 suorum
868 585 903 614 de
930 594 988 614 uno

244 634 421 665 monasterio
443 634 473 664 in
494 634 573 665 aliud
591 638 735 674 pergunt,
757 634 799 663 vel
817 633 987 673 peregrina-

246 682 353 712 tionem
374 682 558 722 suscipiunt‚
582 683 610 712 in
634 682 811 713 monasterio
835 682 988 712 includan-

244 732 305 761 tur¹
328 730 450 761 arbitrio
472 731 602 769 abbatis,
627 731 676 771 qui
698 731 841 761 ieiunium
867 730 987 770 insuper

243 779 303 810 illis
327 780 362 810 ad
386 784 499 819 tempus
521 779 714 819 praescribat.

284 838 344 859 xm.
369 829 447 859 Nulli
473 834 531 859 tam
555 830 764 860 monachorum
788 838 875 868 quam
898 828 987 859 abba-

246 883 307 908 tum
331 878 431 908 licebit
451 878 591 915 ostiatim,
608 882 657 908 aut
673 888 725 918 per
743 888 841 918 pagos,
858 878 919 908 sive
936 887 986 918 per

243 927 383 956 ecclesias
401 926 576 957 mendicare.
596 927 624 957 Si
648 931 744 957 tamen
767 927 864 966 aliqua
887 936 986 956 neces-

243 975 314 1005 sitas
344 985 453 1014 urgens
478 976 604 1006 suaserit
629 976 740 1015 aliquid
770 976 926 1015 petendum
950 975 985 1005 ab

242 1024 343 1063 aliqua
366 1025 502 1063 persona,
527 1025 553 1054 id
577 1025 626 1054 slat
648 1024 784 1063 religiose
806 1029 834 1054 et
857 1025 984 1054 modeste

243 1082 295 1112 per
313 1073 470 1103 monachos
492 1073 527 1103 ab
550 1073 652 1103 abbate
667 1073 844 1111 designatos
863 1073 892 1102 Si
916 1083 984 1103 vero

243 1131 294 1162 per
315 1131 404 1161 pagos
429 1122 472 1152 vel
495 1122 628 1152 civitates
645 1127 762 1162 propter
785 1132 901 1160 gravem
925 1132 984 1152 mo-

242 1171 363 1201 nasterii
397 1171 603 1201 necessitatem
631 1172 856 1202 mendicandum
874 1172 981 1207 suerit,

242 1220 269 1250 id
294 1229 351 1250 non
377 1220 425 1250 fiat
448 1220 505 1250 nisi
522 1221 637 1250 licentia
654 1220 690 1250 ab
705 1220 841 1259 episcopo
857 1224 885 1250 et
902 1230 982 1250 reve-

241 1269 417 1299 rendissimo
449 1269 566 1299 domino
600 1269 763 1309 patriarcha
798 1269 827 1298 in
864 1270 981 1308 scriptis

241 1318 384 1348 habenda.

280 1377 300 1398 1.
324 1368 393 1399 Cum
418 1372 518 1398 noster
540 1367 617 1398 Ordo
650 1367 679 1397 in
711 1367 806 1398 medio
828 1367 981 1398 nationum

240 1417 455 1447 haereticarum
479 1420 506 1446 et
529 1416 693 1447 infidelium
727 1421 871 1455 versetur,
895 1421 981 1457 atque

239 1465 276 1495 ab
300 1465 475 1495 universalis
498 1465 644 1495 Ecclesiae
667 1465 760 1504 capite
780 1466 904 1495 marium
924 1469 983 1495 ter-

240 1524 399 1554 rarumque
421 1515 524 1554 spatiis
547 1514 710 1544 disiunctus
743 1514 796 1550 sit,
820 1514 983 1552 diligentis-

240 1563 313 1593 sime
337 1567 441 1593 curent
464 1562 552 1593 abbas
584 1563 749 1601 generalis,
776 1563 931 1602 hegumeni
954 1567 982 1592 et

239 1612 359 1642 abbates
383 1612 628 1642 monasteriorum
645 1616 733 1652 atque
750 1612 979 1651 provinciarum,

239 1670 399 1701 eorumque
423 1661 538 1699 vicarii,
559 1670 594 1690 ne
610 1666 660 1692 aut
676 1671 708 1691 ex
726 1661 857 1692 locorum
874 1661 982 1691 distan-

240 1710 280 1740 tia.
302 1715 351 1740 aut
374 1710 573 1750 proximarum
604 1711 735 1748 gentium
768 1710 980 1740 consuetudine

239 1759 365 1789 charitas
398 1764 485 1798 atque
518 1759 635 1789 devotio
668 1760 878 1790 monachorum
912 1769 980 1798 erga

238 1811 267 1839 S.
299 1807 377 1838 Petri
405 1808 603 1847 apostolorum
636 1808 778 1848 principis
810 1809 978 1838 cathedram

238 1863 266 1888 et
290 1858 435 1888 Romanos
457 1857 613 1887 Pontifices
634 1858 838 1897 quoquomodo
860 1858 980 1896 refrige-

240 1912 317 1945 scat,
341 1908 412 1948 quin
441 1908 542 1938 sedulo
574 1913 708 1946 satagant
736 1912 765 1938 ut
796 1918 896 1938 omnes
919 1918 980 1939 mo-

238 1956 323 1987 nachi
346 1956 511 1995 intelligant
533 1956 730 1987 obedientiam
754 1961 782 1987 et
806 1957 977 1997 obsequium

237 2015 304 2044 erga
327 2005 429 2036 Sedem
453 2005 649 2045 Apostolicam
673 2007 833 2036 Romanam
851 2016 913 2037 esse
931 2017 977 2037 re-

238 2055 280 2084 lut
303 2058 419 2085 nostrae
442 2055 594 2093 religionis
618 2055 840 2085 fundamentum
864 2060 892 2085 et
911 2056 978 2085 cha-

237 2108 393 2142 racterem,
417 2114 473 2143 quo
496 2113 510 2133 a
533 2104 639 2133 ceteris
662 2103 790 2134 Orientis
809 2104 977 2134 nationibus

237 2154 301 2193 Syri
323 2153 481 2183 Maronitae
503 2162 534 2182 se
556 2152 685 2183 discerni
721 2154 885 2184 voluerunt.
910 2154 978 2184 Pre-

239 2202 429 2233 tiosissimum
453 2201 550 2240 itaque
573 2201 627 2231 hoc
651 2201 793 2231 maiorum
810 2207 976 2233 nostrorum

237 2251 401 2291 depositum
424 2250 571 2281 custodire
587 2259 772 2289 summopere
788 2251 932 2290 nitantur,
950 2255 978 2282 et

238 2301 317 2330 omni
340 2309 394 2339 opo
417 2298 615 2335 contendant,
639 2303 670 2328 ut
692 2303 752 2328 tum
787 2308 873 2338 opere
906 2301 977 2330 tales

237 2358 267 2379 se
289 2358 353 2379 esse
376 2348 471 2387 palam
495 2352 523 2377 et
546 2347 661 2386 publice
683 2348 852 2386 fateantur,
877 2349 978 2388 quales

237 2408 287 2429 eos
308 2407 371 2428 esse
394 2401 524 2436 oportet,
548 2397 598 2436 qui
620 2397 709 2427 officii
732 2397 778 2427 sui
810 2402 837 2428 et
870 2397 978 2428 benesi-

238 2447 349 2478 ciorum
386 2446 422 2476 ab
457 2446 589 2476 Ecclesia
621 2447 753 2476 Romana
789 2452 977 2487 acceptorum

238 2497 466 2536 haudquaquam
483 2495 670 2525 immemores
686 2500 764 2526 sunt.
785 2496 820 2526 Et
838 2497 977 2536 quoniam

278 2551 287 2578 1
310 2549 381 2577 Edit.
402 2549 486 2577 Main.
506 2549 569 2584 legit
589 2550 759 2578 includatur
778 2553 815 2585 (n.
832 2551 880 2586 T.)-

307 2603 385 2634 Buta.
405 2604 490 2633 Rom.
511 2618 545 2625 —-
571 2603 627 2633 Vol.
648 2604 751 2633 XXIV.
797 2644 801 2650 Ι
900 2604 933 2632 78

1030 196 1129 227 divino
1152 197 1287 228 mandato
1310 197 1446 228 iubemur
1470 198 1596 238 proximi
1617 198 1704 228 etiam
1724 208 1775 229 no-

1030 246 1082 276 stri
1106 247 1228 276 salutem
1252 257 1366 284 curare,
1384 247 1610 286 diligentissime
1626 248 1773 284 studeant,

1030 296 1217 335 antiquorum
1241 301 1409 326 nostrorum
1434 301 1560 336 patrum,
1586 306 1618 326 ac
1642 306 1773 336 praescr-

1031 344 1082 373 tim
1106 345 1315 374 monachorum
1338 345 1367 375 S.
1386 345 1523 383 Maronis,
1541 345 1591 384 qui
1610 354 1660 384 pro
1677 345 1775 374 catho-

1031 392 1089 421 lica
1111 393 1254 431 religione
1276 398 1395 423 strenue
1418 394 1619 431 decertarunt,
1642 393 1774 431 vestigiis

1031 441 1224 480 inhaerendo,
1249 442 1417 472 occasiones
1440 447 1557 482 captare
1580 443 1615 472 ad
1638 443 1774 472 orthodo-

1031 499 1085 519 xae
1109 490 1176 520 fidei
1200 491 1461 529 propagationem,
1486 496 1515 521 et
1548 491 1581 521 ad
1612 491 1772 530 profectum

1032 537 1182 568 nationum
1197 538 1232 568 ab
1245 539 1376 568 Ecclesia
1392 539 1539 569 Catholica
1554 539 1772 578 dissidentium,

1031 585 1108 615 inter
1131 595 1202 625 quas
1226 591 1402 616 versantur:
1436 596 1509 617 neve
1532 587 1701 617 earumdem
1724 587 1774 617 de-

1030 639 1149 673 sperent
1181 640 1230 665 aut
1262 635 1412 674 negligant
1448 636 1690 673 conversionem,
1721 636 1772 666 sed

1030 692 1096 712 cum
1119 683 1198 713 omni
1221 684 1364 714 charitate
1386 688 1414 714 et
1437 685 1598 724 patientia,
1622 684 1721 714 divino
1743 693 1772 713 a-

1030 731 1157 761 diutorio
1180 731 1266 770 freti,
1291 742 1448 771 procurare
1470 733 1569 771 illam,
1594 737 1769 772 opportune,

1030 781 1218 820 importune,
1249 782 1421 821 arguendo,
1454 782 1654 822 increpando,
1687 782 1770 812 obse-

1029 830 1148 868 crando,
1174 829 1316 860 nitantur.

1068 887 1098 908 11.
1113 880 1245 908 Honoret
1262 888 1378 918 quoque
1396 882 1459 919 post
1474 878 1608 909 Summos
1624 880 1770 910 Romanos

1029 927 1186 957 Pontifices
1216 932 1338 958 matrem
1373 938 1453 958 suam
1478 929 1689 958 Antiochenam
1720 929 1771 958 Ec-

1028 977 1148 1006 clesiam
1178 982 1207 1007 et
1236 978 1516 1007 reverendissimum
1540 978 1691 1008 dominum
1721 987 1771 1016 pa-

1028 1026 1185 1056 triarcham
1209 1027 1261 1056 toti
1289 1027 1401 1056 nationi
1424 1026 1586 1066 Ordinique
1612 1031 1711 1056 nostro
1734 1026 1770 1056 ab

1027 1075 1128 1104 eiidem
1152 1075 1285 1104 Romana
1317 1076 1449 1105 Ecclesia
1479 1075 1676 1114 praepositum
1691 1099 1699 1112 ,
1722 1075 1770 1104 cui

1027 1128 1175 1163 tamquam
1206 1124 1281 1162 patri
1314 1124 1456 1163 peculiari
1488 1124 1593 1154 affectu
1623 1129 1651 1154 et
1684 1124 1771 1154 devo-

1027 1172 1105 1202 tione
1128 1173 1236 1202 addicti
1259 1172 1334 1210 sint,
1359 1172 1479 1212 eiusque
1502 1173 1629 1202 decretis
1651 1177 1679 1202 et
1702 1183 1770 1203 con-

1025 1221 1227 1251 stitutionibus
1249 1221 1398 1265 omnibus,
1418 1231 1492 1260 quae
1516 1221 1583 1251 fidei
1607 1222 1769 1252 catholicae

1025 1275 1076 1301 aut
1099 1271 1238 1301 Romanis
1270 1270 1461 1301 Pontificibus
1484 1280 1542 1300 non
1565 1271 1767 1308 adversantur,

1026 1324 1147 1359 pareant
1162 1324 1190 1350 et
1206 1319 1420 1360 obtemperent.
1437 1319 1548 1349 Nomen
1572 1329 1687 1359 quoque
1705 1319 1769 1349 eius

1026 1375 1089 1409 post
1121 1370 1285 1400 Romanum
1322 1369 1494 1399 Pontificem
1528 1374 1585 1399 tam
1619 1370 1650 1399 111
1684 1371 1770 1400 sacra.

1025 1419 1145 1458 liturgia
1172 1428 1259 1459 quam
1289 1419 1317 1448 in
1347 1419 1454 1449 divinis
1487 1419 1591 1448 officiis
1620 1419 1654 1448 (le
1688 1429 1768 1450 more

1024 1473 1266 1499 commemorent.
1285 1468 1315 1497 ln
1339 1468 1426 1497 rebus
1448 1468 1543 1498 dubiis
1565 1473 1593 1497 et
1614 1468 1765 1507 gravibus,

1024 1527 1097 1557 quae
1130 1517 1268 1547 Ordinem
1304 1522 1435 1546 nostium
1460 1521 1659 1555 concernunt,
1684 1517 1765 1547 illum

1024 1566 1189 1596 consulant.
1215 1566 1380 1605 Antequam
1408 1566 1596 1604 congregatio
1619 1566 1766 1604 generalis

1025 1615 1093 1651 liat,
1129 1615 1192 1644 eius
1229 1614 1393 1644 benedictio
1426 1614 1460 1643 ab
1496 1614 1599 1643 abbate
1635 1614 1766 1652 generali

1024 1667 1154 1703 petatur3
1184 1668 1336 1702 postquam
1367 1664 1439 1693 sacta
1469 1667 1528 1700 est,
1559 1663 1644 1693 electi
1677 1663 1765 1693 abbas

1022 1712 1169 1749 generalis
1200 1717 1227 1742 et
1250 1712 1409 1750 hegumeni
1433 1711 1530 1750 ipsum
1551 1711 1655 1741 adeant
1678 1711 1765 1741 bene-

1022 1762 1181 1791 dictionem
1203 1761 1364 1800 accepturi.
1399 1761 1428 1790 Si
1461 1761 1550 1799 opera
1586 1762 1708 1797 nostra,
1734 1761 1763 1790 in

1022 1810 1110 1840 rebus
1133 1810 1340 1840 ecclesiasticis
1363 1809 1397 1839 ad
1420 1810 1517 1839 sedem
1538 1809 1763 1848 patriarchalem

1021 1858 1233 1888 Antiochenam
1256 1858 1471 1898 spectantibus,
1489 1859 1530 1888 uti
1554 1858 1689 1896 voluerit,
1714 1868 1764 1897 pa-

1021 1912 1099 1938 ratos
1122 1917 1152 1937 se
1181 1907 1353 1937 exhibeant.
1378 1907 1495 1937 Nullum
1523 1917 1588 1937 cum
1622 1907 1685 1947 ipso
1714 1911 1764 1937 aut

1021 1956 1144 1996 reliquis
1169 1956 1306 1997 praelatis
1329 1956 1482 1986 dissidium
1507 1956 1644 1993 habeant,
1668 1965 1763 1996 neque

1019 2006 1107 2036 rebus
1129 2006 1162 2036 ad
1187 2006 1249 2036 eius
1265 2006 1325 2035 sive
1343 2006 1539 2045 praelatorum
1559 2006 1762 2035 auctoritatem

1021 2056 1237 2095 pertinentibus
1267 2065 1297 2086 se
1319 2055 1525 2091 immisceant3
1549 2055 1599 2085 sed
1623 2055 1762 2085 memine-

1019 2105 1078 2135 rint
1108 2114 1137 2134 se
1171 2105 1251 2135 illius
1274 2108 1302 2135 et
1330 2105 1548 2144 praelatorum,
1579 2104 1608 2134 in
1636 2114 1760 2144 quorum

1019 2154 1203 2184 dioecesibus
1227 2158 1398 2191 versantur,
1426 2153 1706 2193 obsequentissimos
1729 2154 1761 2183 fi-

1019 2203 1074 2233 lios
1097 2212 1169 2233 esse.
1187 2203 1216 2233 Si
1233 2203 1299 2242 quis
1320 2203 1387 2233 huic
1405 2203 1524 2241 regulae
1541 2212 1658 2241 quoquo
1675 2203 1760 2232 modo

1020 2252 1238 2282 contravenisse
1260 2255 1428 2291 compertus
1453 2251 1549 2288 suerit,
1573 2251 1760 2282 severissimo

1020 2301 1169 2340 puniatur.
1208 2301 1276 2331 Post
1314 2300 1592 2330 reverendissimum
1636 2301 1761 2339 patriar-

1020 2350 1121 2386 cham,
1146 2350 1282 2389 episcopo
1312 2349 1366 2379 loci
1397 2348 1528 2379 debitum
1559 2349 1699 2378 honorem
1732 2354 1760 2379 et

1019 2398 1191 2438 obsequium
1224 2399 1374 2435 deserant,
1409 2398 1472 2427 eius
1504 2407 1619 2436 quoque
1652 2407 1757 2427 nomen

1019 2449 1048 2478 in
1072 2448 1162 2478 sacris
1195 2448 1340 2487 diptychis
1373 2447 1541 2477 recitantes.
1571 2447 1759 2477 Sacramenta

1019 2497 1127 2528 exteris
1150 2506 1207 2526 non
1231 2496 1447 2532 administrent,
1471 2504 1565 2535 neque
1587 2495 1758 2525 concionem

1019 2546 1055 2577 atl
1076 2546 1141 2576 illos
1164 2544 1303 2583 habeant,
1327 2548 1375 2576 aut
1393 2544 1558 2576 catecheses
1575 2544 1692 2583 saciant,
1709 2549 1758 2576 aut

1668 140 1732 174 617
1779 149 1831 177 An.
1849 150 1877 178 C.
1903 152 1969 178 ¹750
