2232 3178
35 181 81 208 An.
95 178 123 206 G.
145 176 211 205 1738

224 225 321 259 vitam
347 236 364 259 a
389 226 484 259 nobis
509 227 643 261 concedi
670 227 842 270 plurimum
875 225 963 259 desi-

225 278 344 312 sideret
360 290 367 311 :

36 347 146 375 amenas„
164 349 212 363 cnn-
268 332 282 375 ξ
300 332 331 365 2.
347 332 421 372 Nos,
436 332 543 376 ipsum
557 333 733 376 Iosepbum
748 333 878 366 Mariam
893 342 966 376 spe-

36 369 212 446 {liffig'ii‘ilissii'i
224 385 358 418 cialibus
384 385 547 418 favoribus
566 390 595 419 et
613 386 724 428 gratiis
744 386 897 429 prosequi
916 397 966 418 vo-

35 434 53 447 ὅΙΙ
80 431 110 445 sul
164 437 168 441 ·
205 437 211 445 ι

36 455 138 474 aarum,
153 452 174 469 ui
192 449 211 468 iu
223 438 337 478 lentes,
350 443 410 470 eta
423 439 592 481 quibusvis
606 438 965 477 excommunicationis,

36 479 63 499 eis
79 478 212 502 imposterum

7 515 11 525 .
36 505 121 526 feminae
156 491 449 534 nuviosuspensionis
468 497 499 524 et
517 491 694 532 interdicti,
718 491 851 534 aliisque
867 491 966 524 eccle-

35 530 94 552 mudn
103 530 213 555 pernocta·
240 542 246 548 .

8 551 10 581 ;
35 543 359 583 rep··s⁶ini.sedS1asticis
384 543 576 583 sententiis,
602 544 748 577 censuris
774 549 803 576 et
828 543 963 587 poenis,

7 588 11 605 l

45 583 198 604 benefactorum
258 597 263 602 .
562 597 567 602 .
745 597 750 602 .
893 596 899 602 .

34 609 123 635 hiup-iio
154 607 239 629 dum-a
256 606 325 629 iure
344 597 393 629 vel
416 596 455 629 ab
481 597 624 636 homine,
657 608 767 640 quavis
795 607 964 630 occasione

33 633 270 691 ltsssseaflilssilfvet
299 651 394 682 causa
420 649 503 689 latis,
529 649 554 682 si
577 650 693 692 quibus
719 650 965 693 quomodolibet

34 693 118 710 ‘mm'
221 702 397 735 innodatus
409 702 527 742 existit,
537 703 576 735 ad
589 702 734 735 etl'ectum
746 702 964 745 praesentium

223 755 384 788 dumtaxat
416 756 701 799 consequendum,
735 757 848 789 barum
881 756 965 789 serie

222 809 428 842 absolventes
448 815 479 842 et
499 810 678 842 absolutum
699 810 765 842 sore
780 814 964 849 censentes,

223 861 516 905 supplicationibus
531 862 598 895 eius
615 862 745 894 nomine
758 862 854 895 nobis
868 872 967 905 super

223 914 287 948 hoc
312 914 480 948 humiliter
506 915 668 958 porrectis
687 915 843 955 inclinati,
862 915 966 948 eidem

222 968 364 1012 Iosepbo
383 968 510 1009 Mariae,
530 974 564 1000 ut
589 968 683 1012 ipse¹‚
704 969 809 1012 quoad
836 969 963 1009 vixerit,

223 1023 301 1055 etin
316 1033 518 1066 quocumque
534 1028 617 1055 statu
635 1029 665 1055 et
680 1024 779 1065 gradu
801 1028 863 1056 tam
882 1023 967 1055 intra

223 1086 318 1119 quam
336 1081 425 1108 extra
443 1076 596 1109 Ordinem
614 1076 818 1119 praedictum
839 1087 967 1118 semper

223 1134 254 1162 et
290 1128 565 1172 quandocumque
605 1129 768 1170 extiterit,
805 1141 897 1162 usum
935 1135 966 1163 et

223 1182 431 1215 commodum
459 1183 614 1215 dictarum
642 1182 770 1216 aedium
797 1194 852 1216 seu
881 1194 966 1216 man-

223 1234 362 1275 sionum,
385 1245 444 1278 per
462 1246 534 1268 eum
555 1240 616 1268 tam
635 1235 667 1268 in
686 1236 872 1278 supradicto
891 1247 966 1269 cou-

221 1294 320 1321 ventu
345 1299 440 1331 quam
467 1293 556 1321 extra
583 1289 672 1321 illum
696 1293 967 1329 constructarum,

222 1351 293 1374 cum
321 1341 472 1374 omnibus
498 1346 529 1374 et
555 1341 692 1384 singulis
718 1342 965 1382 suismcmbris,

222 1394 355 1427 annexis
381 1401 412 1427 et
436 1394 602 1433 connexis,
625 1395 816 1427 auctoritate
838 1401 967 1438 aposto-

221 1448 303 1488 lica,
341 1453 454 1480 tenore
491 1448 729 1491 praesentium,
760 1449 966 1482 concedimus

223 1507 255 1535 et
279 1502 501 1545 indulgemus.
522 1502 708 1543 Praeterea,
728 1513 777 1540 ne.
795 1509 865 1546 post
884 1504 966 1536 eins-

223 1555 295 1589 dem
320 1555 450 1598 Iosepbi
477 1555 594 1588 Mariae
621 1556 758 1596 obitum,
786 1557 883 1589 aedes
911 1568 965 1590 seu

222 1608 423 1648 mansiones,
450 1619 508 1651 per
533 1609 652 1651 ipsum,
680 1609 764 1642 sicut
790 1610 967 1652 praemitti-

222 1667 295 1702 tur,
322 1667 411 1694 extra
436 1662 654 1704 supradictum
679 1668 873 1695 conventum
899 1663 966 1696 edi-

222 1713 346 1753 ficatae,
363 1717 426 1747 una
444 1726 515 1747 cuin
535 1715 599 1747 suis
618 1715 773 1748 membris
789 1721 819 1748 et
833 1716 965 1748 annexis

222 1766 403 1810 praefatis²,
426 1768 636 1801 habitationi³
657 1768 732 1801 dicti
759 1768 887 1802 Ordinis
911 1770 967 1802 be-

222 1821 425 1854 nefactorum
441 1821 647 1864 alIarumque
664 1832 873 1864 personarum
886 1822 964 1855 inibi

223 1884 282 1917 pro
299 1879 443 1917 tempore
459 1875 715 1914 adventantium,
731 1875 902 1908 occasione
917 1886 965 1908 eo-

224 1937 294 1959 rum
332 1926 508 1967 transitus,
547 1927 689 1970 hospitio
725 1934 848 1960 tantum
882 1928 988 1974 cxci-¹

222 1979 446 2022 piendorum,
472 1985 503 2013 et
538 1990 603 2012 non
641 1981 735 2014 alteri
772 1982 965 2025 cuicumque

223 2032 294 2064 usui
321 2032 476 2065 destinari
504 2033 713 2066 acinservire
733 2034 885 2074 debeant,
906 2045 966 2067 nec

225 2085 308 2118 ullus
334 2087 516 2118 conventus
541 2091 573 2119 et
598 2086 724 2119 Ordinis
745 2088 964 2130 praefatorum

223 2137 373 2180 superior
398 2144 453 2170 aut
479 2139 649 2181 religiosus
667 2167 674 2180 ,
706 2142 755 2173 vel
793 2140 964 2184 quisquam

224 2188 335 2231 quavis
361 2189 553 2222 auctoritate
578 2191 627 2222 vel
654 2191 885 2233 superioritatc
911 2197 966 2224 aut

224 2241 327 2274 officio
352 2241 500 2284 fulgens,
535 2242 565 2274 in
601 2243 724 2276 eisdem
751 2244 883 2277 aedibus
908 2255 964 2277 seu

225 2294 448 2327 mansionibus
467 2294 718 2338 (praeterquam
737 2298 772 2328 ea
791 2296 829 2329 de
849 2298 963 2340 causa)

261 2392 270 2417 1
289 2390 335 2418 Vel
352 2390 429 2417 deest
445 2391 560 2418 verbum
576 2392 689 2425 habeat,
706 2392 747 2419 vel
765 2399 844 2419 voces
860 2396 890 2420 ul
906 2393 965 2428 ipse

224 2434 356 2462 delendae
377 2438 442 2462 sunt
463 2439 500 2466 (n.
518 2435 566 2470 τ.).

258 2480 275 2505 2
291 2479 339 2506 Ed.
353 2479 385 2506 Μ.
401 2480 465 2514 legit
479 2481 639 2514 praesentis
656 2489 703 2515 pro
717 2482 863 2516 praefatis
874 2482 961 2515 (nm).

259 2523 275 2550 3
303 2523 446 2550 videretur
472 2525 618 2559 legendum
651 2526 738 2552 ullius
765 2526 962 2559 habitationi,

224 2568 288 2604 sed,
310 2571 361 2596 etc.
384 2572 421 2602 (u.
438 2568 487 2603 τ.),

837 175 980 200 CLEMENS
1006 176 1023 199 X
1030 175 1051 199 11
1076 176 1114 199 PP
1122 192 1128 200 .

1648 167 1712 201 359
1758 178 1946 206 An.c.1738

1010 225 1107 257 etiam
1132 229 1298 268 praetextu
1319 225 1541 259 rusticationis
1556 226 1686 269 degere,
1703 228 1752 260 vel

1010 278 1123 320 quovis
1150 279 1213 311 alio
1241 279 1338 311 modo
1360 279 1507 312 babitare
1533 279 1660 322 possit,
1688 280 1751 312 mi—

1010 341 1134 374 nusque
1161 332 1315 365 mulieres
1341 338 1372 365 et
1397 332 1529 365 feminei
1558 343 1651 365 sexus
1681 343 1755 375 per-

1010 393 1124 423 sonae,
1152 384 1385 428 cuiuscumque
1422 391 1541 425 status,
1567 385 1684 428 gradus
1722 391 1754 418 et

1010 435 1207 469 conditionis
1233 437 1382 478 existant,
1398 438 1429 470 in
1455 437 1590 470 aedibus
1613 443 1644 470 et
1664 448 1752 470 man-

1010 488 1155 522 sionibus
1193 491 1345 533 praesatis
1382 497 1573 534 pernoctare
1607 492 1753 531 valeant,

1010 547 1064 574 aut
1089 548 1124 575 ut
1149 543 1193 575 ibi
1212 550 1408 586 pernoctent
1426 545 1618 587 permittere
1636 545 1753 577 audeat

1009 606 1065 628 seu
1091 602 1291 638 praesumat,
1317 598 1376 630 sub
1403 598 1751 631 excommunicationis

1009 649 1091 681 latae
1117 650 1297 683 sentcntiae
1324 650 1397 683 Scdi
1425 651 1631 694 Apostolicae
1650 662 1753 684 reser-

986 707 1114 742 ivatae,
1141 713 1157 735 a
1191 714 1253 746 qua
1287 714 1382 736 nemo
1419 704 1480 737 nisi
1518 715 1534 736 a
1572 705 1667 737 nobis
1693 715 1752 737 seu

1010 755 1156 789 Romano
1173 756 1326 789 Pontitice
1338 767 1395 799 pro
1416 762 1564 799 tempore
1583 757 1753 797 existente,

1010 813 1236 852 praeterquam
1264 809 1295 840 in
1322 810 1436 842 mortis
1462 809 1598 843 articulo
1632 811 1754 843 consti-

1012 866 1098 894 tutus
1135 862 1351 895 absolutionis
1384 863 1577 895 beneficium
1604 864 1754 896 obtinere

1010 921 1119 958 queat,
1142 922 1184 956 et,
1206 917 1310 959 quoad
1332 918 1510 959 regulares,
1532 917 1626 950 etiam
1652 917 1756 960 priva-

1011 968 1108 1001 tionis
1133 969 1221 1002 vocis
1247 969 1368 1002 activae
1395 975 1425 1003 et
1451 970 1595 1013 passivae
1621 969 1752 1013 poenis,

1010 1033 1069 1065 per
1095 1023 1364 1055 contrafacientes
1401 1023 1472 1066 ipso
1511 1024 1593 1056 sacto
1630 1023 1754 1066 absque

1010 1076 1071 1108 alia
1097 1076 1331 1109 declaratione
1351 1076 1557 1109 incurrendis
1573 1103 1580 1116 ,
1615 1076 1755 1109 auctori-

1011 1134 1075 1162 tate
1103 1136 1134 1162 et
1161 1135 1271 1162 tenore
1290 1129 1464 1172 praedictis
1482 1130 1705 1163 interdicimus
1724 1135 1756 1163 et

1010 1182 1237 1225 prohibemus.

1054 1235 1068 1277 g
1093 1235 1124 1267 3.
1151 1234 1222 1267 Non
1243 1235 1447 1268 obstantibus
1469 1235 1754 1269 constitutionibus

1011 1293 1042 1320 et
1063 1288 1326 1321 ordinationibus
1351 1289 1552 1331 apostolicis,
1572 1299 1617 1329 ac,
1641 1295 1754 1332 quate-

1010 1352 1068 1374 nus
1090 1353 1172 1385 opus
1198 1342 1248 1382 sit,
1267 1344 1444 1375 conventas
1467 1349 1499 1375 ct
1515 1343 1644 1376 Ordinis
1662 1354 1755 1386 prae-

1011 1395 1191 1435 dictorum,
1227 1396 1323 1428 etiam
1351 1395 1553 1432 iuramento.
1587 1396 1757 1430 confirma-

1012 1449 1099 1482 tione
1117 1449 1306 1492 apostolica,
1324 1450 1372 1482 vel
1395 1450 1504 1492 quavis
1524 1449 1677 1482 firmitate
1695 1450 1757 1482 alia

1011 1501 1193 1540 roboratis,
1221 1501 1349 1534 statutis
1382 1507 1412 1534 et
1446 1502 1757 1542 consuetudinibus,

1010 1554 1188 1597 privilegiis
1220 1565 1372 1597 quoque,
1403 1554 1536 1587 indultis
1574 1560 1606 1587 et
1640 1555 1758 1588 litteris

1010 1606 1199 1650 apostolicis
1228 1608 1258 1639 in
1284 1607 1482 1640 contrarium
1502 1607 1756 1650 praemissorum

1011 1660 1257 1703 quomodolibet
1282 1661 1470 1699 concessis,
1497 1660 1697 1693 confirmatis
1725 1666 1757 1693 et

1011 1713 1188 1753 innovat.is;
1214 1713 1331 1756 quibus
1362 1713 1513 1746 omnibus
1544 1719 1575 1746 et
1599 1714 1755 1756 singulis,

1011 1766 1143 1798 illorum
1170 1772 1298 1799 tenores
1321 1766 1549 1809 praesentibus
1574 1777 1634 1810 pro
1660 1767 1757 1810 plene

1011 1824 1042 1851 ct
1062 1819 1263 1852 sufficienter
1291 1819 1454 1861 expressis
1474 1830 1510 1852 ac
1534 1830 1570 1852 ac
1592 1820 1630 1853 de
1656 1820 1756 1853 verbo

1010 1873 1048 1904 ail
1074 1873 1207 1905 verbum
1234 1872 1365 1904 insertis
1392 1872 1563 1914 babentes,
1590 1873 1653 1905 illis
1678 1874 1757 1906 alias

1011 1926 1041 1958 in
1067 1936 1127 1958 suo
1161 1925 1279 1958 robore
1309 1926 1551 1968 permansuris,
1589 1927 1627 1958 ad
1665 1937 1758 1969 prae-

1010 1979 1362 2019 missorumellectum,
1391 1980 1451 2012 bac
1477 1979 1546 2012 vice
1573 1980 1756 2020 dumtaxat,

1009 2033 1196 2076 specialiter
1222 2038 1253 2065 et
1278 2043 1429 2076 expresse
1457 2033 1651 2076 derogamus
1673 2045 1680 2074 ;
1708 2044 1757 2066 ce-

1011 2087 1156 2130 terisque
1183 2086 1358 2119 contrariis
1385 2086 1657 2130 quitmscurnque.

1053 2140 1067 2182 ἓ
1091 2139 1122 2172 4.
1147 2140 1300 2172 Volumus
1320 2145 1436 2181 autem,
1459 2145 1510 2180 ut,
1537 2145 1647 2173 secuto
1673 2140 1883 2192 ‘³³¹¹S·,{·:³„⁰‘'„·?;
1900 2145 1949 2192 Ἥ

1010 2193 1082 2225 dem
1120 2193 1249 2235 losepbi
1288 2193 1404 2226 Mariae
1438 2193 1545 2232 obitu,
1574 2194 1862 2236 praesentisseutum-

1009 2245 1244 2288 prohibitionis
1270 2247 1455 2288 exemplum
1482 2246 1514 2278 in
1547 2246 1644 2279 valvis
1679 2246 1755 2278 dicti

1009 2304 1206 2339 conventus,
1231 2309 1288 2331 seu
1315 2299 1445 2331 aedium
1472 2300 1520 2331 vel
1547 2299 1754 2331 mansionum

1010 2351 1268 2394 praedictarum,
1295 2357 1349 2382 aut
1381 2351 1413 2382 in
1439 2351 1550 2393 aliquo
1576 2351 1640 2383 alio
1678 2361 1755 2384 con·

1010 2404 1124 2446 spicuo
1150 2405 1222 2436 loco
1239 2430 1246 2443 ,
1275 2403 1328 2434 ubi
1357 2403 1397 2435 ab
1423 2403 1574 2436 omnibus
1600 2403 1686 2435 cerni
1724 2409 1756 2436 ct

1010 2458 1072 2499 legi
1100 2457 1214 2500 possit,
1242 2456 1368 2488 affixum
1395 2457 1547 2489 continuo
1575 2463 1752 2490 remaneat.

1056 2510 1170 2543 Datum
1196 2510 1338 2549 Romae,
1365 2510 1451 2553 apud
1478 2510 1509 2542 S.
1537 2510 1668 2543 Mariam
1693 2511 1756 2543 Ma-

1011 2562 1133 2604 iorem,
1167 2563 1225 2595 sub
1258 2563 1381 2596 annulo
1419 2563 1617 2605 piscatoris,
1644 2564 1696 2598 die
1725 2575 1755 2598 ix

1839 1245 1949 1265 Contraria

1766 1272 1873 1292 tulluntur.
