2232 3178
265 233 313 260 Λη.
330 232 360 261 C.
384 232 451 260 t'ists)
498 224 561 256 548

347 1025 445 1046 Declarat

264 1051 358 1072 romulu
394 1059 444 1072 nnn-

460 282 548 314 Pauli
575 281 836 325 praedecessoris
868 280 1048 313 litterarum
1080 279 1194 312 cadem

460 335 592 367 facultas
618 339 778 367 reservata
806 334 916 373 suerat,
943 332 1118 376 impetrare
1140 331 1194 364 dc-

458 387 578 420 beant:
604 387 741 430 proinde
773 391 975 419 memoratus
1009 384 1194 418 Vincentius

458 440 640 482 praedictas
654 444 781 472 nostras
795 444 825 471 et
839 438 982 472 ciusdem
998 437 1087 470 Pauli
1106 447 1195 481 prae-

459 492 640 525 decessoris
673 492 827 525 innovare
859 497 890 525 et
922 490 1132 530 confirmare,
1159 501 1194 524 ac

458 546 539 578 lianc
557 551 735 579 conventus
755 545 907 578 fratribus
924 544 1054 578 Ordinis
1069 549 1100 577 et
1117 544 1195 577 Con·

458 599 656 640 prcgationis
682 598 866 630 huiusmodi
893 596 1077 639 assignandi
1097 597 1195 630 facul-

458 656 555 683 tatcm
582 651 620 684 ad
646 651 862 694 supradictam
892 650 1024 693 quidem
1056 649 1191 689 Sedem‚

456 713 519 735 non
553 709 660 736 autem
697 703 735 736 ad
762 703 847 736 illius
871 703 1009 736 nuncios
1035 706 1191 745 spectare,

456 766 516 798 pcr
541 765 600 788 nos
626 755 782 788 declarari
808 755 982 798 plurimum
1010 754 1190 787 desideret:

456 808 551 841 nobis
573 813 749 851 propterea
774 808 943 841 humiliter
961 807 1133 851 supplicari
1151 808 1193 840 se-

456 860 498 891 rit
520 865 554 891 ut
574 859 635 892 sibi
663 859 692 891 in
715 859 903 902 praemissis
921 863 1103 902 opportune
1122 869 1191 901 pro-

454 911 563 945 videre
582 918 614 944 et
631 917 663 945 ut
689 912 770 944 infra
789 912 958 954 indulgere
984 911 1022 944 de
1047 911 1192 953 benigni-

456 969 519 997 tate
546 965 725 1007 apostolica
750 964 969 1007 dignaremur.

499 1015 513 1057 ἓ
542 1015 572 1047 6.
606 1014 670 1047 Nos
700 1014 821 1057 igitur,
854 1015 959 1057 ipsum
990 1014 1192 1048 vincentium

263 1085 307 1097 ms
342 1079 444 1103 ‚pusini-
455 1067 651 1110 specialibus
672 1067 834 1100 favoribus
852 1072 884 1100 et
907 1067 1017 1109 gratiis
1036 1067 1190 1110 prosequi

262 1111 298 1124 cns
324 1105 443 1124 tiit-uitatem

262 1121 612 1160 „numbersssa-volenteS,
640 1126 671 1153 et
699 1131 716 1153 a
747 1121 910 1163 quibusvis
937 1121 1192 1153 excommunica·

263 1158 329 1177 lrilins
361 1158 443 1177 Carme-

263 1183 305 1202 nus
331 1174 572 1212 caasa-tionis,
595 1173 818 1215 suspensionis
852 1179 883 1205 et
909 1173 1081 1212 interdicti,
1108 1173 1191 1206 aliis-

263 1212 290 1229 ῑις
312 1210 442 1230 concedendi

263 1236 371 1255 namnum
418 1236 517 1269 adque
535 1226 764 1259 ecclesiasticis
788 1226 967 1265 sententiiS,
994 1226 1136 1258 censuris
1162 1232 1193 1258 et

263 1262 316 1282 alios
332 1262 430 1283 Ordines.

455 1280 591 1322 poenis,
617 1290 634 1311 a
660 1279 728 1311 iure
755 1281 805 1312 vel
831 1280 870 1311 ab
897 1279 1055 1318 homine,
1083 1279 1193 1322 quavis

456 1333 625 1364 occasione
666 1332 713 1363 vel
755 1333 851 1364 causa
888 1331 959 1363 latis
975 1358 982 1370 ,
1010 1332 1035 1363 si
1073 1331 1191 1374 quibus

455 1385 704 1428 quomodolibet
732 1385 905 1417 innodatus
924 1385 1042 1424 existit,
1062 1385 1101 1417 ad
1123 1384 1193 1417 ell'e-

455 1441 538 1471 ctum
564 1436 784 1480 praesentium
807 1437 974 1469 dumtaxat
993 1447 1193 1479 consequen-

454 1490 539 1529 dum,
566 1490 680 1522 harum
706 1490 790 1522 serie
813 1490 1016 1523 absolventes
1043 1494 1074 1522 et
1098 1490 1193 1522 abso-

453 1542 557 1576 lutum
585 1543 653 1576 sore
680 1547 870 1583 censentes,
898 1541 1085 1576 huiusmodi
1111 1553 1191 1586 sup--

453 1595 684 1638 plicationibus
705 1595 862 1636 inclinati,
892 1595 930 1628 de
956 1595 1193 1629 venerabilium

454 1648 590 1682 fratrum
611 1654 794 1682 nostrorum
811 1649 842 1682 S.
862 1649 899 1681 R.
922 1648 956 1682 E.
980 1649 1193 1682 cardinalium

453 1702 595 1744 negotiis
609 1710 641 1736 et
658 1702 949 1736 consultationibus
965 1702 1193 1745 episcoporum

455 1759 487 1786 et
512 1755 711 1798 regularium
737 1755 999 1798 praepositorum
1016 1781 1023 1795 ‚
1048 1755 1086 1787 ad
1113 1765 1194 1798 quos

453 1817 512 1840 nos
531 1809 710 1851 supplicem
729 1809 875 1842 libellum
894 1808 988 1841 nobis
1007 1814 1192 1851 porrectum

454 1860 661 1899 remisimus,
688 1861 741 1904 qui
766 1861 961 1894 relationem
996 1860 1105 1893 dilecti
1138 1860 1193 1893 tilii

453 1913 557 1946 nostri
583 1912 704 1947 Nicolai
724 1914 869 1947 eiusdem
887 1913 918 1946 S.
941 1913 976 1946 R.
993 1913 1028 1946 E.
1048 1914 1195 1947 cardina-

454 1966 493 1998 lis
522 1966 579 1999 Del
604 1965 734 1999 Giudice
775 1966 977 2010 nuncupati,
1006 1967 1193 2000 eorumdem

455 2018 584 2052 Ordinis
609 2024 640 2051 et
664 2019 931 2063 Congregationis
963 2020 1047 2063 apud
1079 2029 1137 2052 nos
1163 2025 1195 2052 et

455 2071 571 2104 Sedem
605 2073 803 2116 praedictam
829 2073 1042 2116 protectoris,
1069 2072 1192 2105 eisdem

456 2125 676 2158 cardinalibus
703 2126 817 2159 factam
844 2125 1062 2165 attenderunt,
1089 2125 1195 2158 consi-

455 2177 511 2216 lio,
527 2177 565 2210 ad
583 2179 823 2212 occurrendum
840 2178 927 2211 omni
947 2188 983 2210 ex
1002 2181 1094 2221 parte
1112 2178 1193 2210 frau-

456 2229 558 2271 dibus,
578 2230 694 2274 quibus
721 2231 835 2263 fratres
860 2235 1115 2264 memoratorum
1139 2229 1195 2262 Or-

456 2283 540 2316 dinis
569 2289 601 2316 et
626 2283 894 2326 Congregationis
921 2283 1058 2326 vagandi
1084 2283 1193 2326 cupidi

455 2341 613 2376 utuntur,
639 2337 843 2369 inhaerendo
885 2336 1023 2369 decretis
1042 2362 1049 2376 ,
1075 2333 1153 2369 alias
1178 2347 1195 2369 a

455 2389 644 2422 memoratis
669 2389 768 2422 Paulo
794 2395 825 2422 et
850 2388 979 2422 Urbano
1004 2389 1195 2431 praedeces-

455 2442 584 2475 soribus
610 2447 641 2476 et
665 2453 682 2475 a
707 2442 801 2475 nobis
834 2442 911 2485 ipsis
943 2442 975 2474 in
1000 2442 1194 2485 supradictis

454 2496 573 2529 litteris
600 2496 772 2539 expressis,
792 2501 824 2529 et
844 2498 880 2529 ea
905 2506 1005 2539 super
1029 2506 1064 2529 re
1089 2495 1192 2536 editis,

453 2549 631 2582 modernos
671 2554 715 2583 eti
741 2559 799 2592 pro
836 2554 982 2592 tempore
1019 2549 1193 2582 existentes

455 2601 559 2635 dictae
585 2601 676 2635 Sedis
706 2602 833 2645 legatos
860 2612 917 2636 seu
941 2601 1078 2636 nuncios
1095 2602 1194 2636 sacul-

1035 229 1222 254 BULLARIUM
1245 228 1403 253 ROMANUM

1984 227 2035 254 An.
2052 226 2080 255 C.
2100 227 2167 258 173⁹

1241 282 1337 310 tatem
1363 288 1429 310 non
1456 277 1577 310 habere
1598 277 1798 311 concedendi
1825 276 1976 310 fratribus

1239 330 1419 364 Carmelitis
1433 329 1630 364 Excalceatis
1646 330 1769 363 indulta
1787 330 1976 364 transeundi

1239 384 1279 416 ad
1304 384 1402 417 alium
1428 383 1602 425 Ordinem,
1628 383 1822 416 auctoritate
1848 389 1977 427 aposto·

1239 437 1310 476 lica,
1334 442 1446 469 tenore
1471 436 1700 480 praesentium,
1719 436 1924 469 decernimus
1946 442 1977 469 et

1239 489 1451 522 declaramus.

1282 543 1351 585 §7.
1389 543 1433 575 Ac
1468 542 1604 585 insuper
1640 543 1817 576 modernos
1853 547 1885 576 et
1916 553 1976 585 pro
2013 553 2168 575 smmum„-

1929 596 1935 602 .
1987 585 2036 600 nere
2053 580 2130 601 datii-n*
2140 581 2166 603 aul

1239 601 1387 638 tempore
1408 596 1581 628 existentes
1608 597 1732 639 legatos
1757 607 1814 629 seu
1840 606 1976 629 nuncios
1986 609 2168 658 &Zaitfltsstt'ssz'
2189 617 2192 636 ,

1237 648 1421 691 praedictos
1446 649 1478 680 in
1504 648 1642 682 Domino
1665 649 1832 681 hortamur
1857 654 1888 682 et
1912 658 1976 682 mo·
1987 659 2170 705 {mxx-gamm

1237 711 1359 741 nemus,
1386 706 1420 733 ut
1445 701 1476 734 in
1503 707 1668 744 posterum
1705 712 1833 735 omnem
1868 711 1977 735 curam
2111 701 2116 706 '

1237 753 1438 796 impendant,
1455 763 1495 786 ne
1513 754 1597 786 ullus
1616 764 1652 786 ex
1679 754 1831 786 fratribus
1848 753 1976 787 Ordinis

1237 811 1268 837 et
1292 806 1560 848 Congregationis
1585 806 1772 839 huiusmodi
1810 806 1849 839 ad
1880 806 1978 839 alium

1236 858 1388 891 Ordinem
1421 860 1469 891 vel
1495 858 1783 902 Congregationem
1810 868 1864 891 seu
1890 858 1980 891 insti·

1238 916 1340 944 tutum
1365 912 1487 954 absque
1513 915 1624 945 nostro
1657 917 1689 945 et
1723 912 1819 945 liuius
1843 911 1978 945 Sanctae

1236 964 1328 997 Sedis
1365 964 1553 1007 praedictae
1593 964 1720 998 indulto
1760 974 1819 1007 per
1858 964 1976 997 dictum

1236 1017 1438 1050 Vincentium
1465 1017 1657 1050 modernum
1688 1022 1720 1050 et
1744 1027 1804 1060 pro
1830 1023 1976 1061 tempore

1237 1070 1425 1103 existentem
1446 1075 1688 1113 procuratorem
1707 1071 1893 1112 generalem
1913 1075 1978 1103 tan-

1238 1130 1323 1162 tum,
1349 1123 1436 1155 iuxta
1461 1123 1710 1166 dispositionem
1736 1123 1767 1155 in
1793 1123 1977 1155 memoratis

1237 1176 1355 1209 nostris
1381 1176 1497 1209 litteris
1526 1186 1709 1218 expressam
1738 1186 1796 1218 per
1824 1176 1881 1209 illa
1907 1185 1976 1208 ver-

1237 1229 1294 1261 ba:
1327 1240 1340 1260 a
1367 1229 1496 1271 Absque
1522 1239 1560 1261 eo
1586 1232 1672 1272 quod
1705 1239 1741 1261 ex
1768 1234 1927 1261 conventu
1960 1238 1978 1260 a

1237 1282 1401 1314 modernis
1430 1287 1461 1314 et
1496 1291 1557 1324 pro
1590 1287 1736 1324 tempore
1767 1281 1977 1314 existentibus

1237 1333 1422 1376 praeposito
1439 1333 1585 1376 generali
1601 1333 1738 1376 aliisque
1753 1334 1977 1377 superioribus

1236 1385 1411 1428 praedictis
1437 1385 1604 1428 designato
1622 1387 1671 1419 vel
1690 1386 1890 1429 designando
1913 1395 1974 1429 pro

1235 1438 1472 1471 adinveniendo
1496 1439 1658 1471 benevolo
1684 1444 1857 1482 receptore
1884 1448 1978 1481 egre-

1237 1491 1342 1523 diatur
1367 1503 1402 1530 »‚
1436 1501 1496 1533 per
1520 1496 1762 1533 procuratorem
1789 1491 1977 1534 generalem

1235 1543 1436 1586 praedictum
1458 1543 1650 1576 obtinendo.

1280 1596 1295 1638 ξ
1311 1594 1342 1628 8.
1364 1596 1407 1627 Ac
1424 1594 1558 1639 insuper
1575 1595 1659 1628 dicta
1675 1596 1869 1629 auctoritate
1886 1606 2000 1649 prae·v
2044 1603 2167 1650 Surerigm

1237 1649 1382 1692 cipimus,
1405 1654 1436 1681 et
1461 1649 1612 1682 omnihus
1639 1649 1864 1692 superioribus
1889 1635 2168 1692 prae-„32⁰‹ii'i'250⁶n”-

1988 1683 2078 1703 centiam
2101 1682 2167 1703 fratri-

1237 1701 1330 1735 dictis
1372 1702 1404 1734 in
1446 1701 1561 1734 virtute
1600 1707 1728 1735 sanctae
1768 1701 2167 1756 Obediemiaessffievfflffiffssffi

1236 1755 1436 1795 mandamus,
1451 1765 1491 1787 ne
1509 1754 1570 1797 ipsi
1589 1754 1773 1788 facultatem
1787 1755 1977 1798 egrediendi
1987 1764 2106 1809 {gssss‘ssfiffi
2127 1761 2166 1809 ἓξὲξ

1237 1818 1253 1841 e
1278 1807 1491 1841 conventibus
1517 1807 1576 1839 sub
1602 1812 1771 1850 praetextu
1798 1808 2167 1863 quae1·endiisndtgt13madhbffi

1236 1861 1427 1894 benevolum
1469 1866 1692 1904 receptorem,
1732 1861 1793 1894 nisi
1836 1861 1976 1894 constito
1987 1847 2094 1888 ιιιίῑεεῖ-18
2115 1847 2127 1862 ⁰
2151 1847 2158 1862 ¹
2203 1851 2208 1881 Ῐ

1236 1915 1326 1957 prius
1345 1915 1384 1947 de
1403 1914 1545 1957 legitima
1570 1916 1667 1946 causa
1692 1919 1724 1947 et
1748 1914 1787 1947 de
1806 1913 1977 1957 praedicto

1237 1967 1373 2006 indulto,
1389 1967 1582 2006 concedant,
1602 1967 1658 1999 sed
1678 1976 1739 2010 pro
1757 1966 1976 2010 exequutione

1237 2025 1268 2053 et
1294 2020 1521 2053 observatione
1546 2020 1787 2062 praedictarum
1815 2019 1905 2052 Pauli
1941 2029 1977 2053 ac

1236 2072 1356 2105 Urbani
1375 2073 1663 2116 praedecessorum
1682 2072 1923 2116 praedictorum
1940 2082 1977 2106 ac

1237 2125 1415 2159 litterarum
1429 2130 1613 2158 nostrarum
1627 2125 1877 2169 praedictarum,
1892 2135 1975 2168 quae

1236 2188 1334 2222 super
1349 2179 1483 2222 negotio
1503 2178 1689 2212 huiusmodi
1708 2183 1913 2219 emanarunt,
1930 2178 1976 2212 vi-

1237 2231 1349 2275 gilent.

1280 2285 1295 2328 ἓ
1320 2284 1352 2318 9.
1379 2285 1611 2326 Decernentes,
1637 2284 1766 2318 easdem
1787 2290 1975 2329 praesentes
1987 2287 2164 2338 „ufflffgmffflffi
2208 2288 2229 2328 ’ξ

1237 2344 1269 2372 et
1292 2344 1486 2372 memoratas
1517 2339 1604 2371 Pauli
1637 2344 1670 2372 et
1696 2338 1815 2372 Urbani
1841 2340 2055 2383 praede-mnas-

1237 2401 1412 2430 cessorum,
1431 2402 1467 2424 ac
1488 2391 1566 2424 alias
1587 2396 1714 2424 nostras
1739 2392 1876 2432 litteras,
1894 2397 1925 2425 et
1945 2393 1977 2425 in

1237 2443 1283 2475 eis
1299 2449 1452 2476 contenta
1468 2454 1703 2487 quaecumque,
1726 2454 1855 2487 semper
1871 2444 1975 2485 firma,

1236 2496 1341 2529 valida
1360 2501 1392 2529 et
1409 2496 1551 2529 efficacia
1575 2497 1714 2530 existere
1740 2503 1772 2531 et
1787 2498 1867 2537 sore,
1887 2508 1977 2531 suos-

1236 2558 1299 2592 que
1325 2549 1490 2592 plenarios
1516 2554 1548 2582 et
1573 2549 1717 2591 integros
1747 2549 1879 2583 effectus
1911 2560 1978 2584 sor-

1237 2602 1289 2635 tiri
1316 2607 1348 2635 et
1371 2602 1533 2644 obtinere,
1560 2612 1596 2635 ac
1627 2602 1701 2644 iilis,
1727 2603 1766 2636 ad
1796 2613 1879 2647 quos
1909 2613 1977 2647 spe-
