<?xml version="1.0" encoding="UTF-8"?>
<!DOCTYPE html PUBLIC "-//W3C//DTD XHTML 1.0 Transitional//EN"
    "http://www.w3.org/TR/xhtml1/DTD/xhtml1-transitional.dtd">
<html xmlns="http://www.w3.org/1999/xhtml" xml:lang="en" lang="en">
 <head>
  <title>
</title>
<meta http-equiv="Content-Type" content="text/html;charset=utf-8" />
  <meta name='ocr-system' content='tesseract 3.04.00' />
  <meta name='ocr-capabilities' content='ocr_page ocr_carea ocr_par ocr_line ocrx_word'/>
</head>
<body>
  <div class='ocr_page' id='page_1' title='image "./bullarumdiplomat24cath_0293.png"; bbox 0 0 2232 3178; ppageno 0'>
   <div class='ocr_carea' id='block_1_1' title="bbox 35 230 215 265">
    <p class='ocr_par' dir='ltr' id='par_1_1' title="bbox 35 230 215 265">
     <span class='ocr_line' id='line_1_1' title="bbox 35 230 215 265; baseline -0.039 0"><span class='ocrx_word' id='word_1_1' title='bbox 35 236 84 265; x_wconf 70' lang='lat' dir='ltr'>An.</span> <span class='ocrx_word' id='word_1_2' title='bbox 103 234 132 262; x_wconf 88' lang='lat' dir='ltr'>C.</span> <span class='ocrx_word' id='word_1_3' title='bbox 149 230 215 261; x_wconf 77' lang='lat'><strong>1737</strong></span> 
     </span>
    </p>
   </div>
   <div class='ocr_carea' id='block_1_2' title="bbox 38 1140 215 1190">
    <p class='ocr_par' dir='ltr' id='par_1_2' title="bbox 38 1140 215 1190">
     <span class='ocr_line' id='line_1_2' title="bbox 98 1140 215 1161; baseline -0.009 0"><span class='ocrx_word' id='word_1_4' title='bbox 98 1140 215 1161; x_wconf 75' lang='lat' dir='ltr'>Gratiarum</span> 
     </span>
     <span class='ocr_line' id='line_1_3' title="bbox 38 1169 100 1190; baseline -0.016 0"><span class='ocrx_word' id='word_1_5' title='bbox 38 1169 100 1190; x_wconf 76' lang='lat' dir='ltr'>aetio.</span> 
     </span>
    </p>
   </div>
   <div class='ocr_carea' id='block_1_3' title="bbox 46 2418 225 2495">
    <p class='ocr_par' dir='ltr' id='par_1_3' title="bbox 46 2418 225 2495">
     <span class='ocr_line' id='line_1_4' title="bbox 59 2418 225 2446; baseline 0.012 -6"><span class='ocrx_word' id='word_1_6' title='bbox 59 2418 132 2441; x_wconf 84' lang='lat' dir='ltr'>lterum</span> <span class='ocrx_word' id='word_1_7' title='bbox 148 2422 225 2446; x_wconf 69' lang='lat' dir='ltr'>gratias</span> 
     </span>
     <span class='ocr_line' id='line_1_5' title="bbox 46 2447 224 2471; baseline 0.017 -5"><span class='ocrx_word' id='word_1_8' title='bbox 46 2447 90 2471; x_wconf 71' lang='lat' dir='ltr'>agit</span> <span class='ocrx_word' id='word_1_9' title='bbox 129 2448 224 2469; x_wconf 67' lang='lat' dir='ltr'>Summus</span> 
     </span>
     <span class='ocr_line' id='line_1_6' title="bbox 46 2473 146 2495; baseline 0.01 -1"><span class='ocrx_word' id='word_1_10' title='bbox 46 2473 146 2495; x_wconf 66' lang='lat' dir='ltr'>Pontifex,</span> 
     </span>
    </p>
   </div>
   <div class='ocr_carea' id='block_1_4' title="bbox 866 226 1155 252">
    <p class='ocr_par' dir='ltr' id='par_1_4' title="bbox 866 226 1155 252">
     <span class='ocr_line' id='line_1_7' title="bbox 866 226 1155 252; baseline -0.003 0"><span class='ocrx_word' id='word_1_11' title='bbox 866 226 1009 252; x_wconf 80' lang='lat' dir='ltr'>CLEMENS</span> <span class='ocrx_word' id='word_1_12' title='bbox 1037 227 1082 251; x_wconf 82' lang='grc' dir='ltr'>ΧΠ</span> <span class='ocrx_word' id='word_1_13' title='bbox 1106 227 1155 252; x_wconf 85' lang='lat' dir='ltr'>PP.</span> 
     </span>
    </p>
   </div>
   <div class='ocr_carea' id='block_1_5' title="bbox 221 277 980 2618">
    <p class='ocr_par' dir='ltr' id='par_1_5' title="bbox 221 277 970 1111">
     <span class='ocr_line' id='line_1_8' title="bbox 221 277 963 323; baseline -0.004 -11"><span class='ocrx_word' id='word_1_14' title='bbox 221 282 317 323; x_wconf 87' lang='lat' dir='ltr'>prout</span> <span class='ocrx_word' id='word_1_15' title='bbox 343 283 453 311; x_wconf 87' lang='lat' dir='ltr'>tenore</span> <span class='ocrx_word' id='word_1_16' title='bbox 479 278 705 322; x_wconf 85' lang='lat' dir='ltr'>praesentium</span> <span class='ocrx_word' id='word_1_17' title='bbox 731 277 880 311; x_wconf 83' lang='lat' dir='ltr'>similiter</span> <span class='ocrx_word' id='word_1_18' title='bbox 907 277 963 309; x_wconf 92' lang='lat' dir='ltr'>de-</span> 
     </span>
     <span class='ocr_line' id='line_1_9' title="bbox 223 331 964 371; baseline -0.005 -6"><span class='ocrx_word' id='word_1_19' title='bbox 223 332 393 371; x_wconf 85' lang='lat' dir='ltr'>cernimus,</span> <span class='ocrx_word' id='word_1_20' title='bbox 413 332 585 364; x_wconf 80' lang='lat' dir='ltr'>definimus</span> <span class='ocrx_word' id='word_1_21' title='bbox 604 337 635 364; x_wconf 92' lang='lat' dir='ltr'>et</span> <span class='ocrx_word' id='word_1_22' title='bbox 652 331 886 369; x_wconf 87' lang='lat' dir='ltr'>adscribimus·‚</span> <span class='ocrx_word' id='word_1_23' title='bbox 907 335 964 361; x_wconf 83' lang='lat' dir='ltr'>sta-</span> 
     </span>
     <span class='ocr_line' id='line_1_10' title="bbox 223 383 965 418; baseline -0.007 0"><span class='ocrx_word' id='word_1_24' title='bbox 223 390 351 418; x_wconf 89' lang='lat' dir='ltr'>tuentes</span> <span class='ocrx_word' id='word_1_25' title='bbox 376 385 414 417; x_wconf 91' lang='lat' dir='ltr'>ab</span> <span class='ocrx_word' id='word_1_26' title='bbox 440 385 583 418; x_wconf 75' lang='lat' dir='ltr'>Ecclesia</span> <span class='ocrx_word' id='word_1_27' title='bbox 606 383 782 417; x_wconf 80' lang='lat' dir='ltr'>universali</span> <span class='ocrx_word' id='word_1_28' title='bbox 802 383 885 415; x_wconf 88' lang='lat' dir='ltr'>illius</span> <span class='ocrx_word' id='word_1_29' title='bbox 905 393 965 414; x_wconf 89' lang='lat' dir='ltr'>me—</span> 
     </span>
     <span class='ocr_line' id='line_1_11' title="bbox 222 435 964 482; baseline -0.008 -10"><span class='ocrx_word' id='word_1_30' title='bbox 222 439 358 472; x_wconf 87' lang='lat' dir='ltr'>moriam</span> <span class='ocrx_word' id='word_1_31' title='bbox 384 438 531 482; x_wconf 87' lang='lat' dir='ltr'>quolibet</span> <span class='ocrx_word' id='word_1_32' title='bbox 557 449 640 470; x_wconf 88' lang='lat' dir='ltr'>anno</span> <span class='ocrx_word' id='word_1_33' title='bbox 667 437 718 470; x_wconf 84' lang='lat' dir='ltr'>die</span> <span class='ocrx_word' id='word_1_34' title='bbox 745 447 814 470; x_wconf 72' lang='lat' dir='ltr'>xxrv</span> <span class='ocrx_word' id='word_1_35' title='bbox 844 435 964 468; x_wconf 80' lang='lat' dir='ltr'>mensis</span> 
     </span>
     <span class='ocr_line' id='line_1_12' title="bbox 222 488 963 525; baseline -0.007 0"><span class='ocrx_word' id='word_1_36' title='bbox 222 492 295 525; x_wconf 84' lang='lat' dir='ltr'>maii</span> <span class='ocrx_word' id='word_1_37' title='bbox 323 491 409 524; x_wconf 92' lang='lat' dir='ltr'>inter</span> <span class='ocrx_word' id='word_1_38' title='bbox 427 498 553 524; x_wconf 87' lang='lat' dir='ltr'>sanctos</span> <span class='ocrx_word' id='word_1_39' title='bbox 573 491 781 525; x_wconf 82' lang='lat' dir='ltr'>Confessores</span> <span class='ocrx_word' id='word_1_40' title='bbox 800 499 864 521; x_wconf 93' lang='lat' dir='ltr'>nou</span> <span class='ocrx_word' id='word_1_41' title='bbox 884 488 963 521; x_wconf 83' lang='lat' dir='ltr'>Pou-</span> 
     </span>
     <span class='ocr_line' id='line_1_13' title="bbox 224 542 966 588; baseline -0.005 -10"><span class='ocrx_word' id='word_1_42' title='bbox 224 545 322 578; x_wconf 82' lang='lat' dir='ltr'>tifices</span> <span class='ocrx_word' id='word_1_43' title='bbox 349 545 402 588; x_wconf 73' lang='lat' dir='ltr'>pia</span> <span class='ocrx_word' id='word_1_44' title='bbox 426 544 601 578; x_wconf 86' lang='lat' dir='ltr'>devotione</span> <span class='ocrx_word' id='word_1_45' title='bbox 629 543 726 577; x_wconf 86' lang='lat' dir='ltr'>recoli</span> <span class='ocrx_word' id='word_1_46' title='bbox 754 542 887 582; x_wconf 83' lang='lat' dir='ltr'>debere;</span> <span class='ocrx_word' id='word_1_47' title='bbox 914 553 966 585; x_wconf 83' lang='lat' dir='ltr'>pa-</span> 
     </span>
     <span class='ocr_line' id='line_1_14' title="bbox 222 597 966 642; baseline -0.004 -12"><span class='ocrx_word' id='word_1_48' title='bbox 222 599 314 642; x_wconf 86' lang='lat' dir='ltr'>rique</span> <span class='ocrx_word' id='word_1_49' title='bbox 340 598 535 631; x_wconf 87' lang='lat' dir='ltr'>auctoritate</span> <span class='ocrx_word' id='word_1_50' title='bbox 562 597 712 630; x_wconf 87' lang='lat' dir='ltr'>omnibus</span> <span class='ocrx_word' id='word_1_51' title='bbox 731 597 901 638; x_wconf 79' lang='lat' dir='ltr'>utriusque</span> <span class='ocrx_word' id='word_1_52' title='bbox 919 606 966 627; x_wconf 87' lang='lat' dir='ltr'>se-</span> 
     </span>
     <span class='ocr_line' id='line_1_15' title="bbox 222 649 965 694; baseline -0.005 -9"><span class='ocrx_word' id='word_1_53' title='bbox 222 663 279 685; x_wconf 83' lang='lat' dir='ltr'>xus</span> <span class='ocrx_word' id='word_1_54' title='bbox 305 651 573 684; x_wconf 84' lang='lat' dir='ltr'>christifidelibus</span> <span class='ocrx_word' id='word_1_55' title='bbox 607 662 681 683; x_wconf 89' lang='lat' dir='ltr'>vere</span> <span class='ocrx_word' id='word_1_56' title='bbox 718 649 965 694; x_wconf 77' lang='lat' dir='ltr'>poenitentilms</span> 
     </span>
     <span class='ocr_line' id='line_1_16' title="bbox 223 702 966 748; baseline -0.007 -10"><span class='ocrx_word' id='word_1_57' title='bbox 223 711 254 738; x_wconf 87' lang='lat' dir='ltr'>et</span> <span class='ocrx_word' id='word_1_58' title='bbox 278 705 459 744; x_wconf 73' lang='lat' dir='ltr'><strong>confessis,</strong></span> <span class='ocrx_word' id='word_1_59' title='bbox 496 705 549 748; x_wconf 85' lang='lat' dir='ltr'>qui</span> <span class='ocrx_word' id='word_1_60' title='bbox 585 703 720 746; x_wconf 77' lang='lat' dir='ltr'>singulis</span> <span class='ocrx_word' id='word_1_61' title='bbox 757 702 849 735; x_wconf 89' lang='lat' dir='ltr'>annis</span> <span class='ocrx_word' id='word_1_62' title='bbox 882 702 966 734; x_wconf 76' lang='lat' dir='ltr'>dicta</span> 
     </span>
     <span class='ocr_line' id='line_1_17' title="bbox 224 756 966 801; baseline -0.005 -9"><span class='ocrx_word' id='word_1_63' title='bbox 224 759 275 792; x_wconf 90' lang='lat' dir='ltr'>dic</span> <span class='ocrx_word' id='word_1_64' title='bbox 299 769 370 792; x_wconf 81' lang='lat' dir='ltr'>xxiv</span> <span class='ocrx_word' id='word_1_65' title='bbox 395 758 470 791; x_wconf 87' lang='lat' dir='ltr'>maii</span> <span class='ocrx_word' id='word_1_66' title='bbox 496 758 535 791; x_wconf 85' lang='lat' dir='ltr'>ad</span> <span class='ocrx_word' id='word_1_67' title='bbox 561 757 773 801; x_wconf 78' lang='lat' dir='ltr'>sepulchrum</span> <span class='ocrx_word' id='word_1_68' title='bbox 791 783 798 796; x_wconf 92' lang='lat'>,</span> <span class='ocrx_word' id='word_1_69' title='bbox 837 756 870 788; x_wconf 93' lang='lat' dir='ltr'>in</span> <span class='ocrx_word' id='word_1_70' title='bbox 903 766 966 798; x_wconf 82' lang='lat' dir='ltr'>quo</span> 
     </span>
     <span class='ocr_line' id='line_1_18' title="bbox 225 809 967 855; baseline -0.007 -10"><span class='ocrx_word' id='word_1_71' title='bbox 225 812 292 845; x_wconf 89' lang='lat' dir='ltr'>eius</span> <span class='ocrx_word' id='word_1_72' title='bbox 318 822 436 855; x_wconf 83' lang='lat' dir='ltr'>corpus</span> <span class='ocrx_word' id='word_1_73' title='bbox 463 811 662 855; x_wconf 83' lang='lat' dir='ltr'>requiescit,</span> <span class='ocrx_word' id='word_1_74' title='bbox 689 809 882 843; x_wconf 72' lang='lat' dir='ltr'>visitandum</span> <span class='ocrx_word' id='word_1_75' title='bbox 917 819 967 841; x_wconf 87' lang='lat' dir='ltr'>ac-</span> 
     </span>
     <span class='ocr_line' id='line_1_19' title="bbox 225 863 967 908; baseline -0.004 -11"><span class='ocrx_word' id='word_1_76' title='bbox 225 865 393 905; x_wconf 77' lang='lat' dir='ltr'>cesserint,</span> <span class='ocrx_word' id='word_1_77' title='bbox 421 871 546 908; x_wconf 85' lang='lat' dir='ltr'>septem</span> <span class='ocrx_word' id='word_1_78' title='bbox 572 874 674 897; x_wconf 91' lang='lat' dir='ltr'>annos</span> <span class='ocrx_word' id='word_1_79' title='bbox 693 869 724 897; x_wconf 92' lang='lat' dir='ltr'>et</span> <span class='ocrx_word' id='word_1_80' title='bbox 741 863 875 896; x_wconf 88' lang='lat' dir='ltr'>totidem</span> <span class='ocrx_word' id='word_1_81' title='bbox 895 873 967 906; x_wconf 80' lang='lat' dir='ltr'>qua-</span> 
     </span>
     <span class='ocr_line' id='line_1_20' title="bbox 225 916 969 961; baseline -0.004 -10"><span class='ocrx_word' id='word_1_82' title='bbox 225 919 394 961; x_wconf 79' lang='lat' dir='ltr'>dragenas,</span> <span class='ocrx_word' id='word_1_83' title='bbox 413 918 452 951; x_wconf 88' lang='lat' dir='ltr'>de</span> <span class='ocrx_word' id='word_1_84' title='bbox 471 918 625 951; x_wconf 82' lang='lat' dir='ltr'>iniunctis</span> <span class='ocrx_word' id='word_1_85' title='bbox 650 917 695 950; x_wconf 89' lang='lat' dir='ltr'>eis</span> <span class='ocrx_word' id='word_1_86' title='bbox 721 921 776 950; x_wconf 88' lang='lat' dir='ltr'>aut</span> <span class='ocrx_word' id='word_1_87' title='bbox 793 916 871 949; x_wconf 74' lang='lat' dir='ltr'>alias</span> <span class='ocrx_word' id='word_1_88' title='bbox 890 926 969 959; x_wconf 85' lang='lat' dir='ltr'>quo-</span> 
     </span>
     <span class='ocr_line' id='line_1_21' title="bbox 226 968 969 1014; baseline -0.004 -10"><span class='ocrx_word' id='word_1_89' title='bbox 226 971 407 1004; x_wconf 86' lang='lat' dir='ltr'>modolibet</span> <span class='ocrx_word' id='word_1_90' title='bbox 431 971 549 1005; x_wconf 89' lang='lat' dir='ltr'>debitis</span> <span class='ocrx_word' id='word_1_91' title='bbox 586 970 819 1014; x_wconf 70' lang='lat' dir='ltr'>poenitentiis,</span> <span class='ocrx_word' id='word_1_92' title='bbox 845 968 969 1002; x_wconf 79' lang='lat' dir='ltr'>miseri-</span> 
     </span>
     <span class='ocr_line' id='line_1_22' title="bbox 226 1022 970 1062; baseline -0.004 -6"><span class='ocrx_word' id='word_1_93' title='bbox 226 1024 368 1057; x_wconf 76' lang='lat' dir='ltr'>corditer</span> <span class='ocrx_word' id='word_1_94' title='bbox 408 1024 438 1056; x_wconf 93' lang='lat' dir='ltr'>in</span> <span class='ocrx_word' id='word_1_95' title='bbox 476 1024 614 1056; x_wconf 89' lang='lat' dir='ltr'>Domino</span> <span class='ocrx_word' id='word_1_96' title='bbox 656 1022 870 1056; x_wconf 75' lang='lat' dir='ltr'>relaxavimus</span> <span class='ocrx_word' id='word_1_97' title='bbox 890 1049 896 1062; x_wconf 90' lang='lat'>,</span> <span class='ocrx_word' id='word_1_98' title='bbox 938 1026 970 1054; x_wconf 88' lang='lat' dir='ltr'>et</span> 
     </span>
     <span class='ocr_line' id='line_1_23' title="bbox 226 1077 967 1111; baseline -0.004 -1"><span class='ocrx_word' id='word_1_99' title='bbox 226 1079 406 1111; x_wconf 79' lang='lat' dir='ltr'>relaxamus</span> <span class='ocrx_word' id='word_1_100' title='bbox 432 1077 463 1110; x_wconf 91' lang='lat' dir='ltr'>in</span> <span class='ocrx_word' id='word_1_101' title='bbox 491 1078 591 1110; x_wconf 75' lang='lat' dir='ltr'>forma</span> <span class='ocrx_word' id='word_1_102' title='bbox 616 1077 779 1110; x_wconf 80' lang='lat' dir='ltr'>Ecclesiae</span> <span class='ocrx_word' id='word_1_103' title='bbox 801 1077 967 1109; x_wconf 76' lang='lat' dir='ltr'>consueta.</span> 
     </span>
    </p>

    <p class='ocr_par' dir='ltr' id='par_1_6' title="bbox 226 1130 977 2395">
     <span class='ocr_line' id='line_1_24' title="bbox 270 1130 971 1175; baseline -0.006 -11"><span class='ocrx_word' id='word_1_104' title='bbox 270 1132 285 1175; x_wconf 65' lang='grc' dir='ltr'>ἓ</span> <span class='ocrx_word' id='word_1_105' title='bbox 311 1131 363 1164; x_wconf 71' lang='grc'>54.</span> <span class='ocrx_word' id='word_1_106' title='bbox 392 1131 447 1164; x_wconf 85' lang='lat' dir='ltr'>llis</span> <span class='ocrx_word' id='word_1_107' title='bbox 474 1131 625 1174; x_wconf 78' lang='lat' dir='ltr'>peractis,</span> <span class='ocrx_word' id='word_1_108' title='bbox 647 1130 745 1163; x_wconf 89' lang='lat' dir='ltr'>Deum</span> <span class='ocrx_word' id='word_1_109' title='bbox 772 1130 898 1162; x_wconf 83' lang='lat' dir='ltr'>Patrem</span> <span class='ocrx_word' id='word_1_110' title='bbox 920 1140 971 1161; x_wconf 88' lang='lat' dir='ltr'>ae-</span> 
     </span>
     <span class='ocr_line' id='line_1_25' title="bbox 228 1183 971 1228; baseline -0.001 -11"><span class='ocrx_word' id='word_1_111' title='bbox 228 1190 370 1225; x_wconf 89' lang='lat' dir='ltr'>ternnm,</span> <span class='ocrx_word' id='word_1_112' title='bbox 391 1195 568 1228; x_wconf 80' lang='lat' dir='ltr'>regemque</span> <span class='ocrx_word' id='word_1_113' title='bbox 595 1184 718 1226; x_wconf 81' lang='lat' dir='ltr'>gloriae</span> <span class='ocrx_word' id='word_1_114' title='bbox 737 1183 897 1216; x_wconf 86' lang='lat' dir='ltr'>Christum</span> <span class='ocrx_word' id='word_1_115' title='bbox 918 1183 971 1216; x_wconf 87' lang='lat' dir='ltr'>do-</span> 
     </span>
     <span class='ocr_line' id='line_1_26' title="bbox 227 1237 969 1281; baseline -0.003 -10"><span class='ocrx_word' id='word_1_116' title='bbox 227 1239 347 1272; x_wconf 87' lang='lat' dir='ltr'>minnm</span> <span class='ocrx_word' id='word_1_117' title='bbox 364 1238 468 1272; x_wconf 85' lang='lat' dir='ltr'>Patris</span> <span class='ocrx_word' id='word_1_118' title='bbox 489 1238 680 1281; x_wconf 76' lang='lat' dir='ltr'>sempiterni</span> <span class='ocrx_word' id='word_1_119' title='bbox 704 1238 832 1278; x_wconf 87' lang='lat' dir='ltr'>Filium,</span> <span class='ocrx_word' id='word_1_120' title='bbox 849 1243 879 1269; x_wconf 91' lang='lat' dir='ltr'>et</span> <span class='ocrx_word' id='word_1_121' title='bbox 896 1237 969 1269; x_wconf 84' lang='lat' dir='ltr'>San-</span> 
     </span>
     <span class='ocr_line' id='line_1_27' title="bbox 227 1290 968 1335; baseline -0.004 -10"><span class='ocrx_word' id='word_1_122' title='bbox 227 1297 311 1325; x_wconf 87' lang='lat' dir='ltr'>ctum</span> <span class='ocrx_word' id='word_1_123' title='bbox 332 1292 526 1325; x_wconf 73' lang='lat' dir='ltr'>paraclitum</span> <span class='ocrx_word' id='word_1_124' title='bbox 551 1291 719 1335; x_wconf 85' lang='lat' dir='ltr'>Spiritum,</span> <span class='ocrx_word' id='word_1_125' title='bbox 746 1301 845 1324; x_wconf 90' lang='lat' dir='ltr'>unum</span> <span class='ocrx_word' id='word_1_126' title='bbox 870 1290 968 1324; x_wconf 88' lang='lat' dir='ltr'>Deum</span> 
     </span>
     <span class='ocr_line' id='line_1_28' title="bbox 227 1344 971 1389; baseline -0.003 -11"><span class='ocrx_word' id='word_1_127' title='bbox 227 1356 391 1389; x_wconf 88' lang='lat' dir='ltr'>unumque</span> <span class='ocrx_word' id='word_1_128' title='bbox 409 1345 592 1385; x_wconf 86' lang='lat' dir='ltr'>Dominum,</span> <span class='ocrx_word' id='word_1_129' title='bbox 611 1345 761 1378; x_wconf 79' lang='lat' dir='ltr'>laudibus</span> <span class='ocrx_word' id='word_1_130' title='bbox 788 1349 819 1377; x_wconf 83' lang='lat' dir='ltr'>et</span> <span class='ocrx_word' id='word_1_131' title='bbox 844 1344 971 1377; x_wconf 87' lang='lat' dir='ltr'>coufes-</span> 
     </span>
     <span class='ocr_line' id='line_1_29' title="bbox 227 1397 971 1442; baseline -0.004 -10"><span class='ocrx_word' id='word_1_132' title='bbox 227 1398 373 1432; x_wconf 89' lang='lat' dir='ltr'>sionibus</span> <span class='ocrx_word' id='word_1_133' title='bbox 397 1398 562 1439; x_wconf 84' lang='lat' dir='ltr'>venerati,</span> <span class='ocrx_word' id='word_1_134' title='bbox 589 1409 745 1441; x_wconf 88' lang='lat' dir='ltr'>sacroque</span> <span class='ocrx_word' id='word_1_135' title='bbox 774 1398 893 1442; x_wconf 70' lang='lat' dir='ltr'>hymno</span> <span class='ocrx_word' id='word_1_136' title='bbox 930 1397 971 1431; x_wconf 83' lang='lat' dir='ltr'>Te</span> 
     </span>
     <span class='ocr_line' id='line_1_30' title="bbox 226 1451 969 1495; baseline -0.001 -10"><span class='ocrx_word' id='word_1_137' title='bbox 226 1452 330 1485; x_wconf 81' lang='lat' dir='ltr'>Deum</span> <span class='ocrx_word' id='word_1_138' title='bbox 351 1452 538 1485; x_wconf 89' lang='lat' dir='ltr'>solemniter</span> <span class='ocrx_word' id='word_1_139' title='bbox 556 1452 738 1492; x_wconf 80' lang='lat' dir='ltr'>decantato,</span> <span class='ocrx_word' id='word_1_140' title='bbox 754 1451 969 1495; x_wconf 83' lang='lat' dir='ltr'>omnibusque</span> 
     </span>
     <span class='ocr_line' id='line_1_31' title="bbox 227 1504 970 1549; baseline 0 -11"><span class='ocrx_word' id='word_1_141' title='bbox 227 1504 497 1538; x_wconf 84' lang='lat' dir='ltr'>christifidelibus</span> <span class='ocrx_word' id='word_1_142' title='bbox 530 1511 607 1538; x_wconf 90' lang='lat' dir='ltr'>tunc</span> <span class='ocrx_word' id='word_1_143' title='bbox 642 1504 869 1549; x_wconf 84' lang='lat' dir='ltr'>praesentibus</span> <span class='ocrx_word' id='word_1_144' title='bbox 901 1505 970 1548; x_wconf 84' lang='lat' dir='ltr'>ple-</span> 
     </span>
     <span class='ocr_line' id='line_1_32' title="bbox 227 1559 971 1603; baseline -0.001 -11"><span class='ocrx_word' id='word_1_145' title='bbox 227 1560 317 1592; x_wconf 77' lang='lat' dir='ltr'>naria</span> <span class='ocrx_word' id='word_1_146' title='bbox 343 1559 489 1593; x_wconf 90' lang='lat' dir='ltr'>omnium</span> <span class='ocrx_word' id='word_1_147' title='bbox 513 1565 724 1603; x_wconf 84' lang='lat' dir='ltr'>peccatorum</span> <span class='ocrx_word' id='word_1_148' title='bbox 757 1570 890 1592; x_wconf 90' lang='lat' dir='ltr'>suorum</span> <span class='ocrx_word' id='word_1_149' title='bbox 925 1560 971 1591; x_wconf 90' lang='lat' dir='ltr'>in-</span> 
     </span>
     <span class='ocr_line' id='line_1_33' title="bbox 229 1613 971 1657; baseline 0 -11"><span class='ocrx_word' id='word_1_150' title='bbox 229 1613 396 1656; x_wconf 75' lang='lat' dir='ltr'>dulgentia</span> <span class='ocrx_word' id='word_1_151' title='bbox 406 1618 435 1646; x_wconf 87' lang='lat' dir='ltr'>et</span> <span class='ocrx_word' id='word_1_152' title='bbox 452 1613 644 1646; x_wconf 79' lang='lat' dir='ltr'>remissione</span> <span class='ocrx_word' id='word_1_153' title='bbox 660 1615 824 1653; x_wconf 72' lang='lat' dir='ltr'>concessa,</span> <span class='ocrx_word' id='word_1_154' title='bbox 836 1618 971 1657; x_wconf 85' lang='lat' dir='ltr'>propter</span> 
     </span>
     <span class='ocr_line' id='line_1_34' title="bbox 229 1666 972 1710; baseline -0.001 -11"><span class='ocrx_word' id='word_1_155' title='bbox 229 1667 418 1710; x_wconf 85' lang='lat' dir='ltr'>corporales</span> <span class='ocrx_word' id='word_1_156' title='bbox 434 1671 561 1699; x_wconf 84' lang='lat' dir='ltr'>nostras</span> <span class='ocrx_word' id='word_1_157' title='bbox 579 1666 793 1707; x_wconf 79' lang='lat' dir='ltr'>infirmitates,</span> <span class='ocrx_word' id='word_1_158' title='bbox 807 1666 972 1699; x_wconf 85' lang='lat' dir='ltr'>affectam-</span> 
     </span>
     <span class='ocr_line' id='line_1_35' title="bbox 229 1719 969 1763; baseline 0 -12"><span class='ocrx_word' id='word_1_159' title='bbox 229 1729 290 1763; x_wconf 88' lang='lat' dir='ltr'>que</span> <span class='ocrx_word' id='word_1_160' title='bbox 315 1719 551 1760; x_wconf 80' lang='lat' dir='ltr'>valetudinem,</span> <span class='ocrx_word' id='word_1_161' title='bbox 577 1719 779 1763; x_wconf 81' lang='lat' dir='ltr'>senilemque</span> <span class='ocrx_word' id='word_1_162' title='bbox 812 1724 969 1763; x_wconf 74' lang='lat' dir='ltr'>aetatem,</span> 
     </span>
     <span class='ocr_line' id='line_1_36' title="bbox 230 1773 973 1806; baseline 0 -1"><span class='ocrx_word' id='word_1_163' title='bbox 230 1773 270 1806; x_wconf 88' lang='lat' dir='ltr'>ab</span> <span class='ocrx_word' id='word_1_164' title='bbox 296 1773 407 1806; x_wconf 73' lang='lat' dir='ltr'>eadem</span> <span class='ocrx_word' id='word_1_165' title='bbox 433 1773 641 1806; x_wconf 83' lang='lat' dir='ltr'>Lateranensi</span> <span class='ocrx_word' id='word_1_166' title='bbox 669 1773 805 1806; x_wconf 74' lang='lat' dir='ltr'>ecclesia</span> <span class='ocrx_word' id='word_1_167' title='bbox 831 1773 973 1806; x_wconf 89' lang='lat' dir='ltr'>recessi—</span> 
     </span>
     <span class='ocr_line' id='line_1_37' title="bbox 230 1826 973 1868; baseline 0 -9"><span class='ocrx_word' id='word_1_168' title='bbox 230 1837 311 1868; x_wconf 88' lang='lat' dir='ltr'>mus,</span> <span class='ocrx_word' id='word_1_169' title='bbox 336 1827 582 1860; x_wconf 83' lang='lat' dir='ltr'>remanentibus</span> <span class='ocrx_word' id='word_1_170' title='bbox 608 1826 639 1859; x_wconf 89' lang='lat' dir='ltr'>in</span> <span class='ocrx_word' id='word_1_171' title='bbox 668 1828 703 1859; x_wconf 74' lang='lat' dir='ltr'>eat</span> <span class='ocrx_word' id='word_1_172' title='bbox 730 1827 973 1860; x_wconf 88' lang='lat' dir='ltr'>venerabilibus</span> 
     </span>
     <span class='ocr_line' id='line_1_38' title="bbox 232 1880 973 1920; baseline 0 -8"><span class='ocrx_word' id='word_1_173' title='bbox 232 1880 387 1913; x_wconf 87' lang='lat' dir='ltr'>fratribus</span> <span class='ocrx_word' id='word_1_174' title='bbox 410 1880 529 1913; x_wconf 86' lang='lat' dir='ltr'>nostris</span> <span class='ocrx_word' id='word_1_175' title='bbox 554 1880 586 1913; x_wconf 87' lang='lat' dir='ltr'>S.</span> <span class='ocrx_word' id='word_1_176' title='bbox 615 1880 651 1912; x_wconf 86' lang='lat' dir='ltr'>R.</span> <span class='ocrx_word' id='word_1_177' title='bbox 678 1880 713 1912; x_wconf 92' lang='lat' dir='ltr'>E.</span> <span class='ocrx_word' id='word_1_178' title='bbox 741 1880 973 1920; x_wconf 84' lang='lat' dir='ltr'>cardinalibus,</span> 
     </span>
     <span class='ocr_line' id='line_1_39' title="bbox 231 1933 974 1977; baseline -0.001 -11"><span class='ocrx_word' id='word_1_179' title='bbox 231 1933 488 1977; x_wconf 83' lang='lat' dir='ltr'>archiepiscopis</span> <span class='ocrx_word' id='word_1_180' title='bbox 515 1938 546 1966; x_wconf 89' lang='lat' dir='ltr'>et</span> <span class='ocrx_word' id='word_1_181' title='bbox 571 1933 732 1977; x_wconf 85' lang='lat' dir='ltr'>episcopis</span> <span class='ocrx_word' id='word_1_182' title='bbox 760 1939 790 1966; x_wconf 89' lang='lat' dir='ltr'>et</span> <span class='ocrx_word' id='word_1_183' title='bbox 822 1934 974 1966; x_wconf 86' lang='lat' dir='ltr'>universo</span> 
     </span>
     <span class='ocr_line' id='line_1_40' title="bbox 232 1986 973 2030; baseline -0.001 -10"><span class='ocrx_word' id='word_1_184' title='bbox 232 1987 318 2020; x_wconf 87' lang='lat' dir='ltr'>clero</span> <span class='ocrx_word' id='word_1_185' title='bbox 344 1991 376 2019; x_wconf 82' lang='lat' dir='ltr'>et</span> <span class='ocrx_word' id='word_1_186' title='bbox 406 1987 552 2030; x_wconf 84' lang='lat' dir='ltr'>populo;</span> <span class='ocrx_word' id='word_1_187' title='bbox 581 1987 698 2030; x_wconf 85' lang='lat' dir='ltr'>quibus</span> <span class='ocrx_word' id='word_1_188' title='bbox 728 1986 973 2030; x_wconf 86' lang='lat' dir='ltr'>praesentibus,</span> 
     </span>
     <span class='ocr_line' id='line_1_41' title="bbox 232 2040 972 2074; baseline 0 0"><span class='ocrx_word' id='word_1_189' title='bbox 232 2052 248 2074; x_wconf 91' lang='lat' dir='ltr'>a</span> <span class='ocrx_word' id='word_1_190' title='bbox 266 2041 443 2074; x_wconf 84' lang='lat' dir='ltr'>venerabili</span> <span class='ocrx_word' id='word_1_191' title='bbox 464 2041 561 2074; x_wconf 86' lang='lat' dir='ltr'>fratre</span> <span class='ocrx_word' id='word_1_192' title='bbox 578 2047 689 2074; x_wconf 88' lang='lat' dir='ltr'>nostro</span> <span class='ocrx_word' id='word_1_193' title='bbox 706 2041 832 2074; x_wconf 86' lang='lat' dir='ltr'>Thoma</span> <span class='ocrx_word' id='word_1_194' title='bbox 843 2040 873 2074; x_wconf 85' lang='lat' dir='ltr'>S.</span> <span class='ocrx_word' id='word_1_195' title='bbox 888 2041 924 2074; x_wconf 82' lang='lat' dir='ltr'>R.</span> <span class='ocrx_word' id='word_1_196' title='bbox 937 2041 972 2074; x_wconf 90' lang='lat' dir='ltr'>E.</span> 
     </span>
     <span class='ocr_line' id='line_1_42' title="bbox 233 2093 975 2138; baseline 0 -11"><span class='ocrx_word' id='word_1_197' title='bbox 233 2094 389 2128; x_wconf 80' lang='lat' dir='ltr'>cardinali</span> <span class='ocrx_word' id='word_1_198' title='bbox 433 2094 588 2138; x_wconf 90' lang='lat' dir='ltr'>episcopo</span> <span class='ocrx_word' id='word_1_199' title='bbox 631 2094 842 2127; x_wconf 83' lang='lat' dir='ltr'>Praenestino</span> <span class='ocrx_word' id='word_1_200' title='bbox 885 2093 975 2127; x_wconf 71' lang='lat' dir='ltr'>[tuffo</span> 
     </span>
     <span class='ocr_line' id='line_1_43' title="bbox 233 2147 976 2191; baseline 0.001 -11"><span class='ocrx_word' id='word_1_201' title='bbox 233 2153 432 2191; x_wconf 89' lang='lat' dir='ltr'>nuncupato,</span> <span class='ocrx_word' id='word_1_202' title='bbox 459 2152 620 2191; x_wconf 81' lang='lat' dir='ltr'>tamquam</span> <span class='ocrx_word' id='word_1_203' title='bbox 639 2147 798 2180; x_wconf 84' lang='lat' dir='ltr'>cardinali</span> <span class='ocrx_word' id='word_1_204' title='bbox 816 2147 846 2180; x_wconf 90' lang='lat' dir='ltr'>in</span> <span class='ocrx_word' id='word_1_205' title='bbox 862 2147 976 2181; x_wconf 89' lang='lat' dir='ltr'>ordine</span> 
     </span>
     <span class='ocr_line' id='line_1_44' title="bbox 234 2201 977 2245; baseline 0 -11"><span class='ocrx_word' id='word_1_206' title='bbox 234 2201 423 2245; x_wconf 84' lang='lat' dir='ltr'>antiquiori,</span> <span class='ocrx_word' id='word_1_207' title='bbox 441 2201 473 2234; x_wconf 92' lang='lat' dir='ltr'>in</span> <span class='ocrx_word' id='word_1_208' title='bbox 490 2203 545 2234; x_wconf 75' lang='lat' dir='ltr'>ara</span> <span class='ocrx_word' id='word_1_209' title='bbox 562 2201 697 2234; x_wconf 74' lang='lat' dir='ltr'>maxima</span> <span class='ocrx_word' id='word_1_210' title='bbox 714 2202 878 2245; x_wconf 80' lang='lat' dir='ltr'>praefatae</span> <span class='ocrx_word' id='word_1_211' title='bbox 895 2201 977 2234; x_wconf 87' lang='lat' dir='ltr'>basi-</span> 
     </span>
     <span class='ocr_line' id='line_1_45' title="bbox 234 2254 976 2295; baseline 0.004 -8"><span class='ocrx_word' id='word_1_212' title='bbox 234 2254 328 2295; x_wconf 85' lang='lat' dir='ltr'>licae,</span> <span class='ocrx_word' id='word_1_213' title='bbox 343 2265 379 2287; x_wconf 75' lang='lat' dir='ltr'>ex</span> <span class='ocrx_word' id='word_1_214' title='bbox 395 2254 521 2288; x_wconf 85' lang='lat' dir='ltr'>indulto</span> <span class='ocrx_word' id='word_1_215' title='bbox 537 2255 624 2288; x_wconf 87' lang='lat' dir='ltr'>etde</span> <span class='ocrx_word' id='word_1_216' title='bbox 643 2255 771 2289; x_wconf 71' lang='lat' dir='ltr'>licentia</span> <span class='ocrx_word' id='word_1_217' title='bbox 791 2257 912 2295; x_wconf 80' lang='lat' dir='ltr'>nostra,</span> <span class='ocrx_word' id='word_1_218' title='bbox 930 2267 976 2290; x_wconf 91' lang='lat' dir='ltr'>so·</span> 
     </span>
     <span class='ocr_line' id='line_1_46' title="bbox 235 2307 977 2342; baseline 0.003 -2"><span class='ocrx_word' id='word_1_219' title='bbox 235 2307 386 2341; x_wconf 88' lang='lat' dir='ltr'>lemniter</span> <span class='ocrx_word' id='word_1_220' title='bbox 406 2307 502 2340; x_wconf 86' lang='lat' dir='ltr'>missa</span> <span class='ocrx_word' id='word_1_221' title='bbox 520 2318 591 2341; x_wconf 91' lang='lat' dir='ltr'>cnm</span> <span class='ocrx_word' id='word_1_222' title='bbox 609 2307 716 2341; x_wconf 83' lang='lat' dir='ltr'>Sancti</span> <span class='ocrx_word' id='word_1_223' title='bbox 736 2308 881 2341; x_wconf 89' lang='lat' dir='ltr'>eiusdem</span> <span class='ocrx_word' id='word_1_224' title='bbox 899 2308 977 2342; x_wconf 90' lang='lat' dir='ltr'>Con-</span> 
     </span>
     <span class='ocr_line' id='line_1_47' title="bbox 236 2361 975 2395; baseline 0.003 -2"><span class='ocrx_word' id='word_1_225' title='bbox 236 2361 368 2394; x_wconf 86' lang='lat' dir='ltr'>fessoris</span> <span class='ocrx_word' id='word_1_226' title='bbox 396 2361 703 2395; x_wconf 87' lang='lat' dir='ltr'>commemoratione</span> <span class='ocrx_word' id='word_1_227' title='bbox 729 2362 890 2395; x_wconf 82' lang='lat' dir='ltr'>celebrata</span> <span class='ocrx_word' id='word_1_228' title='bbox 916 2368 975 2395; x_wconf 89' lang='lat' dir='ltr'>est.</span> 
     </span>
    </p>

    <p class='ocr_par' dir='ltr' id='par_1_7' title="bbox 236 2414 980 2618">
     <span class='ocr_line' id='line_1_48' title="bbox 280 2414 977 2457; baseline 0 -10"><span class='ocrx_word' id='word_1_229' title='bbox 280 2415 294 2457; x_wconf 67' lang='grc' dir='ltr'><strong>ἓ</strong></span> <span class='ocrx_word' id='word_1_230' title='bbox 320 2414 373 2447; x_wconf 75' lang='lat'>55.</span> <span class='ocrx_word' id='word_1_231' title='bbox 400 2414 559 2448; x_wconf 83' lang='lat' dir='ltr'>Convenit</span> <span class='ocrx_word' id='word_1_232' title='bbox 584 2420 691 2448; x_wconf 86' lang='lat' dir='ltr'>autem</span> <span class='ocrx_word' id='word_1_233' title='bbox 718 2420 752 2447; x_wconf 87' lang='lat' dir='ltr'>ut</span> <span class='ocrx_word' id='word_1_234' title='bbox 770 2415 869 2448; x_wconf 90' lang='lat' dir='ltr'>Deum</span> <span class='ocrx_word' id='word_1_235' title='bbox 897 2416 977 2449; x_wconf 87' lang='lat' dir='ltr'>caeli</span> 
     </span>
     <span class='ocr_line' id='line_1_49' title="bbox 236 2468 979 2508; baseline 0.001 -8"><span class='ocrx_word' id='word_1_236' title='bbox 236 2468 479 2508; x_wconf 82' lang='lat' dir='ltr'>benedicamus,</span> <span class='ocrx_word' id='word_1_237' title='bbox 508 2473 539 2501; x_wconf 89' lang='lat' dir='ltr'>et</span> <span class='ocrx_word' id='word_1_238' title='bbox 564 2479 671 2501; x_wconf 83' lang='lat' dir='ltr'>coram</span> <span class='ocrx_word' id='word_1_239' title='bbox 696 2468 848 2501; x_wconf 88' lang='lat' dir='ltr'>omnibus</span> <span class='ocrx_word' id='word_1_240' title='bbox 873 2469 979 2502; x_wconf 88' lang='lat' dir='ltr'>viven-</span> 
     </span>
     <span class='ocr_line' id='line_1_50' title="bbox 237 2520 979 2564; baseline 0 -9"><span class='ocrx_word' id='word_1_241' title='bbox 237 2522 322 2555; x_wconf 84' lang='lat' dir='ltr'>tibus</span> <span class='ocrx_word' id='word_1_242' title='bbox 349 2520 562 2555; x_wconf 83' lang='lat' dir='ltr'>conssteamur</span> <span class='ocrx_word' id='word_1_243' title='bbox 587 2522 632 2561; x_wconf 88' lang='lat' dir='ltr'>ei,</span> <span class='ocrx_word' id='word_1_244' title='bbox 658 2522 733 2564; x_wconf 87' lang='lat' dir='ltr'>quia</span> <span class='ocrx_word' id='word_1_245' title='bbox 767 2522 843 2555; x_wconf 88' lang='lat' dir='ltr'>feeit</span> <span class='ocrx_word' id='word_1_246' title='bbox 872 2523 979 2556; x_wconf 89' lang='lat' dir='ltr'>nobis-</span> 
     </span>
     <span class='ocr_line' id='line_1_51' title="bbox 237 2575 980 2618; baseline 0.001 -10"><span class='ocrx_word' id='word_1_247' title='bbox 237 2585 310 2608; x_wconf 86' lang='lat' dir='ltr'>cnm</span> <span class='ocrx_word' id='word_1_248' title='bbox 336 2575 594 2608; x_wconf 87' lang='lat' dir='ltr'>misericordiam</span> <span class='ocrx_word' id='word_1_249' title='bbox 619 2584 730 2613; x_wconf 86' lang='lat' dir='ltr'>suam,</span> <span class='ocrx_word' id='word_1_250' title='bbox 755 2585 980 2618; x_wconf 86' lang='lat' dir='ltr'>agnoscamus-</span> 
     </span>
    </p>
   </div>
   <div class='ocr_carea' id='block_1_6' title="bbox 984 275 992 1053">
    <p class='ocr_par' dir='ltr' id='par_1_8' title="bbox 984 275 992 1053">
     <span class='ocr_line' id='line_1_52' title="bbox 984 275 992 1053; baseline 0 0"><span class='ocrx_word' id='word_1_251' title='bbox 984 275 992 1053; x_wconf 95' lang='lat' dir='ltr'> </span> 
     </span>
    </p>
   </div>
   <div class='ocr_carea' id='block_1_7' title="bbox 1007 275 1752 585">
    <p class='ocr_par' dir='ltr' id='par_1_9' title="bbox 1007 275 1752 532">
     <span class='ocr_line' id='line_1_53' title="bbox 1009 275 1750 316; baseline -0.001 -8"><span class='ocrx_word' id='word_1_252' title='bbox 1009 276 1127 309; x_wconf 84' lang='lat' dir='ltr'>factnm</span> <span class='ocrx_word' id='word_1_253' title='bbox 1154 286 1237 316; x_wconf 86' lang='lat' dir='ltr'>esse,</span> <span class='ocrx_word' id='word_1_254' title='bbox 1264 280 1297 308; x_wconf 87' lang='lat' dir='ltr'>nt</span> <span class='ocrx_word' id='word_1_255' title='bbox 1322 276 1411 309; x_wconf 89' lang='lat' dir='ltr'>hisce</span> <span class='ocrx_word' id='word_1_256' title='bbox 1437 275 1562 308; x_wconf 79' lang='lat' dir='ltr'>afflictis</span> <span class='ocrx_word' id='word_1_257' title='bbox 1588 275 1750 308; x_wconf 82' lang='lat' dir='ltr'>Romanae</span> 
     </span>
     <span class='ocr_line' id='line_1_54' title="bbox 1007 327 1750 372; baseline -0.004 -11"><span class='ocrx_word' id='word_1_258' title='bbox 1007 329 1172 361; x_wconf 77' lang='lat' dir='ltr'>Ecclesiae</span> <span class='ocrx_word' id='word_1_259' title='bbox 1200 328 1399 372; x_wconf 83' lang='lat' dir='ltr'>temporibus</span> <span class='ocrx_word' id='word_1_260' title='bbox 1419 355 1426 368; x_wconf 91' lang='lat'>,</span> <span class='ocrx_word' id='word_1_261' title='bbox 1463 328 1582 372; x_wconf 86' lang='lat' dir='ltr'>quibus</span> <span class='ocrx_word' id='word_1_262' title='bbox 1614 327 1750 359; x_wconf 73' lang='lat' dir='ltr'>maxime</span> 
     </span>
     <span class='ocr_line' id='line_1_55' title="bbox 1009 381 1751 425; baseline -0.001 -12"><span class='ocrx_word' id='word_1_263' title='bbox 1009 381 1182 425; x_wconf 83' lang='lat' dir='ltr'>multiplici</span> <span class='ocrx_word' id='word_1_264' title='bbox 1213 381 1404 414; x_wconf 83' lang='lat' dir='ltr'>Sanctorum</span> <span class='ocrx_word' id='word_1_265' title='bbox 1439 381 1592 424; x_wconf 67' lang='lat' dir='ltr'>suffragio</span> <span class='ocrx_word' id='word_1_266' title='bbox 1627 381 1751 423; x_wconf 77' lang='lat' dir='ltr'>indige-</span> 
     </span>
     <span class='ocr_line' id='line_1_56' title="bbox 1008 435 1752 478; baseline -0.003 -11"><span class='ocrx_word' id='word_1_267' title='bbox 1008 446 1101 475; x_wconf 88' lang='lat' dir='ltr'>mus,</span> <span class='ocrx_word' id='word_1_268' title='bbox 1130 446 1231 468; x_wconf 87' lang='lat' dir='ltr'>novus</span> <span class='ocrx_word' id='word_1_269' title='bbox 1259 436 1311 468; x_wconf 88' lang='lat' dir='ltr'>hic</span> <span class='ocrx_word' id='word_1_270' title='bbox 1337 435 1533 478; x_wconf 76' lang='lat' dir='ltr'>suffragator</span> <span class='ocrx_word' id='word_1_271' title='bbox 1550 439 1752 478; x_wconf 76' lang='lat' dir='ltr'>etpatronns</span> 
     </span>
     <span class='ocr_line' id='line_1_57' title="bbox 1010 489 1484 532; baseline -0.002 -11"><span class='ocrx_word' id='word_1_272' title='bbox 1010 489 1097 522; x_wconf 81' lang='lat' dir='ltr'>fideli</span> <span class='ocrx_word' id='word_1_273' title='bbox 1123 489 1246 532; x_wconf 70' lang='lat' dir='ltr'>popubo</span> <span class='ocrx_word' id='word_1_274' title='bbox 1274 489 1484 522; x_wconf 78' lang='lat' dir='ltr'>tribueretur.</span> 
     </span>
    </p>

    <p class='ocr_par' dir='ltr' id='par_1_10' title="bbox 1054 541 1751 585">
     <span class='ocr_line' id='line_1_58' title="bbox 1054 541 1751 585; baseline -0.001 -11"><span class='ocrx_word' id='word_1_275' title='bbox 1054 543 1068 585; x_wconf 62' lang='grc' dir='ltr'><strong>ξ</strong></span> <span class='ocrx_word' id='word_1_276' title='bbox 1097 542 1150 574; x_wconf 77' lang='grc'>56.</span> <span class='ocrx_word' id='word_1_277' title='bbox 1184 542 1399 580; x_wconf 85' lang='lat' dir='ltr'>Quamobrem</span> <span class='ocrx_word' id='word_1_278' title='bbox 1437 542 1584 575; x_wconf 87' lang='lat' dir='ltr'>eumdem</span> <span class='ocrx_word' id='word_1_279' title='bbox 1623 541 1751 573; x_wconf 80' lang='lat' dir='ltr'>Patrem</span> 
     </span>
    </p>
   </div>
   <div class='ocr_carea' id='block_1_8' title="bbox 1010 648 1761 1543">
    <p class='ocr_par' dir='ltr' id='par_1_11' title="bbox 1010 648 1756 1015">
     <span class='ocr_line' id='line_1_59' title="bbox 1010 648 1753 692; baseline 0.001 -12"><span class='ocrx_word' id='word_1_280' title='bbox 1010 649 1176 682; x_wconf 89' lang='lat' dir='ltr'>humiliter</span> <span class='ocrx_word' id='word_1_281' title='bbox 1202 650 1429 692; x_wconf 81' lang='lat' dir='ltr'>deprecemur,</span> <span class='ocrx_word' id='word_1_282' title='bbox 1447 655 1494 688; x_wconf 85' lang='lat' dir='ltr'>nt,</span> <span class='ocrx_word' id='word_1_283' title='bbox 1514 659 1571 692; x_wconf 85' lang='lat' dir='ltr'>per</span> <span class='ocrx_word' id='word_1_284' title='bbox 1596 648 1753 681; x_wconf 79' lang='lat' dir='ltr'>interces-</span> 
     </span>
     <span class='ocr_line' id='line_1_60' title="bbox 1011 701 1752 741; baseline 0 -7"><span class='ocrx_word' id='word_1_285' title='bbox 1011 702 1135 735; x_wconf 86' lang='lat' dir='ltr'>sionem</span> <span class='ocrx_word' id='word_1_286' title='bbox 1173 702 1203 734; x_wconf 82' lang='lat' dir='ltr'>S.</span> <span class='ocrx_word' id='word_1_287' title='bbox 1232 702 1357 735; x_wconf 87' lang='lat' dir='ltr'>loannis</span> <span class='ocrx_word' id='word_1_288' title='bbox 1383 702 1562 741; x_wconf 81' lang='lat' dir='ltr'>Francisci,</span> <span class='ocrx_word' id='word_1_289' title='bbox 1588 701 1752 734; x_wconf 80' lang='lat' dir='ltr'>Ecclesiae</span> 
     </span>
     <span class='ocr_line' id='line_1_61' title="bbox 1011 755 1753 798; baseline -0.001 -11"><span class='ocrx_word' id='word_1_290' title='bbox 1011 765 1086 788; x_wconf 86' lang='lat' dir='ltr'>suae</span> <span class='ocrx_word' id='word_1_291' title='bbox 1112 766 1225 798; x_wconf 82' lang='lat' dir='ltr'>pacem</span> <span class='ocrx_word' id='word_1_292' title='bbox 1252 760 1283 787; x_wconf 89' lang='lat' dir='ltr'>et</span> <span class='ocrx_word' id='word_1_293' title='bbox 1309 755 1593 798; x_wconf 79' lang='lat' dir='ltr'>tranquillitatem,</span> <span class='ocrx_word' id='word_1_294' title='bbox 1621 755 1753 797; x_wconf 78' lang='lat' dir='ltr'>regibus</span> 
     </span>
     <span class='ocr_line' id='line_1_62' title="bbox 1012 807 1753 851; baseline -0.001 -10"><span class='ocrx_word' id='word_1_295' title='bbox 1012 813 1044 841; x_wconf 86' lang='lat' dir='ltr'>et</span> <span class='ocrx_word' id='word_1_296' title='bbox 1068 807 1272 851; x_wconf 83' lang='lat' dir='ltr'>principibus</span> <span class='ocrx_word' id='word_1_297' title='bbox 1298 808 1508 841; x_wconf 81' lang='lat' dir='ltr'>concordiam</span> <span class='ocrx_word' id='word_1_298' title='bbox 1534 814 1565 840; x_wconf 92' lang='lat' dir='ltr'>et</span> <span class='ocrx_word' id='word_1_299' title='bbox 1590 808 1753 847; x_wconf 89' lang='lat' dir='ltr'>unionem,</span> 
     </span>
     <span class='ocr_line' id='line_1_63' title="bbox 1012 862 1754 905; baseline -0.003 -10"><span class='ocrx_word' id='word_1_300' title='bbox 1012 862 1227 896; x_wconf 83' lang='lat' dir='ltr'>schismaticis</span> <span class='ocrx_word' id='word_1_301' title='bbox 1265 868 1296 895; x_wconf 93' lang='lat' dir='ltr'>et</span> <span class='ocrx_word' id='word_1_302' title='bbox 1336 863 1514 896; x_wconf 80' lang='lat' dir='ltr'>haereticis</span> <span class='ocrx_word' id='word_1_303' title='bbox 1554 862 1754 905; x_wconf 83' lang='lat' dir='ltr'>agnitionem</span> 
     </span>
     <span class='ocr_line' id='line_1_64' title="bbox 1012 918 1756 959; baseline -0.001 -8"><span class='ocrx_word' id='word_1_304' title='bbox 1012 918 1156 951; x_wconf 82' lang='lat' dir='ltr'>veritatis</span> <span class='ocrx_word' id='word_1_305' title='bbox 1194 923 1224 951; x_wconf 89' lang='lat' dir='ltr'>et</span> <span class='ocrx_word' id='word_1_306' title='bbox 1256 918 1386 959; x_wconf 88' lang='lat' dir='ltr'>salutis,</span> <span class='ocrx_word' id='word_1_307' title='bbox 1417 919 1544 952; x_wconf 84' lang='lat' dir='ltr'>miseris</span> <span class='ocrx_word' id='word_1_308' title='bbox 1569 918 1756 951; x_wconf 81' lang='lat' dir='ltr'>infidelibus</span> 
     </span>
     <span class='ocr_line' id='line_1_65' title="bbox 1012 971 1619 1015; baseline 0 -11"><span class='ocrx_word' id='word_1_309' title='bbox 1012 972 1192 1005; x_wconf 85' lang='lat' dir='ltr'>catholicae</span> <span class='ocrx_word' id='word_1_310' title='bbox 1218 971 1293 1004; x_wconf 77' lang='lat' dir='ltr'>fidei</span> <span class='ocrx_word' id='word_1_311' title='bbox 1316 972 1426 1004; x_wconf 89' lang='lat' dir='ltr'>lumen</span> <span class='ocrx_word' id='word_1_312' title='bbox 1452 972 1619 1015; x_wconf 82' lang='lat' dir='ltr'>largiatur.</span> 
     </span>
    </p>

    <p class='ocr_par' dir='ltr' id='par_1_12' title="bbox 1013 1024 1761 1543">
     <span class='ocr_line' id='line_1_66' title="bbox 1057 1024 1758 1068; baseline 0 -11"><span class='ocrx_word' id='word_1_313' title='bbox 1057 1025 1071 1067; x_wconf 62' lang='grc' dir='ltr'><strong>ἓ</strong></span> <span class='ocrx_word' id='word_1_314' title='bbox 1089 1025 1142 1057; x_wconf 80' lang='lat'>57.</span> <span class='ocrx_word' id='word_1_315' title='bbox 1159 1024 1318 1065; x_wconf 89' lang='lat' dir='ltr'>Ceterum,</span> <span class='ocrx_word' id='word_1_316' title='bbox 1334 1025 1408 1068; x_wconf 87' lang='lat' dir='ltr'>qnia</span> <span class='ocrx_word' id='word_1_317' title='bbox 1427 1025 1555 1058; x_wconf 80' lang='lat' dir='ltr'>difficile</span> <span class='ocrx_word' id='word_1_318' title='bbox 1572 1026 1651 1058; x_wconf 87' lang='lat' dir='ltr'>foret</span> <span class='ocrx_word' id='word_1_319' title='bbox 1666 1035 1758 1068; x_wconf 82' lang='lat' dir='ltr'>prae-</span> 
     </span>
     <span class='ocr_line' id='line_1_67' title="bbox 1013 1078 1756 1121; baseline 0 -11"><span class='ocrx_word' id='word_1_320' title='bbox 1013 1083 1121 1110; x_wconf 84' lang='lat' dir='ltr'>sentes</span> <span class='ocrx_word' id='word_1_321' title='bbox 1146 1084 1272 1111; x_wconf 87' lang='lat' dir='ltr'>nostras</span> <span class='ocrx_word' id='word_1_322' title='bbox 1298 1078 1422 1111; x_wconf 86' lang='lat' dir='ltr'>litteras</span> <span class='ocrx_word' id='word_1_323' title='bbox 1448 1078 1485 1111; x_wconf 87' lang='lat' dir='ltr'>ad</span> <span class='ocrx_word' id='word_1_324' title='bbox 1512 1078 1639 1121; x_wconf 75' lang='lat' dir='ltr'>singula</span> <span class='ocrx_word' id='word_1_325' title='bbox 1666 1079 1756 1117; x_wconf 88' lang='lat' dir='ltr'>loca,</span> 
     </span>
     <span class='ocr_line' id='line_1_68' title="bbox 1014 1132 1760 1176; baseline 0 -13"><span class='ocrx_word' id='word_1_326' title='bbox 1014 1132 1068 1164; x_wconf 91' lang='lat' dir='ltr'>ubi</span> <span class='ocrx_word' id='word_1_327' title='bbox 1103 1143 1183 1176; x_wconf 82' lang='lat' dir='ltr'>opus</span> <span class='ocrx_word' id='word_1_328' title='bbox 1220 1138 1327 1173; x_wconf 85' lang='lat' dir='ltr'>esset,</span> <span class='ocrx_word' id='word_1_329' title='bbox 1364 1133 1505 1172; x_wconf 87' lang='lat' dir='ltr'>deferri,</span> <span class='ocrx_word' id='word_1_330' title='bbox 1544 1133 1691 1165; x_wconf 77' lang='lat' dir='ltr'>volumus</span> <span class='ocrx_word' id='word_1_331' title='bbox 1725 1137 1760 1163; x_wconf 87' lang='lat' dir='ltr'>ut</span> 
     </span>
     <span class='ocr_line' id='line_1_69' title="bbox 1014 1186 1759 1229; baseline -0.003 -11"><span class='ocrx_word' id='word_1_332' title='bbox 1014 1196 1124 1218; x_wconf 84' lang='lat' dir='ltr'>earum</span> <span class='ocrx_word' id='word_1_333' title='bbox 1154 1186 1323 1229; x_wconf 74' lang='lat' dir='ltr'>exemplis,</span> <span class='ocrx_word' id='word_1_334' title='bbox 1346 1187 1442 1218; x_wconf 88' lang='lat' dir='ltr'>etiam</span> <span class='ocrx_word' id='word_1_335' title='bbox 1465 1186 1642 1229; x_wconf 85' lang='lat' dir='ltr'>impressis,</span> <span class='ocrx_word' id='word_1_336' title='bbox 1662 1196 1759 1217; x_wconf 88' lang='lat' dir='ltr'>manu</span> 
     </span>
     <span class='ocr_line' id='line_1_70' title="bbox 1014 1238 1760 1282; baseline -0.003 -10"><span class='ocrx_word' id='word_1_337' title='bbox 1014 1246 1123 1272; x_wconf 89' lang='lat' dir='ltr'>tamen</span> <span class='ocrx_word' id='word_1_338' title='bbox 1148 1239 1270 1282; x_wconf 89' lang='lat' dir='ltr'>publici</span> <span class='ocrx_word' id='word_1_339' title='bbox 1296 1239 1412 1272; x_wconf 84' lang='lat' dir='ltr'>notarii</span> <span class='ocrx_word' id='word_1_340' title='bbox 1440 1238 1643 1282; x_wconf 76' lang='lat' dir='ltr'>subscriptis,</span> <span class='ocrx_word' id='word_1_341' title='bbox 1669 1245 1700 1271; x_wconf 83' lang='lat' dir='ltr'>et</span> <span class='ocrx_word' id='word_1_342' title='bbox 1721 1239 1760 1270; x_wconf 83' lang='lat' dir='ltr'>si-</span> 
     </span>
     <span class='ocr_line' id='line_1_71' title="bbox 1014 1292 1761 1336; baseline 0 -12"><span class='ocrx_word' id='word_1_343' title='bbox 1014 1293 1091 1336; x_wconf 79' lang='lat' dir='ltr'>gillo</span> <span class='ocrx_word' id='word_1_344' title='bbox 1117 1293 1252 1326; x_wconf 86' lang='lat' dir='ltr'>alicuius</span> <span class='ocrx_word' id='word_1_345' title='bbox 1277 1303 1439 1336; x_wconf 86' lang='lat' dir='ltr'>personae</span> <span class='ocrx_word' id='word_1_346' title='bbox 1467 1292 1496 1324; x_wconf 95' lang='lat' dir='ltr'>in</span> <span class='ocrx_word' id='word_1_347' title='bbox 1525 1292 1680 1334; x_wconf 79' lang='lat' dir='ltr'>dignitate</span> <span class='ocrx_word' id='word_1_348' title='bbox 1711 1302 1761 1324; x_wconf 86' lang='lat' dir='ltr'>ec-</span> 
     </span>
     <span class='ocr_line' id='line_1_72' title="bbox 1014 1337 1759 1387; baseline -0.004 -6"><span class='ocrx_word' id='word_1_349' title='bbox 1014 1347 1194 1381; x_wconf 77' lang='lat' dir='ltr'>clesiastica</span> <span class='ocrx_word' id='word_1_350' title='bbox 1220 1347 1415 1380; x_wconf 88' lang='lat' dir='ltr'>constitutae</span> <span class='ocrx_word' id='word_1_351' title='bbox 1452 1346 1606 1387; x_wconf 88' lang='lat' dir='ltr'>munitis,</span> <span class='ocrx_word' id='word_1_352' title='bbox 1645 1337 1759 1379; x_wconf 84' lang='lat' dir='ltr'>eadem</span> 
     </span>
     <span class='ocr_line' id='line_1_73' title="bbox 1013 1400 1761 1444; baseline -0.004 -10"><span class='ocrx_word' id='word_1_353' title='bbox 1013 1401 1136 1444; x_wconf 80' lang='lat' dir='ltr'>ubique</span> <span class='ocrx_word' id='word_1_354' title='bbox 1163 1400 1241 1434; x_wconf 85' lang='lat' dir='ltr'>sides</span> <span class='ocrx_word' id='word_1_355' title='bbox 1259 1400 1464 1441; x_wconf 81' lang='lat' dir='ltr'>adhibeatur,</span> <span class='ocrx_word' id='word_1_356' title='bbox 1483 1411 1564 1444; x_wconf 88' lang='lat' dir='ltr'>quae</span> <span class='ocrx_word' id='word_1_357' title='bbox 1578 1400 1656 1443; x_wconf 83' lang='lat' dir='ltr'>ipsis</span> <span class='ocrx_word' id='word_1_358' title='bbox 1674 1410 1761 1443; x_wconf 84' lang='lat' dir='ltr'>prae-</span> 
     </span>
     <span class='ocr_line' id='line_1_74' title="bbox 1015 1453 1760 1489; baseline -0.005 0"><span class='ocrx_word' id='word_1_359' title='bbox 1015 1456 1158 1489; x_wconf 89' lang='lat' dir='ltr'>sentibus</span> <span class='ocrx_word' id='word_1_360' title='bbox 1184 1454 1399 1488; x_wconf 84' lang='lat' dir='ltr'>adhiberetur</span> <span class='ocrx_word' id='word_1_361' title='bbox 1418 1454 1442 1487; x_wconf 90' lang='lat' dir='ltr'>si</span> <span class='ocrx_word' id='word_1_362' title='bbox 1468 1459 1577 1487; x_wconf 84' lang='lat' dir='ltr'>essent</span> <span class='ocrx_word' id='word_1_363' title='bbox 1595 1453 1760 1487; x_wconf 60' lang='lat' dir='ltr'>exhibitae</span> 
     </span>
     <span class='ocr_line' id='line_1_75' title="bbox 1015 1514 1239 1543; baseline 0.004 -1"><span class='ocrx_word' id='word_1_364' title='bbox 1015 1515 1046 1543; x_wconf 88' lang='lat' dir='ltr'>et</span> <span class='ocrx_word' id='word_1_365' title='bbox 1072 1514 1239 1543; x_wconf 89' lang='lat' dir='ltr'>ostensae.</span> 
     </span>
    </p>
   </div>
   <div class='ocr_carea' id='block_1_9' title="bbox 1059 1561 1959 1613">
    <p class='ocr_par' dir='ltr' id='par_1_13' title="bbox 1059 1561 1959 1613">
     <span class='ocr_line' id='line_1_76' title="bbox 1059 1561 1959 1613; baseline -0.004 -17"><span class='ocrx_word' id='word_1_366' title='bbox 1059 1564 1073 1606; x_wconf 61' lang='grc' dir='ltr'><strong>ἓ</strong></span> <span class='ocrx_word' id='word_1_367' title='bbox 1099 1561 1152 1596; x_wconf 81' lang='lat'>58.</span> <span class='ocrx_word' id='word_1_368' title='bbox 1180 1561 1265 1595; x_wconf 90' lang='lat' dir='ltr'>Nulli</span> <span class='ocrx_word' id='word_1_369' title='bbox 1300 1573 1379 1605; x_wconf 75' lang='lat' dir='ltr'>ergo</span> <span class='ocrx_word' id='word_1_370' title='bbox 1418 1562 1553 1594; x_wconf 89' lang='lat' dir='ltr'>omnino</span> <span class='ocrx_word' id='word_1_371' title='bbox 1588 1561 1887 1613; x_wconf 35' lang='lat' dir='ltr'>homiminum-{guono</span> <span class='ocrx_word' id='word_1_372' title='bbox 1907 1572 1959 1592; x_wconf 71' lang='lat'>1³0⁰-</span> 
     </span>
    </p>
   </div>
   <div class='ocr_carea' id='block_1_10' title="bbox 1015 1615 1765 2238">
    <p class='ocr_par' dir='ltr' id='par_1_14' title="bbox 1015 1615 1764 2024">
     <span class='ocr_line' id='line_1_77' title="bbox 1015 1615 1762 1658; baseline -0.003 -10"><span class='ocrx_word' id='word_1_373' title='bbox 1015 1615 1112 1648; x_wconf 88' lang='lat' dir='ltr'>liceat</span> <span class='ocrx_word' id='word_1_374' title='bbox 1137 1616 1221 1648; x_wconf 87' lang='lat' dir='ltr'>hanc</span> <span class='ocrx_word' id='word_1_375' title='bbox 1243 1615 1395 1658; x_wconf 77' lang='lat' dir='ltr'>paginam</span> <span class='ocrx_word' id='word_1_376' title='bbox 1423 1615 1525 1648; x_wconf 85' lang='lat' dir='ltr'>nostri</span> <span class='ocrx_word' id='word_1_377' title='bbox 1554 1615 1685 1654; x_wconf 85' lang='lat' dir='ltr'>decreti,</span> <span class='ocrx_word' id='word_1_378' title='bbox 1706 1615 1762 1647; x_wconf 86' lang='lat' dir='ltr'>de-</span> 
     </span>
     <span class='ocr_line' id='line_1_78' title="bbox 1017 1668 1759 1712; baseline 0 -11"><span class='ocrx_word' id='word_1_379' title='bbox 1017 1669 1181 1708; x_wconf 81' lang='lat' dir='ltr'>finitionis,</span> <span class='ocrx_word' id='word_1_380' title='bbox 1203 1668 1442 1712; x_wconf 82' lang='lat' dir='ltr'>adscriptionis‚</span> <span class='ocrx_word' id='word_1_381' title='bbox 1461 1668 1612 1709; x_wconf 83' lang='lat' dir='ltr'>mandati,</span> <span class='ocrx_word' id='word_1_382' title='bbox 1638 1668 1759 1709; x_wconf 83' lang='lat' dir='ltr'>statuti,</span> 
     </span>
     <span class='ocr_line' id='line_1_79' title="bbox 1016 1722 1761 1764; baseline -0.003 -8"><span class='ocrx_word' id='word_1_383' title='bbox 1016 1722 1261 1762; x_wconf 83' lang='lat' dir='ltr'>concessionis,</span> <span class='ocrx_word' id='word_1_384' title='bbox 1286 1722 1487 1764; x_wconf 83' lang='lat' dir='ltr'>elargitionis</span> <span class='ocrx_word' id='word_1_385' title='bbox 1519 1728 1550 1754; x_wconf 87' lang='lat' dir='ltr'>et</span> <span class='ocrx_word' id='word_1_386' title='bbox 1587 1723 1761 1755; x_wconf 86' lang='lat' dir='ltr'>voluntatis</span> 
     </span>
     <span class='ocr_line' id='line_1_80' title="bbox 1016 1776 1763 1819; baseline 0 -11"><span class='ocrx_word' id='word_1_387' title='bbox 1016 1776 1208 1819; x_wconf 81' lang='lat' dir='ltr'>infringere,</span> <span class='ocrx_word' id='word_1_388' title='bbox 1239 1777 1288 1809; x_wconf 85' lang='lat' dir='ltr'>vcl</span> <span class='ocrx_word' id='word_1_389' title='bbox 1317 1776 1345 1808; x_wconf 90' lang='lat' dir='ltr'>ei</span> <span class='ocrx_word' id='word_1_390' title='bbox 1374 1787 1451 1809; x_wconf 87' lang='lat' dir='ltr'>ausu</span> <span class='ocrx_word' id='word_1_391' title='bbox 1479 1776 1656 1808; x_wconf 86' lang='lat' dir='ltr'>temerario</span> <span class='ocrx_word' id='word_1_392' title='bbox 1686 1786 1763 1808; x_wconf 84' lang='lat' dir='ltr'>con-</span> 
     </span>
     <span class='ocr_line' id='line_1_81' title="bbox 1018 1829 1763 1872; baseline 0 -10"><span class='ocrx_word' id='word_1_393' title='bbox 1018 1830 1132 1871; x_wconf 71' lang='lat' dir='ltr'>traire,</span> <span class='ocrx_word' id='word_1_394' title='bbox 1154 1830 1179 1862; x_wconf 90' lang='lat' dir='ltr'>si</span> <span class='ocrx_word' id='word_1_395' title='bbox 1198 1829 1268 1872; x_wconf 86' lang='lat' dir='ltr'>quis</span> <span class='ocrx_word' id='word_1_396' title='bbox 1287 1834 1405 1869; x_wconf 89' lang='lat' dir='ltr'>autem,</span> <span class='ocrx_word' id='word_1_397' title='bbox 1420 1829 1482 1862; x_wconf 89' lang='lat' dir='ltr'>hoc</span> <span class='ocrx_word' id='word_1_398' title='bbox 1497 1834 1655 1862; x_wconf 83' lang='lat' dir='ltr'>attentare</span> <span class='ocrx_word' id='word_1_399' title='bbox 1672 1840 1763 1872; x_wconf 88' lang='lat' dir='ltr'>prae-</span> 
     </span>
     <span class='ocr_line' id='line_1_82' title="bbox 1016 1882 1763 1926; baseline -0.001 -11"><span class='ocrx_word' id='word_1_400' title='bbox 1016 1882 1212 1926; x_wconf 84' lang='lat' dir='ltr'>sumpserit,</span> <span class='ocrx_word' id='word_1_401' title='bbox 1240 1882 1503 1924; x_wconf 80' lang='lat' dir='ltr'>indignationem</span> <span class='ocrx_word' id='word_1_402' title='bbox 1529 1882 1763 1925; x_wconf 85' lang='lat' dir='ltr'>omnipotentis</span> 
     </span>
     <span class='ocr_line' id='line_1_83' title="bbox 1018 1937 1764 1980; baseline -0.003 -10"><span class='ocrx_word' id='word_1_403' title='bbox 1018 1937 1073 1970; x_wconf 90' lang='lat' dir='ltr'>Dei</span> <span class='ocrx_word' id='word_1_404' title='bbox 1089 1948 1124 1970; x_wconf 84' lang='lat' dir='ltr'>ac</span> <span class='ocrx_word' id='word_1_405' title='bbox 1140 1939 1310 1970; x_wconf 87' lang='lat' dir='ltr'>beatorum</span> <span class='ocrx_word' id='word_1_406' title='bbox 1333 1937 1418 1970; x_wconf 83' lang='lat' dir='ltr'>Petri</span> <span class='ocrx_word' id='word_1_407' title='bbox 1438 1942 1468 1969; x_wconf 88' lang='lat' dir='ltr'>ct</span> <span class='ocrx_word' id='word_1_408' title='bbox 1490 1937 1577 1969; x_wconf 83' lang='lat' dir='ltr'>Pauli</span> <span class='ocrx_word' id='word_1_409' title='bbox 1598 1937 1764 1980; x_wconf 79' lang='lat' dir='ltr'>apostolo-</span> 
     </span>
     <span class='ocr_line' id='line_1_84' title="bbox 1018 1991 1646 2024; baseline -0.002 -1"><span class='ocrx_word' id='word_1_410' title='bbox 1018 2002 1088 2024; x_wconf 91' lang='lat' dir='ltr'>rum</span> <span class='ocrx_word' id='word_1_411' title='bbox 1115 1991 1185 2024; x_wconf 92' lang='lat' dir='ltr'>eius</span> <span class='ocrx_word' id='word_1_412' title='bbox 1211 2002 1243 2024; x_wconf 87' lang='lat' dir='ltr'>se</span> <span class='ocrx_word' id='word_1_413' title='bbox 1271 1991 1400 2024; x_wconf 81' lang='lat' dir='ltr'>noverit</span> <span class='ocrx_word' id='word_1_414' title='bbox 1424 1991 1646 2023; x_wconf 82' lang='lat' dir='ltr'>incursurum.</span> 
     </span>
    </p>

    <p class='ocr_par' dir='ltr' id='par_1_15' title="bbox 1019 2044 1765 2238">
     <span class='ocr_line' id='line_1_85' title="bbox 1063 2044 1763 2087; baseline -0.003 -10"><span class='ocrx_word' id='word_1_415' title='bbox 1063 2045 1177 2077; x_wconf 87' lang='lat' dir='ltr'>Datum</span> <span class='ocrx_word' id='word_1_416' title='bbox 1205 2044 1342 2084; x_wconf 78' lang='lat' dir='ltr'>Romae,</span> <span class='ocrx_word' id='word_1_417' title='bbox 1373 2044 1458 2087; x_wconf 87' lang='lat' dir='ltr'>apud</span> <span class='ocrx_word' id='word_1_418' title='bbox 1484 2044 1513 2076; x_wconf 88' lang='lat' dir='ltr'>S.</span> <span class='ocrx_word' id='word_1_419' title='bbox 1547 2044 1700 2077; x_wconf 88' lang='lat' dir='ltr'>Ioannem</span> <span class='ocrx_word' id='word_1_420' title='bbox 1733 2044 1763 2076; x_wconf 93' lang='lat' dir='ltr'>in</span> 
     </span>
     <span class='ocr_line' id='line_1_86' title="bbox 1019 2097 1765 2137; baseline -0.003 -6"><span class='ocrx_word' id='word_1_421' title='bbox 1019 2098 1186 2137; x_wconf 87' lang='lat' dir='ltr'>Laterano,</span> <span class='ocrx_word' id='word_1_422' title='bbox 1213 2108 1298 2131; x_wconf 89' lang='lat' dir='ltr'>anno</span> <span class='ocrx_word' id='word_1_423' title='bbox 1325 2097 1557 2130; x_wconf 81' lang='lat' dir='ltr'>lncarnatiouis</span> <span class='ocrx_word' id='word_1_424' title='bbox 1584 2097 1765 2130; x_wconf 85' lang='lat' dir='ltr'>dominicae</span> 
     </span>
     <span class='ocr_line' id='line_1_87' title="bbox 1019 2149 1765 2193; baseline -0.004 -8"><span class='ocrx_word' id='word_1_425' title='bbox 1019 2161 1234 2191; x_wconf 78' lang='lat' dir='ltr'>Moccxxxvn,</span> <span class='ocrx_word' id='word_1_426' title='bbox 1257 2161 1309 2184; x_wconf 76' lang='lat' dir='ltr'>xri</span> <span class='ocrx_word' id='word_1_427' title='bbox 1335 2151 1491 2184; x_wconf 84' lang='lat' dir='ltr'>kalendas</span> <span class='ocrx_word' id='word_1_428' title='bbox 1519 2150 1607 2190; x_wconf 89' lang='lat' dir='ltr'>iulii,</span> <span class='ocrx_word' id='word_1_429' title='bbox 1636 2149 1765 2193; x_wconf 82' lang='lat' dir='ltr'>pontifi-</span> 
     </span>
     <span class='ocr_line' id='line_1_88' title="bbox 1020 2205 1426 2238; baseline 0 -1"><span class='ocrx_word' id='word_1_430' title='bbox 1020 2211 1109 2238; x_wconf 86' lang='lat' dir='ltr'>catus</span> <span class='ocrx_word' id='word_1_431' title='bbox 1134 2205 1237 2238; x_wconf 90' lang='lat' dir='ltr'>nostri</span> <span class='ocrx_word' id='word_1_432' title='bbox 1263 2215 1348 2238; x_wconf 84' lang='lat' dir='ltr'>anno</span> <span class='ocrx_word' id='word_1_433' title='bbox 1373 2215 1426 2238; x_wconf 85' lang='lat' dir='ltr'>vn.</span> 
     </span>
    </p>
   </div>
   <div class='ocr_carea' id='block_1_11' title="bbox 1057 2267 1684 2302">
    <p class='ocr_par' dir='ltr' id='par_1_16' title="bbox 1057 2267 1684 2302">
     <span class='ocr_line' id='line_1_89' title="bbox 1057 2267 1684 2302; baseline 0 -9"><span class='ocrx_word' id='word_1_434' title='bbox 1057 2267 1115 2294; x_wconf 77' lang='lat' dir='ltr'>nat.</span> <span class='ocrx_word' id='word_1_435' title='bbox 1134 2267 1179 2294; x_wconf 86' lang='lat' dir='ltr'>die</span> <span class='ocrx_word' id='word_1_436' title='bbox 1198 2267 1229 2294; x_wconf 84' lang='grc'>16</span> <span class='ocrx_word' id='word_1_437' title='bbox 1245 2267 1310 2293; x_wconf 89' lang='lat' dir='ltr'>iunii</span> <span class='ocrx_word' id='word_1_438' title='bbox 1328 2267 1408 2300; x_wconf 74' lang='lat'>1737,</span> <span class='ocrx_word' id='word_1_439' title='bbox 1427 2267 1526 2302; x_wconf 84' lang='lat' dir='ltr'>pontif.</span> <span class='ocrx_word' id='word_1_440' title='bbox 1546 2275 1618 2293; x_wconf 79' lang='lat' dir='ltr'>anno</span> <span class='ocrx_word' id='word_1_441' title='bbox 1640 2273 1684 2293; x_wconf 75' lang='lat' dir='ltr'>ru.</span> 
     </span>
    </p>
   </div>
   <div class='ocr_carea' id='block_1_12' title="bbox 1022 2354 1767 2555">
    <p class='ocr_par' dir='ltr' id='par_1_17' title="bbox 1022 2354 1767 2555">
     <span class='ocr_line' id='line_1_90' title="bbox 1199 2354 1588 2406; baseline -0.005 -14"><span class='ocrx_word' id='word_1_442' title='bbox 1199 2354 1248 2406; x_wconf 41' lang='grc' dir='ltr'><strong>ᾖ</strong></span> <span class='ocrx_word' id='word_1_443' title='bbox 1275 2356 1359 2392; x_wconf 73' lang='lat' dir='ltr'>nuo</span> <span class='ocrx_word' id='word_1_444' title='bbox 1388 2356 1588 2391; x_wconf 65' lang='lat' dir='ltr'>CLEMENS</span> 
     </span>
     <span class='ocr_line' id='line_1_91' title="bbox 1081 2413 1712 2448; baseline -0.002 -1"><span class='ocrx_word' id='word_1_445' title='bbox 1081 2424 1282 2448; x_wconf 17' lang='lat' dir='ltr'>cchIIOLICAE</span> <span class='ocrx_word' id='word_1_446' title='bbox 1310 2424 1483 2447; x_wconf 63' lang='lat' dir='ltr'>ECCLESIAE</span> <span class='ocrx_word' id='word_1_447' title='bbox 1511 2413 1712 2447; x_wconf 73' lang='lat' dir='ltr'>EPISCOPUS¹.</span> 
     </span>
     <span class='ocr_line' id='line_1_92' title="bbox 1022 2475 1767 2516; baseline -0.001 -10"><span class='ocrx_word' id='word_1_448' title='bbox 1022 2480 1039 2515; x_wconf 61' lang='lat' dir='ltr'>*t-</span> <span class='ocrx_word' id='word_1_449' title='bbox 1063 2478 1120 2515; x_wconf 74' lang='lat' dir='ltr'>Ego</span> <span class='ocrx_word' id='word_1_450' title='bbox 1144 2477 1319 2507; x_wconf 81' lang='lat' dir='ltr'>Franciscus</span> <span class='ocrx_word' id='word_1_451' title='bbox 1349 2477 1504 2516; x_wconf 77' lang='lat' dir='ltr'>episeopus</span> <span class='ocrx_word' id='word_1_452' title='bbox 1534 2475 1676 2505; x_wconf 60' lang='lat' dir='ltr'>ttstiensis</span> <span class='ocrx_word' id='word_1_453' title='bbox 1706 2486 1767 2505; x_wconf 47' lang='lat' dir='ltr'>rare</span> 
     </span>
     <span class='ocr_line' id='line_1_93' title="bbox 1103 2525 1422 2555; baseline -0.006 0"><span class='ocrx_word' id='word_1_454' title='bbox 1103 2526 1210 2555; x_wconf 86' lang='lat' dir='ltr'>dinalis</span> <span class='ocrx_word' id='word_1_455' title='bbox 1234 2525 1422 2555; x_wconf 65' lang='lat' dir='ltr'>ltarberiuus.</span> 
     </span>
    </p>
   </div>
   <div class='ocr_carea' id='block_1_13' title="bbox 1059 2592 1766 2628">
    <p class='ocr_par' dir='ltr' id='par_1_18' title="bbox 1059 2592 1766 2628">
     <span class='ocr_line' id='line_1_94' title="bbox 1059 2592 1766 2628; baseline -0.001 -10"><span class='ocrx_word' id='word_1_456' title='bbox 1059 2593 1071 2618; x_wconf 81' lang='lat'>‘1</span> <span class='ocrx_word' id='word_1_457' title='bbox 1096 2593 1160 2620; x_wconf 84' lang='lat' dir='ltr'>lleic</span> <span class='ocrx_word' id='word_1_458' title='bbox 1181 2593 1307 2628; x_wconf 83' lang='lat' dir='ltr'>sequitur</span> <span class='ocrx_word' id='word_1_459' title='bbox 1332 2593 1417 2619; x_wconf 82' lang='lat' dir='ltr'>forma</span> <span class='ocrx_word' id='word_1_460' title='bbox 1443 2592 1521 2626; x_wconf 77' lang='lat' dir='ltr'>sigilli</span> <span class='ocrx_word' id='word_1_461' title='bbox 1552 2595 1577 2617; x_wconf 89' lang='lat' dir='ltr'>ut</span> <span class='ocrx_word' id='word_1_462' title='bbox 1609 2600 1690 2626; x_wconf 75' lang='lat' dir='ltr'>supra</span> <span class='ocrx_word' id='word_1_463' title='bbox 1719 2600 1766 2626; x_wconf 77' lang='lat' dir='ltr'>pa-</span> 
     </span>
    </p>
   </div>
   <div class='ocr_carea' id='block_1_14' title="bbox 239 2628 1323 2673">
    <p class='ocr_par' dir='ltr' id='par_1_19' title="bbox 239 2628 1323 2673">
     <span class='ocr_line' id='line_1_95' title="bbox 239 2628 1323 2673; baseline 0.001 -12"><span class='ocrx_word' id='word_1_464' title='bbox 239 2639 322 2671; x_wconf 84' lang='lat' dir='ltr'>que,</span> <span class='ocrx_word' id='word_1_465' title='bbox 349 2638 414 2661; x_wconf 87' lang='lat' dir='ltr'>uon</span> <span class='ocrx_word' id='word_1_466' title='bbox 441 2628 508 2661; x_wconf 88' lang='lat' dir='ltr'>sine</span> <span class='ocrx_word' id='word_1_467' title='bbox 539 2629 654 2671; x_wconf 69' lang='lat' dir='ltr'>magna</span> <span class='ocrx_word' id='word_1_468' title='bbox 690 2628 745 2661; x_wconf 88' lang='lat' dir='ltr'>Dei</span> <span class='ocrx_word' id='word_1_469' title='bbox 778 2628 981 2671; x_wconf 68' lang='lat' dir='ltr'>providentia</span> <span class='ocrx_word' id='word_1_470' title='bbox 1024 2638 1087 2672; x_wconf 79' lang='lat' dir='ltr'>gina</span> <span class='ocrx_word' id='word_1_471' title='bbox 1107 2638 1159 2665; x_wconf 70' lang='lat'>245</span> <span class='ocrx_word' id='word_1_472' title='bbox 1180 2647 1197 2664; x_wconf 82' lang='grc' dir='ltr'><em>α</em></span> <span class='ocrx_word' id='word_1_473' title='bbox 1217 2638 1255 2673; x_wconf 73' lang='grc' dir='ltr'>(ιι.</span> <span class='ocrx_word' id='word_1_474' title='bbox 1274 2638 1323 2669; x_wconf 61' lang='lat' dir='ltr'>r).</span> 
     </span>
    </p>
   </div>
   <div class='ocr_carea' id='block_1_15' title="bbox 1647 217 1942 254">
    <p class='ocr_par' dir='ltr' id='par_1_20' title="bbox 1647 217 1942 254">
     <span class='ocr_line' id='line_1_96' title="bbox 1647 217 1942 254; baseline 0.007 -4"><span class='ocrx_word' id='word_1_475' title='bbox 1647 217 1710 250; x_wconf 77' lang='lat'>⁶259</span> <span class='ocrx_word' id='word_1_476' title='bbox 1757 226 1808 253; x_wconf 73' lang='lat' dir='ltr'>An.</span> <span class='ocrx_word' id='word_1_477' title='bbox 1831 226 1860 253; x_wconf 83' lang='lat' dir='ltr'>c.</span> <span class='ocrx_word' id='word_1_478' title='bbox 1878 227 1942 254; x_wconf 78' lang='lat'><strong>1737</strong></span> 
     </span>
    </p>
   </div>
   <div class='ocr_carea' id='block_1_16' title="bbox 1766 556 1949 603">
    <p class='ocr_par' dir='ltr' id='par_1_21' title="bbox 1766 556 1949 603">
     <span class='ocr_line' id='line_1_97' title="bbox 1807 556 1949 581; baseline -0.014 -5"><span class='ocrx_word' id='word_1_479' title='bbox 1807 556 1884 576; x_wconf 74' lang='lat' dir='ltr'>Preces</span> <span class='ocrx_word' id='word_1_480' title='bbox 1912 562 1949 581; x_wconf 63' lang='lat' dir='ltr'>per</span> 
     </span>
     <span class='ocr_line' id='line_1_98' title="bbox 1766 584 1898 603; baseline -0.008 0"><span class='ocrx_word' id='word_1_481' title='bbox 1766 584 1898 603; x_wconf 58' lang='lat' dir='ltr'>interm—uim</span> 
     </span>
    </p>
   </div>
   <div class='ocr_carea' id='block_1_17' title="bbox 1009 590 1940 639">
    <p class='ocr_par' dir='ltr' id='par_1_22' title="bbox 1009 590 1940 639">
     <span class='ocr_line' id='line_1_99' title="bbox 1009 590 1940 639; baseline -0.002 -11"><span class='ocrx_word' id='word_1_482' title='bbox 1009 595 1326 635; x_wconf 84' lang='lat' dir='ltr'>misericordiarum,</span> <span class='ocrx_word' id='word_1_483' title='bbox 1356 596 1408 639; x_wconf 78' lang='lat' dir='ltr'>qui</span> <span class='ocrx_word' id='word_1_484' title='bbox 1446 595 1586 628; x_wconf 87' lang='lat' dir='ltr'>humiles</span> <span class='ocrx_word' id='word_1_485' title='bbox 1621 595 1826 635; x_wconf 55' lang='lat' dir='ltr'>exaltat,1ffl.u÷</span> <span class='ocrx_word' id='word_1_486' title='bbox 1842 590 1940 629; x_wconf 38' lang='lat' dir='ltr'>sini-&#39;11¹¹&#39;</span> 
     </span>
    </p>
   </div>
   <div class='ocr_carea' id='block_1_18' title="bbox 1770 1034 1954 1087">
    <p class='ocr_par' dir='ltr' id='par_1_23' title="bbox 1770 1034 1954 1087">
     <span class='ocr_line' id='line_1_100' title="bbox 1809 1034 1954 1054; baseline -0.007 0"><span class='ocrx_word' id='word_1_487' title='bbox 1809 1034 1872 1054; x_wconf 77' lang='lat' dir='ltr'>Fides</span> <span class='ocrx_word' id='word_1_488' title='bbox 1896 1036 1954 1054; x_wconf 73' lang='lat' dir='ltr'>trau-</span> 
     </span>
     <span class='ocr_line' id='line_1_101' title="bbox 1770 1064 1906 1087; baseline -0.015 -5"><span class='ocrx_word' id='word_1_489' title='bbox 1770 1064 1906 1087; x_wconf 72' lang='lat' dir='ltr'>sumptorum.</span> 
     </span>
    </p>
   </div>
  </div>
 </body>
</html>
