2232 3178
37 247 86 275 An.
103 246 133 274 Ο.
154 244 220 273 1738

54 1364 75 1385 Ρι
76 1369 130 1386 '‘ztoi-
134 1368 209 1383 enera-

29 1390 54 1411 11⁵
68 1390 150 1411 Ordinis
141 1395 209 1415 ssup·

29 1417 81 1444 plica
70 1420 90 1437 at
113 1422 133 1442 pi
134 1422 150 1436 o
174 1422 208 1436 ea-

30 1449 71 1464 rum
112 1443 209 1463 modera-

30 1470 92 1492 tione.

55 1787 155 1807 Concedit
164 1787 208 1808 Cle-

30 1819 92 1835 mens.

850 242 992 268 CLEMENS
1018 242 1063 267 x11
1087 243 1136 268 1‘1‘.

224 292 374 337 probatio
400 292 517 336 prioris
543 292 705 335 generalis
730 302 789 336 pro
822 297 967 335 tempore

224 346 391 379 existentis
416 345 617 385 huiusmodi,
635 346 703 379 sive
725 345 894 379 electionis
918 345 966 377 iu-

225 399 330 431 dicum
357 398 559 441 expulsionis
585 398 616 431 in
650 398 800 442 capitulis
832 398 966 441 provin-

224 452 359 484 cialibus
383 451 626 494 provinciarum
651 451 895 494 praedictarum
921 451 966 483 fa-

223 507 308 543 ctae,
333 503 398 536 sive
423 504 605 537 sententiae
638 514 655 536 a
690 503 852 547 prioribus
889 513 965 545 pro-

222 557 412 589 vincialibus
437 557 623 590 huiusmodi
650 562 681 589 et
705 556 879 600 praedictis
909 566 963 588 sex

222 609 366 653 patribus
391 611 500 648 latae,
527 610 648 653 absque
681 619 799 652 magno
833 609 964 651 provin-

223 662 345 695 ciarum
371 662 610 705 praedictarum
637 662 834 695 detrimento
860 667 892 694 et
917 661 964 694 in-

222 715 394 748 commodo
421 715 583 757 expectari
609 725 674 748 non
699 715 821 759 possit,
847 719 962 758 utpote

222 767 296 811 quia
320 772 415 808 reus,
441 768 530 801 cuius
554 767 821 810 incorrigibilitas
847 766 964 810 proba-

222 826 252 854 ta
287 826 318 854 et
350 821 396 853 uti
422 821 492 854 talis
517 831 578 864 per
602 831 657 854 sex
683 831 813 854 menses
839 820 872 852 in
899 829 963 853 car-

221 884 296 907 cere
322 875 473 907 detentus
500 874 616 914 suerit,
642 885 703 917 per
726 875 862 916 longum
888 878 962 906 tem-

220 937 281 969 pus
306 926 339 959 in
364 927 478 960 eadem
500 927 640 959 carceris
658 926 804 960 custodia
822 926 961 959 detineri

220 990 286 1012 non
311 985 419 1022 potest
442 990 545 1023 usque
573 980 648 1012 dum
673 979 764 1022 prior
781 978 962 1022 provincia-

220 1032 259 1065 lis
285 1032 471 1075 praedictus
497 1032 769 1075 approbationem
798 1032 866 1064 sive
899 1032 961 1064 ele-

221 1084 337 1117 ctionis
373 1084 516 1117 iudicum
557 1085 623 1118 sive
656 1085 839 1118 sententiae
875 1084 961 1117 iuxta

220 1137 427 1170 enunciatum
454 1137 619 1171 decretum
646 1148 663 1171 a
687 1138 797 1181 priore
815 1137 960 1180 generali

220 1190 365 1234 praefato
391 1190 538 1233 accipiat,
558 1191 731 1234 minusque
756 1189 828 1223 fieri
854 1195 961 1233 potest

220 1249 255 1275 ut
279 1253 354 1276 reus
390 1243 533 1276 libertati
569 1244 731 1284 tradatur,
756 1254 798 1277 ne
832 1249 960 1276 ceteros

220 1306 278 1329 suo
303 1307 400 1339 pravo
427 1297 576 1340 exemplo
602 1302 808 1339 corrumpat,

263 1350 277 1393 ἓ
295 1348 326 1382 3.
347 1350 391 1381 Ac
411 1354 583 1393 propterea
602 1349 704 1382 dietus
728 1349 876 1382 Nicolaus
898 1349 960 1381 An-

220 1403 327 1435 tonius
353 1402 443 1446 prior
468 1403 640 1445 generalis,
666 1403 886 1446 supradictum
909 1402 961 1435 de-

219 1462 344 1490 eretum
368 1462 565 1489 memoratae
591 1457 861 1499 Congregationis
889 1467 960 1500 par-

219 1509 363 1543 ticularis
389 1520 406 1542 a
438 1510 531 1542 nobis
564 1510 749 1550 moderari,
784 1510 959 1554 plurimum

220 1563 412 1596 desideret:
450 1562 544 1596 nobis
584 1568 758 1606 propterea
795 1562 960 1596 humiliter

219 1616 396 1659 supplicari
415 1616 490 1649 fecit
507 1615 556 1648 ut¹
576 1617 637 1649 sibi
656 1617 687 1649 in
705 1617 892 1660 praemIssis
910 1627 961 1660 op-

219 1675 359 1713 portune
380 1671 552 1713 providere
578 1676 609 1703 et
633 1676 667 1702 ιιι
691 1671 773 1703 infra
791 1671 960 1713 indulgere

220 1723 258 1756 de
284 1723 486 1765 benignitate
511 1722 687 1765 apostolica
713 1723 936 1765 dignaremur.

263 1777 278 1819 ξ
303 1776 334 1808 4.
360 1776 425 1809 Nos
446 1776 553 1818 igitur,
573 1776 678 1819 ipsum
705 1777 870 1809 Nicolaum
899 1777 961 1809 An-

221 1830 345 1862 tonium
370 1829 513 1872 priorem
543 1831 728 1871 generalem
765 1830 961 1873 specialibus

221 1882 383 1916 favoribus
409 1887 441 1915 et
466 1882 577 1924 gratiis
602 1883 759 1926 prosequi
787 1884 957 1923 volentes,

220 1941 252 1968 et
276 1946 293 1967 a
318 1934 481 1978 quibusvis
507 1935 868 1976 excommunicationis,
895 1947 961 1969 sus-

218 1988 387 2032 pensionis
412 1993 444 2021 et
479 1988 661 2029 interdicti,
687 1989 823 2032 aliisque
857 1991 959 2022 cccle-

220 2041 355 2075 siastieis
381 2041 568 2083 sententiis,
590 2043 734 2076 censuris
752 2048 783 2076 et
801 2043 926 2086 poenis,
945 2055 962 2077 a

220 2095 290 2128 iure
322 2095 370 2128 vel
395 2095 433 2128 ab
460 2096 609 2137 homine,
643 2096 756 2139 quavis
788 2097 960 2130 occasione

220 2149 270 2182 vel
295 2151 390 2181 causa
414 2149 499 2188 latis,
525 2149 551 2182 si
577 2149 696 2192 quibus
717 2150 962 2193 quomodolibet

220 2202 397 2235 innodatus
422 2202 540 2242 existit,
566 2203 605 2235 ad
631 2202 783 2236 effectum
810 2214 961 2246 praesen-

221 2255 299 2287 tium
326 2255 492 2287 dumtaxat
521 2256 811 2297 consequendum,
846 2257 961 2290 harum

219 2308 305 2341 serie
325 2307 529 2341 absolventes
548 2313 580 2340 et
595 2309 784 2341 absolutum
801 2310 868 2342 sore
887 2320 962 2342 een-

219 2366 348 2400 sentes,
376 2360 561 2392 huiusmodi
595 2361 891 2403 supplicationibus
917 2363 962 2394 in-

220 2413 328 2446 clinati
345 2440 352 2453 ,
380 2413 548 2446 modernis
573 2418 605 2445 et
629 2424 688 2456 pro
716 2418 864 2456 tempore
898 2415 963 2448 cxi-

221 2467 382 2501 stentibus
419 2468 609 2500 earumdem
646 2468 887 2511 provinciarum
914 2470 962 2502 ln-

221 2521 345 2555 diarum
371 2521 448 2554 dicti
472 2521 601 2554 Ordinis
630 2521 795 2564 prioribus
832 2523 963 2566 provin-

222 2574 380 2615 cialibus,
406 2578 442 2605 ut
463 2573 543 2617 ipsi,
569 2574 705 2607 servatis
733 2575 771 2608 de
798 2575 869 2609 iure
895 2586 964 2609 ser-

256 2637 269 2664 1
293 2636 434 2664 Coniunct.
458 2639 488 2664 ιιι
508 2644 557 2664 nos
577 2636 702 2664 addimus
720 2638 759 2671 (R.
780 2638 830 2670 T.).

307 2690 394 2720 Buce.
410 2691 496 2720 Rom.
518 2708 549 2711 -
576 2692 638 2722 Vol.
656 2691 760 2721 XXIV.
903 2691 938 2720 63

1010 292 1122 325 vandis
1160 297 1192 326 et
1227 291 1297 325 aliis
1322 292 1354 324 in
1380 292 1575 335 supradietis
1612 291 1753 324 decretis

1009 345 1180 384 contentis,
1196 355 1261 378 non
1287 346 1454 387 expectata
1468 345 1613 377 eiusdem
1631 345 1752 378 Nicolai

1009 398 1138 430 Antonii
1150 398 1354 440 aliorumque
1365 398 1440 430 dieti
1459 398 1588 431 Ordinis
1600 409 1659 441 pro
1679 405 1753 431 tem-

1009 460 1088 491 pore
1125 450 1332 483 existentium
1368 450 1513 493 priorum
1547 450 1751 492 generalium

1008 503 1247 545 approbatione
1287 503 1352 536 sive
1389 503 1561 536 electionis
1588 514 1640 536 sex
1678 514 1749 536 con-

1007 554 1149 587 iudicum
1186 556 1251 588 sive
1276 556 1458 588 sententiae
1485 557 1685 599 expulsionis
1712 557 1751 588 ab

1007 607 1084 650 ipsis
1111 608 1341 641 conludieibus
1365 610 1429 641 una
1460 619 1532 641 cum
1566 609 1750 652 provincia-

1006 660 1090 694 libus
1114 661 1290 704 praedictis
1308 662 1406 702 latae,
1425 661 1490 694 sive
1510 662 1662 694 serendae
1677 672 1749 694 cum

1006 713 1134 754 effectu,
1161 713 1403 757 incorrigibiles
1430 714 1549 747 eiicere
1576 714 1703 757 possint
1720 721 1751 747 ct

1005 767 1151 807 valeant,
1185 767 1372 799 facultatem
1407 767 1603 800 auctoritate
1640 770 1751 801 nostra

1005 819 1193 862 apostolica,
1213 824 1326 852 tenore
1347 820 1570 863 praesentium
1596 821 1749 854 coneedi-

1006 883 1075 905 mus
1101 877 1132 905 et
1159 872 1377 915 impartimur

1047 926 1062 968 g
1088 926 1117 958 ι.
1144 926 1386 966 Deceinentes,
1414 926 1542 960 easdem
1559 932 1773 982 praesentes

1004 978 1131 1011 litteras
1157 989 1288 1021 semper
1322 978 1452 1018 firmas,
1478 980 1600 1012 validas
1627 985 1659 1012 et
1683 962 1784 1012 effi-i*

1650 233 1714 266 497
1761 241 1811 269 An.
1830 242 1857 269 ι).
1883 244 1946 270 ms

1777 935 1843 981 1ΕΙιιιι
1848 936 1895 955 ulie
1904 942 1935 981 Γιηι

1886 969 1899 981 l

1805 995 1849 1008 onis
1882 965 1945 1009 urim—

1705 1033 1711 1038 ,
1762 995 1813 1035 ttt'e

1004 1041 1097 1065 eaces
1114 1030 1252 1064 existere
1274 1037 1305 1064 et
1323 1031 1401 1071 so1e,
1420 1042 1564 1075 suosque
1583 1033 1751 1075 plenatlos

1004 1089 1035 1117 et
1059 1084 1206 1126 integros
1231 1083 1363 1117 effectus
1388 1084 1496 1117 sortiri
1523 1090 1555 1117 et
1579 1085 1748 1125 obtinere,

1003 1147 1039 1170 ac
1055 1137 1131 1176 illis,
1150 1137 1188 1170 ad
1207 1147 1291 1180 quos
1313 1143 1443 1183 spectat
1461 1142 1492 1169 et
1517 1148 1578 1181 pro
1602 1144 1750 1181 tempore

1004 1190 1279 1232 quandocumque
1296 1190 1466 1232 spectabit,
1482 1190 1673 1232 plenissime
1688 1191 1750 1223 sut'-

1004 1242 1139 1284 l'ragari,
1165 1243 1277 1285 sicque
1304 1243 1336 1274 in
1362 1243 1550 1285 praemissis
1577 1254 1634 1286 per
1658 1254 1751 1286 quos·

1003 1306 1143 1338 eumque
1170 1295 1293 1328 iudices
1315 1295 1498 1328 ordinarios
1518 1301 1550 1328 ct
1569 1296 1750 1338 delegatos,

1003 1350 1098 1382 ctiam
1125 1360 1296 1382 causarum
1322 1349 1433 1392 palatii
1460 1349 1632 1392 apostolici
1659 1350 1750 1382 audi-

1004 1407 1112 1444 tores,
1139 1402 1275 1436 iudi'cari
1309 1408 1340 1435 et
1377 1401 1505 1435 deliniri
1538 1402 1679 1443 debere,
1713 1413 1750 1435 ae

1003 1456 1129 1488 ιιι-ιιιιιιι
1165 1461 1196 1489 et
1233 1455 1330 1489 inane
1362 1456 1387 1488 si
1414 1466 1505 1488 secus
1531 1466 1630 1499 supet
1655 1456 1705 1488 liis
1732 1468 1749 1488 a

1003 1521 1176 1553 quoquam,
1192 1510 1301 1553 quavis
1319 1509 1522 1550 auctoiitagtu
1540 1510 1680 1543 scienter
1698 1511 1747 1542 vel

1004 1563 1025 1594 ι
1016 1568 1204 1605 gnotauter,
1231 1563 1408 1605 contigerit
1429 1563 1597 1596 attentati.

1047 1616 1115 1658 go.
1145 1615 1214 1648 Non
1244 1616 1453 1649 obstantibus
1484 1617 1679 1659 praemissis,
1711 1628 1746 1649 ac

1004 1669 1296 1702 ‹onstitutionibus
1316 1670 1520 1712 apostolicis,
1537 1680 1664 1702 necnon
1690 1670 1747 1701 Or-

1004 1722 1088 1754 dinis
1109 1728 1140 1754 et
1163 1722 1405 1764 provinciarum
1427 1722 1628 1761 huiusmodi,
1648 1723 1745 1755 etiam

1004 1775 1195 1814 iuramento,
1218 1775 1466 1808 confirmatione
1484 1775 1677 1818 apostolica,
1697 1777 1745 1809 vel

1003 1828 1114 1870 quavis
1132 1828 1285 1860 firmitate
1304 1828 1365 1860 alia
1383 1829 1552 1867 roboratis,
1566 1828 1695 1860 statutis
1715 1833 1746 1860 et

1004 1882 1310 1921 consuetudinibus,
1330 1881 1509 1924 privilegiis
1536 1892 1678 1924 quoque,
1699 1880 1746 1913 in-

1004 1935 1101 1967 dultis
1115 1940 1147 1968 et
1160 1935 1279 1967 litteris
1295 1934 1484 1978 apostolicis
1500 1935 1531 1967 in
1546 1934 1746 1967 contrarium

1004 1988 1259 2032 praemissorum
1286 1988 1537 2032 quomodolibet
1562 1988 1746 2028 concessis,

1004 2041 1203 2075 confirmatis
1223 2047 1254 2074 et
1268 2041 1444 2082 innovatis,
1461 2041 1579 2085 quibus
1597 2041 1747 2074 omnibus

1005 2101 1037 2128 et
1072 2095 1233 2138 singulis,
1260 2096 1392 2128 illorum
1431 2101 1561 2128 tenores
1593 2105 1747 2138 praesen-

1006 2150 1090 2182 tibus
1116 2160 1176 2192 pro
1205 2150 1303 2192 plene
1329 2154 1361 2182 et
1389 2148 1591 2182 sufficienter
1617 2159 1748 2192 expres-

1004 2203 1046 2236 sis
1072 2213 1108 2236 ac
1126 2203 1166 2236 de
1192 2203 1290 2236 verbo
1316 2203 1355 2236 ad
1381 2202 1520 2236 verbum
1546 2202 1676 2235 insertis
1694 2202 1748 2234 lia—

1004 2257 1129 2296 bentes,
1149 2257 1214 2289 illis
1231 2257 1310 2289 alias
1335 2256 1368 2289 in
1387 2267 1444 2289 suo
1461 2257 1580 2289 robore
1599 2266 1748 2299 perman-

1004 2309 1105 2348 suris,
1134 2310 1173 2342 ad
1207 2310 1462 2353 praemissorum
1491 2308 1658 2347 ellectum,
1687 2310 1748 2341 liae

1005 2362 1072 2395 vice
1110 2363 1295 2402 dumtaxat,
1322 2362 1511 2405 specialiter
1537 2367 1567 2394 et
1593 2371 1748 2404 expresse

1005 2417 1223 2458 derogamus·⁷
1252 2416 1437 2458 ceterisque
1474 2414 1649 2448 contrariis
1681 2415 1748 2456 qui-

1005 2469 1222 2512 buscumquc.

1049 2522 1063 2565 ἓ
1093 2521 1123 2554 5.
1159 2521 1312 2554 Volumus
1345 2526 1453 2554 autem
1490 2525 1525 2552 ut
1557 2521 1746 2553 carumdem

1006 2574 1229 2618 praesentium
1249 2574 1431 2607 litterarum
1450 2572 1671 2617 transumptis,
1689 2584 1746 2606 seu

1007 2629 1172 2673 exemplis,
1189 2628 1284 2662 etiam
1298 2628 1482 2671 impressis,
1499 2638 1595 2661 manu
1609 2627 1746 2661 alicuius

1785 1623 1813 1642 t
1807 1625 1855 1642 ιι
1867 1630 1890 1643 ι
1894 1629 1944 1643 ium

1758 1650 1790 1670 det
1798 1653 1877 1675 υὲιιιι).

1797 2526 1941 2551 'sransnntptm

1758 2553 1830 2573 danda
1847 2554 1905 2574 lide-n
