<?xml version="1.0" encoding="UTF-8"?>
<!DOCTYPE html PUBLIC "-//W3C//DTD XHTML 1.0 Transitional//EN"
    "http://www.w3.org/TR/xhtml1/DTD/xhtml1-transitional.dtd">
<html xmlns="http://www.w3.org/1999/xhtml" xml:lang="en" lang="en">
 <head>
  <title>
</title>
<meta http-equiv="Content-Type" content="text/html;charset=utf-8" />
  <meta name='ocr-system' content='tesseract 3.04.00' />
  <meta name='ocr-capabilities' content='ocr_page ocr_carea ocr_par ocr_line ocrx_word'/>
</head>
<body>
  <div class='ocr_page' id='page_1' title='image "./bullarumdiplomat24cath_0636.png"; bbox 0 0 2232 3178; ppageno 0'>
   <div class='ocr_carea' id='block_1_1' title="bbox 282 199 582 236">
    <p class='ocr_par' dir='ltr' id='par_1_1' title="bbox 282 199 582 236">
     <span class='ocr_line' id='line_1_1' title="bbox 282 199 582 236; baseline -0.007 -2"><span class='ocrx_word' id='word_1_1' title='bbox 282 207 332 235; x_wconf 72' lang='lat' dir='ltr'>An.</span> <span class='ocrx_word' id='word_1_2' title='bbox 353 207 383 235; x_wconf 86' lang='lat' dir='ltr'>c.</span> <span class='ocrx_word' id='word_1_3' title='bbox 403 208 471 236; x_wconf 61' lang='lat'>1740</span> <span class='ocrx_word' id='word_1_4' title='bbox 519 199 582 233; x_wconf 67' lang='lat'>602</span> 
     </span>
    </p>
   </div>
   <div class='ocr_carea' id='block_1_2' title="bbox 481 254 1224 2526">
    <p class='ocr_par' dir='ltr' id='par_1_2' title="bbox 481 254 1224 2526">
     <span class='ocr_line' id='line_1_2' title="bbox 481 254 1219 299; baseline -0.005 -9"><span class='ocrx_word' id='word_1_5' title='bbox 481 257 531 290; x_wconf 79' lang='lat' dir='ltr'>dci</span> <span class='ocrx_word' id='word_1_6' title='bbox 559 262 590 289; x_wconf 89' lang='lat' dir='ltr'>et</span> <span class='ocrx_word' id='word_1_7' title='bbox 610 257 700 290; x_wconf 83' lang='lat' dir='ltr'>Sedis</span> <span class='ocrx_word' id='word_1_8' title='bbox 722 256 923 299; x_wconf 78' lang='lat' dir='ltr'>Apostolicac</span> <span class='ocrx_word' id='word_1_9' title='bbox 945 254 1129 298; x_wconf 76' lang='lat' dir='ltr'>praedictae</span> <span class='ocrx_word' id='word_1_10' title='bbox 1147 254 1219 287; x_wconf 88' lang='lat' dir='ltr'>obe-</span> 
     </span>
     <span class='ocr_line' id='line_1_3' title="bbox 481 307 1216 352; baseline -0.003 -11"><span class='ocrx_word' id='word_1_11' title='bbox 481 310 600 342; x_wconf 79' lang='lat' dir='ltr'>dientia</span> <span class='ocrx_word' id='word_1_12' title='bbox 625 308 929 352; x_wconf 70' lang='lat' dir='ltr'>perseverantibus,</span> <span class='ocrx_word' id='word_1_13' title='bbox 956 309 1003 339; x_wconf 81' lang='lat' dir='ltr'>ius</span> <span class='ocrx_word' id='word_1_14' title='bbox 1029 307 1216 340; x_wconf 85' lang='lat' dir='ltr'>nominandi</span> 
     </span>
     <span class='ocr_line' id='line_1_4' title="bbox 482 360 1219 404; baseline -0.003 -10"><span class='ocrx_word' id='word_1_15' title='bbox 482 363 575 395; x_wconf 85' lang='lat' dir='ltr'>nobis</span> <span class='ocrx_word' id='word_1_16' title='bbox 609 368 640 393; x_wconf 76' lang='lat' dir='ltr'>et</span> <span class='ocrx_word' id='word_1_17' title='bbox 664 372 723 404; x_wconf 88' lang='lat' dir='ltr'>pro</span> <span class='ocrx_word' id='word_1_18' title='bbox 751 367 895 403; x_wconf 86' lang='lat' dir='ltr'>tempore</span> <span class='ocrx_word' id='word_1_19' title='bbox 922 360 1133 393; x_wconf 78' lang='lat' dir='ltr'>existentibus</span> <span class='ocrx_word' id='word_1_20' title='bbox 1162 360 1219 392; x_wconf 84' lang='lat' dir='ltr'>Ro-</span> 
     </span>
     <span class='ocr_line' id='line_1_5' title="bbox 482 413 1219 447; baseline -0.001 -1"><span class='ocrx_word' id='word_1_21' title='bbox 482 415 583 447; x_wconf 85' lang='lat' dir='ltr'>manis</span> <span class='ocrx_word' id='word_1_22' title='bbox 611 414 819 447; x_wconf 76' lang='lat' dir='ltr'>Pontificibus</span> <span class='ocrx_word' id='word_1_23' title='bbox 841 413 1083 446; x_wconf 85' lang='lat' dir='ltr'>successoribus</span> <span class='ocrx_word' id='word_1_24' title='bbox 1100 413 1219 446; x_wconf 87' lang='lat' dir='ltr'>nostris</span> 
     </span>
     <span class='ocr_line' id='line_1_6' title="bbox 482 465 1220 511; baseline 0 -14"><span class='ocrx_word' id='word_1_25' title='bbox 482 477 635 511; x_wconf 81' lang='lat' dir='ltr'>personas</span> <span class='ocrx_word' id='word_1_26' title='bbox 661 467 812 509; x_wconf 85' lang='lat' dir='ltr'>probatas</span> <span class='ocrx_word' id='word_1_27' title='bbox 837 466 996 498; x_wconf 86' lang='lat' dir='ltr'>bonorum</span> <span class='ocrx_word' id='word_1_28' title='bbox 1024 465 1164 498; x_wconf 79' lang='lat' dir='ltr'>nominis</span> <span class='ocrx_word' id='word_1_29' title='bbox 1190 471 1220 497; x_wconf 86' lang='lat' dir='ltr'>et</span> 
     </span>
     <span class='ocr_line' id='line_1_7' title="bbox 483 519 1219 557; baseline -0.003 -6"><span class='ocrx_word' id='word_1_30' title='bbox 483 522 592 557; x_wconf 74' lang='lat' dir='ltr'>stunae,</span> <span class='ocrx_word' id='word_1_31' title='bbox 611 530 646 551; x_wconf 87' lang='lat' dir='ltr'>ac</span> <span class='ocrx_word' id='word_1_32' title='bbox 665 519 841 551; x_wconf 88' lang='lat' dir='ltr'>secundum</span> <span class='ocrx_word' id='word_1_33' title='bbox 867 528 1032 550; x_wconf 82' lang='lat' dir='ltr'>sacrorum</span> <span class='ocrx_word' id='word_1_34' title='bbox 1059 528 1219 550; x_wconf 89' lang='lat' dir='ltr'>canonum</span> 
     </span>
     <span class='ocr_line' id='line_1_8' title="bbox 482 571 1220 613; baseline -0.004 -8"><span class='ocrx_word' id='word_1_35' title='bbox 482 579 513 605; x_wconf 89' lang='lat' dir='ltr'>et</span> <span class='ocrx_word' id='word_1_36' title='bbox 538 571 670 604; x_wconf 85' lang='lat' dir='ltr'>Concilii</span> <span class='ocrx_word' id='word_1_37' title='bbox 689 571 868 603; x_wconf 78' lang='lat' dir='ltr'>Tridentini</span> <span class='ocrx_word' id='word_1_38' title='bbox 888 571 1095 603; x_wconf 87' lang='lat' dir='ltr'>decretorum</span> <span class='ocrx_word' id='word_1_39' title='bbox 1115 571 1220 613; x_wconf 84' lang='lat' dir='ltr'>dispo-</span> 
     </span>
     <span class='ocr_line' id='line_1_9' title="bbox 483 624 1220 666; baseline -0.001 -9"><span class='ocrx_word' id='word_1_40' title='bbox 483 625 634 658; x_wconf 87' lang='lat' dir='ltr'>sitionem</span> <span class='ocrx_word' id='word_1_41' title='bbox 675 624 827 663; x_wconf 86' lang='lat' dir='ltr'>idoneas,</span> <span class='ocrx_word' id='word_1_42' title='bbox 853 624 891 656; x_wconf 89' lang='lat' dir='ltr'>ad</span> <span class='ocrx_word' id='word_1_43' title='bbox 928 634 1153 666; x_wconf 87' lang='lat' dir='ltr'>quaecumque</span> <span class='ocrx_word' id='word_1_44' title='bbox 1190 629 1220 656; x_wconf 88' lang='lat' dir='ltr'>et</span> 
     </span>
     <span class='ocr_line' id='line_1_10' title="bbox 483 677 1221 722; baseline 0 -12"><span class='ocrx_word' id='word_1_45' title='bbox 483 679 730 722; x_wconf 75' lang='lat' dir='ltr'>qualiacumque</span> <span class='ocrx_word' id='word_1_46' title='bbox 744 677 903 710; x_wconf 78' lang='lat' dir='ltr'>beneficia</span> <span class='ocrx_word' id='word_1_47' title='bbox 922 677 1139 710; x_wconf 85' lang='lat' dir='ltr'>ecclesiastica</span> <span class='ocrx_word' id='word_1_48' title='bbox 1156 688 1221 710; x_wconf 88' lang='lat' dir='ltr'>sae-</span> 
     </span>
     <span class='ocr_line' id='line_1_11' title="bbox 483 730 1221 773; baseline 0.001 -11"><span class='ocrx_word' id='word_1_49' title='bbox 483 731 623 769; x_wconf 84' lang='lat' dir='ltr'>cularia,</span> <span class='ocrx_word' id='word_1_50' title='bbox 650 735 681 763; x_wconf 85' lang='lat' dir='ltr'>et</span> <span class='ocrx_word' id='word_1_51' title='bbox 714 730 899 773; x_wconf 85' lang='lat' dir='ltr'>quorumvis</span> <span class='ocrx_word' id='word_1_52' title='bbox 931 730 1106 770; x_wconf 88' lang='lat' dir='ltr'>Ordinum,</span> <span class='ocrx_word' id='word_1_53' title='bbox 1145 730 1221 763; x_wconf 88' lang='lat' dir='ltr'>Con-</span> 
     </span>
     <span class='ocr_line' id='line_1_12' title="bbox 483 783 1220 826; baseline -0.001 -10"><span class='ocrx_word' id='word_1_54' title='bbox 483 783 704 826; x_wconf 68' lang='lat' dir='ltr'>gregationum</span> <span class='ocrx_word' id='word_1_55' title='bbox 728 788 759 816; x_wconf 86' lang='lat' dir='ltr'>ct</span> <span class='ocrx_word' id='word_1_56' title='bbox 777 783 997 816; x_wconf 89' lang='lat' dir='ltr'>institutorum</span> <span class='ocrx_word' id='word_1_57' title='bbox 1014 783 1097 825; x_wconf 90' lang='lat' dir='ltr'>(non</span> <span class='ocrx_word' id='word_1_58' title='bbox 1114 787 1220 816; x_wconf 86' lang='lat' dir='ltr'>tamen</span> 
     </span>
     <span class='ocr_line' id='line_1_13' title="bbox 483 835 1220 880; baseline -0.001 -11"><span class='ocrx_word' id='word_1_59' title='bbox 483 836 679 880; x_wconf 77' lang='lat' dir='ltr'>hospitalia&#39;</span> <span class='ocrx_word' id='word_1_60' title='bbox 705 837 735 869; x_wconf 81' lang='lat' dir='ltr'>S.</span> <span class='ocrx_word' id='word_1_61' title='bbox 768 836 894 869; x_wconf 89' lang='lat' dir='ltr'>loannis</span> <span class='ocrx_word' id='word_1_62' title='bbox 920 835 1220 879; x_wconf 76' lang='lat' dir='ltr'>Hierosolymitani)</span> 
     </span>
     <span class='ocr_line' id='line_1_14' title="bbox 482 889 1221 934; baseline -0.001 -11"><span class='ocrx_word' id='word_1_63' title='bbox 482 890 661 934; x_wconf 81' lang='lat' dir='ltr'>regularia,</span> <span class='ocrx_word' id='word_1_64' title='bbox 687 891 811 923; x_wconf 83' lang='lat' dir='ltr'>etiamsi</span> <span class='ocrx_word' id='word_1_65' title='bbox 837 889 1027 929; x_wconf 75' lang='lat' dir='ltr'>saecularia,</span> <span class='ocrx_word' id='word_1_66' title='bbox 1052 889 1221 922; x_wconf 87' lang='lat' dir='ltr'>canoniea-</span> 
     </span>
     <span class='ocr_line' id='line_1_15' title="bbox 484 943 1221 986; baseline -0.001 -10"><span class='ocrx_word' id='word_1_67' title='bbox 484 949 532 976; x_wconf 90' lang='lat' dir='ltr'>tus</span> <span class='ocrx_word' id='word_1_68' title='bbox 553 949 584 976; x_wconf 88' lang='lat' dir='ltr'>et</span> <span class='ocrx_word' id='word_1_69' title='bbox 606 943 821 986; x_wconf 77' lang='lat' dir='ltr'>praebendae,</span> <span class='ocrx_word' id='word_1_70' title='bbox 841 943 1014 985; x_wconf 79' lang='lat' dir='ltr'>dignitates</span> <span class='ocrx_word' id='word_1_71' title='bbox 1034 943 1129 976; x_wconf 90' lang='lat' dir='ltr'>etiam</span> <span class='ocrx_word' id='word_1_72' title='bbox 1148 948 1221 986; x_wconf 87' lang='lat' dir='ltr'>post</span> 
     </span>
     <span class='ocr_line' id='line_1_16' title="bbox 483 995 1220 1039; baseline 0.001 -13"><span class='ocrx_word' id='word_1_73' title='bbox 483 996 698 1039; x_wconf 78' lang='lat' dir='ltr'>pontificalem</span> <span class='ocrx_word' id='word_1_74' title='bbox 734 996 871 1029; x_wconf 87' lang='lat' dir='ltr'>maiores</span> <span class='ocrx_word' id='word_1_75' title='bbox 904 996 935 1027; x_wconf 92' lang='lat' dir='ltr'>in</span> <span class='ocrx_word' id='word_1_76' title='bbox 973 995 1220 1036; x_wconf 88' lang='lat' dir='ltr'>cathedralibus,</span> 
     </span>
     <span class='ocr_line' id='line_1_17' title="bbox 483 1048 1220 1092; baseline 0 -11"><span class='ocrx_word' id='word_1_77' title='bbox 483 1060 518 1082; x_wconf 86' lang='lat' dir='ltr'>ac</span> <span class='ocrx_word' id='word_1_78' title='bbox 551 1049 748 1092; x_wconf 75' lang='lat' dir='ltr'>principales</span> <span class='ocrx_word' id='word_1_79' title='bbox 780 1049 812 1081; x_wconf 90' lang='lat' dir='ltr'>in</span> <span class='ocrx_word' id='word_1_80' title='bbox 849 1048 1029 1091; x_wconf 75' lang='lat' dir='ltr'>collegiatis</span> <span class='ocrx_word' id='word_1_81' title='bbox 1065 1049 1220 1090; x_wconf 77' lang='lat' dir='ltr'>ecclesiis,</span> 
     </span>
     <span class='ocr_line' id='line_1_18' title="bbox 483 1102 1219 1146; baseline 0 -11"><span class='ocrx_word' id='word_1_82' title='bbox 483 1108 694 1146; x_wconf 71' lang='lat' dir='ltr'>personatus,</span> <span class='ocrx_word' id='word_1_83' title='bbox 721 1102 1014 1135; x_wconf 77' lang='lat' dir='ltr'>administrationes</span> <span class='ocrx_word' id='word_1_84' title='bbox 1041 1107 1073 1135; x_wconf 89' lang='lat' dir='ltr'>et</span> <span class='ocrx_word' id='word_1_85' title='bbox 1099 1102 1219 1143; x_wconf 80' lang='lat' dir='ltr'>officia,</span> 
     </span>
     <span class='ocr_line' id='line_1_19' title="bbox 483 1155 1222 1198; baseline -0.001 -10"><span class='ocrx_word' id='word_1_86' title='bbox 483 1156 647 1198; x_wconf 76' lang='lat' dir='ltr'>regularIa</span> <span class='ocrx_word' id='word_1_87' title='bbox 664 1166 737 1188; x_wconf 87' lang='lat' dir='ltr'>vero</span> <span class='ocrx_word' id='word_1_88' title='bbox 757 1155 912 1187; x_wconf 75' lang='lat' dir='ltr'>beneficia</span> <span class='ocrx_word' id='word_1_89' title='bbox 937 1155 1133 1195; x_wconf 82' lang='lat' dir='ltr'>huiusmodi⁷</span> <span class='ocrx_word' id='word_1_90' title='bbox 1156 1166 1222 1188; x_wconf 91' lang='lat' dir='ltr'>mo-</span> 
     </span>
     <span class='ocr_line' id='line_1_20' title="bbox 484 1208 1222 1248; baseline -0.001 -7"><span class='ocrx_word' id='word_1_91' title='bbox 484 1209 621 1241; x_wconf 68' lang='lat' dir='ltr'>nasteria</span> <span class='ocrx_word' id='word_1_92' title='bbox 647 1209 741 1241; x_wconf 89' lang='lat' dir='ltr'>ctiam</span> <span class='ocrx_word' id='word_1_93' title='bbox 768 1208 1017 1248; x_wconf 83' lang='lat' dir='ltr'>consistorialia,</span> <span class='ocrx_word' id='word_1_94' title='bbox 1037 1208 1112 1241; x_wconf 91' lang='lat' dir='ltr'>etin</span> <span class='ocrx_word' id='word_1_95' title='bbox 1132 1209 1222 1241; x_wconf 90' lang='lat' dir='ltr'>libris</span> 
     </span>
     <span class='ocr_line' id='line_1_21' title="bbox 484 1262 1220 1306; baseline -0.001 -11"><span class='ocrx_word' id='word_1_96' title='bbox 484 1263 633 1296; x_wconf 80' lang='lat' dir='ltr'>Gamerae</span> <span class='ocrx_word' id='word_1_97' title='bbox 671 1263 876 1306; x_wconf 82' lang='lat' dir='ltr'>Apostolicae</span> <span class='ocrx_word' id='word_1_98' title='bbox 903 1268 1031 1300; x_wconf 83' lang='lat' dir='ltr'>taxata,</span> <span class='ocrx_word' id='word_1_99' title='bbox 1058 1262 1220 1305; x_wconf 86' lang='lat' dir='ltr'>prioratus</span> 
     </span>
     <span class='ocr_line' id='line_1_22' title="bbox 485 1315 1222 1358; baseline -0.001 -10"><span class='ocrx_word' id='word_1_100' title='bbox 485 1316 579 1349; x_wconf 86' lang='lat' dir='ltr'>etiam</span> <span class='ocrx_word' id='word_1_101' title='bbox 593 1317 834 1354; x_wconf 83' lang='lat' dir='ltr'>conventuales,</span> <span class='ocrx_word' id='word_1_102' title='bbox 855 1315 1111 1358; x_wconf 80' lang='lat' dir='ltr'>praepositurae,</span> <span class='ocrx_word' id='word_1_103' title='bbox 1132 1326 1222 1358; x_wconf 85' lang='lat' dir='ltr'>prac-</span> 
     </span>
     <span class='ocr_line' id='line_1_23' title="bbox 484 1369 1221 1413; baseline 0 -12"><span class='ocrx_word' id='word_1_104' title='bbox 484 1370 652 1413; x_wconf 85' lang='lat' dir='ltr'>positatus‚</span> <span class='ocrx_word' id='word_1_105' title='bbox 677 1369 923 1412; x_wconf 84' lang='lat' dir='ltr'>praeceptoriae</span> <span class='ocrx_word' id='word_1_106' title='bbox 938 1380 994 1400; x_wconf 89' lang='lat' dir='ltr'>seu</span> <span class='ocrx_word' id='word_1_107' title='bbox 1009 1370 1221 1402; x_wconf 88' lang='lat' dir='ltr'>commendae</span> 
     </span>
     <span class='ocr_line' id='line_1_24' title="bbox 485 1423 1223 1465; baseline -0.003 -9"><span class='ocrx_word' id='word_1_108' title='bbox 485 1428 515 1456; x_wconf 86' lang='lat' dir='ltr'>et</span> <span class='ocrx_word' id='word_1_109' title='bbox 540 1423 644 1456; x_wconf 78' lang='lat' dir='ltr'>officia</span> <span class='ocrx_word' id='word_1_110' title='bbox 677 1424 762 1461; x_wconf 92' lang='lat' dir='ltr'>(non</span> <span class='ocrx_word' id='word_1_111' title='bbox 791 1428 895 1454; x_wconf 84' lang='lat' dir='ltr'>tamen</span> <span class='ocrx_word' id='word_1_112' title='bbox 927 1423 1132 1465; x_wconf 82' lang='lat' dir='ltr'>claustralia)</span> <span class='ocrx_word' id='word_1_113' title='bbox 1159 1423 1223 1455; x_wconf 87' lang='lat' dir='ltr'>fue-</span> 
     </span>
     <span class='ocr_line' id='line_1_25' title="bbox 483 1476 1223 1520; baseline 0.001 -11"><span class='ocrx_word' id='word_1_114' title='bbox 483 1477 565 1515; x_wconf 87' lang='lat' dir='ltr'>rint,</span> <span class='ocrx_word' id='word_1_115' title='bbox 593 1482 622 1509; x_wconf 92' lang='lat' dir='ltr'>ct</span> <span class='ocrx_word' id='word_1_116' title='bbox 656 1477 694 1509; x_wconf 87' lang='lat' dir='ltr'>ad</span> <span class='ocrx_word' id='word_1_117' title='bbox 725 1477 780 1508; x_wconf 90' lang='lat' dir='ltr'>illa</span> <span class='ocrx_word' id='word_1_118' title='bbox 815 1477 1045 1509; x_wconf 87' lang='lat' dir='ltr'>consueverint</span> <span class='ocrx_word' id='word_1_119' title='bbox 1078 1476 1131 1519; x_wconf 87' lang='lat' dir='ltr'>qui</span> <span class='ocrx_word' id='word_1_120' title='bbox 1165 1487 1223 1520; x_wconf 88' lang='lat' dir='ltr'>per</span> 
     </span>
     <span class='ocr_line' id='line_1_26' title="bbox 484 1529 1221 1573; baseline 0.001 -11"><span class='ocrx_word' id='word_1_121' title='bbox 484 1529 677 1562; x_wconf 87' lang='lat' dir='ltr'>electionem</span> <span class='ocrx_word' id='word_1_122' title='bbox 703 1540 760 1562; x_wconf 89' lang='lat' dir='ltr'>seu</span> <span class='ocrx_word' id='word_1_123' title='bbox 786 1529 882 1561; x_wconf 89' lang='lat' dir='ltr'>alium</span> <span class='ocrx_word' id='word_1_124' title='bbox 901 1540 1137 1573; x_wconf 87' lang='lat' dir='ltr'>quemcumque</span> <span class='ocrx_word' id='word_1_125' title='bbox 1156 1540 1221 1563; x_wconf 89' lang='lat' dir='ltr'>mo-</span> 
     </span>
     <span class='ocr_line' id='line_1_27' title="bbox 485 1582 1222 1626; baseline 0.001 -12"><span class='ocrx_word' id='word_1_126' title='bbox 485 1583 559 1615; x_wconf 86' lang='lat' dir='ltr'>dum</span> <span class='ocrx_word' id='word_1_127' title='bbox 587 1582 707 1615; x_wconf 84' lang='lat' dir='ltr'>assumi</span> <span class='ocrx_word' id='word_1_128' title='bbox 734 1582 902 1626; x_wconf 76' lang='lat' dir='ltr'>(exceptiS</span> <span class='ocrx_word' id='word_1_129' title='bbox 937 1588 1045 1615; x_wconf 87' lang='lat' dir='ltr'>tamen</span> <span class='ocrx_word' id='word_1_130' title='bbox 1070 1583 1222 1616; x_wconf 88' lang='lat' dir='ltr'>mediano</span> 
     </span>
     <span class='ocr_line' id='line_1_28' title="bbox 484 1635 1223 1678; baseline 0.001 -11"><span class='ocrx_word' id='word_1_131' title='bbox 484 1635 702 1675; x_wconf 83' lang='lat' dir='ltr'>monasterio,</span> <span class='ocrx_word' id='word_1_132' title='bbox 736 1636 830 1677; x_wconf 72' lang='lat' dir='ltr'>vulgo</span> <span class='ocrx_word' id='word_1_133' title='bbox 860 1635 898 1667; x_wconf 91' lang='lat' dir='ltr'>de</span> <span class='ocrx_word' id='word_1_134' title='bbox 928 1646 1058 1678; x_wconf 69' lang='lat' dir='ltr'>moyen,</span> <span class='ocrx_word' id='word_1_135' title='bbox 1089 1635 1223 1669; x_wconf 88' lang='lat' dir='ltr'>Moutier</span> 
     </span>
     <span class='ocr_line' id='line_1_29' title="bbox 485 1688 1224 1730; baseline 0.001 -10"><span class='ocrx_word' id='word_1_136' title='bbox 485 1693 674 1730; x_wconf 90' lang='lat' dir='ltr'>nuncupato</span> <span class='ocrx_word' id='word_1_137' title='bbox 688 1688 719 1720; x_wconf 89' lang='lat' dir='ltr'>S.</span> <span class='ocrx_word' id='word_1_138' title='bbox 737 1688 892 1730; x_wconf 75' lang='lat' dir='ltr'>[lidulphi</span> <span class='ocrx_word' id='word_1_139' title='bbox 908 1688 1036 1721; x_wconf 86' lang='lat' dir='ltr'>Ordinis</span> <span class='ocrx_word' id='word_1_140' title='bbox 1052 1689 1153 1721; x_wconf 86' lang='lat' dir='ltr'>sancti</span> <span class='ocrx_word' id='word_1_141' title='bbox 1169 1689 1224 1721; x_wconf 89' lang='lat' dir='ltr'>Be-</span> 
     </span>
     <span class='ocr_line' id='line_1_30' title="bbox 484 1740 1222 1784; baseline 0.001 -10"><span class='ocrx_word' id='word_1_142' title='bbox 484 1741 614 1779; x_wconf 84' lang='lat' dir='ltr'>nedicti,</span> <span class='ocrx_word' id='word_1_143' title='bbox 636 1740 740 1783; x_wconf 85' lang='lat' dir='ltr'>capite</span> <span class='ocrx_word' id='word_1_144' title='bbox 759 1741 1030 1784; x_wconf 80' lang='lat' dir='ltr'>Congregationis</span> <span class='ocrx_word' id='word_1_145' title='bbox 1049 1741 1098 1774; x_wconf 84' lang='lat' dir='ltr'>Ss.</span> <span class='ocrx_word' id='word_1_146' title='bbox 1118 1742 1222 1776; x_wconf 85' lang='lat' dir='ltr'>Vitoni</span> 
     </span>
     <span class='ocr_line' id='line_1_31' title="bbox 486 1793 1223 1837; baseline 0.004 -12"><span class='ocrx_word' id='word_1_147' title='bbox 486 1800 518 1826; x_wconf 85' lang='lat' dir='ltr'>et</span> <span class='ocrx_word' id='word_1_148' title='bbox 542 1793 715 1836; x_wconf 79' lang='lat' dir='ltr'>Ilidulphi,</span> <span class='ocrx_word' id='word_1_149' title='bbox 742 1794 879 1833; x_wconf 86' lang='lat' dir='ltr'>nullius,</span> <span class='ocrx_word' id='word_1_150' title='bbox 907 1794 1093 1837; x_wconf 87' lang='lat' dir='ltr'>provinciae</span> <span class='ocrx_word' id='word_1_151' title='bbox 1118 1795 1223 1828; x_wconf 87' lang='lat' dir='ltr'>Trevi-</span> 
     </span>
     <span class='ocr_line' id='line_1_32' title="bbox 485 1846 1222 1890; baseline 0.003 -12"><span class='ocrx_word' id='word_1_152' title='bbox 485 1846 587 1879; x_wconf 86' lang='lat' dir='ltr'>rensis</span> <span class='ocrx_word' id='word_1_153' title='bbox 608 1846 639 1878; x_wconf 90' lang='lat' dir='ltr'>in</span> <span class='ocrx_word' id='word_1_154' title='bbox 657 1846 879 1888; x_wconf 78' lang='lat' dir='ltr'>Lotbaringia,</span> <span class='ocrx_word' id='word_1_155' title='bbox 893 1846 996 1879; x_wconf 88' lang='lat' dir='ltr'>eidem</span> <span class='ocrx_word' id='word_1_156' title='bbox 1012 1847 1222 1890; x_wconf 84' lang='lat' dir='ltr'>Apostolicae</span> 
     </span>
     <span class='ocr_line' id='line_1_33' title="bbox 485 1899 1224 1944; baseline 0.004 -13"><span class='ocrx_word' id='word_1_157' title='bbox 485 1899 558 1932; x_wconf 83' lang='lat' dir='ltr'>Sedi</span> <span class='ocrx_word' id='word_1_158' title='bbox 584 1899 773 1932; x_wconf 86' lang='lat' dir='ltr'>immediate</span> <span class='ocrx_word' id='word_1_159' title='bbox 799 1899 962 1940; x_wconf 87' lang='lat' dir='ltr'>subiecto,</span> <span class='ocrx_word' id='word_1_160' title='bbox 990 1900 1039 1933; x_wconf 90' lang='lat' dir='ltr'>cui</span> <span class='ocrx_word' id='word_1_161' title='bbox 1065 1911 1123 1944; x_wconf 89' lang='lat' dir='ltr'>per</span> <span class='ocrx_word' id='word_1_162' title='bbox 1147 1901 1224 1934; x_wconf 86' lang='lat' dir='ltr'>alias</span> 
     </span>
     <span class='ocr_line' id='line_1_34' title="bbox 485 1952 1223 1996; baseline 0.004 -12"><span class='ocrx_word' id='word_1_163' title='bbox 485 1957 616 1985; x_wconf 88' lang='lat' dir='ltr'>nostras</span> <span class='ocrx_word' id='word_1_164' title='bbox 637 1953 696 1985; x_wconf 87' lang='lat' dir='ltr'>sub</span> <span class='ocrx_word' id='word_1_165' title='bbox 723 1952 856 1995; x_wconf 89' lang='lat' dir='ltr'>plumbo</span> <span class='ocrx_word' id='word_1_166' title='bbox 875 1953 979 1996; x_wconf 85' lang='lat' dir='ltr'>pridie</span> <span class='ocrx_word' id='word_1_167' title='bbox 997 1953 1066 1986; x_wconf 91' lang='lat' dir='ltr'>idus</span> <span class='ocrx_word' id='word_1_168' title='bbox 1086 1953 1223 1987; x_wconf 89' lang='lat' dir='ltr'>ianuarii</span> 
     </span>
     <span class='ocr_line' id='line_1_35' title="bbox 486 2005 1224 2041; baseline 0.004 -4"><span class='ocrx_word' id='word_1_169' title='bbox 486 2015 570 2038; x_wconf 89' lang='lat' dir='ltr'>anno</span> <span class='ocrx_word' id='word_1_170' title='bbox 595 2005 832 2038; x_wconf 81' lang='lat' dir='ltr'>Incarnationis</span> <span class='ocrx_word' id='word_1_171' title='bbox 860 2005 1039 2039; x_wconf 83' lang='lat' dir='ltr'>dominicae</span> <span class='ocrx_word' id='word_1_172' title='bbox 1075 2016 1224 2041; x_wconf 77' lang='lat' dir='ltr'>moccxxx</span> 
     </span>
     <span class='ocr_line' id='line_1_36' title="bbox 485 2058 1224 2103; baseline 0.003 -13"><span class='ocrx_word' id='word_1_173' title='bbox 485 2068 540 2091; x_wconf 88' lang='lat' dir='ltr'>seu</span> <span class='ocrx_word' id='word_1_174' title='bbox 567 2058 629 2091; x_wconf 91' lang='lat' dir='ltr'>alio</span> <span class='ocrx_word' id='word_1_175' title='bbox 657 2058 771 2091; x_wconf 87' lang='lat' dir='ltr'>veriori</span> <span class='ocrx_word' id='word_1_176' title='bbox 810 2063 956 2102; x_wconf 89' lang='lat' dir='ltr'>tempore</span> <span class='ocrx_word' id='word_1_177' title='bbox 982 2060 1147 2103; x_wconf 78' lang='lat' dir='ltr'>expeditas</span> <span class='ocrx_word' id='word_1_178' title='bbox 1172 2060 1224 2094; x_wconf 91' lang='lat' dir='ltr'>lit-</span> 
     </span>
     <span class='ocr_line' id='line_1_37' title="bbox 488 2113 1223 2156; baseline 0.003 -12"><span class='ocrx_word' id='word_1_179' title='bbox 488 2116 580 2150; x_wconf 74' lang='lat' dir='ltr'>teras,</span> <span class='ocrx_word' id='word_1_180' title='bbox 600 2121 736 2154; x_wconf 86' lang='lat' dir='ltr'>quarum</span> <span class='ocrx_word' id='word_1_181' title='bbox 763 2116 893 2145; x_wconf 86' lang='lat' dir='ltr'>tenores</span> <span class='ocrx_word' id='word_1_182' title='bbox 914 2113 1140 2154; x_wconf 86' lang='lat' dir='ltr'>praesentibus</span> <span class='ocrx_word' id='word_1_183' title='bbox 1162 2123 1223 2156; x_wconf 90' lang='lat' dir='ltr'>pro</span> 
     </span>
     <span class='ocr_line' id='line_1_38' title="bbox 486 2163 1222 2206; baseline 0.004 -10"><span class='ocrx_word' id='word_1_184' title='bbox 486 2164 646 2206; x_wconf 78' lang='lat' dir='ltr'>expressis</span> <span class='ocrx_word' id='word_1_185' title='bbox 674 2163 788 2196; x_wconf 90' lang='lat' dir='ltr'>baberi</span> <span class='ocrx_word' id='word_1_186' title='bbox 814 2165 975 2205; x_wconf 85' lang='lat' dir='ltr'>volumus,</span> <span class='ocrx_word' id='word_1_187' title='bbox 995 2165 1131 2198; x_wconf 88' lang='lat' dir='ltr'>liberam</span> <span class='ocrx_word' id='word_1_188' title='bbox 1157 2167 1222 2199; x_wconf 87' lang='lat' dir='ltr'>ele-</span> 
     </span>
     <span class='ocr_line' id='line_1_39' title="bbox 485 2217 1224 2259; baseline 0.003 -10"><span class='ocrx_word' id='word_1_189' title='bbox 485 2217 627 2249; x_wconf 84' lang='lat' dir='ltr'>ctionem</span> <span class='ocrx_word' id='word_1_190' title='bbox 665 2227 825 2259; x_wconf 83' lang='lat' dir='ltr'>personae</span> <span class='ocrx_word' id='word_1_191' title='bbox 860 2217 996 2250; x_wconf 85' lang='lat' dir='ltr'>idoneae</span> <span class='ocrx_word' id='word_1_192' title='bbox 1032 2218 1161 2251; x_wconf 89' lang='lat' dir='ltr'>Ordinis</span> <span class='ocrx_word' id='word_1_193' title='bbox 1192 2225 1224 2252; x_wconf 90' lang='lat' dir='ltr'>et</span> 
     </span>
     <span class='ocr_line' id='line_1_40' title="bbox 485 2269 1223 2312; baseline 0.004 -11"><span class='ocrx_word' id='word_1_194' title='bbox 485 2269 753 2312; x_wconf 77' lang='lat' dir='ltr'>Congrcgationis</span> <span class='ocrx_word' id='word_1_195' title='bbox 786 2269 970 2303; x_wconf 85' lang='lat' dir='ltr'>huiusmodi</span> <span class='ocrx_word' id='word_1_196' title='bbox 1006 2271 1038 2303; x_wconf 92' lang='lat' dir='ltr'>in</span> <span class='ocrx_word' id='word_1_197' title='bbox 1073 2272 1223 2304; x_wconf 84' lang='lat' dir='ltr'>abbatem</span> 
     </span>
     <span class='ocr_line' id='line_1_41' title="bbox 486 2322 1224 2367; baseline 0.003 -12"><span class='ocrx_word' id='word_1_198' title='bbox 486 2322 561 2355; x_wconf 84' lang='lat' dir='ltr'>dicti</span> <span class='ocrx_word' id='word_1_199' title='bbox 588 2323 777 2355; x_wconf 87' lang='lat' dir='ltr'>monasterii</span> <span class='ocrx_word' id='word_1_200' title='bbox 805 2323 1045 2366; x_wconf 79' lang='lat' dir='ltr'>praeficiendae</span> <span class='ocrx_word' id='word_1_201' title='bbox 1070 2334 1224 2367; x_wconf 82' lang='lat' dir='ltr'>expresse</span> 
     </span>
     <span class='ocr_line' id='line_1_42' title="bbox 486 2375 1223 2419; baseline 0.003 -11"><span class='ocrx_word' id='word_1_202' title='bbox 486 2375 714 2413; x_wconf 85' lang='lat' dir='ltr'>concessimus,</span> <span class='ocrx_word' id='word_1_203' title='bbox 735 2375 886 2418; x_wconf 88' lang='lat' dir='ltr'>aliisque,</span> <span class='ocrx_word' id='word_1_204' title='bbox 904 2375 931 2408; x_wconf 89' lang='lat' dir='ltr'>si</span> <span class='ocrx_word' id='word_1_205' title='bbox 956 2387 1039 2419; x_wconf 89' lang='lat' dir='ltr'>quae</span> <span class='ocrx_word' id='word_1_206' title='bbox 1064 2376 1126 2410; x_wconf 85' lang='lat' dir='ltr'>alia</span> <span class='ocrx_word' id='word_1_207' title='bbox 1150 2377 1223 2417; x_wconf 89' lang='lat' dir='ltr'>sint,</span> 
     </span>
     <span class='ocr_line' id='line_1_43' title="bbox 487 2428 1224 2472; baseline 0.003 -12"><span class='ocrx_word' id='word_1_208' title='bbox 487 2428 772 2470; x_wconf 76' lang='lat' dir='ltr'>congregationum</span> <span class='ocrx_word' id='word_1_209' title='bbox 799 2429 921 2472; x_wconf 86' lang='lat' dir='ltr'>capita,</span> <span class='ocrx_word' id='word_1_210' title='bbox 947 2430 1156 2463; x_wconf 82' lang='lat' dir='ltr'>monasteriis</span> <span class='ocrx_word' id='word_1_211' title='bbox 1189 2441 1224 2462; x_wconf 87' lang='lat' dir='ltr'>ac</span> 
     </span>
     <span class='ocr_line' id='line_1_44' title="bbox 486 2480 1220 2526; baseline 0.004 -13"><span class='ocrx_word' id='word_1_212' title='bbox 486 2480 728 2523; x_wconf 84' lang='lat' dir='ltr'>parochialibus</span> <span class='ocrx_word' id='word_1_213' title='bbox 755 2480 916 2521; x_wconf 85' lang='lat' dir='ltr'>ecclesiis,</span> <span class='ocrx_word' id='word_1_214' title='bbox 942 2491 1116 2525; x_wconf 82' lang='lat' dir='ltr'>earumque</span> <span class='ocrx_word' id='word_1_215' title='bbox 1143 2493 1220 2526; x_wconf 89' lang='lat' dir='ltr'>per-</span> 
     </span>
    </p>
   </div>
   <div class='ocr_carea' id='block_1_3' title="bbox 523 2592 1117 2634">
    <p class='ocr_par' dir='ltr' id='par_1_3' title="bbox 523 2592 1117 2634">
     <span class='ocr_line' id='line_1_45' title="bbox 523 2592 1117 2634; baseline 0.005 -11"><span class='ocrx_word' id='word_1_216' title='bbox 523 2597 534 2623; x_wconf 90' lang='lat'>1</span> <span class='ocrx_word' id='word_1_217' title='bbox 555 2595 669 2624; x_wconf 82' lang='lat' dir='ltr'>Videtur</span> <span class='ocrx_word' id='word_1_218' title='bbox 688 2592 831 2633; x_wconf 81' lang='lat' dir='ltr'>legendum</span> <span class='ocrx_word' id='word_1_219' title='bbox 850 2597 1000 2632; x_wconf 75' lang='lat' dir='ltr'>hospitalis</span> <span class='ocrx_word' id='word_1_220' title='bbox 1019 2598 1056 2633; x_wconf 82' lang='lat' dir='ltr'>(tt.</span> <span class='ocrx_word' id='word_1_221' title='bbox 1068 2597 1117 2634; x_wconf 86' lang='lat' dir='ltr'><strong>T.).</strong></span> 
     </span>
    </p>
   </div>
   <div class='ocr_carea' id='block_1_4' title="bbox 1241 1070 1247 1791">
    <p class='ocr_par' dir='ltr' id='par_1_4' title="bbox 1241 1070 1247 1791">
     <span class='ocr_line' id='line_1_46' title="bbox 1241 1070 1247 1791; baseline 0 0"><span class='ocrx_word' id='word_1_222' title='bbox 1241 1070 1247 1791; x_wconf 95' lang='lat' dir='ltr'> </span> 
     </span>
    </p>
   </div>
   <div class='ocr_carea' id='block_1_5' title="bbox 1055 206 1421 231">
    <p class='ocr_par' dir='ltr' id='par_1_5' title="bbox 1055 206 1421 231">
     <span class='ocr_line' id='line_1_47' title="bbox 1055 206 1421 231; baseline 0.003 -2"><span class='ocrx_word' id='word_1_223' title='bbox 1055 206 1239 230; x_wconf 76' lang='lat' dir='ltr'>BULLARIUM</span> <span class='ocrx_word' id='word_1_224' title='bbox 1266 206 1421 231; x_wconf 78' lang='lat' dir='ltr'><strong>ROMANUM</strong></span> 
     </span>
    </p>
   </div>
   <div class='ocr_carea' id='block_1_6' title="bbox 1261 255 2007 2635">
    <p class='ocr_par' dir='ltr' id='par_1_6' title="bbox 1261 255 2005 1518">
     <span class='ocr_line' id='line_1_48' title="bbox 1261 255 1998 297; baseline 0.007 -10"><span class='ocrx_word' id='word_1_225' title='bbox 1261 256 1367 297; x_wconf 89' lang='lat' dir='ltr'>petuis</span> <span class='ocrx_word' id='word_1_226' title='bbox 1393 255 1531 297; x_wconf 88' lang='lat' dir='ltr'>vicariis,</span> <span class='ocrx_word' id='word_1_227' title='bbox 1553 261 1583 289; x_wconf 89' lang='lat' dir='ltr'>et</span> <span class='ocrx_word' id='word_1_228' title='bbox 1601 257 1669 291; x_wconf 80' lang='lat' dir='ltr'>aliis</span> <span class='ocrx_word' id='word_1_229' title='bbox 1694 259 1861 292; x_wconf 76' lang='lat' dir='ltr'>beneficiis</span> <span class='ocrx_word' id='word_1_230' title='bbox 1888 270 1998 293; x_wconf 86' lang='lat' dir='ltr'>curam</span> 
     </span>
     <span class='ocr_line' id='line_1_49' title="bbox 1262 310 1998 355; baseline 0.008 -15"><span class='ocrx_word' id='word_1_231' title='bbox 1262 310 1530 342; x_wconf 87' lang='lat' dir='ltr'>sacramentalem</span> <span class='ocrx_word' id='word_1_232' title='bbox 1570 310 1747 343; x_wconf 86' lang='lat' dir='ltr'>animarum</span> <span class='ocrx_word' id='word_1_233' title='bbox 1787 313 1998 355; x_wconf 86' lang='lat' dir='ltr'>parochiano-</span> 
     </span>
     <span class='ocr_line' id='line_1_50' title="bbox 1263 363 1999 405; baseline 0.005 -12"><span class='ocrx_word' id='word_1_234' title='bbox 1263 371 1330 393; x_wconf 91' lang='lat' dir='ltr'>rum</span> <span class='ocrx_word' id='word_1_235' title='bbox 1352 372 1509 394; x_wconf 80' lang='lat' dir='ltr'>annexam</span> <span class='ocrx_word' id='word_1_236' title='bbox 1536 363 1780 405; x_wconf 85' lang='lat' dir='ltr'>quomodolibet</span> <span class='ocrx_word' id='word_1_237' title='bbox 1803 364 1999 397; x_wconf 87' lang='lat' dir='ltr'>habentibus</span> 
     </span>
     <span class='ocr_line' id='line_1_51' title="bbox 1263 415 1999 460; baseline 0.007 -14"><span class='ocrx_word' id='word_1_238' title='bbox 1263 415 1455 457; x_wconf 85' lang='lat' dir='ltr'>omnibus),</span> <span class='ocrx_word' id='word_1_239' title='bbox 1492 415 1523 447; x_wconf 90' lang='lat' dir='ltr'>in</span> <span class='ocrx_word' id='word_1_240' title='bbox 1560 415 1737 448; x_wconf 88' lang='lat' dir='ltr'>ditionibus</span> <span class='ocrx_word' id='word_1_241' title='bbox 1772 417 1999 460; x_wconf 83' lang='lat' dir='ltr'>Lotharingiae</span> 
     </span>
     <span class='ocr_line' id='line_1_52' title="bbox 1264 468 2000 510; baseline 0.005 -11"><span class='ocrx_word' id='word_1_242' title='bbox 1264 473 1295 500; x_wconf 85' lang='lat' dir='ltr'>et</span> <span class='ocrx_word' id='word_1_243' title='bbox 1320 468 1414 507; x_wconf 69' lang='lat' dir='ltr'>Bai-ii,</span> <span class='ocrx_word' id='word_1_244' title='bbox 1440 479 1521 510; x_wconf 86' lang='lat' dir='ltr'>quae</span> <span class='ocrx_word' id='word_1_245' title='bbox 1549 469 1706 501; x_wconf 87' lang='lat' dir='ltr'>maiestati</span> <span class='ocrx_word' id='word_1_246' title='bbox 1726 474 1798 502; x_wconf 87' lang='lat' dir='ltr'>tuae</span> <span class='ocrx_word' id='word_1_247' title='bbox 1824 475 1855 502; x_wconf 86' lang='lat' dir='ltr'>et</span> <span class='ocrx_word' id='word_1_248' title='bbox 1878 480 2000 503; x_wconf 86' lang='lat' dir='ltr'>succes-</span> 
     </span>
     <span class='ocr_line' id='line_1_53' title="bbox 1263 521 2001 564; baseline 0.005 -12"><span class='ocrx_word' id='word_1_249' title='bbox 1263 521 1392 553; x_wconf 90' lang='lat' dir='ltr'>soribus</span> <span class='ocrx_word' id='word_1_250' title='bbox 1425 521 1486 553; x_wconf 88' lang='lat' dir='ltr'>tuis</span> <span class='ocrx_word' id='word_1_251' title='bbox 1512 522 1708 554; x_wconf 85' lang='lat' dir='ltr'>Francorum</span> <span class='ocrx_word' id='word_1_252' title='bbox 1740 522 1869 564; x_wconf 82' lang='lat' dir='ltr'>regibus</span> <span class='ocrx_word' id='word_1_253' title='bbox 1895 523 2001 557; x_wconf 89' lang='lat' dir='ltr'>subie-</span> 
     </span>
     <span class='ocr_line' id='line_1_54' title="bbox 1264 574 1999 620; baseline 0.005 -15"><span class='ocrx_word' id='word_1_254' title='bbox 1264 578 1331 606; x_wconf 85' lang='lat' dir='ltr'>ctae</span> <span class='ocrx_word' id='word_1_255' title='bbox 1357 579 1445 613; x_wconf 88' lang='lat' dir='ltr'>sunt,</span> <span class='ocrx_word' id='word_1_256' title='bbox 1471 574 1636 607; x_wconf 78' lang='lat' dir='ltr'>dumtaxat</span> <span class='ocrx_word' id='word_1_257' title='bbox 1659 574 1888 615; x_wconf 87' lang='lat' dir='ltr'>consistentia,</span> <span class='ocrx_word' id='word_1_258' title='bbox 1917 587 1999 620; x_wconf 87' lang='lat' dir='ltr'>quae</span> 
     </span>
     <span class='ocr_line' id='line_1_55' title="bbox 1265 626 2002 671; baseline 0.004 -13"><span class='ocrx_word' id='word_1_259' title='bbox 1265 631 1355 659; x_wconf 76' lang='lat' dir='ltr'>extra</span> <span class='ocrx_word' id='word_1_260' title='bbox 1380 626 1557 659; x_wconf 83' lang='lat' dir='ltr'>Romanam</span> <span class='ocrx_word' id='word_1_261' title='bbox 1588 626 1716 659; x_wconf 90' lang='lat' dir='ltr'>Curiam</span> <span class='ocrx_word' id='word_1_262' title='bbox 1747 627 1912 671; x_wconf 89' lang='lat' dir='ltr'>quibusvis</span> <span class='ocrx_word' id='word_1_263' title='bbox 1937 639 2002 662; x_wconf 89' lang='lat' dir='ltr'>mo-</span> 
     </span>
     <span class='ocr_line' id='line_1_56' title="bbox 1265 679 2003 723; baseline 0.003 -11"><span class='ocrx_word' id='word_1_264' title='bbox 1265 679 1312 712; x_wconf 91' lang='lat' dir='ltr'>dis</span> <span class='ocrx_word' id='word_1_265' title='bbox 1339 685 1370 712; x_wconf 89' lang='lat' dir='ltr'>et</span> <span class='ocrx_word' id='word_1_266' title='bbox 1394 690 1432 712; x_wconf 83' lang='lat' dir='ltr'>ex</span> <span class='ocrx_word' id='word_1_267' title='bbox 1465 690 1746 723; x_wconf 86' lang='lat' dir='ltr'>quorumcumque</span> <span class='ocrx_word' id='word_1_268' title='bbox 1777 680 1927 723; x_wconf 89' lang='lat' dir='ltr'>personis</span> <span class='ocrx_word' id='word_1_269' title='bbox 1951 692 2003 714; x_wconf 93' lang='lat' dir='ltr'>va-</span> 
     </span>
     <span class='ocr_line' id='line_1_57' title="bbox 1265 732 2002 777; baseline 0.003 -12"><span class='ocrx_word' id='word_1_270' title='bbox 1265 742 1339 765; x_wconf 90' lang='lat' dir='ltr'>care</span> <span class='ocrx_word' id='word_1_271' title='bbox 1357 732 1540 775; x_wconf 80' lang='lat' dir='ltr'>contigerit,</span> <span class='ocrx_word' id='word_1_272' title='bbox 1560 737 1590 765; x_wconf 89' lang='lat' dir='ltr'>et</span> <span class='ocrx_word' id='word_1_273' title='bbox 1608 743 1746 776; x_wconf 88' lang='lat' dir='ltr'>quorum</span> <span class='ocrx_word' id='word_1_274' title='bbox 1766 733 1908 774; x_wconf 89' lang='lat' dir='ltr'>collatio,</span> <span class='ocrx_word' id='word_1_275' title='bbox 1929 744 2002 777; x_wconf 89' lang='lat' dir='ltr'>pro-</span> 
     </span>
     <span class='ocr_line' id='line_1_58' title="bbox 1267 785 2003 829; baseline 0.003 -11"><span class='ocrx_word' id='word_1_276' title='bbox 1267 785 1345 818; x_wconf 85' lang='lat' dir='ltr'>visio</span> <span class='ocrx_word' id='word_1_277' title='bbox 1371 790 1402 818; x_wconf 91' lang='lat' dir='ltr'>et</span> <span class='ocrx_word' id='word_1_278' title='bbox 1427 785 1611 818; x_wconf 89' lang='lat' dir='ltr'>omnimoda</span> <span class='ocrx_word' id='word_1_279' title='bbox 1648 785 1820 829; x_wconf 87' lang='lat' dir='ltr'>dispositio</span> <span class='ocrx_word' id='word_1_280' title='bbox 1851 786 1945 820; x_wconf 90' lang='lat' dir='ltr'>nobis</span> <span class='ocrx_word' id='word_1_281' title='bbox 1970 792 2003 820; x_wconf 86' lang='lat' dir='ltr'>et</span> 
     </span>
     <span class='ocr_line' id='line_1_59' title="bbox 1266 838 2003 882; baseline 0.004 -12"><span class='ocrx_word' id='word_1_282' title='bbox 1266 839 1509 872; x_wconf 84' lang='lat' dir='ltr'>successoribus</span> <span class='ocrx_word' id='word_1_283' title='bbox 1534 838 1653 871; x_wconf 88' lang='lat' dir='ltr'>nostris</span> <span class='ocrx_word' id='word_1_284' title='bbox 1678 839 1831 882; x_wconf 80' lang='lat' dir='ltr'>praefatis</span> <span class='ocrx_word' id='word_1_285' title='bbox 1849 844 1881 872; x_wconf 90' lang='lat' dir='ltr'>et</span> <span class='ocrx_word' id='word_1_286' title='bbox 1898 838 2003 873; x_wconf 87' lang='lat' dir='ltr'>dictae</span> 
     </span>
     <span class='ocr_line' id='line_1_60' title="bbox 1265 891 2003 935; baseline 0.003 -11"><span class='ocrx_word' id='word_1_287' title='bbox 1265 891 1339 924; x_wconf 85' lang='lat' dir='ltr'>Sedi</span> <span class='ocrx_word' id='word_1_288' title='bbox 1367 891 1615 935; x_wconf 86' lang='lat' dir='ltr'>quomodolibet</span> <span class='ocrx_word' id='word_1_289' title='bbox 1636 891 1723 934; x_wconf 91' lang='lat' dir='ltr'>(non</span> <span class='ocrx_word' id='word_1_290' title='bbox 1748 896 1854 925; x_wconf 87' lang='lat' dir='ltr'>tamen</span> <span class='ocrx_word' id='word_1_291' title='bbox 1878 893 2003 926; x_wconf 82' lang='lat' dir='ltr'>ratione</span> 
     </span>
     <span class='ocr_line' id='line_1_61' title="bbox 1265 945 2003 988; baseline 0.003 -11"><span class='ocrx_word' id='word_1_292' title='bbox 1265 945 1370 978; x_wconf 87' lang='lat' dir='ltr'>obitus</span> <span class='ocrx_word' id='word_1_293' title='bbox 1395 945 1479 988; x_wconf 88' lang='lat' dir='ltr'>apud</span> <span class='ocrx_word' id='word_1_294' title='bbox 1505 945 1621 977; x_wconf 80' lang='lat' dir='ltr'>Sedem</span> <span class='ocrx_word' id='word_1_295' title='bbox 1648 945 1812 988; x_wconf 88' lang='lat' dir='ltr'>eamdem)</span> <span class='ocrx_word' id='word_1_296' title='bbox 1839 951 2003 979; x_wconf 84' lang='lat' dir='ltr'>reservata</span> 
     </span>
     <span class='ocr_line' id='line_1_62' title="bbox 1267 998 2002 1041; baseline 0 -10"><span class='ocrx_word' id='word_1_297' title='bbox 1267 998 1399 1038; x_wconf 88' lang='lat' dir='ltr'>existat,</span> <span class='ocrx_word' id='word_1_298' title='bbox 1425 1009 1483 1041; x_wconf 89' lang='lat' dir='ltr'>per</span> <span class='ocrx_word' id='word_1_299' title='bbox 1508 1008 1566 1031; x_wconf 81' lang='lat' dir='ltr'>nos</span> <span class='ocrx_word' id='word_1_300' title='bbox 1592 1003 1623 1030; x_wconf 88' lang='lat' dir='ltr'>ct</span> <span class='ocrx_word' id='word_1_301' title='bbox 1646 1008 1854 1031; x_wconf 80' lang='lat' dir='ltr'>successores</span> <span class='ocrx_word' id='word_1_302' title='bbox 1875 1004 2002 1032; x_wconf 89' lang='lat' dir='ltr'>nostros</span> 
     </span>
     <span class='ocr_line' id='line_1_63' title="bbox 1266 1050 2004 1094; baseline 0.001 -10"><span class='ocrx_word' id='word_1_303' title='bbox 1266 1052 1448 1094; x_wconf 84' lang='lat' dir='ltr'>praedictos</span> <span class='ocrx_word' id='word_1_304' title='bbox 1484 1050 1709 1090; x_wconf 88' lang='lat' dir='ltr'>monasteriis,</span> <span class='ocrx_word' id='word_1_305' title='bbox 1736 1051 1938 1094; x_wconf 85' lang='lat' dir='ltr'>prioratibus,</span> <span class='ocrx_word' id='word_1_306' title='bbox 1973 1062 2004 1085; x_wconf 85' lang='lat' dir='ltr'>a·</span> 
     </span>
     <span class='ocr_line' id='line_1_64' title="bbox 1266 1103 2003 1147; baseline 0 -11"><span class='ocrx_word' id='word_1_307' title='bbox 1266 1104 1382 1147; x_wconf 89' lang='lat' dir='ltr'>liisque</span> <span class='ocrx_word' id='word_1_308' title='bbox 1408 1103 1573 1136; x_wconf 80' lang='lat' dir='ltr'>beneficiis</span> <span class='ocrx_word' id='word_1_309' title='bbox 1609 1104 1761 1147; x_wconf 79' lang='lat' dir='ltr'>praefatis</span> <span class='ocrx_word' id='word_1_310' title='bbox 1791 1104 1830 1136; x_wconf 87' lang='lat' dir='ltr'>ad</span> <span class='ocrx_word' id='word_1_311' title='bbox 1855 1104 2003 1137; x_wconf 91' lang='lat' dir='ltr'>nomina-</span> 
     </span>
     <span class='ocr_line' id='line_1_65' title="bbox 1268 1156 2004 1200; baseline 0 -11"><span class='ocrx_word' id='word_1_312' title='bbox 1268 1157 1388 1189; x_wconf 82' lang='lat' dir='ltr'>tionem</span> <span class='ocrx_word' id='word_1_313' title='bbox 1406 1156 1591 1190; x_wconf 89' lang='lat' dir='ltr'>huiusmodi</span> <span class='ocrx_word' id='word_1_314' title='bbox 1617 1156 1858 1200; x_wconf 80' lang='lat' dir='ltr'>praeficiendas,</span> <span class='ocrx_word' id='word_1_315' title='bbox 1881 1163 1913 1190; x_wconf 86' lang='lat' dir='ltr'>et</span> <span class='ocrx_word' id='word_1_316' title='bbox 1937 1156 2004 1200; x_wconf 89' lang='lat' dir='ltr'>qui-</span> 
     </span>
     <span class='ocr_line' id='line_1_66' title="bbox 1267 1208 2004 1252; baseline 0 -10"><span class='ocrx_word' id='word_1_317' title='bbox 1267 1211 1324 1243; x_wconf 90' lang='lat' dir='ltr'>bus</span> <span class='ocrx_word' id='word_1_318' title='bbox 1346 1210 1459 1242; x_wconf 84' lang='lat' dir='ltr'>eadem</span> <span class='ocrx_word' id='word_1_319' title='bbox 1485 1208 1692 1250; x_wconf 82' lang='lat' dir='ltr'>monasteria,</span> <span class='ocrx_word' id='word_1_320' title='bbox 1710 1209 1873 1252; x_wconf 87' lang='lat' dir='ltr'>prioratus</span> <span class='ocrx_word' id='word_1_321' title='bbox 1892 1213 1923 1242; x_wconf 90' lang='lat' dir='ltr'>et</span> <span class='ocrx_word' id='word_1_322' title='bbox 1943 1209 2004 1242; x_wconf 84' lang='lat' dir='ltr'>alia</span> 
     </span>
     <span class='ocr_line' id='line_1_67' title="bbox 1266 1263 2005 1306; baseline 0.001 -11"><span class='ocrx_word' id='word_1_323' title='bbox 1266 1263 1424 1296; x_wconf 79' lang='lat' dir='ltr'>beneficia</span> <span class='ocrx_word' id='word_1_324' title='bbox 1450 1263 1616 1306; x_wconf 89' lang='lat' dir='ltr'>praedicta</span> <span class='ocrx_word' id='word_1_325' title='bbox 1640 1263 1828 1306; x_wconf 85' lang='lat' dir='ltr'>respective,</span> <span class='ocrx_word' id='word_1_326' title='bbox 1855 1268 1888 1295; x_wconf 82' lang='lat' dir='ltr'>ut</span> <span class='ocrx_word' id='word_1_327' title='bbox 1912 1273 2005 1306; x_wconf 85' lang='lat' dir='ltr'>prae-</span> 
     </span>
     <span class='ocr_line' id='line_1_68' title="bbox 1267 1316 2003 1359; baseline 0.001 -11"><span class='ocrx_word' id='word_1_328' title='bbox 1267 1316 1412 1356; x_wconf 83' lang='lat' dir='ltr'>mittitur,</span> <span class='ocrx_word' id='word_1_329' title='bbox 1437 1327 1496 1359; x_wconf 89' lang='lat' dir='ltr'>per</span> <span class='ocrx_word' id='word_1_330' title='bbox 1520 1327 1578 1348; x_wconf 92' lang='lat' dir='ltr'>nos</span> <span class='ocrx_word' id='word_1_331' title='bbox 1604 1316 1770 1359; x_wconf 83' lang='lat' dir='ltr'>dictosque</span> <span class='ocrx_word' id='word_1_332' title='bbox 1795 1326 2003 1349; x_wconf 88' lang='lat' dir='ltr'>successores</span> 
     </span>
     <span class='ocr_line' id='line_1_69' title="bbox 1266 1369 2004 1412; baseline -0.001 -10"><span class='ocrx_word' id='word_1_333' title='bbox 1266 1375 1394 1402; x_wconf 79' lang='lat' dir='ltr'>nostros</span> <span class='ocrx_word' id='word_1_334' title='bbox 1419 1369 1558 1402; x_wconf 82' lang='lat' dir='ltr'>conferri</span> <span class='ocrx_word' id='word_1_335' title='bbox 1592 1369 1750 1409; x_wconf 87' lang='lat' dir='ltr'>debeant,</span> <span class='ocrx_word' id='word_1_336' title='bbox 1775 1375 1887 1402; x_wconf 88' lang='lat' dir='ltr'>tenore</span> <span class='ocrx_word' id='word_1_337' title='bbox 1913 1379 2004 1412; x_wconf 86' lang='lat' dir='ltr'>prae-</span> 
     </span>
     <span class='ocr_line' id='line_1_70' title="bbox 1266 1421 2005 1466; baseline -0.003 -10"><span class='ocrx_word' id='word_1_338' title='bbox 1266 1423 1406 1456; x_wconf 88' lang='lat' dir='ltr'>sentium</span> <span class='ocrx_word' id='word_1_339' title='bbox 1428 1433 1626 1456; x_wconf 87' lang='lat' dir='ltr'>reservamus</span> <span class='ocrx_word' id='word_1_340' title='bbox 1651 1422 1772 1466; x_wconf 89' lang='lat' dir='ltr'>pariter</span> <span class='ocrx_word' id='word_1_341' title='bbox 1799 1433 1834 1456; x_wconf 86' lang='lat' dir='ltr'>ae</span> <span class='ocrx_word' id='word_1_342' title='bbox 1860 1421 2005 1456; x_wconf 88' lang='lat' dir='ltr'>concedi-</span> 
     </span>
     <span class='ocr_line' id='line_1_71' title="bbox 1267 1476 1627 1518; baseline -0.006 -8"><span class='ocrx_word' id='word_1_343' title='bbox 1267 1488 1337 1510; x_wconf 86' lang='lat' dir='ltr'>mus</span> <span class='ocrx_word' id='word_1_344' title='bbox 1364 1482 1394 1509; x_wconf 84' lang='lat' dir='ltr'>et</span> <span class='ocrx_word' id='word_1_345' title='bbox 1416 1476 1627 1518; x_wconf 80' lang='lat' dir='ltr'>assignamus.</span> 
     </span>
    </p>

    <p class='ocr_par' dir='ltr' id='par_1_7' title="bbox 1265 1529 2007 2635">
     <span class='ocr_line' id='line_1_72' title="bbox 1310 1529 2005 1573; baseline 0 -11"><span class='ocrx_word' id='word_1_346' title='bbox 1310 1531 1325 1573; x_wconf 62' lang='grc' dir='ltr'><strong>ἓ</strong></span> <span class='ocrx_word' id='word_1_347' title='bbox 1350 1530 1382 1562; x_wconf 78' lang='grc'>4.</span> <span class='ocrx_word' id='word_1_348' title='bbox 1410 1530 1638 1569; x_wconf 88' lang='lat' dir='ltr'>Decernentes‚</span> <span class='ocrx_word' id='word_1_349' title='bbox 1661 1529 1708 1562; x_wconf 88' lang='lat' dir='ltr'>ius</span> <span class='ocrx_word' id='word_1_350' title='bbox 1733 1529 1921 1563; x_wconf 87' lang='lat' dir='ltr'>nominandi</span> <span class='ocrx_word' id='word_1_351' title='bbox 1946 1529 2005 1562; x_wconf 92' lang='lat' dir='ltr'>hu-</span> 
     </span>
     <span class='ocr_line' id='line_1_73' title="bbox 1267 1582 2005 1626; baseline -0.001 -10"><span class='ocrx_word' id='word_1_352' title='bbox 1267 1584 1408 1617; x_wconf 89' lang='lat' dir='ltr'>iusmodi</span> <span class='ocrx_word' id='word_1_353' title='bbox 1425 1584 1464 1616; x_wconf 86' lang='lat' dir='ltr'>ad</span> <span class='ocrx_word' id='word_1_354' title='bbox 1489 1582 1694 1622; x_wconf 85' lang='lat' dir='ltr'>monasteria,</span> <span class='ocrx_word' id='word_1_355' title='bbox 1715 1582 1876 1626; x_wconf 89' lang='lat' dir='ltr'>prioratus</span> <span class='ocrx_word' id='word_1_356' title='bbox 1893 1587 1924 1615; x_wconf 91' lang='lat' dir='ltr'>et</span> <span class='ocrx_word' id='word_1_357' title='bbox 1944 1582 2005 1616; x_wconf 85' lang='lat' dir='ltr'>alia</span> 
     </span>
     <span class='ocr_line' id='line_1_74' title="bbox 1266 1637 2005 1681; baseline -0.001 -10"><span class='ocrx_word' id='word_1_358' title='bbox 1266 1637 1423 1671; x_wconf 79' lang='lat' dir='ltr'>beneficia</span> <span class='ocrx_word' id='word_1_359' title='bbox 1447 1637 1614 1681; x_wconf 86' lang='lat' dir='ltr'>praedicta</span> <span class='ocrx_word' id='word_1_360' title='bbox 1641 1637 1696 1669; x_wconf 87' lang='lat' dir='ltr'>tibi</span> <span class='ocrx_word' id='word_1_361' title='bbox 1722 1637 1849 1680; x_wconf 87' lang='lat' dir='ltr'>tuisque</span> <span class='ocrx_word' id='word_1_362' title='bbox 1878 1647 2005 1670; x_wconf 88' lang='lat' dir='ltr'>succes-</span> 
     </span>
     <span class='ocr_line' id='line_1_75' title="bbox 1266 1690 2004 1734; baseline -0.001 -11"><span class='ocrx_word' id='word_1_363' title='bbox 1266 1690 1395 1724; x_wconf 88' lang='lat' dir='ltr'>soribus</span> <span class='ocrx_word' id='word_1_364' title='bbox 1413 1691 1545 1732; x_wconf 81' lang='lat' dir='ltr'>regibus</span> <span class='ocrx_word' id='word_1_365' title='bbox 1571 1695 1761 1723; x_wconf 88' lang='lat' dir='ltr'>memoratas</span> <span class='ocrx_word' id='word_1_366' title='bbox 1782 1690 1923 1723; x_wconf 90' lang='lat' dir='ltr'>ditiones</span> <span class='ocrx_word' id='word_1_367' title='bbox 1944 1700 2004 1734; x_wconf 93' lang='lat' dir='ltr'>pro</span> 
     </span>
     <span class='ocr_line' id='line_1_76' title="bbox 1269 1743 2006 1787; baseline 0.001 -11"><span class='ocrx_word' id='word_1_368' title='bbox 1269 1749 1415 1787; x_wconf 86' lang='lat' dir='ltr'>tempore</span> <span class='ocrx_word' id='word_1_369' title='bbox 1451 1743 1691 1787; x_wconf 83' lang='lat' dir='ltr'>possidentibus</span> <span class='ocrx_word' id='word_1_370' title='bbox 1727 1748 1915 1787; x_wconf 84' lang='lat' dir='ltr'>competere</span> <span class='ocrx_word' id='word_1_371' title='bbox 1951 1744 2006 1777; x_wconf 91' lang='lat' dir='ltr'>de-</span> 
     </span>
     <span class='ocr_line' id='line_1_77' title="bbox 1266 1796 2006 1840; baseline -0.001 -11"><span class='ocrx_word' id='word_1_372' title='bbox 1266 1798 1366 1837; x_wconf 87' lang='lat' dir='ltr'>bere,</span> <span class='ocrx_word' id='word_1_373' title='bbox 1390 1807 1498 1840; x_wconf 87' lang='lat' dir='ltr'>neque</span> <span class='ocrx_word' id='word_1_374' title='bbox 1523 1796 1581 1829; x_wconf 91' lang='lat' dir='ltr'>sub</span> <span class='ocrx_word' id='word_1_375' title='bbox 1607 1806 1810 1840; x_wconf 79' lang='lat' dir='ltr'>quacumque</span> <span class='ocrx_word' id='word_1_376' title='bbox 1836 1800 2006 1839; x_wconf 87' lang='lat' dir='ltr'>quantum-</span> 
     </span>
     <span class='ocr_line' id='line_1_78' title="bbox 1265 1848 2004 1893; baseline -0.001 -11"><span class='ocrx_word' id='word_1_377' title='bbox 1265 1849 1309 1881; x_wconf 84' lang='lat' dir='ltr'>vis</span> <span class='ocrx_word' id='word_1_378' title='bbox 1335 1849 1466 1893; x_wconf 86' lang='lat' dir='ltr'>speciali</span> <span class='ocrx_word' id='word_1_379' title='bbox 1499 1849 1711 1892; x_wconf 81' lang='lat' dir='ltr'>derogatione</span> <span class='ocrx_word' id='word_1_380' title='bbox 1751 1848 2004 1892; x_wconf 84' lang='lat' dir='ltr'>comprehendi,</span> 
     </span>
     <span class='ocr_line' id='line_1_79' title="bbox 1266 1903 2005 1946; baseline -0.001 -11"><span class='ocrx_word' id='word_1_381' title='bbox 1266 1904 1315 1936; x_wconf 91' lang='lat' dir='ltr'>vel</span> <span class='ocrx_word' id='word_1_382' title='bbox 1342 1903 1370 1936; x_wconf 93' lang='lat' dir='ltr'>ei</span> <span class='ocrx_word' id='word_1_383' title='bbox 1396 1903 1506 1946; x_wconf 89' lang='lat' dir='ltr'>quovis</span> <span class='ocrx_word' id='word_1_384' title='bbox 1542 1903 1638 1936; x_wconf 91' lang='lat' dir='ltr'>modo</span> <span class='ocrx_word' id='word_1_385' title='bbox 1671 1907 1702 1935; x_wconf 89' lang='lat' dir='ltr'>et</span> <span class='ocrx_word' id='word_1_386' title='bbox 1726 1913 1763 1935; x_wconf 84' lang='lat' dir='ltr'>ex</span> <span class='ocrx_word' id='word_1_387' title='bbox 1801 1912 2005 1946; x_wconf 88' lang='lat' dir='ltr'>quacumque</span> 
     </span>
     <span class='ocr_line' id='line_1_80' title="bbox 1267 1954 2002 1999; baseline -0.003 -10"><span class='ocrx_word' id='word_1_388' title='bbox 1267 1958 1362 1989; x_wconf 75' lang='lat' dir='ltr'>causa</span> <span class='ocrx_word' id='word_1_389' title='bbox 1381 1955 1540 1999; x_wconf 83' lang='lat' dir='ltr'>derogari,</span> <span class='ocrx_word' id='word_1_390' title='bbox 1556 1961 1595 1996; x_wconf 85' lang='lat' dir='ltr'>et,</span> <span class='ocrx_word' id='word_1_391' title='bbox 1611 1955 1635 1988; x_wconf 89' lang='lat' dir='ltr'>si</span> <span class='ocrx_word' id='word_1_392' title='bbox 1654 1954 1806 1998; x_wconf 81' lang='lat' dir='ltr'>derogari</span> <span class='ocrx_word' id='word_1_393' title='bbox 1823 1954 2002 1998; x_wconf 84' lang='lat' dir='ltr'>contingat,</span> 
     </span>
     <span class='ocr_line' id='line_1_81' title="bbox 1267 2007 2006 2052; baseline 0 -11"><span class='ocrx_word' id='word_1_394' title='bbox 1267 2009 1297 2042; x_wconf 88' lang='lat' dir='ltr'>id</span> <span class='ocrx_word' id='word_1_395' title='bbox 1317 2009 1449 2041; x_wconf 87' lang='lat' dir='ltr'>minime</span> <span class='ocrx_word' id='word_1_396' title='bbox 1467 2007 1637 2051; x_wconf 74' lang='lat' dir='ltr'>suffragari</span> <span class='ocrx_word' id='word_1_397' title='bbox 1663 2018 1771 2052; x_wconf 89' lang='lat' dir='ltr'>posse,</span> <span class='ocrx_word' id='word_1_398' title='bbox 1791 2013 1822 2041; x_wconf 90' lang='lat' dir='ltr'>et</span> <span class='ocrx_word' id='word_1_399' title='bbox 1838 2007 2006 2042; x_wconf 87' lang='lat' dir='ltr'>nibilomi-</span> 
     </span>
     <span class='ocr_line' id='line_1_82' title="bbox 1266 2060 2007 2105; baseline 0.001 -12"><span class='ocrx_word' id='word_1_400' title='bbox 1266 2071 1324 2094; x_wconf 91' lang='lat' dir='ltr'>nus</span> <span class='ocrx_word' id='word_1_401' title='bbox 1351 2071 1571 2105; x_wconf 88' lang='lat' dir='ltr'>quascumque</span> <span class='ocrx_word' id='word_1_402' title='bbox 1589 2060 1868 2101; x_wconf 87' lang='lat' dir='ltr'>monasteriorum,</span> <span class='ocrx_word' id='word_1_403' title='bbox 1884 2060 2007 2104; x_wconf 88' lang='lat' dir='ltr'>priora-</span> 
     </span>
     <span class='ocr_line' id='line_1_83' title="bbox 1268 2112 2006 2147; baseline 0.001 -1"><span class='ocrx_word' id='word_1_404' title='bbox 1268 2119 1354 2147; x_wconf 89' lang='lat' dir='ltr'>tuum</span> <span class='ocrx_word' id='word_1_405' title='bbox 1369 2119 1400 2147; x_wconf 89' lang='lat' dir='ltr'>et</span> <span class='ocrx_word' id='word_1_406' title='bbox 1416 2114 1554 2147; x_wconf 90' lang='lat' dir='ltr'>aliorum</span> <span class='ocrx_word' id='word_1_407' title='bbox 1568 2112 1801 2147; x_wconf 86' lang='lat' dir='ltr'>beneficiorum</span> <span class='ocrx_word' id='word_1_408' title='bbox 1817 2113 2006 2147; x_wconf 89' lang='lat' dir='ltr'>huiusmodi</span> 
     </span>
     <span class='ocr_line' id='line_1_84' title="bbox 1267 2166 2006 2210; baseline 0.001 -11"><span class='ocrx_word' id='word_1_409' title='bbox 1267 2166 1485 2210; x_wconf 81' lang='lat' dir='ltr'>provisiones,</span> <span class='ocrx_word' id='word_1_410' title='bbox 1505 2166 1712 2200; x_wconf 87' lang='lat' dir='ltr'>commendas</span> <span class='ocrx_word' id='word_1_411' title='bbox 1737 2170 1768 2199; x_wconf 87' lang='lat' dir='ltr'>et</span> <span class='ocrx_word' id='word_1_412' title='bbox 1792 2166 1870 2199; x_wconf 87' lang='lat' dir='ltr'>alias</span> <span class='ocrx_word' id='word_1_413' title='bbox 1897 2166 1936 2200; x_wconf 90' lang='lat' dir='ltr'>de</span> <span class='ocrx_word' id='word_1_414' title='bbox 1961 2166 2006 2200; x_wconf 90' lang='lat' dir='ltr'>eis</span> 
     </span>
     <span class='ocr_line' id='line_1_85' title="bbox 1267 2218 2004 2262; baseline 0.001 -11"><span class='ocrx_word' id='word_1_415' title='bbox 1267 2219 1510 2262; x_wconf 88' lang='lat' dir='ltr'>dispositiones,</span> <span class='ocrx_word' id='word_1_416' title='bbox 1528 2219 1622 2252; x_wconf 87' lang='lat' dir='ltr'>etiam</span> <span class='ocrx_word' id='word_1_417' title='bbox 1636 2230 1708 2252; x_wconf 90' lang='lat' dir='ltr'>cum</span> <span class='ocrx_word' id='word_1_418' title='bbox 1723 2218 1802 2252; x_wconf 88' lang='lat' dir='ltr'>iuris</span> <span class='ocrx_word' id='word_1_419' title='bbox 1815 2219 2004 2253; x_wconf 88' lang='lat' dir='ltr'>nominandi</span> 
     </span>
     <span class='ocr_line' id='line_1_86' title="bbox 1268 2273 2006 2315; baseline 0.003 -11"><span class='ocrx_word' id='word_1_420' title='bbox 1268 2273 1454 2306; x_wconf 83' lang='lat' dir='ltr'>huiusmodi</span> <span class='ocrx_word' id='word_1_421' title='bbox 1481 2273 1707 2315; x_wconf 81' lang='lat' dir='ltr'>derogatione,</span> <span class='ocrx_word' id='word_1_422' title='bbox 1733 2277 1846 2305; x_wconf 84' lang='lat' dir='ltr'>contra</span> <span class='ocrx_word' id='word_1_423' title='bbox 1870 2282 2006 2306; x_wconf 84' lang='lat' dir='ltr'>earum-</span> 
     </span>
     <span class='ocr_line' id='line_1_87' title="bbox 1268 2325 2005 2369; baseline 0.001 -11"><span class='ocrx_word' id='word_1_424' title='bbox 1268 2326 1340 2359; x_wconf 89' lang='lat' dir='ltr'>dem</span> <span class='ocrx_word' id='word_1_425' title='bbox 1360 2325 1580 2369; x_wconf 86' lang='lat' dir='ltr'>praesentium</span> <span class='ocrx_word' id='word_1_426' title='bbox 1596 2331 1741 2358; x_wconf 90' lang='lat' dir='ltr'>tenorem</span> <span class='ocrx_word' id='word_1_427' title='bbox 1756 2325 1851 2359; x_wconf 87' lang='lat' dir='ltr'>etiam</span> <span class='ocrx_word' id='word_1_428' title='bbox 1870 2336 1929 2369; x_wconf 89' lang='lat' dir='ltr'>per</span> <span class='ocrx_word' id='word_1_429' title='bbox 1947 2336 2005 2359; x_wconf 91' lang='lat' dir='ltr'>nos</span> 
     </span>
     <span class='ocr_line' id='line_1_88' title="bbox 1268 2377 2006 2421; baseline 0.003 -10"><span class='ocrx_word' id='word_1_430' title='bbox 1268 2384 1300 2411; x_wconf 92' lang='lat' dir='ltr'>et</span> <span class='ocrx_word' id='word_1_431' title='bbox 1317 2388 1522 2412; x_wconf 86' lang='lat' dir='ltr'>successores</span> <span class='ocrx_word' id='word_1_432' title='bbox 1539 2383 1669 2411; x_wconf 91' lang='lat' dir='ltr'>nostros</span> <span class='ocrx_word' id='word_1_433' title='bbox 1687 2377 1870 2421; x_wconf 84' lang='lat' dir='ltr'>praedictos</span> <span class='ocrx_word' id='word_1_434' title='bbox 1895 2388 1931 2411; x_wconf 84' lang='lat' dir='ltr'>ac</span> <span class='ocrx_word' id='word_1_435' title='bbox 1950 2378 2006 2413; x_wconf 90' lang='lat' dir='ltr'>Se-</span> 
     </span>
     <span class='ocr_line' id='line_1_89' title="bbox 1268 2430 2005 2474; baseline 0 -10"><span class='ocrx_word' id='word_1_436' title='bbox 1268 2432 1339 2465; x_wconf 85' lang='lat' dir='ltr'>dem</span> <span class='ocrx_word' id='word_1_437' title='bbox 1363 2431 1509 2464; x_wconf 87' lang='lat' dir='ltr'>eamdem</span> <span class='ocrx_word' id='word_1_438' title='bbox 1530 2430 1651 2474; x_wconf 88' lang='lat' dir='ltr'>absque</span> <span class='ocrx_word' id='word_1_439' title='bbox 1677 2430 1739 2463; x_wconf 88' lang='lat' dir='ltr'>tuis</span> <span class='ocrx_word' id='word_1_440' title='bbox 1763 2440 2005 2464; x_wconf 87' lang='lat' dir='ltr'>suceessorum-</span> 
     </span>
     <span class='ocr_line' id='line_1_90' title="bbox 1267 2478 2005 2527; baseline 0.001 -11"><span class='ocrx_word' id='word_1_441' title='bbox 1267 2495 1329 2527; x_wconf 84' lang='lat' dir='ltr'>que</span> <span class='ocrx_word' id='word_1_442' title='bbox 1356 2489 1487 2517; x_wconf 80' lang='lat' dir='ltr'>tuorum</span> <span class='ocrx_word' id='word_1_443' title='bbox 1504 2494 1617 2526; x_wconf 78' lang='lat' dir='ltr'>regum</span> <span class='ocrx_word' id='word_1_444' title='bbox 1642 2478 1883 2526; x_wconf 85' lang='lat' dir='ltr'>praedictorum</span> <span class='ocrx_word' id='word_1_445' title='bbox 1905 2484 2005 2517; x_wconf 91' lang='lat' dir='ltr'>nomi-</span> 
     </span>
     <span class='ocr_line' id='line_1_91' title="bbox 1268 2536 2006 2578; baseline 0 -9"><span class='ocrx_word' id='word_1_446' title='bbox 1268 2537 1482 2578; x_wconf 84' lang='lat' dir='ltr'>nationibus,</span> <span class='ocrx_word' id='word_1_447' title='bbox 1518 2537 1614 2569; x_wconf 86' lang='lat' dir='ltr'>etiam</span> <span class='ocrx_word' id='word_1_448' title='bbox 1654 2540 1769 2577; x_wconf 89' lang='lat' dir='ltr'>motu,</span> <span class='ocrx_word' id='word_1_449' title='bbox 1805 2536 1940 2569; x_wconf 76' lang='lat' dir='ltr'>scientia</span> <span class='ocrx_word' id='word_1_450' title='bbox 1975 2541 2006 2570; x_wconf 88' lang='lat' dir='ltr'>et</span> 
     </span>
     <span class='ocr_line' id='line_1_92' title="bbox 1267 2588 2004 2635; baseline 0 -11"><span class='ocrx_word' id='word_1_451' title='bbox 1267 2590 1435 2634; x_wconf 86' lang='lat' dir='ltr'>potestatis</span> <span class='ocrx_word' id='word_1_452' title='bbox 1455 2589 1660 2635; x_wconf 85' lang='lat' dir='ltr'>plenitudine</span> <span class='ocrx_word' id='word_1_453' title='bbox 1683 2588 1852 2631; x_wconf 89' lang='lat' dir='ltr'>similibus,</span> <span class='ocrx_word' id='word_1_454' title='bbox 1876 2600 2004 2634; x_wconf 89' lang='lat' dir='ltr'>quoquo</span> 
     </span>
    </p>
   </div>
   <div class='ocr_carea' id='block_1_7' title="bbox 2006 210 2192 240">
    <p class='ocr_par' dir='ltr' id='par_1_8' title="bbox 2006 210 2192 240">
     <span class='ocr_line' id='line_1_93' title="bbox 2006 210 2192 240; baseline 0.022 -4"><span class='ocrx_word' id='word_1_455' title='bbox 2006 210 2059 238; x_wconf 84' lang='lat' dir='ltr'>An.</span> <span class='ocrx_word' id='word_1_456' title='bbox 2079 210 2108 239; x_wconf 73' lang='lat' dir='ltr'>C.</span> <span class='ocrx_word' id='word_1_457' title='bbox 2125 212 2192 240; x_wconf 75' lang='lat'>1740</span> 
     </span>
    </p>
   </div>
   <div class='ocr_carea' id='block_1_8' title="bbox 2033 1539 2196 1587">
    <p class='ocr_par' dir='ltr' id='par_1_9' title="bbox 2033 1539 2196 1587">
     <span class='ocr_line' id='line_1_94' title="bbox 2033 1539 2196 1570; baseline 0 -10"><span class='ocrx_word' id='word_1_458' title='bbox 2033 1539 2148 1570; x_wconf 65' lang='lat' dir='ltr'>Clausulae</span> <span class='ocrx_word' id='word_1_459' title='bbox 2159 1545 2196 1566; x_wconf 82' lang='lat' dir='ltr'>pro</span> 
     </span>
     <span class='ocr_line' id='line_1_95' title="bbox 2034 1572 2176 1587; baseline 0.007 -2"><span class='ocrx_word' id='word_1_460' title='bbox 2034 1572 2176 1587; x_wconf 78' lang='lat' dir='ltr'>concessionis</span> 
     </span>
    </p>
   </div>
   <div class='ocr_carea' id='block_1_9' title="bbox 2015 1593 2224 1621">
    <p class='ocr_par' dir='ltr' id='par_1_10' title="bbox 2015 1593 2224 1621">
     <span class='ocr_line' id='line_1_96' title="bbox 2015 1593 2224 1621; baseline 0.005 -7"><span class='ocrx_word' id='word_1_461' title='bbox 2015 1593 2077 1614; x_wconf 75' lang='lat' dir='ltr'>huius</span> <span class='ocrx_word' id='word_1_462' title='bbox 2091 1593 2195 1615; x_wconf 80' lang='lat' dir='ltr'>firmitate.</span> <span class='ocrx_word' id='word_1_463' title='bbox 2223 1616 2224 1621; x_wconf 47' lang='lat'>,</span> 
     </span>
    </p>
   </div>
   <div class='ocr_carea' id='block_1_10' title="bbox 2220 107 2225 656">
    <p class='ocr_par' dir='ltr' id='par_1_11' title="bbox 2220 107 2225 656">
     <span class='ocr_line' id='line_1_97' title="bbox 2220 107 2225 656; baseline 0 0"><span class='ocrx_word' id='word_1_464' title='bbox 2220 107 2225 656; x_wconf 95' lang='lat' dir='ltr'> </span> 
     </span>
    </p>
   </div>
   <div class='ocr_carea' id='block_1_11' title="bbox 2215 518 2232 1781">
    <p class='ocr_par' dir='ltr' id='par_1_12' title="bbox 2215 518 2232 1781">
     <span class='ocr_line' id='line_1_98' title="bbox 2215 518 2232 1781; baseline 0 0"><span class='ocrx_word' id='word_1_465' title='bbox 2215 518 2232 1781; x_wconf 95' lang='lat' dir='ltr'> </span> 
     </span>
    </p>
   </div>
  </div>
 </body>
</html>
