<?xml version="1.0" encoding="UTF-8"?>
<!DOCTYPE html PUBLIC "-//W3C//DTD XHTML 1.0 Transitional//EN"
    "http://www.w3.org/TR/xhtml1/DTD/xhtml1-transitional.dtd">
<html xmlns="http://www.w3.org/1999/xhtml" xml:lang="en" lang="en">
 <head>
  <title>
</title>
<meta http-equiv="Content-Type" content="text/html;charset=utf-8" />
  <meta name='ocr-system' content='tesseract 3.04.00' />
  <meta name='ocr-capabilities' content='ocr_page ocr_carea ocr_par ocr_line ocrx_word'/>
</head>
<body>
  <div class='ocr_page' id='page_1' title='image "./bullarumdiplomat24cath_0230.png"; bbox 0 0 2232 3178; ppageno 0'>
   <div class='ocr_carea' id='block_1_1' title="bbox 273 230 458 258">
    <p class='ocr_par' dir='ltr' id='par_1_1' title="bbox 273 230 458 258">
     <span class='ocr_line' id='line_1_1' title="bbox 273 230 458 258; baseline -0.005 -1"><span class='ocrx_word' id='word_1_1' title='bbox 273 232 322 258; x_wconf 73' lang='lat' dir='ltr'>An.</span> <span class='ocrx_word' id='word_1_2' title='bbox 344 230 458 257; x_wconf 60' lang='lat' dir='ltr'>‹2173ss</span> 
     </span>
    </p>
   </div>
   <div class='ocr_carea' id='block_1_2' title="bbox 274 1085 457 1159">
    <p class='ocr_par' dir='ltr' id='par_1_2' title="bbox 274 1085 457 1159">
     <span class='ocr_line' id='line_1_2' title="bbox 287 1085 457 1110; baseline 0 -6"><span class='ocrx_word' id='word_1_3' title='bbox 287 1085 343 1105; x_wconf 56' lang='lat' dir='ltr'>Atina</span> <span class='ocrx_word' id='word_1_4' title='bbox 356 1085 457 1110; x_wconf 67' lang='lat' dir='ltr'>superad-</span> 
     </span>
     <span class='ocr_line' id='line_1_3' title="bbox 274 1113 457 1138; baseline 0.011 -8"><span class='ocrx_word' id='word_1_5' title='bbox 274 1113 328 1131; x_wconf 70' lang='lat' dir='ltr'>tlttitt.</span> <span class='ocrx_word' id='word_1_6' title='bbox 349 1113 457 1138; x_wconf 72' lang='lat' dir='ltr'>indulgen-</span> 
     </span>
     <span class='ocr_line' id='line_1_4' title="bbox 274 1141 321 1159; baseline 0.021 -2"><span class='ocrx_word' id='word_1_7' title='bbox 274 1141 321 1159; x_wconf 64' lang='lat' dir='ltr'>tlt».</span> 
     </span>
    </p>
   </div>
   <div class='ocr_carea' id='block_1_3' title="bbox 468 222 1206 317">
    <p class='ocr_par' dir='ltr' id='par_1_3' title="bbox 468 222 1206 317">
     <span class='ocr_line' id='line_1_5' title="bbox 504 222 567 254; baseline -0.032 0"><span class='ocrx_word' id='word_1_8' title='bbox 504 222 567 254; x_wconf 66' lang='lat' dir='ltr'>²10ss</span> 
     </span>
     <span class='ocr_line' id='line_1_6' title="bbox 468 277 1206 317; baseline -0.004 -6"><span class='ocrx_word' id='word_1_9' title='bbox 468 279 606 312; x_wconf 61' lang='lat' dir='ltr'>iusmoili</span> <span class='ocrx_word' id='word_1_10' title='bbox 623 279 798 312; x_wconf 74' lang='lat' dir='ltr'>ferventius</span> <span class='ocrx_word' id='word_1_11' title='bbox 813 278 1049 317; x_wconf 87' lang='lat' dir='ltr'>incumberent,</span> <span class='ocrx_word' id='word_1_12' title='bbox 1065 277 1206 309; x_wconf 80' lang='lat' dir='ltr'>excitare</span> 
     </span>
    </p>
   </div>
   <div class='ocr_carea' id='block_1_4' title="bbox 1057 229 1423 252">
    <p class='ocr_par' dir='ltr' id='par_1_4' title="bbox 1057 229 1423 252">
     <span class='ocr_line' id='line_1_7' title="bbox 1057 229 1423 252; baseline -0.003 -1"><span class='ocrx_word' id='word_1_13' title='bbox 1057 229 1240 252; x_wconf 63' lang='lat' dir='ltr'>nvtLAtttUM</span> <span class='ocrx_word' id='word_1_14' title='bbox 1270 229 1423 252; x_wconf 68' lang='grc' dir='ltr'>ΠΟΜΑΝῊΜ</span> 
     </span>
    </p>
   </div>
   <div class='ocr_carea' id='block_1_5' title="bbox 1294 276 2176 318">
    <p class='ocr_par' dir='ltr' id='par_1_5' title="bbox 1294 276 2176 318">
     <span class='ocr_line' id='line_1_8' title="bbox 1294 276 2176 318; baseline 0 -11"><span class='ocrx_word' id='word_1_15' title='bbox 1294 278 1310 318; x_wconf 65' lang='lat' dir='ltr'>g</span> <span class='ocrx_word' id='word_1_16' title='bbox 1336 276 1366 309; x_wconf 66' lang='lat'>53.</span> <span class='ocrx_word' id='word_1_17' title='bbox 1396 276 1484 309; x_wconf 89' lang='lat' dir='ltr'>Nunc</span> <span class='ocrx_word' id='word_1_18' title='bbox 1510 281 1617 309; x_wconf 86' lang='lat' dir='ltr'>autem</span> <span class='ocrx_word' id='word_1_19' title='bbox 1643 287 1720 317; x_wconf 85' lang='lat' dir='ltr'>nos,</span> <span class='ocrx_word' id='word_1_20' title='bbox 1746 276 1915 310; x_wconf 82' lang='lat' dir='ltr'>memorati</span> <span class='ocrx_word' id='word_1_21' title='bbox 1941 286 2176 312; x_wconf 60' lang='lat' dir='ltr'>cannamomum.</span> 
     </span>
    </p>
   </div>
   <div class='ocr_carea' id='block_1_6' title="bbox 1997 317 2229 339">
    <p class='ocr_par' dir='ltr' id='par_1_6' title="bbox 1997 317 2229 339">
     <span class='ocr_line' id='line_1_9' title="bbox 1997 317 2229 339; baseline 0.026 -7"><span class='ocrx_word' id='word_1_22' title='bbox 1997 320 2102 335; x_wconf 68' lang='lat' dir='ltr'>re-siuncs</span> <span class='ocrx_word' id='word_1_23' title='bbox 2122 320 2178 339; x_wconf 70' lang='lat' dir='ltr'>extra</span> <span class='ocrx_word' id='word_1_24' title='bbox 2228 317 2229 323; x_wconf 60' lang='lat'>¹</span> 
     </span>
    </p>
   </div>
   <div class='ocr_carea' id='block_1_7' title="bbox 467 329 2179 374">
    <p class='ocr_par' dir='ltr' id='par_1_7' title="bbox 467 329 2179 374">
     <span class='ocr_line' id='line_1_10' title="bbox 467 329 2179 374; baseline -0.001 -10"><span class='ocrx_word' id='word_1_25' title='bbox 467 334 633 372; x_wconf 83' lang='lat' dir='ltr'>volentes,</span> <span class='ocrx_word' id='word_1_26' title='bbox 660 342 773 366; x_wconf 85' lang='lat' dir='ltr'>omnes</span> <span class='ocrx_word' id='word_1_27' title='bbox 806 337 837 364; x_wconf 90' lang='lat' dir='ltr'>et</span> <span class='ocrx_word' id='word_1_28' title='bbox 861 331 1005 374; x_wconf 79' lang='lat' dir='ltr'>singulas</span> <span class='ocrx_word' id='word_1_29' title='bbox 1032 330 1207 374; x_wconf 86' lang='lat' dir='ltr'>indulgen·</span> <span class='ocrx_word' id='word_1_30' title='bbox 1251 329 1399 361; x_wconf 86' lang='lat' dir='ltr'>techismi</span> <span class='ocrx_word' id='word_1_31' title='bbox 1447 330 1615 362; x_wconf 87' lang='lat' dir='ltr'>doctrinae</span> <span class='ocrx_word' id='word_1_32' title='bbox 1655 330 1853 362; x_wconf 71' lang='lat' dir='ltr'>christianae</span> <span class='ocrx_word' id='word_1_33' title='bbox 1892 339 2078 362; x_wconf 66' lang='lat' dir='ltr'>usumnumm</span> <span class='ocrx_word' id='word_1_34' title='bbox 2111 346 2179 365; x_wconf 65' lang='lat' dir='ltr'>enen.</span> 
     </span>
    </p>
   </div>
   <div class='ocr_carea' id='block_1_8' title="bbox 466 384 1215 2666">
    <p class='ocr_par' dir='ltr' id='par_1_8' title="bbox 466 384 1209 1054">
     <span class='ocr_line' id='line_1_11' title="bbox 468 384 1208 430; baseline -0.001 -12"><span class='ocrx_word' id='word_1_35' title='bbox 468 386 528 419; x_wconf 86' lang='lat' dir='ltr'>tias</span> <span class='ocrx_word' id='word_1_36' title='bbox 554 392 585 419; x_wconf 92' lang='lat' dir='ltr'>et</span> <span class='ocrx_word' id='word_1_37' title='bbox 609 392 816 430; x_wconf 87' lang='lat' dir='ltr'>peccatorum</span> <span class='ocrx_word' id='word_1_38' title='bbox 843 384 1064 428; x_wconf 79' lang='lat' dir='ltr'>remissiones,</span> <span class='ocrx_word' id='word_1_39' title='bbox 1081 396 1116 417; x_wconf 88' lang='lat' dir='ltr'>ac</span> <span class='ocrx_word' id='word_1_40' title='bbox 1136 395 1208 428; x_wconf 61' lang='lat' dir='ltr'>poe-</span> 
     </span>
     <span class='ocr_line' id='line_1_12' title="bbox 468 437 1206 481; baseline -0.004 -9"><span class='ocrx_word' id='word_1_41' title='bbox 468 440 674 472; x_wconf 88' lang='lat' dir='ltr'>nitentiarum</span> <span class='ocrx_word' id='word_1_42' title='bbox 701 438 917 471; x_wconf 73' lang='lat' dir='ltr'>relaxationes</span> <span class='ocrx_word' id='word_1_43' title='bbox 937 465 944 477; x_wconf 84' lang='lat'>,</span> <span class='ocrx_word' id='word_1_44' title='bbox 971 448 1054 481; x_wconf 84' lang='lat' dir='ltr'>quae</span> <span class='ocrx_word' id='word_1_45' title='bbox 1089 449 1105 470; x_wconf 85' lang='lat' dir='ltr'>a</span> <span class='ocrx_word' id='word_1_46' title='bbox 1137 437 1206 480; x_wconf 85' lang='lat' dir='ltr'>qui-</span> 
     </span>
     <span class='ocr_line' id='line_1_13' title="bbox 468 491 1208 534; baseline -0.001 -10"><span class='ocrx_word' id='word_1_47' title='bbox 468 493 578 525; x_wconf 84' lang='lat' dir='ltr'>busvis</span> <span class='ocrx_word' id='word_1_48' title='bbox 621 491 775 525; x_wconf 81' lang='lat' dir='ltr'>Romanis</span> <span class='ocrx_word' id='word_1_49' title='bbox 815 491 1028 524; x_wconf 79' lang='lat' dir='ltr'>Pontificibus</span> <span class='ocrx_word' id='word_1_50' title='bbox 1072 491 1208 534; x_wconf 87' lang='lat' dir='ltr'>praede-</span> 
     </span>
     <span class='ocr_line' id='line_1_14' title="bbox 468 544 1206 587; baseline -0.004 -9"><span class='ocrx_word' id='word_1_51' title='bbox 468 545 650 578; x_wconf 88' lang='lat' dir='ltr'>cessoribus</span> <span class='ocrx_word' id='word_1_52' title='bbox 691 554 821 587; x_wconf 89' lang='lat' dir='ltr'>quoque</span> <span class='ocrx_word' id='word_1_53' title='bbox 865 544 985 577; x_wconf 88' lang='lat' dir='ltr'>nostris</span> <span class='ocrx_word' id='word_1_54' title='bbox 1024 544 1206 587; x_wconf 83' lang='lat' dir='ltr'>praefatum</span> 
     </span>
     <span class='ocr_line' id='line_1_15' title="bbox 468 596 1208 631; baseline -0.001 -1"><span class='ocrx_word' id='word_1_55' title='bbox 468 598 701 631; x_wconf 76' lang='lat' dir='ltr'>catechismum</span> <span class='ocrx_word' id='word_1_56' title='bbox 741 608 798 630; x_wconf 84' lang='lat' dir='ltr'>seu</span> <span class='ocrx_word' id='word_1_57' title='bbox 840 597 1020 630; x_wconf 74' lang='lat' dir='ltr'>doctrinam</span> <span class='ocrx_word' id='word_1_58' title='bbox 1063 596 1208 630; x_wconf 91' lang='lat' dir='ltr'>christia-</span> 
     </span>
     <span class='ocr_line' id='line_1_16' title="bbox 466 649 1206 683; baseline -0.001 0"><span class='ocrx_word' id='word_1_59' title='bbox 466 661 540 683; x_wconf 88' lang='lat' dir='ltr'>nam</span> <span class='ocrx_word' id='word_1_60' title='bbox 577 651 663 683; x_wconf 81' lang='lat' dir='ltr'>iuxta</span> <span class='ocrx_word' id='word_1_61' title='bbox 700 651 832 683; x_wconf 89' lang='lat' dir='ltr'>decreta</span> <span class='ocrx_word' id='word_1_62' title='bbox 865 650 998 683; x_wconf 90' lang='lat' dir='ltr'>Concilii</span> <span class='ocrx_word' id='word_1_63' title='bbox 1024 649 1206 683; x_wconf 75' lang='lat' dir='ltr'>Tridentini</span> 
     </span>
     <span class='ocr_line' id='line_1_17' title="bbox 467 704 1209 746; baseline -0.001 -9"><span class='ocrx_word' id='word_1_64' title='bbox 467 705 499 736; x_wconf 92' lang='lat' dir='ltr'>in</span> <span class='ocrx_word' id='word_1_65' title='bbox 525 704 672 737; x_wconf 88' lang='lat' dir='ltr'>ecclesiis</span> <span class='ocrx_word' id='word_1_66' title='bbox 710 709 742 736; x_wconf 87' lang='lat' dir='ltr'>et</span> <span class='ocrx_word' id='word_1_67' title='bbox 766 704 919 736; x_wconf 87' lang='lat' dir='ltr'>oratoriis</span> <span class='ocrx_word' id='word_1_68' title='bbox 945 714 1065 746; x_wconf 89' lang='lat' dir='ltr'>pueros</span> <span class='ocrx_word' id='word_1_69' title='bbox 1091 704 1209 736; x_wconf 87' lang='lat' dir='ltr'>docen-</span> 
     </span>
     <span class='ocr_line' id='line_1_18' title="bbox 466 756 1209 797; baseline -0.001 -8"><span class='ocrx_word' id='word_1_70' title='bbox 466 758 562 794; x_wconf 82' lang='lat' dir='ltr'>tibus.</span> <span class='ocrx_word' id='word_1_71' title='bbox 588 763 643 790; x_wconf 87' lang='lat' dir='ltr'>aut</span> <span class='ocrx_word' id='word_1_72' title='bbox 663 756 782 797; x_wconf 85' lang='lat' dir='ltr'>eidem,</span> <span class='ocrx_word' id='word_1_73' title='bbox 804 757 878 790; x_wconf 87' lang='lat' dir='ltr'>dum</span> <span class='ocrx_word' id='word_1_74' title='bbox 900 757 1051 795; x_wconf 91' lang='lat' dir='ltr'>traditur,</span> <span class='ocrx_word' id='word_1_75' title='bbox 1071 756 1209 789; x_wconf 91' lang='lat' dir='ltr'>interes-</span> 
     </span>
     <span class='ocr_line' id='line_1_19' title="bbox 466 807 1208 850; baseline -0.001 -10"><span class='ocrx_word' id='word_1_76' title='bbox 466 808 634 847; x_wconf 74' lang='lat' dir='ltr'>sentibus,</span> <span class='ocrx_word' id='word_1_77' title='bbox 660 810 795 840; x_wconf 81' lang='lat' dir='ltr'>eatenus</span> <span class='ocrx_word' id='word_1_78' title='bbox 820 818 974 840; x_wconf 82' lang='lat' dir='ltr'>concessa</span> <span class='ocrx_word' id='word_1_79' title='bbox 1000 807 1208 850; x_wconf 87' lang='lat' dir='ltr'>reperieban-</span> 
     </span>
     <span class='ocr_line' id='line_1_20' title="bbox 467 861 1208 901; baseline -0.004 -6"><span class='ocrx_word' id='word_1_80' title='bbox 467 869 538 901; x_wconf 91' lang='lat' dir='ltr'>tur,</span> <span class='ocrx_word' id='word_1_81' title='bbox 566 862 604 895; x_wconf 89' lang='lat' dir='ltr'>ad</span> <span class='ocrx_word' id='word_1_82' title='bbox 632 862 759 895; x_wconf 87' lang='lat' dir='ltr'>adultos</span> <span class='ocrx_word' id='word_1_83' title='bbox 785 861 898 901; x_wconf 81' lang='lat' dir='ltr'>Urbis,</span> <span class='ocrx_word' id='word_1_84' title='bbox 926 861 1036 894; x_wconf 87' lang='lat' dir='ltr'>Italiae</span> <span class='ocrx_word' id='word_1_85' title='bbox 1063 866 1095 894; x_wconf 91' lang='lat' dir='ltr'>et</span> <span class='ocrx_word' id='word_1_86' title='bbox 1120 861 1208 893; x_wconf 89' lang='lat' dir='ltr'>insu-</span> 
     </span>
     <span class='ocr_line' id='line_1_21' title="bbox 466 914 1206 958; baseline -0.003 -10"><span class='ocrx_word' id='word_1_87' title='bbox 466 916 570 948; x_wconf 88' lang='lat' dir='ltr'>larum</span> <span class='ocrx_word' id='word_1_88' title='bbox 592 915 832 958; x_wconf 85' lang='lat' dir='ltr'>praedictarum</span> <span class='ocrx_word' id='word_1_89' title='bbox 854 915 915 958; x_wconf 88' lang='lat' dir='ltr'>ipsi</span> <span class='ocrx_word' id='word_1_90' title='bbox 934 914 1133 947; x_wconf 77' lang='lat' dir='ltr'>catechismo</span> <span class='ocrx_word' id='word_1_91' title='bbox 1151 924 1206 946; x_wconf 86' lang='lat' dir='ltr'>scu</span> 
     </span>
     <span class='ocr_line' id='line_1_22' title="bbox 467 968 1208 1002; baseline -0.004 0"><span class='ocrx_word' id='word_1_92' title='bbox 467 969 636 1002; x_wconf 88' lang='lat' dir='ltr'>doctrinae</span> <span class='ocrx_word' id='word_1_93' title='bbox 665 968 863 1002; x_wconf 77' lang='lat' dir='ltr'>christianae</span> <span class='ocrx_word' id='word_1_94' title='bbox 895 968 1130 1001; x_wconf 78' lang='lat' dir='ltr'>interessentes</span> <span class='ocrx_word' id='word_1_95' title='bbox 1156 978 1208 1000; x_wconf 84' lang='lat' dir='ltr'>ex-</span> 
     </span>
     <span class='ocr_line' id='line_1_23' title="bbox 468 1021 653 1054; baseline -0.005 0"><span class='ocrx_word' id='word_1_96' title='bbox 468 1021 653 1054; x_wconf 86' lang='lat' dir='ltr'>tendimus:</span> 
     </span>
    </p>

    <p class='ocr_par' dir='ltr' id='par_1_9' title="bbox 467 1072 1215 2666">
     <span class='ocr_line' id='line_1_24' title="bbox 513 1072 1207 1117; baseline -0.004 -10"><span class='ocrx_word' id='word_1_97' title='bbox 513 1076 529 1117; x_wconf 62' lang='lat'><strong>5</strong></span> <span class='ocrx_word' id='word_1_98' title='bbox 555 1074 586 1107; x_wconf 65' lang='lat'>2.</span> <span class='ocrx_word' id='word_1_99' title='bbox 615 1075 785 1108; x_wconf 84' lang='lat' dir='ltr'>Praeterea</span> <span class='ocrx_word' id='word_1_100' title='bbox 823 1074 946 1107; x_wconf 88' lang='lat' dir='ltr'>eisdem</span> <span class='ocrx_word' id='word_1_101' title='bbox 983 1074 1101 1107; x_wconf 86' lang='lat' dir='ltr'>adultis</span> <span class='ocrx_word' id='word_1_102' title='bbox 1119 1100 1126 1113; x_wconf 89' lang='lat'>,</span> <span class='ocrx_word' id='word_1_103' title='bbox 1153 1072 1207 1116; x_wconf 90' lang='lat' dir='ltr'>qui</span> 
     </span>
     <span class='ocr_line' id='line_1_25' title="bbox 469 1127 1207 1171; baseline -0.003 -11"><span class='ocrx_word' id='word_1_104' title='bbox 469 1138 543 1160; x_wconf 85' lang='lat' dir='ltr'>vere</span> <span class='ocrx_word' id='word_1_105' title='bbox 570 1128 775 1171; x_wconf 89' lang='lat' dir='ltr'>poenitentes</span> <span class='ocrx_word' id='word_1_106' title='bbox 801 1136 833 1160; x_wconf 91' lang='lat' dir='ltr'>et</span> <span class='ocrx_word' id='word_1_107' title='bbox 859 1127 1019 1166; x_wconf 88' lang='lat' dir='ltr'>confessi,</span> <span class='ocrx_word' id='word_1_108' title='bbox 1046 1138 1082 1160; x_wconf 88' lang='lat' dir='ltr'>ac</span> <span class='ocrx_word' id='word_1_109' title='bbox 1119 1129 1207 1159; x_wconf 76' lang='lat' dir='ltr'>sacra</span> 
     </span>
     <span class='ocr_line' id='line_1_26' title="bbox 468 1180 1210 1223; baseline -0.003 -10"><span class='ocrx_word' id='word_1_110' title='bbox 468 1182 697 1214; x_wconf 86' lang='lat' dir='ltr'>communione</span> <span class='ocrx_word' id='word_1_111' title='bbox 722 1181 846 1220; x_wconf 84' lang='lat' dir='ltr'>refecti,</span> <span class='ocrx_word' id='word_1_112' title='bbox 868 1181 1025 1214; x_wconf 87' lang='lat' dir='ltr'>eiusmodi</span> <span class='ocrx_word' id='word_1_113' title='bbox 1046 1180 1099 1223; x_wconf 85' lang='lat' dir='ltr'>pio</span> <span class='ocrx_word' id='word_1_114' title='bbox 1118 1191 1210 1212; x_wconf 82' lang='lat' dir='ltr'>exer-</span> 
     </span>
     <span class='ocr_line' id='line_1_27' title="bbox 468 1233 1208 1277; baseline -0.001 -10"><span class='ocrx_word' id='word_1_115' title='bbox 468 1235 544 1268; x_wconf 91' lang='lat' dir='ltr'>citio</span> <span class='ocrx_word' id='word_1_116' title='bbox 569 1235 685 1268; x_wconf 90' lang='lat' dir='ltr'>devote</span> <span class='ocrx_word' id='word_1_117' title='bbox 712 1235 970 1274; x_wconf 86' lang='lat' dir='ltr'>intervenirent,</span> <span class='ocrx_word' id='word_1_118' title='bbox 996 1245 1059 1277; x_wconf 88' lang='lat' dir='ltr'>qua</span> <span class='ocrx_word' id='word_1_119' title='bbox 1083 1234 1151 1267; x_wconf 90' lang='lat' dir='ltr'>vice</span> <span class='ocrx_word' id='word_1_120' title='bbox 1177 1233 1208 1266; x_wconf 91' lang='lat' dir='ltr'>id</span> 
     </span>
     <span class='ocr_line' id='line_1_28' title="bbox 469 1286 1211 1330; baseline -0.001 -10"><span class='ocrx_word' id='word_1_121' title='bbox 469 1293 614 1330; x_wconf 82' lang='lat' dir='ltr'>agerent,</span> <span class='ocrx_word' id='word_1_122' title='bbox 641 1293 767 1330; x_wconf 84' lang='lat' dir='ltr'>septem</span> <span class='ocrx_word' id='word_1_123' title='bbox 793 1297 897 1320; x_wconf 81' lang='lat' dir='ltr'>annos</span> <span class='ocrx_word' id='word_1_124' title='bbox 925 1292 957 1319; x_wconf 90' lang='lat' dir='ltr'>et</span> <span class='ocrx_word' id='word_1_125' title='bbox 982 1286 1115 1319; x_wconf 90' lang='lat' dir='ltr'>totidem</span> <span class='ocrx_word' id='word_1_126' title='bbox 1136 1297 1211 1329; x_wconf 88' lang='lat' dir='ltr'>qua·</span> 
     </span>
     <span class='ocr_line' id='line_1_29' title="bbox 469 1340 1211 1384; baseline -0.001 -10"><span class='ocrx_word' id='word_1_127' title='bbox 469 1341 628 1384; x_wconf 85' lang='lat' dir='ltr'>dragenas</span> <span class='ocrx_word' id='word_1_128' title='bbox 653 1341 692 1374; x_wconf 88' lang='lat' dir='ltr'>de</span> <span class='ocrx_word' id='word_1_129' title='bbox 709 1341 865 1374; x_wconf 89' lang='lat' dir='ltr'>iniunctis</span> <span class='ocrx_word' id='word_1_130' title='bbox 891 1341 938 1373; x_wconf 90' lang='lat' dir='ltr'>eis</span> <span class='ocrx_word' id='word_1_131' title='bbox 963 1351 1019 1373; x_wconf 88' lang='lat' dir='ltr'>seu</span> <span class='ocrx_word' id='word_1_132' title='bbox 1039 1340 1116 1373; x_wconf 73' lang='lat' dir='ltr'>alias</span> <span class='ocrx_word' id='word_1_133' title='bbox 1135 1351 1211 1384; x_wconf 89' lang='lat' dir='ltr'>quo-</span> 
     </span>
     <span class='ocr_line' id='line_1_30' title="bbox 469 1393 1209 1436; baseline -0.003 -9"><span class='ocrx_word' id='word_1_134' title='bbox 469 1394 649 1427; x_wconf 87' lang='lat' dir='ltr'>modolibet</span> <span class='ocrx_word' id='word_1_135' title='bbox 673 1394 789 1427; x_wconf 89' lang='lat' dir='ltr'>debitis</span> <span class='ocrx_word' id='word_1_136' title='bbox 815 1394 1026 1436; x_wconf 80' lang='lat' dir='ltr'>poenitentiis</span> <span class='ocrx_word' id='word_1_137' title='bbox 1053 1393 1085 1426; x_wconf 90' lang='lat' dir='ltr'>in</span> <span class='ocrx_word' id='word_1_138' title='bbox 1107 1394 1209 1426; x_wconf 77' lang='lat' dir='ltr'>forma</span> 
     </span>
     <span class='ocr_line' id='line_1_31' title="bbox 467 1446 1212 1490; baseline -0.003 -9"><span class='ocrx_word' id='word_1_139' title='bbox 467 1448 633 1481; x_wconf 83' lang='lat' dir='ltr'>Ecclesiae</span> <span class='ocrx_word' id='word_1_140' title='bbox 651 1450 806 1481; x_wconf 77' lang='lat' dir='ltr'>consueta</span> <span class='ocrx_word' id='word_1_141' title='bbox 823 1447 1044 1487; x_wconf 50' lang='lat' dir='ltr'>relaxavimus</span> <span class='ocrx_word' id='word_1_142' title='bbox 1060 1446 1114 1490; x_wconf 91' lang='lat' dir='ltr'>qui</span> <span class='ocrx_word' id='word_1_143' title='bbox 1135 1458 1212 1480; x_wconf 86' lang='lat' dir='ltr'>vero</span> 
     </span>
     <span class='ocr_line' id='line_1_32' title="bbox 469 1501 1210 1544; baseline -0.001 -10"><span class='ocrx_word' id='word_1_144' title='bbox 469 1502 550 1535; x_wconf 88' lang='lat' dir='ltr'>ittud</span> <span class='ocrx_word' id='word_1_145' title='bbox 587 1502 717 1535; x_wconf 84' lang='lat' dir='ltr'>assidue</span> <span class='ocrx_word' id='word_1_146' title='bbox 754 1502 1022 1544; x_wconf 80' lang='lat' dir='ltr'>frequentarent,</span> <span class='ocrx_word' id='word_1_147' title='bbox 1061 1501 1210 1534; x_wconf 89' lang='lat' dir='ltr'>eumdem</span> 
     </span>
     <span class='ocr_line' id='line_1_33' title="bbox 470 1554 1210 1589; baseline -0.003 -1"><span class='ocrx_word' id='word_1_148' title='bbox 470 1555 701 1589; x_wconf 80' lang='lat' dir='ltr'>catechismum</span> <span class='ocrx_word' id='word_1_149' title='bbox 739 1555 960 1588; x_wconf 78' lang='lat' dir='ltr'>doctrinamve</span> <span class='ocrx_word' id='word_1_150' title='bbox 1001 1554 1210 1587; x_wconf 86' lang='lat' dir='ltr'>christianam</span> 
     </span>
     <span class='ocr_line' id='line_1_34' title="bbox 471 1607 1208 1649; baseline -0.004 -7"><span class='ocrx_word' id='word_1_151' title='bbox 471 1609 625 1642; x_wconf 80' lang='lat' dir='ltr'>docentes</span> <span class='ocrx_word' id='word_1_152' title='bbox 661 1609 711 1641; x_wconf 90' lang='lat' dir='ltr'>vel</span> <span class='ocrx_word' id='word_1_153' title='bbox 749 1608 972 1649; x_wconf 76' lang='lat' dir='ltr'>addiscentes,</span> <span class='ocrx_word' id='word_1_154' title='bbox 998 1618 1035 1640; x_wconf 90' lang='lat' dir='ltr'>ac</span> <span class='ocrx_word' id='word_1_155' title='bbox 1060 1618 1135 1640; x_wconf 88' lang='lat' dir='ltr'>vere</span> <span class='ocrx_word' id='word_1_156' title='bbox 1162 1607 1208 1639; x_wconf 89' lang='lat' dir='ltr'>si-</span> 
     </span>
     <span class='ocr_line' id='line_1_35' title="bbox 470 1661 1211 1706; baseline -0.003 -11"><span class='ocrx_word' id='word_1_157' title='bbox 470 1662 594 1696; x_wconf 90' lang='lat' dir='ltr'>militer</span> <span class='ocrx_word' id='word_1_158' title='bbox 613 1661 820 1706; x_wconf 86' lang='lat' dir='ltr'>poenitentes</span> <span class='ocrx_word' id='word_1_159' title='bbox 838 1666 870 1694; x_wconf 87' lang='lat' dir='ltr'>et</span> <span class='ocrx_word' id='word_1_160' title='bbox 887 1661 1035 1701; x_wconf 79' lang='lat' dir='ltr'>confessi,</span> <span class='ocrx_word' id='word_1_161' title='bbox 1055 1663 1211 1704; x_wconf 81' lang='lat' dir='ltr'>sacraque</span> 
     </span>
     <span class='ocr_line' id='line_1_36' title="bbox 470 1713 1211 1758; baseline -0.004 -9"><span class='ocrx_word' id='word_1_162' title='bbox 470 1715 698 1749; x_wconf 88' lang='lat' dir='ltr'>communione</span> <span class='ocrx_word' id='word_1_163' title='bbox 724 1714 852 1755; x_wconf 81' lang='lat' dir='ltr'>refecti,</span> <span class='ocrx_word' id='word_1_164' title='bbox 871 1725 932 1758; x_wconf 90' lang='lat' dir='ltr'>pro</span> <span class='ocrx_word' id='word_1_165' title='bbox 958 1713 1211 1747; x_wconf 86' lang='lat' dir='ltr'>christianorum</span> 
     </span>
     <span class='ocr_line' id='line_1_37' title="bbox 470 1767 1213 1812; baseline -0.003 -11"><span class='ocrx_word' id='word_1_166' title='bbox 470 1769 655 1812; x_wconf 86' lang='lat' dir='ltr'>principum</span> <span class='ocrx_word' id='word_1_167' title='bbox 680 1768 875 1807; x_wconf 72' lang='lat' dir='ltr'>concordia,</span> <span class='ocrx_word' id='word_1_168' title='bbox 904 1768 1077 1800; x_wconf 87' lang='lat' dir='ltr'>haeresum</span> <span class='ocrx_word' id='word_1_169' title='bbox 1119 1767 1213 1799; x_wconf 85' lang='lat' dir='ltr'>extir-</span> 
     </span>
     <span class='ocr_line' id='line_1_38' title="bbox 470 1821 1212 1866; baseline -0.003 -11"><span class='ocrx_word' id='word_1_170' title='bbox 470 1823 627 1866; x_wconf 86' lang='lat' dir='ltr'>patione‚</span> <span class='ocrx_word' id='word_1_171' title='bbox 659 1833 696 1855; x_wconf 82' lang='lat' dir='ltr'>ac</span> <span class='ocrx_word' id='word_1_172' title='bbox 720 1822 752 1855; x_wconf 90' lang='lat' dir='ltr'>S.</span> <span class='ocrx_word' id='word_1_173' title='bbox 779 1821 818 1854; x_wconf 84' lang='lat' dir='ltr'>M.</span> <span class='ocrx_word' id='word_1_174' title='bbox 846 1821 881 1854; x_wconf 87' lang='lat' dir='ltr'>E.</span> <span class='ocrx_word' id='word_1_175' title='bbox 909 1821 1105 1854; x_wconf 81' lang='lat' dir='ltr'>exaltatione</span> <span class='ocrx_word' id='word_1_176' title='bbox 1143 1821 1212 1864; x_wconf 88' lang='lat' dir='ltr'>pias</span> 
     </span>
     <span class='ocr_line' id='line_1_39' title="bbox 471 1874 1213 1919; baseline -0.003 -10"><span class='ocrx_word' id='word_1_177' title='bbox 471 1877 510 1910; x_wconf 88' lang='lat' dir='ltr'>ad</span> <span class='ocrx_word' id='word_1_178' title='bbox 536 1876 635 1909; x_wconf 88' lang='lat' dir='ltr'>Deum</span> <span class='ocrx_word' id='word_1_179' title='bbox 661 1885 775 1919; x_wconf 85' lang='lat' dir='ltr'>preces</span> <span class='ocrx_word' id='word_1_180' title='bbox 803 1874 1017 1914; x_wconf 81' lang='lat' dir='ltr'>effunderent,</span> <span class='ocrx_word' id='word_1_181' title='bbox 1044 1875 1075 1908; x_wconf 93' lang='lat' dir='ltr'>in</span> <span class='ocrx_word' id='word_1_182' title='bbox 1100 1874 1213 1907; x_wconf 87' lang='lat' dir='ltr'>Nativi-</span> 
     </span>
     <span class='ocr_line' id='line_1_40' title="bbox 472 1927 1214 1968; baseline -0.003 -6"><span class='ocrx_word' id='word_1_183' title='bbox 472 1928 544 1962; x_wconf 89' lang='lat' dir='ltr'>tatis</span> <span class='ocrx_word' id='word_1_184' title='bbox 577 1928 701 1962; x_wconf 91' lang='lat' dir='ltr'>domini</span> <span class='ocrx_word' id='word_1_185' title='bbox 726 1929 828 1961; x_wconf 85' lang='lat' dir='ltr'>nostri</span> <span class='ocrx_word' id='word_1_186' title='bbox 846 1928 917 1961; x_wconf 88' lang='lat' dir='ltr'>Iesu</span> <span class='ocrx_word' id='word_1_187' title='bbox 933 1927 1064 1968; x_wconf 84' lang='lat' dir='ltr'>Christi,</span> <span class='ocrx_word' id='word_1_188' title='bbox 1079 1928 1214 1960; x_wconf 84' lang='lat' dir='ltr'>Pascha-</span> 
     </span>
     <span class='ocr_line' id='line_1_41' title="bbox 473 1982 1212 2023; baseline 0 -9"><span class='ocrx_word' id='word_1_189' title='bbox 473 1983 512 2016; x_wconf 90' lang='lat' dir='ltr'>tis</span> <span class='ocrx_word' id='word_1_190' title='bbox 549 1982 811 2015; x_wconf 87' lang='lat' dir='ltr'>Resurrectionis</span> <span class='ocrx_word' id='word_1_191' title='bbox 847 1982 1052 2023; x_wconf 80' lang='lat' dir='ltr'>dominicae,</span> <span class='ocrx_word' id='word_1_192' title='bbox 1083 1992 1212 2014; x_wconf 88' lang='lat' dir='ltr'>necnon</span> 
     </span>
     <span class='ocr_line' id='line_1_42' title="bbox 472 2035 1213 2079; baseline -0.001 -10"><span class='ocrx_word' id='word_1_193' title='bbox 472 2036 519 2070; x_wconf 90' lang='lat' dir='ltr'>Ss.</span> <span class='ocrx_word' id='word_1_194' title='bbox 545 2036 631 2069; x_wconf 85' lang='lat' dir='ltr'>Petri</span> <span class='ocrx_word' id='word_1_195' title='bbox 669 2041 701 2068; x_wconf 92' lang='lat' dir='ltr'>et</span> <span class='ocrx_word' id='word_1_196' title='bbox 736 2035 825 2068; x_wconf 83' lang='lat' dir='ltr'>Pauli</span> <span class='ocrx_word' id='word_1_197' title='bbox 862 2036 1088 2079; x_wconf 85' lang='lat' dir='ltr'>apostolorum</span> <span class='ocrx_word' id='word_1_198' title='bbox 1126 2036 1213 2069; x_wconf 75' lang='lat' dir='ltr'>festis</span> 
     </span>
     <span class='ocr_line' id='line_1_43' title="bbox 474 2089 1213 2133; baseline -0.003 -10"><span class='ocrx_word' id='word_1_199' title='bbox 474 2089 588 2123; x_wconf 90' lang='lat' dir='ltr'>diebus</span> <span class='ocrx_word' id='word_1_200' title='bbox 612 2089 791 2133; x_wconf 80' lang='lat' dir='ltr'>plenariam</span> <span class='ocrx_word' id='word_1_201' title='bbox 824 2089 972 2122; x_wconf 89' lang='lat' dir='ltr'>omnium</span> <span class='ocrx_word' id='word_1_202' title='bbox 1004 2095 1213 2132; x_wconf 87' lang='lat' dir='ltr'>peccatorum</span> 
     </span>
     <span class='ocr_line' id='line_1_44' title="bbox 472 2142 1212 2185; baseline -0.001 -9"><span class='ocrx_word' id='word_1_203' title='bbox 472 2154 603 2177; x_wconf 86' lang='lat' dir='ltr'>suorum</span> <span class='ocrx_word' id='word_1_204' title='bbox 640 2142 879 2185; x_wconf 84' lang='lat' dir='ltr'>indulgentiam</span> <span class='ocrx_word' id='word_1_205' title='bbox 920 2147 952 2175; x_wconf 87' lang='lat' dir='ltr'>et</span> <span class='ocrx_word' id='word_1_206' title='bbox 988 2142 1212 2176; x_wconf 78' lang='lat' dir='ltr'>remissionem</span> 
     </span>
     <span class='ocr_line' id='line_1_45' title="bbox 473 2195 1213 2230; baseline -0.003 -1"><span class='ocrx_word' id='word_1_207' title='bbox 473 2196 732 2230; x_wconf 88' lang='lat' dir='ltr'>misericorditer</span> <span class='ocrx_word' id='word_1_208' title='bbox 756 2195 788 2228; x_wconf 93' lang='lat' dir='ltr'>in</span> <span class='ocrx_word' id='word_1_209' title='bbox 813 2195 950 2228; x_wconf 89' lang='lat' dir='ltr'>Domino</span> <span class='ocrx_word' id='word_1_210' title='bbox 975 2195 1213 2228; x_wconf 86' lang='lat' dir='ltr'>concessimus:</span> 
     </span>
     <span class='ocr_line' id='line_1_46' title="bbox 474 2248 1215 2293; baseline -0.003 -10"><span class='ocrx_word' id='word_1_211' title='bbox 474 2254 508 2283; x_wconf 89' lang='lat' dir='ltr'>et</span> <span class='ocrx_word' id='word_1_212' title='bbox 531 2249 620 2289; x_wconf 72' lang='lat' dir='ltr'>alias,</span> <span class='ocrx_word' id='word_1_213' title='bbox 640 2254 735 2293; x_wconf 90' lang='lat' dir='ltr'>prout</span> <span class='ocrx_word' id='word_1_214' title='bbox 761 2248 792 2281; x_wconf 93' lang='lat' dir='ltr'>in</span> <span class='ocrx_word' id='word_1_215' title='bbox 817 2249 937 2281; x_wconf 89' lang='lat' dir='ltr'>nostris</span> <span class='ocrx_word' id='word_1_216' title='bbox 963 2249 994 2281; x_wconf 93' lang='lat' dir='ltr'>in</span> <span class='ocrx_word' id='word_1_217' title='bbox 1020 2248 1091 2292; x_wconf 87' lang='lat' dir='ltr'>pari</span> <span class='ocrx_word' id='word_1_218' title='bbox 1113 2249 1215 2282; x_wconf 77' lang='lat' dir='ltr'>forma</span> 
     </span>
     <span class='ocr_line' id='line_1_47' title="bbox 473 2302 1213 2336; baseline -0.003 0"><span class='ocrx_word' id='word_1_219' title='bbox 473 2303 587 2336; x_wconf 90' lang='lat' dir='ltr'>Brevis</span> <span class='ocrx_word' id='word_1_220' title='bbox 618 2303 670 2336; x_wconf 91' lang='lat' dir='ltr'>die</span> <span class='ocrx_word' id='word_1_221' title='bbox 696 2312 782 2336; x_wconf 84' lang='lat' dir='ltr'>xxvu</span> <span class='ocrx_word' id='word_1_222' title='bbox 808 2302 886 2335; x_wconf 88' lang='lat' dir='ltr'>iunii</span> <span class='ocrx_word' id='word_1_223' title='bbox 912 2312 1081 2336; x_wconf 76' lang='lat' dir='ltr'>unccxxxv</span> <span class='ocrx_word' id='word_1_224' title='bbox 1118 2302 1213 2335; x_wconf 80' lang='lat' dir='ltr'>desu-</span> 
     </span>
     <span class='ocr_line' id='line_1_48' title="bbox 474 2354 1213 2401; baseline -0.004 -11"><span class='ocrx_word' id='word_1_225' title='bbox 474 2367 535 2401; x_wconf 84' lang='lat' dir='ltr'>per</span> <span class='ocrx_word' id='word_1_226' title='bbox 569 2356 728 2400; x_wconf 84' lang='lat' dir='ltr'>expeditis</span> <span class='ocrx_word' id='word_1_227' title='bbox 765 2355 903 2396; x_wconf 89' lang='lat' dir='ltr'>litteris,</span> <span class='ocrx_word' id='word_1_228' title='bbox 928 2366 1006 2399; x_wconf 88' lang='lat' dir='ltr'>quas</span> <span class='ocrx_word' id='word_1_229' title='bbox 1044 2354 1213 2399; x_wconf 86' lang='lat' dir='ltr'>perpetuis</span> 
     </span>
     <span class='ocr_line' id='line_1_49' title="bbox 475 2408 1213 2453; baseline -0.003 -11"><span class='ocrx_word' id='word_1_230' title='bbox 475 2409 591 2442; x_wconf 88' lang='lat' dir='ltr'>futuris</span> <span class='ocrx_word' id='word_1_231' title='bbox 633 2409 836 2453; x_wconf 88' lang='lat' dir='ltr'>temporibus</span> <span class='ocrx_word' id='word_1_232' title='bbox 875 2409 981 2442; x_wconf 84' lang='lat' dir='ltr'>valere</span> <span class='ocrx_word' id='word_1_233' title='bbox 1019 2408 1213 2450; x_wconf 86' lang='lat' dir='ltr'>statuimus,</span> 
     </span>
     <span class='ocr_line' id='line_1_50' title="bbox 475 2462 1213 2507; baseline 0.001 -12"><span class='ocrx_word' id='word_1_234' title='bbox 475 2473 677 2507; x_wconf 71' lang='lat' dir='ltr'>(piarumque</span> <span class='ocrx_word' id='word_1_235' title='bbox 716 2468 862 2496; x_wconf 88' lang='lat' dir='ltr'>tenorem</span> <span class='ocrx_word' id='word_1_236' title='bbox 900 2462 1128 2506; x_wconf 85' lang='lat' dir='ltr'>praesentibus</span> <span class='ocrx_word' id='word_1_237' title='bbox 1153 2473 1213 2506; x_wconf 90' lang='lat' dir='ltr'>pro</span> 
     </span>
     <span class='ocr_line' id='line_1_51' title="bbox 475 2515 1213 2560; baseline -0.001 -11"><span class='ocrx_word' id='word_1_238' title='bbox 475 2519 572 2560; x_wconf 62' lang='lat' dir='ltr'>plene</span> <span class='ocrx_word' id='word_1_239' title='bbox 610 2521 642 2550; x_wconf 85' lang='lat' dir='ltr'>et</span> <span class='ocrx_word' id='word_1_240' title='bbox 680 2516 880 2549; x_wconf 84' lang='lat' dir='ltr'>sufficienter</span> <span class='ocrx_word' id='word_1_241' title='bbox 915 2526 1070 2559; x_wconf 81' lang='lat' dir='ltr'>expresso</span> <span class='ocrx_word' id='word_1_242' title='bbox 1108 2521 1139 2548; x_wconf 92' lang='lat' dir='ltr'>et</span> <span class='ocrx_word' id='word_1_243' title='bbox 1175 2515 1213 2548; x_wconf 90' lang='lat' dir='ltr'>de</span> 
     </span>
     <span class='ocr_line' id='line_1_52' title="bbox 475 2568 1214 2603; baseline -0.003 0"><span class='ocrx_word' id='word_1_244' title='bbox 475 2568 575 2603; x_wconf 88' lang='lat' dir='ltr'>verbo</span> <span class='ocrx_word' id='word_1_245' title='bbox 600 2570 639 2602; x_wconf 89' lang='lat' dir='ltr'>ad</span> <span class='ocrx_word' id='word_1_246' title='bbox 666 2570 801 2603; x_wconf 87' lang='lat' dir='ltr'>verburn</span> <span class='ocrx_word' id='word_1_247' title='bbox 832 2569 956 2602; x_wconf 90' lang='lat' dir='ltr'>inserto</span> <span class='ocrx_word' id='word_1_248' title='bbox 985 2569 1098 2602; x_wconf 88' lang='lat' dir='ltr'>haberi</span> <span class='ocrx_word' id='word_1_249' title='bbox 1130 2570 1214 2602; x_wconf 87' lang='lat' dir='ltr'>volu·</span> 
     </span>
     <span class='ocr_line' id='line_1_53' title="bbox 477 2622 948 2666; baseline -0.002 -9"><span class='ocrx_word' id='word_1_250' title='bbox 477 2633 565 2666; x_wconf 85' lang='lat' dir='ltr'>mus,</span> <span class='ocrx_word' id='word_1_251' title='bbox 590 2623 723 2657; x_wconf 80' lang='lat' dir='ltr'>uberius</span> <span class='ocrx_word' id='word_1_252' title='bbox 748 2622 948 2658; x_wconf 86' lang='lat' dir='ltr'>continetur.</span> 
     </span>
    </p>
   </div>
   <div class='ocr_carea' id='block_1_9' title="bbox 1250 371 2033 426">
    <p class='ocr_par' dir='ltr' id='par_1_10' title="bbox 1250 371 2033 426">
     <span class='ocr_line' id='line_1_54' title="bbox 1250 371 2033 426; baseline -0.003 -11"><span class='ocrx_word' id='word_1_253' title='bbox 1250 388 1280 415; x_wconf 88' lang='lat' dir='ltr'>et</span> <span class='ocrx_word' id='word_1_254' title='bbox 1305 382 1521 426; x_wconf 81' lang='lat' dir='ltr'>frequentiam</span> <span class='ocrx_word' id='word_1_255' title='bbox 1550 388 1718 426; x_wconf 81' lang='lat' dir='ltr'>tantopere</span> <span class='ocrx_word' id='word_1_256' title='bbox 1744 371 2033 416; x_wconf 63' lang='lat' dir='ltr'>commendam-‘¹¹¹‘</span> 
     </span>
    </p>
   </div>
   <div class='ocr_carea' id='block_1_10' title="bbox 1250 435 2024 2398">
    <p class='ocr_par' dir='ltr' id='par_1_11' title="bbox 1250 435 1999 2128">
     <span class='ocr_line' id='line_1_55' title="bbox 1251 435 1987 469; baseline -0.001 -1"><span class='ocrx_word' id='word_1_257' title='bbox 1251 438 1312 469; x_wconf 79' lang='lat' dir='ltr'>leui</span> <span class='ocrx_word' id='word_1_258' title='bbox 1350 447 1385 468; x_wconf 88' lang='lat' dir='ltr'>ac</span> <span class='ocrx_word' id='word_1_259' title='bbox 1409 437 1581 468; x_wconf 84' lang='lat' dir='ltr'>salutarem</span> <span class='ocrx_word' id='word_1_260' title='bbox 1616 447 1655 469; x_wconf 88' lang='lat' dir='ltr'>ue</span> <span class='ocrx_word' id='word_1_261' title='bbox 1682 435 1794 469; x_wconf 84' lang='lat' dir='ltr'>fideles</span> <span class='ocrx_word' id='word_1_262' title='bbox 1819 435 1987 469; x_wconf 87' lang='lat' dir='ltr'>circumfe-</span> 
     </span>
     <span class='ocr_line' id='line_1_56' title="bbox 1250 488 1988 532; baseline -0.001 -11"><span class='ocrx_word' id='word_1_263' title='bbox 1250 496 1363 521; x_wconf 89' lang='lat' dir='ltr'>rantur</span> <span class='ocrx_word' id='word_1_264' title='bbox 1383 495 1542 531; x_wconf 83' lang='lat' dir='ltr'>tamquam</span> <span class='ocrx_word' id='word_1_265' title='bbox 1558 489 1681 532; x_wconf 86' lang='lat' dir='ltr'>parvuli</span> <span class='ocrx_word' id='word_1_266' title='bbox 1695 490 1886 522; x_wconf 83' lang='lat' dir='ltr'>fluctuantes</span> <span class='ocrx_word' id='word_1_267' title='bbox 1901 488 1988 521; x_wconf 88' lang='lat' dir='ltr'>omni</span> 
     </span>
     <span class='ocr_line' id='line_1_57' title="bbox 1251 541 1989 581; baseline 0 -7"><span class='ocrx_word' id='word_1_268' title='bbox 1251 549 1344 575; x_wconf 87' lang='lat' dir='ltr'>vento</span> <span class='ocrx_word' id='word_1_269' title='bbox 1371 543 1551 581; x_wconf 89' lang='lat' dir='ltr'>doctrinae,</span> <span class='ocrx_word' id='word_1_270' title='bbox 1577 542 1632 575; x_wconf 86' lang='lat' dir='ltr'>sed</span> <span class='ocrx_word' id='word_1_271' title='bbox 1658 542 1751 576; x_wconf 85' lang='lat' dir='ltr'>firmo</span> <span class='ocrx_word' id='word_1_272' title='bbox 1778 542 1851 575; x_wconf 81' lang='lat' dir='ltr'>fidei</span> <span class='ocrx_word' id='word_1_273' title='bbox 1879 541 1989 574; x_wconf 87' lang='lat' dir='ltr'>funda-</span> 
     </span>
     <span class='ocr_line' id='line_1_58' title="bbox 1251 595 1989 629; baseline 0 -2"><span class='ocrx_word' id='word_1_274' title='bbox 1251 601 1362 628; x_wconf 91' lang='lat' dir='ltr'>mento</span> <span class='ocrx_word' id='word_1_275' title='bbox 1402 596 1621 629; x_wconf 84' lang='lat' dir='ltr'>adhaerentes</span> <span class='ocrx_word' id='word_1_276' title='bbox 1662 595 1918 629; x_wconf 81' lang='lat' dir='ltr'>coaedificentur</span> <span class='ocrx_word' id='word_1_277' title='bbox 1956 596 1989 627; x_wconf 91' lang='lat' dir='ltr'>in</span> 
     </span>
     <span class='ocr_line' id='line_1_59' title="bbox 1252 648 1990 691; baseline -0.001 -11"><span class='ocrx_word' id='word_1_278' title='bbox 1252 649 1471 681; x_wconf 83' lang='lat' dir='ltr'>habitaculum</span> <span class='ocrx_word' id='word_1_279' title='bbox 1498 648 1552 681; x_wconf 92' lang='lat' dir='ltr'>Dei</span> <span class='ocrx_word' id='word_1_280' title='bbox 1579 649 1611 680; x_wconf 91' lang='lat' dir='ltr'>in</span> <span class='ocrx_word' id='word_1_281' title='bbox 1636 648 1754 691; x_wconf 86' lang='lat' dir='ltr'>Spiritu</span> <span class='ocrx_word' id='word_1_282' title='bbox 1774 648 1902 687; x_wconf 85' lang='lat' dir='ltr'>Sancto,</span> <span class='ocrx_word' id='word_1_283' title='bbox 1924 648 1990 679; x_wconf 92' lang='lat' dir='ltr'>ubi-</span> 
     </span>
     <span class='ocr_line' id='line_1_60' title="bbox 1253 701 1991 745; baseline 0.001 -13"><span class='ocrx_word' id='word_1_284' title='bbox 1253 712 1315 744; x_wconf 86' lang='lat' dir='ltr'>que</span> <span class='ocrx_word' id='word_1_285' title='bbox 1352 702 1496 734; x_wconf 90' lang='lat' dir='ltr'>locorum</span> <span class='ocrx_word' id='word_1_286' title='bbox 1535 712 1571 734; x_wconf 90' lang='lat' dir='ltr'>ac</span> <span class='ocrx_word' id='word_1_287' title='bbox 1613 702 1759 744; x_wconf 81' lang='lat' dir='ltr'>gentium</span> <span class='ocrx_word' id='word_1_288' title='bbox 1796 701 1991 745; x_wconf 80' lang='lat' dir='ltr'>propagari,</span> 
     </span>
     <span class='ocr_line' id='line_1_61' title="bbox 1253 754 1992 798; baseline -0.001 -11"><span class='ocrx_word' id='word_1_289' title='bbox 1253 755 1420 798; x_wconf 81' lang='lat' dir='ltr'>magisque</span> <span class='ocrx_word' id='word_1_290' title='bbox 1447 755 1478 786; x_wconf 89' lang='lat' dir='ltr'>in</span> <span class='ocrx_word' id='word_1_291' title='bbox 1504 755 1573 787; x_wconf 85' lang='lat' dir='ltr'>dies</span> <span class='ocrx_word' id='word_1_292' title='bbox 1599 755 1710 797; x_wconf 76' lang='lat' dir='ltr'>augeri</span> <span class='ocrx_word' id='word_1_293' title='bbox 1739 755 1831 788; x_wconf 71' lang='lat' dir='ltr'>enixe</span> <span class='ocrx_word' id='word_1_294' title='bbox 1861 754 1992 797; x_wconf 87' lang='lat' dir='ltr'>cupien-</span> 
     </span>
     <span class='ocr_line' id='line_1_62' title="bbox 1253 808 1991 851; baseline -0.003 -11"><span class='ocrx_word' id='word_1_295' title='bbox 1253 814 1310 848; x_wconf 86' lang='lat' dir='ltr'>tes,</span> <span class='ocrx_word' id='word_1_296' title='bbox 1336 808 1634 851; x_wconf 84' lang='lat' dir='ltr'>supplicationibus</span> <span class='ocrx_word' id='word_1_297' title='bbox 1655 808 1748 841; x_wconf 86' lang='lat' dir='ltr'>etiam</span> <span class='ocrx_word' id='word_1_298' title='bbox 1775 808 1991 851; x_wconf 88' lang='lat' dir='ltr'>plurimorum</span> 
     </span>
     <span class='ocr_line' id='line_1_63' title="bbox 1252 860 1991 904; baseline -0.003 -10"><span class='ocrx_word' id='word_1_299' title='bbox 1252 872 1288 894; x_wconf 79' lang='lat' dir='ltr'>cx</span> <span class='ocrx_word' id='word_1_300' title='bbox 1311 861 1551 894; x_wconf 83' lang='lat' dir='ltr'>venerabilibus</span> <span class='ocrx_word' id='word_1_301' title='bbox 1570 861 1722 894; x_wconf 88' lang='lat' dir='ltr'>fratribus</span> <span class='ocrx_word' id='word_1_302' title='bbox 1740 860 1991 904; x_wconf 79' lang='lat' dir='ltr'>archiepiscopis</span> 
     </span>
     <span class='ocr_line' id='line_1_64' title="bbox 1252 912 1991 958; baseline -0.003 -12"><span class='ocrx_word' id='word_1_303' title='bbox 1252 921 1282 946; x_wconf 94' lang='lat' dir='ltr'>et</span> <span class='ocrx_word' id='word_1_304' title='bbox 1318 914 1482 958; x_wconf 84' lang='lat' dir='ltr'>episcopis</span> <span class='ocrx_word' id='word_1_305' title='bbox 1524 921 1612 947; x_wconf 81' lang='lat' dir='ltr'>extra</span> <span class='ocrx_word' id='word_1_306' title='bbox 1648 914 1770 947; x_wconf 88' lang='lat' dir='ltr'>ltaliam</span> <span class='ocrx_word' id='word_1_307' title='bbox 1806 912 1991 946; x_wconf 86' lang='lat' dir='ltr'>huiusmodi</span> 
     </span>
     <span class='ocr_line' id='line_1_65' title="bbox 1252 966 1992 1006; baseline -0.003 -6"><span class='ocrx_word' id='word_1_308' title='bbox 1252 968 1474 1006; x_wconf 77' lang='lat' dir='ltr'>existentibus,</span> <span class='ocrx_word' id='word_1_309' title='bbox 1496 978 1621 1000; x_wconf 88' lang='lat' dir='ltr'>necuou</span> <span class='ocrx_word' id='word_1_310' title='bbox 1641 968 1832 1001; x_wconf 82' lang='lat' dir='ltr'>dilectorum</span> <span class='ocrx_word' id='word_1_311' title='bbox 1852 966 1992 999; x_wconf 79' lang='lat' dir='ltr'>filiorum</span> 
     </span>
     <span class='ocr_line' id='line_1_66' title="bbox 1251 1020 1992 1054; baseline -0.003 0"><span class='ocrx_word' id='word_1_312' title='bbox 1251 1021 1434 1054; x_wconf 79' lang='lat' dir='ltr'>officialium</span> <span class='ocrx_word' id='word_1_313' title='bbox 1454 1026 1485 1053; x_wconf 88' lang='lat' dir='ltr'>et</span> <span class='ocrx_word' id='word_1_314' title='bbox 1503 1021 1703 1053; x_wconf 89' lang='lat' dir='ltr'>confratrum</span> <span class='ocrx_word' id='word_1_315' title='bbox 1722 1020 1992 1053; x_wconf 86' lang='lat' dir='ltr'>archiconfrater-</span> 
     </span>
     <span class='ocr_line' id='line_1_67' title="bbox 1252 1072 1993 1106; baseline 0 -1"><span class='ocrx_word' id='word_1_316' title='bbox 1252 1074 1360 1106; x_wconf 85' lang='lat' dir='ltr'>nitatis</span> <span class='ocrx_word' id='word_1_317' title='bbox 1397 1073 1567 1106; x_wconf 86' lang='lat' dir='ltr'>Doctrinae</span> <span class='ocrx_word' id='word_1_318' title='bbox 1602 1073 1804 1106; x_wconf 84' lang='lat' dir='ltr'>Christianae</span> <span class='ocrx_word' id='word_1_319' title='bbox 1841 1073 1873 1105; x_wconf 91' lang='lat' dir='ltr'>in</span> <span class='ocrx_word' id='word_1_320' title='bbox 1910 1072 1993 1105; x_wconf 86' lang='lat' dir='ltr'>Urbe</span> 
     </span>
     <span class='ocr_line' id='line_1_68' title="bbox 1254 1124 1995 1170; baseline 0 -12"><span class='ocrx_word' id='word_1_321' title='bbox 1254 1127 1395 1170; x_wconf 75' lang='lat' dir='ltr'>praefata</span> <span class='ocrx_word' id='word_1_322' title='bbox 1430 1127 1550 1159; x_wconf 88' lang='lat' dir='ltr'>dudum</span> <span class='ocrx_word' id='word_1_323' title='bbox 1589 1126 1779 1159; x_wconf 81' lang='lat' dir='ltr'>auctoritate</span> <span class='ocrx_word' id='word_1_324' title='bbox 1815 1124 1995 1169; x_wconf 69' lang='lat' dir='ltr'>apostolica</span> 
     </span>
     <span class='ocr_line' id='line_1_69' title="bbox 1253 1179 1995 1223; baseline -0.001 -10"><span class='ocrx_word' id='word_1_325' title='bbox 1253 1187 1380 1214; x_wconf 86' lang='lat' dir='ltr'>erectae</span> <span class='ocrx_word' id='word_1_326' title='bbox 1406 1180 1536 1213; x_wconf 85' lang='lat' dir='ltr'>nomine</span> <span class='ocrx_word' id='word_1_327' title='bbox 1563 1181 1656 1213; x_wconf 88' lang='lat' dir='ltr'>nobis</span> <span class='ocrx_word' id='word_1_328' title='bbox 1682 1190 1782 1223; x_wconf 86' lang='lat' dir='ltr'>super</span> <span class='ocrx_word' id='word_1_329' title='bbox 1809 1180 1869 1213; x_wconf 85' lang='lat' dir='ltr'>hoc</span> <span class='ocrx_word' id='word_1_330' title='bbox 1891 1179 1995 1212; x_wconf 90' lang='lat' dir='ltr'>humi-</span> 
     </span>
     <span class='ocr_line' id='line_1_70' title="bbox 1253 1233 1993 1276; baseline -0.003 -10"><span class='ocrx_word' id='word_1_331' title='bbox 1253 1235 1327 1267; x_wconf 92' lang='lat' dir='ltr'>liter</span> <span class='ocrx_word' id='word_1_332' title='bbox 1352 1234 1515 1276; x_wconf 89' lang='lat' dir='ltr'>porrectis</span> <span class='ocrx_word' id='word_1_333' title='bbox 1542 1233 1711 1273; x_wconf 86' lang='lat' dir='ltr'>inclinati,</span> <span class='ocrx_word' id='word_1_334' title='bbox 1747 1233 1993 1265; x_wconf 78' lang='lat' dir='ltr'>concessionem</span> 
     </span>
     <span class='ocr_line' id='line_1_71' title="bbox 1253 1286 1997 1330; baseline -0.001 -11"><span class='ocrx_word' id='word_1_335' title='bbox 1253 1287 1540 1330; x_wconf 74' lang='lat' dir='ltr'>indulgcntiarum,</span> <span class='ocrx_word' id='word_1_336' title='bbox 1560 1293 1591 1319; x_wconf 85' lang='lat' dir='ltr'>et</span> <span class='ocrx_word' id='word_1_337' title='bbox 1612 1293 1817 1330; x_wconf 86' lang='lat' dir='ltr'>peecatorum</span> <span class='ocrx_word' id='word_1_338' title='bbox 1838 1286 1997 1318; x_wconf 85' lang='lat' dir='ltr'>remissio·</span> 
     </span>
     <span class='ocr_line' id='line_1_72' title="bbox 1254 1338 1995 1383; baseline -0.004 -10"><span class='ocrx_word' id='word_1_339' title='bbox 1254 1352 1350 1380; x_wconf 82' lang='lat' dir='ltr'>nem,</span> <span class='ocrx_word' id='word_1_340' title='bbox 1385 1340 1727 1383; x_wconf 83' lang='lat' dir='ltr'>poeniteutiartunque</span> <span class='ocrx_word' id='word_1_341' title='bbox 1762 1338 1995 1372; x_wconf 83' lang='lat' dir='ltr'>relaxationem</span> 
     </span>
     <span class='ocr_line' id='line_1_73' title="bbox 1254 1392 1997 1426; baseline -0.003 0"><span class='ocrx_word' id='word_1_342' title='bbox 1254 1394 1445 1426; x_wconf 82' lang='lat' dir='ltr'>docentibus</span> <span class='ocrx_word' id='word_1_343' title='bbox 1471 1399 1502 1426; x_wconf 88' lang='lat' dir='ltr'>et</span> <span class='ocrx_word' id='word_1_344' title='bbox 1527 1393 1644 1425; x_wconf 90' lang='lat' dir='ltr'>adultis</span> <span class='ocrx_word' id='word_1_345' title='bbox 1675 1392 1918 1425; x_wconf 80' lang='lat' dir='ltr'>addiscentibus</span> <span class='ocrx_word' id='word_1_346' title='bbox 1947 1401 1997 1424; x_wconf 89' lang='lat' dir='ltr'>ca-</span> 
     </span>
     <span class='ocr_line' id='line_1_74' title="bbox 1254 1445 1996 1481; baseline -0.004 -1"><span class='ocrx_word' id='word_1_347' title='bbox 1254 1448 1447 1481; x_wconf 85' lang='lat' dir='ltr'>techismum</span> <span class='ocrx_word' id='word_1_348' title='bbox 1475 1457 1531 1479; x_wconf 88' lang='lat' dir='ltr'>seu</span> <span class='ocrx_word' id='word_1_349' title='bbox 1565 1446 1746 1479; x_wconf 84' lang='lat' dir='ltr'>doctrinam</span> <span class='ocrx_word' id='word_1_350' title='bbox 1783 1445 1996 1478; x_wconf 85' lang='lat' dir='ltr'>christianam</span> 
     </span>
     <span class='ocr_line' id='line_1_75' title="bbox 1255 1498 1996 1539; baseline -0.005 -5"><span class='ocrx_word' id='word_1_351' title='bbox 1255 1502 1284 1534; x_wconf 93' lang='lat' dir='ltr'>in</span> <span class='ocrx_word' id='word_1_352' title='bbox 1313 1501 1416 1539; x_wconf 87' lang='lat' dir='ltr'>Urbe,</span> <span class='ocrx_word' id='word_1_353' title='bbox 1443 1500 1541 1539; x_wconf 80' lang='lat' dir='ltr'>ltalia,</span> <span class='ocrx_word' id='word_1_354' title='bbox 1570 1510 1605 1532; x_wconf 83' lang='lat' dir='ltr'>ac</span> <span class='ocrx_word' id='word_1_355' title='bbox 1631 1500 1745 1532; x_wconf 89' lang='lat' dir='ltr'>insulis</span> <span class='ocrx_word' id='word_1_356' title='bbox 1773 1498 1996 1532; x_wconf 84' lang='lat' dir='ltr'>adiacentibus</span> 
     </span>
     <span class='ocr_line' id='line_1_76' title="bbox 1255 1551 1997 1596; baseline -0.004 -9"><span class='ocrx_word' id='word_1_357' title='bbox 1255 1566 1271 1587; x_wconf 88' lang='lat' dir='ltr'>a</span> <span class='ocrx_word' id='word_1_358' title='bbox 1297 1554 1391 1586; x_wconf 89' lang='lat' dir='ltr'>nobis</span> <span class='ocrx_word' id='word_1_359' title='bbox 1419 1554 1557 1592; x_wconf 86' lang='lat' dir='ltr'>factam,</span> <span class='ocrx_word' id='word_1_360' title='bbox 1583 1553 1667 1585; x_wconf 86' lang='lat' dir='ltr'>sicut</span> <span class='ocrx_word' id='word_1_361' title='bbox 1691 1551 1918 1596; x_wconf 84' lang='lat' dir='ltr'>praemittitur,</span> <span class='ocrx_word' id='word_1_362' title='bbox 1944 1562 1997 1584; x_wconf 87' lang='lat' dir='ltr'>ex-</span> 
     </span>
     <span class='ocr_line' id='line_1_77' title="bbox 1255 1606 1996 1650; baseline -0.004 -11"><span class='ocrx_word' id='word_1_363' title='bbox 1255 1607 1447 1650; x_wconf 74' lang='lat' dir='ltr'>peditusque</span> <span class='ocrx_word' id='word_1_364' title='bbox 1464 1606 1606 1648; x_wconf 77' lang='lat' dir='ltr'>desuper</span> <span class='ocrx_word' id='word_1_365' title='bbox 1623 1606 1747 1638; x_wconf 87' lang='lat' dir='ltr'>litteras</span> <span class='ocrx_word' id='word_1_366' title='bbox 1763 1610 1889 1638; x_wconf 82' lang='lat' dir='ltr'>nostras</span> <span class='ocrx_word' id='word_1_367' title='bbox 1908 1614 1996 1648; x_wconf 86' lang='lat' dir='ltr'>prac-</span> 
     </span>
     <span class='ocr_line' id='line_1_78' title="bbox 1255 1657 1998 1700; baseline -0.003 -8"><span class='ocrx_word' id='word_1_368' title='bbox 1255 1661 1358 1692; x_wconf 88' lang='lat' dir='ltr'>dictas</span> <span class='ocrx_word' id='word_1_369' title='bbox 1377 1687 1384 1700; x_wconf 89' lang='lat'>,</span> <span class='ocrx_word' id='word_1_370' title='bbox 1409 1659 1448 1692; x_wconf 90' lang='lat' dir='ltr'>ad</span> <span class='ocrx_word' id='word_1_371' title='bbox 1475 1660 1647 1691; x_wconf 88' lang='lat' dir='ltr'>universos</span> <span class='ocrx_word' id='word_1_372' title='bbox 1673 1658 1905 1691; x_wconf 81' lang='lat' dir='ltr'>christifideles</span> <span class='ocrx_word' id='word_1_373' title='bbox 1931 1657 1998 1690; x_wconf 91' lang='lat' dir='ltr'>ubi-</span> 
     </span>
     <span class='ocr_line' id='line_1_79' title="bbox 1255 1714 1998 1756; baseline -0.003 -11"><span class='ocrx_word' id='word_1_374' title='bbox 1255 1724 1392 1756; x_wconf 82' lang='lat' dir='ltr'>cumque</span> <span class='ocrx_word' id='word_1_375' title='bbox 1418 1714 1566 1745; x_wconf 89' lang='lat' dir='ltr'>locorum</span> <span class='ocrx_word' id='word_1_376' title='bbox 1592 1722 1677 1744; x_wconf 91' lang='lat' dir='ltr'>nunc</span> <span class='ocrx_word' id='word_1_377' title='bbox 1703 1718 1735 1744; x_wconf 88' lang='lat' dir='ltr'>et</span> <span class='ocrx_word' id='word_1_378' title='bbox 1758 1722 1817 1754; x_wconf 93' lang='lat' dir='ltr'>pro</span> <span class='ocrx_word' id='word_1_379' title='bbox 1850 1716 1998 1754; x_wconf 85' lang='lat' dir='ltr'>tempore</span> 
     </span>
     <span class='ocr_line' id='line_1_80' title="bbox 1255 1765 1998 1806; baseline -0.003 -7"><span class='ocrx_word' id='word_1_380' title='bbox 1255 1767 1453 1806; x_wconf 79' lang='lat' dir='ltr'>existentes,</span> <span class='ocrx_word' id='word_1_381' title='bbox 1485 1766 1635 1798; x_wconf 90' lang='lat' dir='ltr'>eumdem</span> <span class='ocrx_word' id='word_1_382' title='bbox 1670 1765 1906 1798; x_wconf 88' lang='lat' dir='ltr'>catechismum</span> <span class='ocrx_word' id='word_1_383' title='bbox 1944 1765 1998 1797; x_wconf 90' lang='lat' dir='ltr'>do·</span> 
     </span>
     <span class='ocr_line' id='line_1_81' title="bbox 1255 1819 1997 1852; baseline -0.003 0"><span class='ocrx_word' id='word_1_384' title='bbox 1255 1820 1434 1852; x_wconf 85' lang='lat' dir='ltr'>ctrinamve</span> <span class='ocrx_word' id='word_1_385' title='bbox 1459 1819 1672 1852; x_wconf 87' lang='lat' dir='ltr'>christianam</span> <span class='ocrx_word' id='word_1_386' title='bbox 1698 1819 1850 1851; x_wconf 88' lang='lat' dir='ltr'>similiter</span> <span class='ocrx_word' id='word_1_387' title='bbox 1874 1819 1997 1851; x_wconf 91' lang='lat' dir='ltr'>docen-</span> 
     </span>
     <span class='ocr_line' id='line_1_82' title="bbox 1257 1872 1997 1913; baseline -0.003 -8"><span class='ocrx_word' id='word_1_388' title='bbox 1257 1879 1315 1913; x_wconf 89' lang='lat' dir='ltr'>tes,</span> <span class='ocrx_word' id='word_1_389' title='bbox 1341 1879 1372 1906; x_wconf 88' lang='lat' dir='ltr'>et</span> <span class='ocrx_word' id='word_1_390' title='bbox 1396 1873 1523 1906; x_wconf 86' lang='lat' dir='ltr'>adultos</span> <span class='ocrx_word' id='word_1_391' title='bbox 1548 1872 1766 1912; x_wconf 79' lang='lat' dir='ltr'>addiscentes,</span> <span class='ocrx_word' id='word_1_392' title='bbox 1789 1873 1917 1905; x_wconf 73' lang='lat' dir='ltr'>servata</span> <span class='ocrx_word' id='word_1_393' title='bbox 1944 1881 1997 1904; x_wconf 85' lang='lat' dir='ltr'>ea-</span> 
     </span>
     <span class='ocr_line' id='line_1_83' title="bbox 1256 1926 1999 1961; baseline -0.005 0"><span class='ocrx_word' id='word_1_394' title='bbox 1256 1928 1404 1961; x_wconf 89' lang='lat' dir='ltr'>rumdem</span> <span class='ocrx_word' id='word_1_395' title='bbox 1430 1927 1609 1960; x_wconf 86' lang='lat' dir='ltr'>litterarum</span> <span class='ocrx_word' id='word_1_396' title='bbox 1635 1931 1820 1960; x_wconf 89' lang='lat' dir='ltr'>nostrarum</span> <span class='ocrx_word' id='word_1_397' title='bbox 1842 1926 1945 1958; x_wconf 71' lang='lat' dir='ltr'>forma</span> <span class='ocrx_word' id='word_1_398' title='bbox 1967 1931 1999 1958; x_wconf 87' lang='lat' dir='ltr'>et</span> 
     </span>
     <span class='ocr_line' id='line_1_84' title="bbox 1257 1978 1999 2025; baseline -0.005 -11"><span class='ocrx_word' id='word_1_399' title='bbox 1257 1980 1496 2025; x_wconf 83' lang='lat' dir='ltr'>dispositione,</span> <span class='ocrx_word' id='word_1_400' title='bbox 1522 1980 1711 2013; x_wconf 83' lang='lat' dir='ltr'>auctoritate</span> <span class='ocrx_word' id='word_1_401' title='bbox 1738 1978 1927 2022; x_wconf 69' lang='lat' dir='ltr'>apostolica,</span> <span class='ocrx_word' id='word_1_402' title='bbox 1954 1983 1999 2010; x_wconf 91' lang='lat' dir='ltr'>te-</span> 
     </span>
     <span class='ocr_line' id='line_1_85' title="bbox 1257 2033 1996 2077; baseline -0.005 -9"><span class='ocrx_word' id='word_1_403' title='bbox 1257 2045 1336 2068; x_wconf 90' lang='lat' dir='ltr'>nore</span> <span class='ocrx_word' id='word_1_404' title='bbox 1361 2033 1592 2077; x_wconf 83' lang='lat' dir='ltr'>praesentium,</span> <span class='ocrx_word' id='word_1_405' title='bbox 1610 2033 1641 2066; x_wconf 94' lang='lat' dir='ltr'>in</span> <span class='ocrx_word' id='word_1_406' title='bbox 1663 2038 1857 2076; x_wconf 84' lang='lat' dir='ltr'>perpetuum</span> <span class='ocrx_word' id='word_1_407' title='bbox 1884 2036 1996 2065; x_wconf 83' lang='lat' dir='ltr'>exten-</span> 
     </span>
     <span class='ocr_line' id='line_1_86' title="bbox 1258 2085 1823 2128; baseline -0.007 -8"><span class='ocrx_word' id='word_1_408' title='bbox 1258 2088 1362 2120; x_wconf 90' lang='lat' dir='ltr'>dimus</span> <span class='ocrx_word' id='word_1_409' title='bbox 1386 2087 1537 2120; x_wconf 87' lang='lat' dir='ltr'>similiter</span> <span class='ocrx_word' id='word_1_410' title='bbox 1562 2091 1592 2119; x_wconf 89' lang='lat' dir='ltr'>et</span> <span class='ocrx_word' id='word_1_411' title='bbox 1617 2085 1823 2128; x_wconf 87' lang='lat' dir='ltr'>ampliamus.</span> 
     </span>
    </p>

    <p class='ocr_par' dir='ltr' id='par_1_12' title="bbox 1257 2139 2024 2398">
     <span class='ocr_line' id='line_1_87' title="bbox 1301 2139 2024 2195; baseline -0.004 -21"><span class='ocrx_word' id='word_1_412' title='bbox 1301 2143 1315 2185; x_wconf 57' lang='grc' dir='ltr'>ᾗ</span> <span class='ocrx_word' id='word_1_413' title='bbox 1339 2141 1372 2174; x_wconf 75' lang='grc'>4.</span> <span class='ocrx_word' id='word_1_414' title='bbox 1398 2140 1467 2174; x_wconf 93' lang='lat' dir='ltr'>Non</span> <span class='ocrx_word' id='word_1_415' title='bbox 1493 2140 1694 2173; x_wconf 87' lang='lat' dir='ltr'>obstantibus</span> <span class='ocrx_word' id='word_1_416' title='bbox 1720 2142 1831 2172; x_wconf 80' lang='lat' dir='ltr'>nostra</span> <span class='ocrx_word' id='word_1_417' title='bbox 1861 2139 1905 2172; x_wconf 77' lang='lat' dir='ltr'>de‘</span> <span class='ocrx_word' id='word_1_418' title='bbox 1935 2148 2024 2195; x_wconf 79' lang='lat' dir='ltr'>nond</span> 
     </span>
     <span class='ocr_line' id='line_1_88' title="bbox 1257 2192 2002 2236; baseline -0.004 -8"><span class='ocrx_word' id='word_1_419' title='bbox 1257 2194 1477 2228; x_wconf 88' lang='lat' dir='ltr'>concedendis</span> <span class='ocrx_word' id='word_1_420' title='bbox 1502 2193 1716 2236; x_wconf 78' lang='lat' dir='ltr'>indulgentiis</span> <span class='ocrx_word' id='word_1_421' title='bbox 1742 2192 1909 2232; x_wconf 87' lang='lat' dir='ltr'>adinstar,</span> <span class='ocrx_word' id='word_1_422' title='bbox 1943 2192 2002 2225; x_wconf 88' lang='lat' dir='ltr'>ali-</span> 
     </span>
     <span class='ocr_line' id='line_1_89' title="bbox 1258 2245 2002 2292; baseline -0.003 -11"><span class='ocrx_word' id='word_1_423' title='bbox 1258 2249 1348 2292; x_wconf 86' lang='lat' dir='ltr'>isque</span> <span class='ocrx_word' id='word_1_424' title='bbox 1374 2247 1666 2281; x_wconf 87' lang='lat' dir='ltr'>constitutionibus</span> <span class='ocrx_word' id='word_1_425' title='bbox 1691 2252 1722 2280; x_wconf 91' lang='lat' dir='ltr'>et</span> <span class='ocrx_word' id='word_1_426' title='bbox 1739 2245 2002 2279; x_wconf 85' lang='lat' dir='ltr'>ordinationibus</span> 
     </span>
     <span class='ocr_line' id='line_1_90' title="bbox 1257 2299 2002 2346; baseline -0.003 -11"><span class='ocrx_word' id='word_1_427' title='bbox 1257 2301 1457 2346; x_wconf 85' lang='lat' dir='ltr'>apostolicis,</span> <span class='ocrx_word' id='word_1_428' title='bbox 1475 2301 1657 2344; x_wconf 84' lang='lat' dir='ltr'>ceterisque</span> <span class='ocrx_word' id='word_1_429' title='bbox 1675 2300 1848 2333; x_wconf 89' lang='lat' dir='ltr'>contrariis</span> <span class='ocrx_word' id='word_1_430' title='bbox 1867 2299 2002 2343; x_wconf 88' lang='lat' dir='ltr'>quibus-</span> 
     </span>
     <span class='ocr_line' id='line_1_91' title="bbox 1257 2365 1409 2398; baseline 0 -11"><span class='ocrx_word' id='word_1_431' title='bbox 1257 2365 1409 2398; x_wconf 89' lang='lat' dir='ltr'>cumque.</span> 
     </span>
    </p>
   </div>
   <div class='ocr_carea' id='block_1_11' title="bbox 1301 2407 2194 2461">
    <p class='ocr_par' dir='ltr' id='par_1_13' title="bbox 1301 2407 2194 2461">
     <span class='ocr_line' id='line_1_92' title="bbox 1301 2407 2194 2461; baseline -0.002 -20"><span class='ocrx_word' id='word_1_432' title='bbox 1301 2409 1315 2451; x_wconf 62' lang='grc' dir='ltr'><strong>ἓ</strong></span> <span class='ocrx_word' id='word_1_433' title='bbox 1340 2407 1371 2441; x_wconf 81' lang='grc'>5.</span> <span class='ocrx_word' id='word_1_434' title='bbox 1401 2408 1552 2441; x_wconf 88' lang='lat' dir='ltr'>Volumus</span> <span class='ocrx_word' id='word_1_435' title='bbox 1574 2413 1680 2441; x_wconf 87' lang='lat' dir='ltr'>autem</span> <span class='ocrx_word' id='word_1_436' title='bbox 1698 2413 1733 2440; x_wconf 91' lang='lat' dir='ltr'>ut</span> <span class='ocrx_word' id='word_1_437' title='bbox 1751 2407 1892 2451; x_wconf 85' lang='lat' dir='ltr'>ipsarum</span> <span class='ocrx_word' id='word_1_438' title='bbox 1908 2411 2194 2461; x_wconf 49' lang='lat' dir='ltr'>p1·ae-ffrr5g¹snigffet{⁵qu·</span> 
     </span>
    </p>
   </div>
   <div class='ocr_carea' id='block_1_12' title="bbox 1257 2462 2002 2665">
    <p class='ocr_par' dir='ltr' id='par_1_14' title="bbox 1257 2462 2002 2665">
     <span class='ocr_line' id='line_1_93' title="bbox 1257 2462 2002 2504; baseline -0.001 -10"><span class='ocrx_word' id='word_1_439' title='bbox 1257 2462 1398 2494; x_wconf 87' lang='lat' dir='ltr'>sentium</span> <span class='ocrx_word' id='word_1_440' title='bbox 1424 2463 1608 2495; x_wconf 85' lang='lat' dir='ltr'>litterarum</span> <span class='ocrx_word' id='word_1_441' title='bbox 1627 2462 1852 2504; x_wconf 85' lang='lat' dir='ltr'>transumptis,</span> <span class='ocrx_word' id='word_1_442' title='bbox 1870 2471 1926 2494; x_wconf 90' lang='lat' dir='ltr'>seu</span> <span class='ocrx_word' id='word_1_443' title='bbox 1948 2471 2002 2494; x_wconf 85' lang='lat' dir='ltr'>ex-</span> 
     </span>
     <span class='ocr_line' id='line_1_94' title="bbox 1258 2514 2000 2558; baseline -0.001 -11"><span class='ocrx_word' id='word_1_444' title='bbox 1258 2515 1384 2558; x_wconf 85' lang='lat' dir='ltr'>emplis,</span> <span class='ocrx_word' id='word_1_445' title='bbox 1412 2514 1509 2548; x_wconf 85' lang='lat' dir='ltr'>etiam</span> <span class='ocrx_word' id='word_1_446' title='bbox 1534 2515 1713 2558; x_wconf 88' lang='lat' dir='ltr'>impressis,</span> <span class='ocrx_word' id='word_1_447' title='bbox 1738 2524 1836 2547; x_wconf 86' lang='lat' dir='ltr'>manu</span> <span class='ocrx_word' id='word_1_448' title='bbox 1865 2514 2000 2547; x_wconf 87' lang='lat' dir='ltr'>alicuius</span> 
     </span>
     <span class='ocr_line' id='line_1_95' title="bbox 1258 2567 2002 2612; baseline -0.001 -11"><span class='ocrx_word' id='word_1_449' title='bbox 1258 2569 1376 2602; x_wconf 85' lang='lat' dir='ltr'>notarii</span> <span class='ocrx_word' id='word_1_450' title='bbox 1403 2569 1527 2612; x_wconf 87' lang='lat' dir='ltr'>publici</span> <span class='ocrx_word' id='word_1_451' title='bbox 1566 2567 1788 2611; x_wconf 87' lang='lat' dir='ltr'>subscriptis,</span> <span class='ocrx_word' id='word_1_452' title='bbox 1825 2573 1857 2601; x_wconf 90' lang='lat' dir='ltr'>et</span> <span class='ocrx_word' id='word_1_453' title='bbox 1891 2567 2002 2611; x_wconf 77' lang='lat' dir='ltr'>sigillo</span> 
     </span>
     <span class='ocr_line' id='line_1_96' title="bbox 1257 2620 2002 2665; baseline -0.003 -9"><span class='ocrx_word' id='word_1_454' title='bbox 1257 2632 1419 2665; x_wconf 85' lang='lat' dir='ltr'>personae</span> <span class='ocrx_word' id='word_1_455' title='bbox 1446 2622 1478 2655; x_wconf 91' lang='lat' dir='ltr'>in</span> <span class='ocrx_word' id='word_1_456' title='bbox 1505 2621 1662 2665; x_wconf 80' lang='lat' dir='ltr'>dignitate</span> <span class='ocrx_word' id='word_1_457' title='bbox 1689 2620 1909 2655; x_wconf 75' lang='lat' dir='ltr'>ecclesiastica</span> <span class='ocrx_word' id='word_1_458' title='bbox 1928 2630 2002 2655; x_wconf 90' lang='lat' dir='ltr'>con·</span> 
     </span>
    </p>
   </div>
   <div class='ocr_carea' id='block_1_13' title="bbox 1995 225 2229 255">
    <p class='ocr_par' dir='ltr' id='par_1_15' title="bbox 1995 225 2229 255">
     <span class='ocr_line' id='line_1_97' title="bbox 1995 225 2229 255; baseline 0.013 -4"><span class='ocrx_word' id='word_1_459' title='bbox 1995 225 2046 252; x_wconf 74' lang='lat' dir='ltr'>An.</span> <span class='ocrx_word' id='word_1_460' title='bbox 2067 225 2177 255; x_wconf 62' lang='lat' dir='ltr'><strong>0173ss</strong></span> <span class='ocrx_word' id='word_1_461' title='bbox 2225 246 2229 249; x_wconf 85' lang='lat'>-</span> 
     </span>
    </p>
   </div>
   <div class='ocr_carea' id='block_1_14' title="bbox 2055 2145 2229 2168">
    <p class='ocr_par' dir='ltr' id='par_1_16' title="bbox 2055 2145 2229 2168">
     <span class='ocr_line' id='line_1_98' title="bbox 2055 2145 2229 2168; baseline 0 0"><span class='ocrx_word' id='word_1_462' title='bbox 2055 2145 2190 2168; x_wconf 46' lang='lat' dir='ltr'>obstantibus</span> <span class='ocrx_word' id='word_1_463' title='bbox 2226 2148 2229 2152; x_wconf 94' lang='lat'>&#39;</span> 
     </span>
    </p>
   </div>
   <div class='ocr_carea' id='block_1_15' title="bbox 2027 2176 2108 2200">
    <p class='ocr_par' dir='ltr' id='par_1_17' title="bbox 2027 2176 2108 2200">
     <span class='ocr_line' id='line_1_99' title="bbox 2027 2176 2108 2200; baseline 0 -5"><span class='ocrx_word' id='word_1_464' title='bbox 2027 2176 2108 2200; x_wconf 66' lang='lat' dir='ltr'>erogat.</span> 
     </span>
    </p>
   </div>
  </div>
 </body>
</html>
