2232 3178
250 246 300 273 An.
317 246 347 273 c.
372 243 438 273 1735
484 235 525 270 96

282 2113 361 2134 Nurum
383 2113 428 2133 ost*-

239 2141 293 2160 ciuin
346 2140 426 2161 liberae

242 2168 376 2193 disposrtiuni
393 2173 425 2187 Vt-

241 2195 292 2214 carii
310 2193 373 2215 Urbis
389 2200 425 2215 re-

241 2224 345 2242 servatur.

441 294 613 328 vicariatus
631 295 744 329 Curiae
761 295 901 329 officium
917 295 1085 328 criminale
1104 305 1184 328 nun-

441 349 642 392 cupandum,
670 349 708 382 ad
735 349 837 382 instar
873 349 1008 382 aliorum
1045 349 1184 382 notaria-

442 408 530 435 tuum
557 403 771 436 criminalium
799 403 979 436 officiorum
1017 403 1181 436 Romanae

441 455 569 496 Curiae,
589 456 673 502 quod
701 466 765 488 non
792 455 937 488 vacabile
963 456 1090 496 existat,
1110 467 1181 489 cum

440 509 589 541 omnibns
615 515 645 541 et
670 509 807 550 singulis
833 509 1059 549 facultatibus,
1086 509 1182 542 licen-

442 561 492 593 tiis
533 572 570 594 ac
596 561 772 604 privilegiis
800 562 915 604 quibus
941 567 1049 595 cetera
1071 562 1182 595 Roma-

440 625 499 647 nae
519 614 632 647 Curiae
658 615 877 651 notariatuum
898 615 1003 648 officia
1028 616 1180 658 gaudent,

440 677 476 700 ac
500 667 590 700 cuius
616 667 791 711 dispositio
819 668 857 701 ad
891 668 1046 701 Ioannem
1084 669 1181 702 Anto-

439 721 527 753 nium
559 726 707 754 nostrum
734 727 765 754 et
789 722 828 754 ad
854 732 912 764 pro
946 728 1092 765 tempore
1119 722 1180 755 exi-

439 774 554 807 stentis
573 774 709 807 Romani
728 774 893 808 pontificis
918 775 1115 808 cardinalem
1137 776 1180 808 vi-

439 827 563 860 carium
598 832 724 871 spectet
750 835 781 861 et
806 828 983 871 pertineat,
1021 839 1079 872 pro
1116 839 1181 862 uno

439 881 565 914 notario
592 892 609 914 a
634 887 745 915 nostro
772 893 859 915 nunc
885 888 915 915 et
946 893 1005 926 pro
1033 887 1181 926 tempore

439 934 609 967 existentis
645 935 782 968 Romani
820 935 983 968 Pontificis
1020 936 1179 969 cardinali

440 988 560 1021 vicario
586 989 784 1031 deputando,
804 989 872 1032 qui,
899 989 1055 1032 privative
1076 990 1180 1032 quoad

439 1041 583 1083 reliquos
609 1041 691 1074 alios
715 1042 889 1074 vicariatus
916 1042 1030 1075 Curiae
1056 1042 1181 1085 praesa-

440 1098 488 1126 tae
514 1094 667 1134 notarios,
687 1106 910 1139 quoscumque
935 1105 1108 1139 processus
1131 1106 1180 1128 su-

438 1158 496 1190 per
521 1148 624 1180 causis
642 1148 864 1181 criminalibus
882 1149 920 1181 ad
940 1148 1048 1181 vicarii
1067 1148 1179 1182 Curiae

439 1202 624 1235 huiusmodi
644 1202 787 1236 tribunal
806 1203 1026 1246 spectantibus
1041 1203 1180 1236 formare

438 1261 469 1289 et
495 1255 657 1289 instruere
685 1257 765 1289 sciat
801 1262 832 1289 ct
863 1258 967 1289 valcat
997 1267 1033 1289 ac
1064 1256 1181 1289 debeat

438 1315 469 1342 et
488 1314 634 1343 teneatur
652 1310 737 1353 (cum
756 1310 818 1343 hoc
844 1315 952 1344 tamen
976 1311 1061 1354 quod
1089 1311 1179 1343 nullo

438 1364 534 1396 modo
559 1364 718 1406 nulloque
745 1369 915 1407 praetextu
941 1370 996 1396 aut
1028 1363 1179 1407 quaesito

438 1418 548 1450 colore
574 1417 605 1449 in
631 1417 742 1460 quavis
767 1418 864 1450 causa
889 1417 973 1450 civili
1000 1417 1039 1450 ad
1073 1428 1181 1461 quem-

438 1470 517 1503 libet
542 1470 741 1503 notariorum
767 1470 909 1503 civilium
930 1471 1103 1504 vicariatus
1125 1470 1180 1504 Cu-

439 1523 503 1555 riae
529 1521 708 1565 praefatae¹
735 1533 767 1555 se
794 1523 945 1565 ingerere
972 1529 1177 1566 praesumat,

438 1580 489 1616 et,
517 1576 542 1608 si
576 1586 609 1608 se
643 1576 792 1618 ingerere
828 1577 1103 1620 praesumpserit,
1130 1577 1178 1610 sui

437 1630 617 1662 notariatus
642 1630 747 1663 officio
773 1630 915 1673 privatus
950 1631 1064 1663 existat
1089 1641 1127 1664 eo
1155 1631 1179 1663 i-

437 1694 506 1727 pso,
533 1694 714 1727 omnesque
740 1688 772 1716 et
796 1684 914 1727 singuli
940 1689 1051 1724 actus,
1077 1685 1115 1717 ab
1142 1695 1179 1717 eo

438 1736 470 1768 in
496 1739 590 1769 causa
620 1736 703 1769 civili
737 1748 796 1780 per
828 1748 900 1769 eum
932 1737 1180 1780 quomodolibet

438 1789 532 1832 gesti,
554 1789 587 1822 in
612 1789 731 1823 iudicio
758 1795 790 1823 et
815 1795 904 1823 extra
929 1790 1021 1831 illud,
1040 1790 1179 1824 existant

438 1842 517 1875 nulli
544 1847 576 1875 et
601 1842 751 1882 invalidi,
778 1843 965 1887 nulliusque
998 1843 1124 1877 roboris
1150 1849 1180 1878 et

438 1896 610 1937 momenti,
638 1901 736 1939 prout
769 1907 804 1930 ex
839 1907 923 1930 nunc
960 1908 1018 1941 per
1049 1898 1177 1931 easdem

437 1955 630 1994 praesentes
657 1960 787 1993 semper
811 1950 879 1984 sore
906 1956 937 1984 et
962 1961 1031 1985 esse
1064 1951 1178 1985 decer-

437 2003 545 2036 nimus
564 2009 595 2036 et
613 2003 843 2047 declaramus),
863 2005 1041 2048 apostolica
1066 2010 1177 2038 aucto-

438 2057 530 2090 ritatc
549 2062 712 2101 perpetuo
731 2057 886 2100 erigimus
912 2064 943 2091 et
970 2059 1176 2092 instituimus.

482 2112 496 2154 ἓ
522 2110 553 2144 8.
573 2111 734 2154 illudque,
753 2111 799 2144 sic
825 2117 971 2145 erectum
999 2118 1029 2145 et
1054 2112 1177 2145 institu-

439 2170 517 2205 tum,
532 2164 740 2197 omnimodae
755 2164 943 2209 liberaeque
957 2165 1174 2209 dispositioni,

436 2218 619 2252 auctoritati
645 2223 677 2251 et
702 2218 919 2252 iurisdictioni‘
942 2220 1044 2253 nostri
1064 2226 1095 2253 et
1112 2221 1175 2254 Ro-

436 2272 520 2304 mani
547 2272 709 2305 Pontificis
736 2283 794 2315 pro
826 2278 973 2315 tempore
1006 2274 1175 2307 existentis

435 2324 544 2357 vicarii
571 2325 629 2368 (ita
655 2325 740 2368 quod
767 2325 826 2358 sibi
853 2325 930 2358 illud
958 2327 1083 2366 locare,
1109 2328 1176 2371 dis-

435 2379 556 2418 locare,
581 2379 776 2419 arrendare,
804 2379 835 2411 in
861 2379 1175 2413 administrationem

436 2431 637 2472 concedere,
664 2432 839 2475 omniaque
870 2437 901 2464 et
936 2432 1065 2475 singula
1090 2444 1176 2466 emo-

435 2485 581 2518 lumenta
601 2495 639 2517 ex
657 2494 695 2518 eo
714 2484 960 2528 quomodolibet
985 2486 1176 2528 provenien-

437 2537 479 2570 tia
511 2538 544 2570 in
580 2537 683 2581 ipsius
720 2537 899 2571 notariatus
935 2538 1031 2572 officii
1067 2539 1176 2572 crimi-

436 2591 519 2624 nalis
541 2592 728 2635 nuncupati,
748 2603 765 2625 a
783 2592 877 2625 nobis
901 2603 962 2636 per
986 2598 1175 2636 praesentes

469 2653 485 2680 2
505 2652 616 2680 Videtur
636 2652 731 2681 deesse
745 2653 914 2689 pertinente
934 2654 975 2688 (n.
992 2657 1039 2685 τ.).

1023 245 1207 270 BULLARIUM
1230 245 1386 271 ROMANUM

1979 250 2028 277 An.
2045 249 2073 276 C.
2097 249 2162 279 1735

1228 295 1338 336 erecti,
1358 295 1646 340 ministrorumque
1668 303 1700 331 ct
1719 297 1966 332 inservientium

1227 349 1523 390 manutentionem,
1550 356 1597 390 et,
1624 351 1649 384 si
1682 363 1782 395 quae,
1816 352 1967 385 detractis

1227 403 1470 437 manutentione
1489 404 1676 438 huiusmodi
1692 405 1829 448 aliisquo
1848 416 1968 449 expen-

1226 456 1287 496 sis,
1323 457 1565 500 superfuerint,
1603 459 1636 490 in
1669 458 1744 490 dieti
1787 458 1971 502 notariatus

1226 509 1323 542 officii
1349 520 1366 541 a
1391 510 1485 542 nobis
1511 520 1569 553 per
1586 517 1777 553 praesentes
1796 511 1894 544 erecti
1914 512 1969 544 hu·

1226 562 1363 595 iusmodi
1402 563 1551 606 aliosque
1583 563 1653 606 pios
1690 575 1765 597 usus
1805 575 1862 607 pro
1898 564 1967 597 eius

1226 614 1331 648 libero
1357 615 1558 659 providoque
1590 616 1725 649 arbitrio
1760 622 1966 657 convertere,

1225 670 1334 701 nostra
1359 670 1406 702 vel
1432 669 1572 702 cuiusvis
1597 669 1729 702 alterius
1754 669 1885 702 licentia
1916 670 1968 703 de-

1226 732 1324 765 super
1349 721 1482 754 minime
1508 722 1678 765 requisita,
1707 721 1838 765 liceat¹)
1855 722 1968 755 eadem

1226 775 1406 817 apostolica
1431 775 1623 808 auctoritate
1650 780 1808 819 perpetuo
1837 774 1967 808 subiici-

1226 839 1295 861 mus
1322 833 1354 861 et
1379 829 1562 862 subiectum
1587 839 1656 862 esse
1683 830 1844 862 volumus.

1269 882 1283 925 ἓ
1301 881 1332 915 9.
1353 882 1397 915 Ae
1421 882 1555 926 insuper
1572 882 1743 925 cupientes
1762 883 1849 926 quod
1871 893 1966 926 prae·
2004 894 2113 914 Praesenti
2133 894 2161 915 u-

1977 921 2035 940 cat-io
2086 921 2162 941 contir-

1226 935 1308 968 t'atus
1334 935 1471 968 Ioannes
1497 936 1658 968 Antonius
1683 936 1856 969 cardinalis
1883 936 2162 977 vica-maturrimum·

1226 989 1291 1021 rius
1317 989 1535 1022 omnimodam
1569 989 1773 1032 liberamque
1806 989 1854 1021 sui
1883 973 2161 1037 vica-issssssi'e²{²i23iiiiss

1226 1042 1324 1074 riatus
1351 1047 1412 1075 tam
1445 1042 1478 1074 in
1511 1040 1595 1075 Urbe
1629 1042 1772 1085 praefata
1805 1052 1900 1085 quam
1932 1026 2162 1085 inl-'tili'ssiflffii'tt't'l

1226 1095 1294 1128 eius
1326 1095 1475 1129 districtu
1508 1095 1540 1128 in
1573 1095 1683 1129 civiles
1718 1100 1750 1128 et
1779 1080 2100 1129 criminalesdwmffl'

1225 1159 1336 1181 causas
1362 1149 1401 1181 ad
1432 1159 1504 1182 eum
1538 1149 1784 1193 quomodolibet
1815 1154 1967 1192 spectan-

1227 1207 1272 1235 tes
1299 1203 1529 1236 cumnlativam
1556 1213 1628 1236 cum
1655 1203 1806 1236 omnibus
1828 1203 1898 1235 aliis
1917 1203 1966 1235 iu-

1225 1254 1351 1288 dicibus
1378 1255 1554 1288 ordinariis
1580 1255 1674 1288 Urbis
1701 1256 1964 1290 iurisdictionem

1225 1308 1356 1352 pacifice
1391 1319 1543 1342 exercere
1576 1309 1702 1349 valeat,
1733 1308 1820 1342 sibi2
1852 1320 1965 1343 omnes

1225 1366 1256 1394 et
1280 1361 1424 1404 singulas
1450 1362 1616 1395 facultates
1642 1362 1799 1395 cardinali
1826 1362 1963 1396 Romani

1225 1415 1384 1448 pontilicis
1411 1415 1530 1449 vicario
1556 1426 1615 1459 pro
1643 1421 1788 1460 tempore
1815 1416 1964 1450 existenti

1224 1479 1392 1501 concessas
1417 1479 1434 1502 a
1459 1468 1604 1511 pluribus
1629 1469 1783 1503 Romanis
1802 1470 1966 1504 Pontifici·

1224 1523 1281 1555 bus
1299 1522 1607 1566 praedecessoribus
1625 1522 1755 1563 nostris,
1771 1522 1964 1565 praesertim

1224 1587 1240 1609 a
1275 1576 1438 1610 Clemente
1475 1577 1519 1615 X,
1550 1576 1740 1609 Innocentio
1773 1576 1859 1617 XIII,
1884 1581 1914 1610 et
1947 1588 1964 1610 a

1224 1629 1367 1672 praefato
1384 1629 1561 1662 Benedicto
1580 1639 1637 1671 per
1654 1639 1745 1661 suum
1759 1634 1881 1662 motum
1895 1640 1964 1672 pro-

1223 1682 1328 1726 prium
1355 1683 1491 1726 desuper
1507 1682 1628 1715 editum
1648 1682 1769 1716 tenoris
1788 1683 1963 1726 sequentis,

1224 1737 1391 1769 videlicet:

1272 1803 1283 1821 «
1310 1789 1505 1822 Benedictus
1529 1790 1705 1833 episcopus,
1730 1800 1839 1823 servus
1862 1800 1964 1824 servo·
1994 1799 2158 1836 Benedictixtu

1222 1853 1294 1876 rum
1313 1843 1383 1885 Dei,
1400 1842 1442 1876 acl
1464 1843 1612 1886 futuram
1633 1843 1682 1876 rei
1705 1844 1907 1878 memoriam.
1928 1844 1963 1877 In
1973 1826 2049 1848 B'm'

1222 1908 1374 1941 supremo
1400 1898 1600 1941 apostolatus
1630 1898 1713 1931 solio
1727 1897 1749 1938 ⁵,
1775 1897 1901 1931 meritis
1925 1898 1963 1931 li-

1221 1957 1272 1984 cet
1296 1951 1485 1995 imparibus,
1512 1950 1620 1984 divina
1641 1950 1856 1994 dispositione
1885 1962 1963 1984 con-

1221 2004 1342 2044 stituti,
1369 2015 1404 2037 ex
1439 2004 1638 2037 incumbenti
1664 2004 1760 2037 nobis
1791 2004 1962 2047 pastoralis

1221 2058 1317 2091 officii
1344 2057 1453 2091 debito
1479 2057 1519 2090 ad
1535 2068 1572 2090 ea
1590 2057 1731 2091 libenter
1749 2057 1958 2099 intendimus,

1221 2123 1278 2156 per
1303 2122 1385 2155 quae
1410 2112 1514 2144 almae
1538 2110 1631 2144 Urbis
1652 2117 1784 2144 nostrae
1802 2121 1961 2155 prospero

1220 2165 1314 2199 statui
1341 2171 1373 2199 et
1390 2165 1473 2199 felici
1494 2165 1664 2198 directioni
1683 2170 1868 2209 opportune
1888 2175 1962 2198 con·

1220 2219 1357 2259 sulitur·,
1384 2224 1414 2252 et
1438 2224 1632 2262 propterea,
1660 2229 1697 2251 ea
1718 2229 1801 2262 quae
1821 2219 1961 2262 desuper

1219 2284 1236 2305 a
1254 2271 1560 2316 praedecessoribus
1578 2271 1698 2304 nostris
1713 2271 1868 2304 Romanis
1882 2271 1960 2305 Pon·

1221 2326 1357 2359 tilicibus
1393 2325 1529 2369 provide
1560 2325 1643 2358 sacta
1674 2325 1773 2358 fnisse
1798 2325 1961 2368 comperi-

1219 2389 1298 2422 mus,
1313 2379 1429 2423 partim
1443 2379 1661 2422 approbamus
1674 2384 1706 2412 et
1720 2378 1959 2420 confirmamus,

1256 2478 1266 2504 1
1290 2476 1410 2503 Verbum
1431 2476 1517 2504 liceat
1536 2483 1585 2502 nos
1605 2475 1729 2503 addimus
1749 2475 1786 2510 (n.
1803 2476 1852 2509 τ.).

1253 2522 1269 2547 2
1290 2521 1326 2548 Ex
1348 2520 1550 2549 continuatione
1578 2521 1696 2556 syntaxis
1721 2523 1781 2556 post
1800 2523 1959 2556 sequentem

1220 2565 1356 2592 Benedicti
1385 2565 1430 2592 xtl
1459 2565 1695 2600 constitutionem,
1727 2573 1876 2602 pronomen
1902 2565 1959 2593 sibi

1219 2610 1372 2637 redundare
1393 2610 1562 2644 dignoscitur
1575 2610 1614 2645 (n.
1629 2610 1678 2645 τ.),

1254 2655 1270 2683 3
1290 2655 1388 2683 Confer
1408 2658 1474 2683 tom.
1496 2661 1568 2689 xxu,
1590 2663 1652 2691 pag.
1673 2655 1704 2682 81
1725 2656 1765 2691 (n.
1782 2655 1831 2690 τ.).

2222 2600 2232 2754 .›§-—-..-
2213 2332 2232 2588 -⁴———.—-..——..
