2232 3178
890 137 984 162 nvnnx
1010 137 1114 163 Renum
1662 128 1721 162 681

322 189 398 222 tioni
424 189 601 229 mandatae,
628 190 719 230 2·b2'd.;
738 190 884 224 Clemens
902 190 956 223 XII
981 190 1042 223 illis
1067 190 1278 224 conventibus
1302 191 1432 236 antiqua
1456 191 1525 224 iura
1551 196 1579 224 et
1602 190 1769 235 privilegia

321 242 506 284 confirmat,
530 242 550 276 3
574 254 603 276 α.

997 348 1021 381 D

231 454 365 488 Datium.
390 473 434 479 —
457 453 623 497 impositio
648 453 721 487 datii
747 458 908 486 scutorum
935 454 1042 487 decem
1068 463 1126 497 pro
1144 453 1285 497 quolibet
1301 454 1485 487 centenario
1502 464 1596 498 super
1614 455 1772 488 mercibus

319 507 438 548 sericis,
460 518 540 550 quae
564 518 600 540 ex
626 508 734 541 alienis
760 507 791 540 in
816 507 939 540 Statum
965 507 1220 539 Ecclesiastieum
1246 507 1494 550 adsportantur,
1518 507 1577 540 351
1608 519 1626 540 a
1653 514 1682 540 et
1706 519 1767 551 seq.

229 560 403 593 Decanatus
427 571 535 593 sacrae
560 562 658 594 Rotae
682 560 850 599 auditorii,
878 560 946 592 ride
971 560 1066 592 Rotae
1092 559 1204 592 Sacrae
1230 560 1435 592 auditorium.

231 613 361 646 Decreta
386 612 649 656 Congregationis
668 613 728 656 (S.)
746 613 784 645 de
802 612 1007 655 Propaganda
1028 611 1112 644 Fide.
1132 631 1176 635 -
1192 613 1359 645 Decretum
1381 613 1418 646 de
1444 613 1537 646 modo
1562 614 1714 646 servando
1741 614 1770 646 in

319 666 524 699 tumulatione
550 666 737 698 cadaverum
773 665 1048 698 missionariorum
1075 664 1107 696 in
1131 665 1276 708 partibus
1308 662 1498 706 infidelium,
1533 666 1574 699 *to
1599 667 1615 699 b
1640 672 1670 699 et
1694 678 1767 710 δαίμ

317 720 476 762 praefecto
501 719 687 752 missionum
713 719 873 761 Mequinez
898 717 986 759 regni
1004 717 1155 750 Marocbii
1179 717 1249 750 data
1272 718 1400 750 facultas
1418 718 1598 752 instituendi
1617 730 1770 763 procura-

319 776 420 804 torem
445 772 630 804 missionum
657 773 688 803 in
713 772 792 804 urbe
818 770 951 812 Matriti,
977 768 1042 802 485
1066 770 1083 802 b
1107 773 1137 803 et
1161 782 1224 814 seq.

229 824 359 857 Decreta
380 824 642 866 Congregationis
660 825 717 867 (S.)
736 825 958 868 episcoporum
978 829 1007 857 et
1023 825 1231 866 regularium.
1252 844 1294 848 —
1316 825 1457 869 Capitula
1483 827 1642 868 generalia
1667 827 1771 870 hospi-

317 877 425 910 talaris
450 877 574 910 Ordinis
598 878 627 910 S.
647 879 808 922 Hippolyti
833 877 1069 910 Mexicani·non
1094 877 1236 920 quolibet
1260 877 1407 920 triennio,
1429 879 1483 911 sed
1508 879 1640 921 singulis
1661 890 1771 912 sexen-

316 930 377 962 niis
402 931 564 972 cogenda⁷
590 931 631 964 39
657 931 672 963 b
698 937 727 964 et
751 942 822 974 seq.;
857 930 1035 974 presbyteri
1068 930 1331 974 Congregationis
1355 932 1384 965 S.
1412 931 1572 976 Hippolyti
1609 933 1640 964 in
1676 933 1772 965 Indiis

317 983 567 1017 occidentalibus
598 984 716 1016 nullam
751 984 895 1017 obtinere
920 987 1053 1026 possunt
1077 983 1109 1015 in
1135 983 1252 1017 Ordine
1276 984 1500 1028 praelaturam,
1529 983 1570 1016 86
1595 995 1615 1017 α
1639 989 1669 1017 et
1688 996 1769 1028 seq.,·

317 1037 464 1080 capitulis
489 1037 689 1080 generalibus
713 1037 837 1071 Ordinis
862 1037 995 1069 fratrum
1021 1037 1232 1070 Eremitarum
1267 1037 1368 1070 sancti
1404 1037 1570 1080 Augustini
1606 1038 1771 1070 Excalcea-

319 1095 424 1122 torum
448 1090 710 1133 Congregationis
734 1090 905 1134 Hispaniae
930 1095 960 1122 et
992 1090 1151 1123 Indiarum
1181 1100 1245 1123 non
1282 1090 1354 1123 licet
1382 1090 1561 1123 concedere
1595 1090 1772 1133 provincia-

317 1143 398 1176 latus
422 1143 629 1185 honorarios⁷
655 1143 719 1177 ‘103
744 1155 764 1177 a
788 1150 818 1176 et
842 1154 913 1187 seq.·‚
950 1143 1100 1177 fratribus
1124 1143 1250 1176 Ordinis
1275 1143 1477 1177 ltlinimorum
1509 1143 1771 1187 Congregatiouis

319 1195 506 1239 llispanicae
531 1197 713 1239 promoveri
738 1196 810 1229 licet
834 1196 871 1228 ad
897 1197 1037 1228 lauream
1062 1196 1267 1237 doctoralem,
1288 1201 1317 1231 et
1341 1197 1558 1239 magisterium
1580 1199 1611 1230 in
1636 1198 1771 1241 publicis

319 1249 575 1283 universitatibus
599 1250 631 1282 in
669 1260 739 1282 eum
777 1250 872 1282 finem
898 1248 1078 1288 dumtaxat,
1103 1254 1137 1281 ut
1169 1249 1335 1282 cathedras
1370 1249 1514 1282 obtinere
1543 1250 1681 1293 possint,
1706 1261 1770 1283 non

320 1308 423 1335 tamen
448 1313 681 1347 quemeumque
707 1303 842 1345 gradum
867 1302 898 1334 in
923 1301 1055 1342 Ordine,
1082 1301 1147 1334 184
1172 1302 1189 1334 b
1213 1307 1244 1334 et
1267 1313 1343 1346 seq.;
1370 1302 1479 1336 vicarii
1509 1303 1673 1346 generales
1695 1304 1773 1337 Con-

319 1356 511 1398 gregationis
546 1356 713 1399 Hispaniae
748 1356 873 1389 Ordinis
908 1356 1043 1388 fratrum
1077 1354 1290 1388 Eremitarum
1326 1356 1423 1390 sancti
1456 1357 1622 1398 Augustini
1654 1358 1772 1390 Discat-

318 1414 502 1450 ceatorum,
528 1414 671 1452 tempore
706 1419 769 1451 quo
799 1414 887 1441 extra
919 1408 1092 1451 capitulum
1129 1409 1167 1441 ad
1202 1409 1389 1442 vicariatum
1424 1410 1455 1442 in
1487 1411 1549 1442 vim
1581 1416 1770 1444 statutorum

319 1461 445 1495 Ordinis
470 1466 499 1494 et
530 1461 795 1504 Congregationis
826 1461 1008 1494 huiusmodi
1033 1460 1222 1504 subintrant,
1249 1463 1516 1506 exemptionibus,
1541 1464 1656 1507 quibus
1680 1465 1770 1498 electi

319 1514 349 1546 in
374 1514 691 1562 capitulo'gaudenss
717 1515 888 1555 fruuntur,
913 1514 977 1547 v*2¹16
1002 1525 1022 1547 a
1046 1519 1076 1547 et
1096 1526 1173 1558 seq.;
1199 1526 1262 1558 quo
1286 1521 1378 1560 pacto
1402 1517 1544 1560 suppleri
1570 1517 1681 1550 debeat
1705 1529 1766 1551 nu-

319 1578 425 1600 merus
449 1567 652 1600 definitorum
678 1578 879 1611 quocumque
909 1567 1002 1600 modo
1030 1567 1244 1601 deficientium
1277 1573 1349 1612 post
1377 1569 1570 1602 celebratum
1597 1571 1767 1614 capitulum

319 1621 511 1665 provinciale
535 1621 666 1654 huiusce
691 1621 815 1654 Ordinis
840 1626 870 1654 et
894 1621 1173 1664 Congregationis,
1198 1623 1311 1656 electio
1336 1633 1411 1656 vero
1436 1623 1576 1666 regentis
1598 1624 1771 1667 provincia-

318 1675 356 1707 lis
380 1674 412 1707 in
437 1674 560 1707 casibus
586 1674 698 1707 mortis
723 1674 856 1708 alicuius
882 1685 919 1707 ex
944 1674 1105 1717 prioribus
1130 1676 1378 1718 provincialibus
1403 1687 1421 1709 a
1443 1687 1505 1720 quo
1538 1677 1578 1709 sit
1606 1677 1768 1720 facienda,

319 1727 382 1761 539
409 1729 425 1760 b
450 1732 480 1760 et
503 1738 574 1771 scq.;
607 1727 834 1761 monasterium
867 1728 895 1760 S.
926 1728 1040 1760 Mariae
1072 1727 1232 1771 Sagittarii
1256 1727 1381 1761 Ordinis
1413 1729 1628 1762 Cisterciensis
1661 1730 1769 1763 unitur

317 1781 499 1825 provinciae
523 1780 653 1814 Tusciae
679 1780 822 1814 eiusdem
847 1781 983 1821 Ordinis,
1008 1780 1072 1814 ⁶220
1098 1781 1114 1813 b
1139 1786 1169 1814 et
1192 1792 1264 1825 seq.;
1291 1782 1441 1825 magister
1465 1782 1620 1824 generalis
1644 1783 1769 1816 Ordinis

318 1834 350 1868 B.
368 1834 407 1867 M.
428 1834 460 1866 V.
486 1833 725 1877 Redemptionis
749 1834 963 1877 captivorum,
988 1834 1047 1868 rite
1072 1839 1102 1867 et
1125 1834 1276 1868 canonice
1301 1835 1437 1875 electus,
1464 1836 1603 1868 muneris
1626 1836 1674 1869 sui
1699 1847 1769 1870 con-

320 1887 531 1921 firmationem
555 1887 594 1920 ab
618 1887 799 1931 Apostolica
823 1887 902 1921 Sede
926 1897 989 1921 non
1014 1892 1137 1921 tenetur
1161 1887 1315 1929 obtinere,
1340 1887 1400 1921 :361
1429 1889 1446 1921 b
1466 1893 1495 1921 et
1519 1899 1594 1932 seq.;
1620 1890 1770 1922 eonstitu-

318 1941 419 1974 tiones
436 1939 561 1974 Ordinis
578 1940 628 1973 SS.
648 1940 808 1973 Trinitatis
828 1940 1065 1984 Redemptionis
1086 1941 1289 1985 Captivorum
1314 1942 1513 1982 reformatae,
1534 1941 1597 1975 305
1615 1942 1630 1975 b
1647 1948 1676 1975 et
1692 1954 1768 1988 seq.;

319 1994 430 2028 fratres
453 1993 577 2027 Ordinis
602 1993 813 2026 Eremitarum
839 1994 938 2026 sancti
958 1994 1124 2036 Augustini
1141 1995 1327 2038 provinciae
1343 1995 1453 2028 Mexici
1478 1995 1516 2027 ad
1541 1995 1619 2028 alios
1636 1995 1769 2030 Ordines

320 2047 546 2090 confugientes,
571 2046 790 2090 superioribus
813 2047 964 2090 propriae
988 2047 1152 2089 religionis
1171 2048 1358 2081 restituendi
1383 2053 1464 2088 sunt,
1490 2049 1640 2092 praestito
1667 2055 1769 2083 tamen

320 2100 358 2133 ab
382 2100 430 2133 his
454 2100 631 2133 iuramento
656 2099 694 2132 de
719 2099 912 2133 restituendo
933 2101 1090 2144 praefatos
1107 2101 1325 2144 confugientes
1350 2102 1490 2135 ecclesiis
1509 2103 1555 2135 vel
1572 2103 1770 2136 monasteriis

319 2154 357 2186 ad
381 2163 461 2197 quae
485 2153 704 2196 confugerunt,
729 2153 754 2186 si
780 2153 1019 2197 procedendum
1044 2154 1082 2186 sit
1106 2154 1143 2187 ad
1170 2165 1288 2198 poenas
1317 2155 1499 2199 corporales
1533 2156 1669 2189 carceris
1699 2166 1769 2199 per-

275 2216 277 2219 ’
319 2207 416 2251 petui‚
437 2206 547 2240 mortis
572 2211 602 2239 et
625 2206 802 2239 triremium
817 2233 824 2246 ,
850 2206 913 2239 509
938 2218 958 2239 α
983 2212 1013 2240 et
1036 2218 1099 2252 seq.

232 2261 363 2294 Decreta
383 2259 645 2302 Congregationis
663 2259 720 2302 (S.)
747 2259 884 2292 Rituum.
911 2279 955 2284 -—
979 2260 1144 2294 Decretum
1170 2261 1410 2306 approbationis
1431 2262 1604 2295 sententiae
1625 2263 1704 2295 latae
1728 2262 1767 2295 ab

322 2313 470 2358 episcopo
496 2313 675 2346 Pisaurensi
700 2313 737 2345 de
763 2323 836 2346 casu
862 2319 993 2358 excepto
1018 2325 1034 2347 a
1059 2314 1194 2348 decretis
1215 2316 1331 2349 Urbani
1349 2316 1431 2355 Vlll,
1449 2316 1513 2348 sive
1539 2316 1577 2349 de
1598 2317 1683 2349 cultu
1709 2317 1765 2348 iin-

322 2366 520 2400 memorabili
544 2366 696 2410 praestito
718 2366 749 2399 B.
767 2366 950 2400 Michelinae
967 2367 1079 2401 viduae
1095 2368 1190 2401 Tertii
1209 2369 1334 2402 Ordinis
1354 2369 1452 2402 sancti
1474 2368 1647 2410 Francisci,
1668 2368 1731 2402 223
1749 2380 1768 2402 α

323 2425 353 2453 et
375 2431 451 2463 seq.;
478 2419 690 2452 venerabilem
710 2430 836 2453 servum
855 2420 909 2454 Dei
927 2420 1095 2465 losephum
1113 2431 1130 2454 a
1153 2422 1300 2455 Leonissa
1317 2422 1442 2455 Ordinis
1459 2422 1592 2455 fratrum
1617 2421 1769 2466 Capuc-ci-

322 2483 436 2506 norum
462 2473 589 2506 Beatum
614 2472 674 2506 diei
700 2473 823 2517 colique
847 2484 956 2518 posse,
974 2474 1037 2508 ⁶287
1054 2485 1074 2507 α
1091 2479 1120 2507 et
1137 2486 1215 2518 seq.·,
1242 2486 1301 2518 pro
1322 2474 1473 2508 electione
1490 2475 1522 2508 B.
1540 2475 1578 2507 M.
1599 2475 1633 2507 V.
1654 2475 1769 2508 Imma-

324 2527 444 2561 culatae
468 2526 500 2560 in
524 2532 688 2571 patronam
713 2528 920 2573 principalem
945 2530 1037 2572 regni
1062 2528 1186 2563 Siciliae
1209 2528 1291 2562 ultra
1319 2528 1479 2571 Pharum,
1504 2528 1564 2563 541
1593 2538 1613 2564 α
1642 2533 1672 2563 et
1701 2539 1767 2573 seq.

377 2590 454 2619 Bull.
469 2590 553 2619 Rom.
575 2606 607 2609 —
632 2590 692 2620 Vol.
715 2591 816 2620 XXIV.
977 2591 1011 2618 86
