2232 3178
264 240 313 266 Aa.
329 238 357 265 c.
383 237 449 265 1735
495 227 537 261 8⁶3

454 285 621 319 vbeneficiis
656 284 831 329 praedictis
864 283 959 316 etiam
985 292 1042 325 pro
1069 281 1200 324 expedi-

459 341 545 373 tione
571 345 682 373 contra
707 339 856 372 infideles
882 342 912 370 et
938 336 1102 379 quibusvis
1127 335 1197 369 aliis

458 392 699 436 (piantumlibet
716 391 779 435 piis
802 390 922 428 usibus,
944 389 1144 428 solvendum,
1164 399 1198 421 ac

458 457 529 478 eum
554 446 592 478 iis
618 445 758 487 desuper
775 443 1054 486 componendum,
1075 443 1124 475 vel
1144 452 1198 475 vos

459 499 498 532 ad
525 499 618 531 aliam
653 496 882 541 particularem
919 495 1093 536 licentiam,
1130 495 1197 527 sive

458 552 627 590 indultum,
654 556 708 582 aut
732 549 1014 582 confirmationem
1042 559 1198 592 praesen-

459 606 537 637 tium
562 616 579 637 a
605 603 698 637 nobis
723 603 772 636 vel
809 602 1050 636 successoribus
1075 601 1197 635 nostris

456 656 610 691 Romanis
634 655 846 689 Pontificibus
869 655 1045 699 petendum
1070 660 1122 687 aut
1140 654 1198 687 im-

457 710 662 754 petrandum,
688 709 739 741 vel
758 708 854 742 etiam
873 709 905 741 in
928 708 989 741 alia
1013 708 1109 741 simili
1128 718 1197 751 gra-

458 765 498 796 tia
524 774 580 796 seu
606 762 852 796 confirmatione
881 762 979 802 illiuS,
1005 762 1096 794 vobis
1122 772 1197 804 quo—

457 818 693 859 modocumque
720 816 940 854 concedenda,
968 815 1007 848 de
1032 816 1195 858 praesenti

457 870 655 904 mentionem
678 870 818 912 aliquam
838 868 1016 902 faciendam
1036 870 1196 902 ullatenus

458 923 580 963 teneri,
606 934 665 956 nec
692 923 728 955 ad
763 923 793 955 id
827 923 891 955 ulla
917 933 1060 965 unquam
1090 932 1198 954 neces-

457 976 553 1009 sitate
579 976 650 1018 cogi
678 986 796 1019 posse;
823 979 854 1009 ct
878 976 924 1008 sic
949 976 979 1007 in
1006 975 1197 1019 praemissis

456 1030 608 1062 omnibus
645 1035 676 1062 et
708 1029 845 1071 siugulis
882 1039 941 1071 per
976 1039 1197 1072 quoscumque

456 1083 579 1116 iudices
615 1082 798 1115 ordinarios
834 1088 866 1115 et
897 1082 1062 1124 delegatos
1100 1081 1196 1114 etiam

457 1147 628 1169 causarum
655 1135 763 1179 palatii
791 1135 959 1179 apostolici
985 1135 1149 1168 auditores
1167 1140 1198 1168 et

457 1191 602 1224 elusdem
629 1190 739 1223 S.R.E.
768 1190 961 1230 cardinales,
987 1200 1112 1223 necnon
1137 1200 1196 1233 pro

458 1250 601 1287 tempore
626 1244 800 1276 existentes
832 1244 936 1276 dietae
962 1242 1114 1276 Gamerae
1146 1254 1197 1276 ca-

457 1297 641 1336 merarium,
667 1297 900 1340 praesidentes,
931 1301 962 1329 et
988 1296 1133 1337 clericos,
1166 1297 1196 1329 in

457 1351 565 1393 quavis
593 1353 687 1383 causa
713 1356 744 1383 et
777 1349 948 1389 instantia,
986 1349 1113 1383 sublata
1152 1351 1197 1384 eis

457 1410 489 1436 et
514 1414 624 1436 eorum
644 1403 775 1436 cuilibet
789 1403 901 1446 quavis
918 1403 1013 1436 aliter
1031 1403 1196 1437 iudicandi

458 1463 489 1490 et
507 1458 745 1500 interpretandi
769 1457 918 1490 facultate
945 1464 976 1490 et
995 1458 1196 1497 auctoritate,

456 1511 590 1543 iudicari
619 1516 650 1543 et
681 1510 808 1543 definiri
843 1511 975 1550 debere,
1003 1522 1038 1543 ac
1070 1511 1196 1543 irritum

458 1570 488 1596 et
512 1564 608 1596 inane
634 1564 658 1596 si
686 1575 779 1596 secus
804 1575 902 1607 super
923 1564 973 1597 his
995 1576 1011 1596 a
1032 1575 1197 1608 quoquam

457 1616 567 1660 «plavis
592 1616 796 1656 auctoritate,
819 1616 963 1649 scienter
981 1617 1027 1650 vel
1050 1617 1197 1659 ignoran-

458 1676 518 1710 ter,
546 1670 718 1712 contigerit
737 1670 900 1702 attentari.

502 1724 516 1767 ἓ
534 1724 587 1756 ll.
607 1723 764 1761 Quocirca
785 1724 1023 1756 venerabilibus
1045 1724 1198 1757 fratribus

457 1777 577 1810 nostris
603 1776 739 1810 Ostiensi
775 1781 805 1809 et
831 1777 1000 1809 Portuensi
1030 1778 1197 1810 cardinali-

457 1829 517 1862 bus
555 1829 718 1873 episeopis
755 1835 786 1862 et
823 1829 942 1862 dilecto
980 1829 1047 1862 filio
1085 1830 1197 1863 Curiae

458 1893 624 1916 causarum
647 1882 799 1916 Gamerae
822 1883 1025 1926 Apostolicae
1053 1884 1196 1926 generali

458 1936 599 1970 auditori
629 1947 687 1979 per
716 1936 895 1978 apostolica
921 1936 1040 1979 scripta
1073 1937 1200 1969 manda-

458 2001 528 2023 mus
561 1994 648 2022 motu
685 1989 803 2029 simili,
836 1995 994 2032 quatenus
1034 1989 1118 2032 ipsi,
1151 1992 1198 2024 rel

460 2045 533 2085 duo,
552 2049 604 2076 aut
625 2054 707 2076 unus
728 2054 852 2085 eorum,
872 2054 932 2086 per
953 2055 996 2084 se,
1015 2045 1063 2077 vel
1085 2044 1197 2084 alium,

459 2108 514 2129 seu
541 2098 638 2136 alios,
665 2102 851 2139 praesentes
877 2097 999 2130 litteras
1029 2102 1060 2130 et
1092 2097 1122 2129 in
1154 2097 1199 2130 eis

459 2156 609 2184 contenta
642 2160 889 2194 quaecumque,
916 2151 968 2183 ubi
1005 2157 1035 2183 et
1071 2151 1198 2194 quoties

459 2215 519 2248 pro
558 2209 649 2247 parte
685 2205 790 2236 vestra
826 2204 964 2247 desuper
1001 2205 1119 2237 fuerint
1144 2215 1195 2237 re-

460 2257 592 2302 quisiti,
624 2257 813 2290 solemniter
843 2257 1061 2300 publicantes,
1089 2259 1196 2291 vobis-

460 2322 521 2354 que
547 2312 578 2343 iu
614 2311 800 2353 praemissis
832 2311 968 2344 efficacis
999 2311 1198 2345 defensionis

460 2364 623 2408 praesidio
659 2365 870 2405 assistentes,
908 2364 1023 2397 saciant
1059 2365 1199 2398 auctori-

461 2424 522 2451 tate
555 2420 665 2450 nostra
696 2419 825 2451 easdem
860 2423 1047 2461 praesentes
1077 2418 1198 2451 litteras

461 2478 491 2505 et
522 2472 553 2504 in
588 2472 632 2504 eis
665 2477 818 2504 contenta
848 2472 1033 2504 huiusmodi
1064 2471 1200 2504 firmiter

462 2525 644 2565 observari,
682 2536 718 2557 ac
753 2536 808 2558 vos
835 2524 898 2558 illis
934 2524 1083 2558 omnibus
1114 2525 1199 2568 paci-

461 2578 519 2611 fice
545 2579 605 2611 frui
631 2584 661 2611 et
694 2579 850 2621 gaudere,
877 2589 940 2612 non
976 2579 1197 2622 permittentes

460 2642 514 2665 vos
553 2642 610 2676 per
651 2643 872 2677 quoscumque
913 2632 1022 2677 quavis
1058 2631 1195 2666 auctori-

1040 230 1222 257 BULLAIUUM
1246 231 1402 256 ROMANUM

1242 285 1304 313 tate
1330 280 1500 324 fungentes
1534 284 1646 313 contra
1679 279 1862 313 earumdem
1892 289 1981 323 prae·

1241 334 1377 367 sentium
1405 339 1547 367 tenorem
1567 333 1812 377 quomodolibet
1837 333 1980 366 indebite

1241 388 1427 428 molestari,
1469 387 1642 431 inquietari
1682 388 1731 420 vel
1771 386 1978 431 perturbari;

1241 441 1493 474 contradictores
1520 440 1681 484 quoslibet
1705 446 1736 473 et
1760 440 1898 473 rebelles
1923 450 1981 483 per

1240 494 1426 533 sententias⁷
1454 504 1607 527 censuras
1632 498 1662 526 et
1687 504 1806 537 poenas
1830 492 1981 526 ecclesia-

1241 547 1348 588 sucas,
1373 547 1499 590 aliaque
1525 552 1709 590 opportuna
1742 547 1822 579 iuris
1848 551 1878 580 et
1906 546 1980 579 sacti

1241 601 1390 639 remedia,
1417 600 1636 644 appellatione
1663 599 1859 642 postposita,
1891 610 1980 632 eom-

1241 654 1419 697 pescend03
1438 665 1490 695 ae,
1508 653 1660 696 legitimis
1678 663 1775 696 super
1792 652 1842 685 his
1862 653 1982 686 haben-

1242 713 1288 741 tes
1325 707 1459 741 servatis
1490 707 1721 751 processibus,
1759 716 1911 739 censuras
1950 711 1982 739 et

1241 772 1360 805 poenas
1398 761 1481 805 ipsas
1507 761 1603 794 etiam
1629 761 1751 794 iteratis
1775 760 1899 794 vicibus
1928 771 1982 803 ag-

1241 815 1421 857 gravando;
1448 816 1599 848 invocato
1636 814 1732 848 etiam
1765 814 1802 847 ad
1838 813 1916 855 hoc,
1955 813 1981 847 si

1240 880 1322 912 opus
1349 868 1458 908 fuerit,
1485 868 1607 901 auxilio
1633 868 1759 901 brachii
1793 867 1978 902 saecularis,

1284 923 1298 965 ξ
1323 922 1376 954 102.
1403 922 1472 955 Non
1499 922 1705 955 obstantibus
1730 922 1929 965 praemissis,
1947 933 1983 956 ac

1241 975 1310 1018 piae
1326 976 1499 1008 memoriae
1518 975 1672 1008 Bonisaeii
1692 976 1794 1019 Papae
1807 975 1871 1008 t'ltl
1893 986 1983 1019 prae-

1241 1030 1419 1062 decessoris
1445 1028 1539 1061 etiam
1565 1028 1669 1062 nostri
1696 1029 1734 1062 de
1766 1030 1852 1069 una,
1884 1034 1915 1062 et
1949 1029 1982 1062 in

1241 1082 1380 1115 coneilio
1398 1081 1541 1124 generali
1561 1082 1646 1114 edita
1664 1082 1702 1115 de
1724 1082 1848 1115 duabus
1870 1081 1981 1122 dietis,

1242 1136 1417 1169 dummodo
1452 1136 1536 1168 ultra
1568 1141 1633 1168 tres
1658 1135 1759 1168 dietas
1785 1136 1901 1180 aliquis
1926 1147 1982 1169 au-

1241 1189 1389 1222 ctoritate
1415 1188 1632 1233 praesentium
1657 1188 1696 1223 'tin
1728 1188 1883 1222 iudicium
1917 1200 1982 1223 non

1243 1243 1398 1282 trabatur,
1427 1253 1486 1275 nec
1508 1253 1571 1275 non
1598 1242 1822 1275 Lateranensis
1845 1242 1982 1277 Concilii

1241 1296 1413 1329 novissime
1439 1295 1592 1329 celebrati
1610 1296 1648 1329 de
1667 1301 1754 1329 certo
1780 1296 1982 1329 notariorum

1241 1360 1383 1389 tiumero,
1411 1349 1535 1382 etiamsi
1565 1350 1603 1382 ad
1630 1349 1721 1382 illum
1746 1349 1892 1382 nondum
1920 1350 1978 1383 de-

1240 1409 1368 1436 ventum
1395 1403 1508 1443 suerit,
1535 1403 1585 1436 eui
1612 1414 1668 1446 per
1693 1403 1756 1436 hoe
1781 1403 1860 1436 alias
1887 1403 1982 1437 dero-

1241 1468 1315 1500 gare
1341 1467 1405 1489 non
1439 1456 1655 1496 intendimus,
1686 1467 1722 1488 ae
1758 1455 1796 1489 de
1822 1466 1982 1489 consensu

1241 1510 1435 1553 praestando
1462 1510 1492 1541 in
1519 1509 1745 1552 pensionibus,
1762 1514 1795 1542 et
1815 1509 1983 1553 quibusvis

1241 1563 1311 1596 aliis
1337 1564 1430 1596 etiam
1457 1573 1515 1606 per
1532 1573 1590 1596 nos
1607 1569 1638 1596 et
1654 1563 1768 1596 Sedem
1786 1563 1983 1606 praedictam

1241 1617 1335 1650 editis
1361 1622 1391 1649 et
1416 1617 1447 1649 in
1474 1622 1638 1659 posterum
1664 1615 1799 1649 edendis
1824 1616 1984 1650 Caneella-

1242 1671 1306 1704 riae
1333 1671 1539 1714 Apostolieae
1565 1670 1697 1713 regulis,
1725 1681 1760 1703 ae
1785 1671 1867 1715 stylo
1892 1670 1924 1703 in
1946 1670 1984 1704 si-

1242 1724 1371 1756 milibus
1406 1724 1562 1756 hactenus
1596 1724 1787 1764 observato,
1823 1734 1858 1756 ac
1893 1734 1984 1757 reco-

1242 1777 1355 1811 lendae
1382 1777 1555 1810 memoriae
1581 1777 1754 1810 Alexandri
1782 1777 1839 1810 PP.
1866 1777 1903 1810 VI
1934 1788 1985 1821 pa-

1242 1831 1321 1863 riter
1346 1831 1605 1874 praedecessoris
1631 1830 1733 1863 nostri
1760 1830 1886 1863 tertiam
1913 1841 1984 1874 par-

1244 1889 1304 1917 tem
1330 1883 1491 1916 bonorum
1518 1883 1808 1917 ecclesiasticorum
1834 1883 1984 1918 Gamerae

1242 1937 1423 1980 praedictae
1449 1936 1558 1969 deberi
1585 1937 1669 1970 inter
1694 1937 1755 1970 alia
1781 1937 1982 1980 disponente,

1243 2001 1300 2023 nee
1326 2001 1390 2023 non
1416 1990 1559 2023 eiusdem
1580 1990 1733 2023 Bonisacii
1753 1990 1812 2023 Pl).
1832 1990 1907 2031 Vlll,
1925 2001 1985 2034 per

1243 2054 1335 2086 quam
1369 2044 1597 2076 concessiones
1635 2044 1756 2076 fructus
1782 2043 1814 2076 in
1839 2044 1985 2077 absentia

1242 2097 1445 2141 percipiendi
1471 2098 1539 2131 sine
1565 2097 1793 2141 praefinitione
1828 2097 1984 2141 temporis

1244 2152 1310 2184 lieri
1338 2152 1573 2195 prohibentur,
1609 2163 1644 2184 ac
1676 2152 1721 2184 rii
1748 2152 1806 2185 PP.
1833 2152 1870 2184 IV
1895 2162 1985 2195 prae-

1243 2205 1423 2238 decessoris
1449 2205 1543 2238 etiam
1570 2205 1673 2238 nostri
1706 2205 1744 2237 de
1771 2204 1881 2248 gratiis
1907 2215 1985 2248 qua-

1243 2260 1410 2301 lecumque
1432 2258 1593 2291 interesse
1611 2257 1762 2291 Gamerae
1776 2258 1984 2301 Apostotieae

1242 2313 1513 2345 concernentibus
1550 2312 1581 2344 in
1615 2312 1699 2345 dicta
1734 2312 1865 2345 Camerti
1900 2311 1985 2345 intra

1242 2372 1364 2399 certum
1385 2371 1458 2398 tunc
1478 2376 1666 2409 expressum
1691 2371 1815 2409 tempus
1836 2376 1985 2408 praesen-

1244 2419 1348 2451 tandis
1374 2424 1405 2451 et
1431 2418 1659 2461 registrandis,
1691 2418 1734 2450 ita
1767 2418 1853 2461 quod
1892 2428 1984 2461 prac-

1242 2478 1348 2504 sentes
1375 2472 1406 2504 in
1432 2472 1544 2504 eadem
1570 2471 1701 2505 Gamera
1723 2473 1814 2504 nullo
1841 2482 1983 2515 unquam

1243 2531 1387 2568 tempore
1413 2525 1578 2568 registrari
1606 2526 1711 2558 facere
1739 2524 1924 2564 teneamini,
1947 2535 1984 2557 ac

1242 2579 1357 2612 similis
1385 2579 1621 2612 reeordationis
1648 2579 1767 2612 Urbani
1796 2579 1897 2621 Papae
1918 2578 1982 2611 Vlll

1241 2632 1361 2675 pariter
1387 2631 1647 2676 praedecessoris
1672 2631 1773 2666 nostri
1792 2631 1830 2666 de
1855 2631 1983 2675 pensio-

1990 230 2041 257 An.
2057 229 2085 257 C.
2105 229 2174 258 1735

2036 929 2176 951 obstantibus

1992 957 2090 984 derogat.
