2232 3178
306 228 403 256 Amo.
427 227 491 255 1737
538 219 602 252 310

501 287 629 320 quoque
657 282 687 309 et
712 276 913 318 ampliamus,
940 274 1113 307 dummodo
1134 279 1237 305 tamen

501 339 595 362 causa
620 328 751 362 admissi
778 338 837 370 per
862 338 918 360 eos
944 326 1112 359 homicidii
1139 327 1177 359 ab
1204 326 1240 358 il-

503 383 609 416 lorum
636 382 744 414 iudice
772 381 994 413 ecclesiastico
1030 385 1238 424 competente

501 441 731 477 cognoscatur,
758 439 788 466 et
825 434 864 466 ab
901 444 951 473 eo,
981 433 1005 465 si
1032 433 1076 465 rei
1116 432 1237 476 reperti

502 487 631 527 suerint,
646 487 727 519 citra
745 497 884 530 poenam
903 486 1078 529 sanguiniS,
1094 486 1131 518 ad
1147 496 1240 528 prae-

501 540 658 583 scriptum
684 550 851 573 sacrorum
886 550 1045 572 canonum
1079 539 1238 581 condigna

500 593 676 637 puniantur
694 592 986 626 animadversione.

331 657 488 688 aestimati
549 658 562 677 a
589 645 750 686 Ulterius,
776 646 814 679 ad
841 646 942 678 varias
968 646 1156 684 doctorum,
1184 644 1237 687 qui

306 691 644 737 Psfi‘i'tll'lnff'lssisseiusdem
672 699 835 732 Benedicti
864 698 1125 741 praedecessoris
1150 708 1239 730 men-

307 741 562 794 {flffss'lRilZ-wiissem
589 753 694 795 quoad
721 762 879 795 personas
904 751 936 783 in
960 751 1042 784 dicta
1069 751 1137 783 eius
1166 761 1240 783 con-

307 795 393 817 qu'ffl'
499 805 664 838 stitutione
690 805 943 848 comprehensas
969 804 1177 847 interpretari
1203 814 1240 836 ac

501 858 661 901 explicare
686 859 869 897 voluerunt,
903 858 1081 890 sententias
1115 863 1145 890 et
1170 856 1239 899 opi-

500 911 615 944 niones
641 911 851 950 dirimendas,
877 911 1076 943 declaramus
1103 909 1239 943 homici-

499 963 542 996 dii
568 974 642 996 reos
667 969 742 996 natu
769 964 913 996 minores
939 963 1053 1006 viginti
1079 963 1237 1006 quinque,

500 1016 638 1049 maiores
664 1027 738 1049 vero
764 1017 875 1059 viginti
903 1016 1016 1056 annis,
1044 1021 1106 1049 tam
1139 1016 1238 1049 laicos

500 1081 596 1113 quam
615 1069 762 1110 clericos,
784 1076 879 1113 atque
899 1080 1013 1103 omnes
1034 1075 1065 1102 et
1082 1069 1238 1112 singulos,

499 1124 566 1156 sive
592 1124 693 1157 laicos
717 1124 782 1156 sive
800 1123 948 1163 clericos,
970 1124 1024 1166 qui
1043 1123 1239 1162 mandatum,

500 1177 677 1217 consilium,
702 1176 955 1219 instigationem,
981 1176 1136 1209 auxilium
1163 1186 1239 1208 coo-

500 1230 696 1274 perativum,
723 1235 777 1263 aut
807 1230 904 1263 aliam
930 1240 1062 1272 operam
1101 1228 1237 1262 occisori

500 1283 725 1326 praebuerint,
754 1293 790 1316 ex
810 1293 949 1326 quorum
968 1283 1107 1326 singulis
1133 1282 1238 1326 pravis

501 1336 623 1368 actibus
650 1336 863 1369 homicidium
901 1336 1056 1376 evenerit,
1097 1336 1128 1368 in
1155 1336 1239 1368 dicta

502 1389 666 1422 Benedicti
701 1389 968 1432 praedecessoris
1005 1389 1238 1422 constitutione

453 1457 460 1462 ·
502 1442 757 1485 comprehensos
775 1452 857 1481 esse,
875 1453 911 1475 ac
932 1442 1085 1485 deinceps
1111 1441 1238 1475 censeri

503 1496 634 1535 debere,
662 1506 807 1538 eamque,
835 1500 994 1538 quatenus
1019 1506 1099 1539 opus
1126 1495 1175 1535 sit,
1201 1495 1240 1528 ad

502 1548 589 1591 ipsos
624 1549 745 1592 pariter
783 1549 1010 1589 extendimus·,
1039 1549 1082 1581 ita
1119 1549 1242 1582 scilicet

502 1606 538 1633 ut
562 1602 693 1635 illorum
721 1602 877 1635 extractio
901 1612 917 1634 e
943 1603 1015 1635 loco
1040 1602 1176 1634 immuni
1198 1608 1242 1635 at-

502 1665 565 1698 que
607 1655 735 1688 traditio
769 1655 876 1688 curiae
913 1656 1095 1696 saeculari,
1136 1656 1240 1700 quoad

503 1709 612 1749 laicos,
641 1710 678 1742 ad
698 1709 845 1742 eiusdem
866 1710 976 1743 curiae
995 1709 1172 1742 saecularis
1193 1720 1242 1742 re-

503 1763 724 1806 quisitionem,
743 1763 796 1795 [iat
814 1774 830 1795 a
849 1763 937 1796 curia
954 1763 1187 1803 ecclesiastica,
1208 1767 1240 1796 et

504 1817 614 1849 clerici
653 1817 691 1849 ab
729 1817 799 1861 ipsa
824 1817 915 1850 curia
952 1818 1168 1850 ecclesiastiea
1205 1827 1240 1850 ex

505 1869 612 1903 officio
638 1870 771 1903 omnino
798 1870 1012 1903 extrahantur
1048 1870 1134 1903 iuxta
1167 1881 1242 1904 nor-

503 1933 587 1955 mam
606 1922 688 1955 int'ra
710 1923 891 1956 dicendam.

312 1984 494 2032 stffinrgt'adorffi
555 1988 567 2007 α
605 1976 681 2009 Item
724 1977 925 2010 declaramus
962 1988 1074 2010 omnes
1111 1982 1143 2009 et
1180 1977 1243 2010 sin-

311 2030 494 2090 32220111333312133
506 2030 599 2072 gulos
624 2030 828 2072 praedictos,
855 2035 918 2063 tam
944 2031 1042 2064 laicos
1070 2042 1166 2074 quam
1193 2041 1242 2063 ec—

311 2081 723 2124 'wmmisetrer-clesiasticos,
759 2084 812 2127 qui
854 2084 886 2116 in
923 2084 1008 2117 Urbe
1046 2095 1081 2117 ac
1120 2084 1242 2118 ditione

312 2123 386 2138 'mm'
506 2136 660 2179 praefatis
687 2147 723 2169 ex
749 2138 846 2169 causa
872 2141 903 2169 et
927 2137 1101 2170 occasione
1138 2137 1243 2170 homi-

506 2188 581 2221 cidii
608 2189 705 2221 etiam
727 2189 759 2221 in
783 2189 849 2222 rixa
866 2190 1031 2222 commissi
1051 2200 1122 2222 eum
1145 2190 1242 2222 armis

507 2251 562 2275 seu
588 2241 811 2275 instrumentis
837 2244 951 2285 suapte
967 2245 1080 2275 natura
1102 2243 1183 2286 aptis
1204 2244 1243 2276 ad

505 2294 719 2328 occidendum
746 2294 889 2338 inquisiti
916 2298 946 2328 et
981 2297 1158 2338 processati
1195 2297 1243 2329 vel

507 2348 540 2381 in
565 2347 799 2381 contumaciam
825 2348 949 2381 banniti
976 2354 1008 2381 et
1037 2349 1243 2382 condemnati

507 2401 641 2442 suerint,
668 2402 842 2434 dummodo
864 2401 1074 2434 homicidium
1096 2413 1160 2435 non
1180 2403 1246 2436 sue-

509 2455 550 2487 rit
574 2455 712 2495 casuale,
742 2455 790 2488 vel
817 2455 853 2487 ad
880 2455 1046 2499 propriam
1084 2456 1244 2489 defensio-

510 2518 599 2549 nem,
635 2508 849 2541 immunitatis
883 2509 1047 2552 praefatae
1084 2509 1245 2542 beneficio

509 2561 641 2594 minime
667 2561 763 2594 etiam
793 2561 958 2603 gaudere;
985 2568 1083 2605 utque
1117 2572 1245 2596 reorum

510 2614 636 2648 ratione
662 2614 826 2648 homicidii
852 2620 886 2648 ut
910 2616 1095 2659 praefertur
1121 2618 1246 2661 excepti

1089 223 1270 249 BULLARIUM
1295 224 1383 248 ROMA
1389 225 1455 248 NUM

1283 272 1514 315 inquisitorum
1540 283 1596 306 seu
1614 273 1824 307 bannitorum
1843 278 1876 306 et
1895 273 1926 306 in
1946 283 2021 306 con-

1284 327 1455 358 tumaciam
1482 327 1773 360 condemnatorum
1801 328 1955 360 extractio
1980 327 2019 359 ab

1283 380 1428 412 ecclesiis
1442 381 1577 423 aliisque
1597 380 1676 413 locis
1695 381 1897 421 immunibus,
1924 386 2019 424 atque

1283 433 1412 466 traditio
1439 443 1495 466 suo
1532 434 1650 476 cuique
1676 434 1774 467 iudici
1801 434 2018 477 competenti,

1283 486 1438 528 legitimis
1463 487 1557 519 modo
1584 492 1614 519 et
1639 487 1743 520 forma
1767 497 1784 519 a
1809 486 1898 519 curia
1923 487 2021 519 eccle·

1282 539 1412 571 siastica
1434 539 1520 579 siant,
1540 541 1688 572 volumus
1709 546 1740 572 et
1757 539 1955 579 ordinamus,
1976 543 2020 581 ut,

1283 592 1556 636 quotiescumque
1573 593 1670 625 iudici
1690 592 1910 626 ecclesiastico
1936 602 2022 624 com-

1282 645 1405 686 petenti
1439 646 1619 679 innotuerit
1644 646 1786 688 aliquem
1823 645 1938 679 laicum
1965 655 2021 677 seu

1283 699 1537 732 ecclesiasticum
1563 710 1599 732 ex
1625 702 1719 732 causa
1738 699 1905 732 homicidii
1928 709 2021 731 exce-

1282 751 1325 794 pti
1364 751 1551 794 inquisitum
1587 757 1684 794 atque
1721 757 1945 794 processatum
1983 751 2021 784 ad

1282 805 1454 837 ecclesiam
1488 815 1544 838 seu
1570 805 1673 838 locum
1700 805 1877 838 immunem
1910 804 2023 838 consu-

1282 858 1390 900 gisse‚
1427 858 1536 902 ibique
1574 869 1695 891 moram
1730 859 1881 898 trahere,
1912 869 1949 892 ac
1985 868 2022 891 ea

1282 921 1378 954 super
1404 912 1511 945 delicti
1538 912 1694 955 qualitate
1716 924 1752 945 ae
1777 922 1936 956 personae
1962 911 2024 944 rei-

1284 969 1346 997 tate
1371 965 1616 998 subministrata
1640 967 1688 998 vel
1716 965 1870 1008 acquisita
1903 974 2024 1008 suppe-

1284 1023 1351 1050 tant
1377 1018 1511 1056 indicia‚
1539 1029 1620 1061 quae
1646 1019 1685 1051 ad
1711 1023 1876 1061 capturam
1914 1017 2022 1050 decer-

1283 1071 1422 1104 nendam
1448 1072 1596 1104 sufficere
1622 1072 1806 1111 videantur,
1837 1077 1914 1104 tunc
1938 1071 2024 1104 idem

1283 1124 1379 1157 iudex
1406 1124 1648 1158 ecclesiasticus
1681 1135 1717 1157 ex
1752 1124 1875 1165 officio,
1911 1134 1946 1156 ae
1970 1133 2026 1157 ne-

1283 1178 1369 1210 mine
1396 1178 1492 1210 etiam
1528 1178 1733 1221 requirente',
1776 1177 1801 1210 si
1829 1177 2025 1220 delinquens

1283 1230 1324 1262 sit
1347 1230 1491 1270 clericus,
1519 1231 1566 1263 sin
1593 1240 1670 1263 vero
1706 1230 1823 1270 laicus,
1849 1235 2023 1273 postquam

1284 1294 1300 1315 a
1325 1284 1414 1316 curia
1439 1285 1598 1318 saeculari
1625 1284 1804 1327 requisitus
1831 1283 1942 1323 fuerit,
1985 1282 2024 1315 ad

1284 1337 1384 1381 ipsius
1410 1338 1631 1381 delinquentis
1648 1338 1882 1371 extractionem
1909 1336 1948 1370 ab
1975 1346 2024 1369 ec-

1285 1391 1380 1424 clesia
1395 1402 1450 1424 seu
1478 1393 1549 1424 loco
1568 1391 1711 1430 immuni,
1732 1391 1904 1434 implorato
1927 1389 2024 1423 etiam

1284 1445 1322 1477 ad
1349 1445 1421 1484 hoc,
1449 1450 1610 1488 quatenus
1637 1455 1719 1488 opus
1744 1445 1792 1484 sit,
1820 1443 1937 1477 auxilio
1954 1443 2026 1476 bra-

1285 1498 1349 1531 chii
1375 1498 1564 1537 saecularis,
1596 1503 1626 1531 et
1651 1508 1723 1531 cum
1750 1498 1931 1530 interventu
1952 1506 2027 1540 per-

1285 1561 1382 1584 sonae
1408 1551 1648 1585 ecclesiasticae
1674 1551 1714 1583 ab
1747 1551 1901 1594 episeopo
1927 1550 2027 1594 depu-

1287 1604 1423 1644 tandae,
1451 1604 1604 1637 devenire
1633 1609 1801 1644 teneatur3
1834 1608 2026 1636 extractum-

1286 1667 1348 1700 que
1365 1658 1403 1690 ad
1422 1667 1508 1697 suos,
1526 1656 1552 1690 si
1573 1657 1630 1689 tuti
1649 1663 1679 1690 et
1696 1656 1799 1690 securi
1818 1656 1937 1689 suerint
1950 1683 1957 1696 ,
1976 1655 2026 1689 sin

1286 1711 1410 1751 minus,
1431 1711 1469 1744 ad
1488 1711 1596 1744 curiae
1615 1711 1791 1744 saecularis
1813 1720 1958 1743 carceres
1975 1709 2028 1743 ad-

1286 1764 1434 1807 sportari‚
1450 1764 1561 1807 ibique
1576 1765 1634 1797 sub
1650 1766 1715 1796 tuta
1729 1764 1874 1797 custodia
1888 1762 2026 1797 detineri

1286 1822 1375 1849 curet
1403 1822 1434 1850 et
1460 1817 1574 1849 saciat:
1600 1816 1654 1849 ubi
1681 1827 1778 1857 vero,
1804 1828 1840 1850 ex
1871 1825 2026 1860 processu

1286 1869 1490 1903 informativo
1510 1870 1648 1913 desuper
1672 1869 1892 1910 conficiendo,
1919 1868 2026 1912 quoad

1287 1923 1474 1966 inquisitum
1504 1924 1648 1956 nondum
1680 1923 1954 1961 condemnatum,
1981 1921 2029 1955 di-

1286 1982 1355 2009 ctus
1389 1975 1485 2009 iudex
1519 1975 1758 2009 ecclesiasticus
1793 1985 1830 2009 ex
1861 1974 2029 2019 acquisitis

1287 2040 1343 2062 seu
1368 2028 1620 2062 subministratis
1649 2028 1780 2062 indiciis
1806 2028 1845 2061 ad
1869 2033 2028 2061 torturam

1288 2088 1408 2116 tantum
1439 2082 1672 2116 sufficientibus
1702 2081 1762 2115 ab¹
1796 2087 1938 2115 extracto
1970 2081 2031 2115 ho-

1287 2137 1451 2170 micidium
1478 2148 1494 2169 a
1519 2137 1665 2180 praefata
1695 2135 1862 2169 Benedicti
1896 2135 2030 2178 praede-

1287 2189 1426 2223 cessoris
1452 2195 1483 2223 et
1517 2190 1579 2222 hac
1604 2192 1714 2222 nostra
1739 2188 2028 2222 constitutionibus

1288 2249 1459 2287 exceptum
1485 2248 1646 2286 patratum
1682 2243 1780 2276 fuisse
1808 2241 2031 2285 cognoverit',

1288 2297 1328 2330 ad
1353 2297 1626 2337 declarationem,
1646 2297 1732 2340 quod
1752 2296 1876 2330 seilicet
1899 2296 1938 2329 de
1956 2305 2031 2329 casu

1288 2351 1332 2383 ita
1358 2355 1493 2394 excepto
1513 2356 1651 2391 constet,
1669 2350 1907 2394 progrediatur,
1933 2354 2031 2383 extra-

1291 2408 1453 2446 ctumque,
1480 2404 1505 2436 si
1532 2403 1633 2436 laicus
1650 2404 1707 2443 sit,
1725 2402 1880 2436 ministris
1907 2407 1938 2436 et
1962 2403 2031 2436 offi-

1293 2455 1429 2489 cialibus
1448 2457 1556 2489 curiae
1574 2456 1746 2489 saecularis
1761 2483 1768 2497 ,
1796 2456 1821 2489 si
1846 2461 1951 2489 autem
1971 2456 2030 2489 cle-

1290 2510 1393 2551 ricus,
1420 2510 1489 2543 eius
1516 2510 1714 2554 competenti
1748 2509 1846 2543 iudici
1880 2509 2032 2544 ecclesia-

1329 2583 1337 2608 1
1361 2580 1428 2608 Male
1448 2582 1513 2609 edit.
1535 2581 1614 2608 hlain.
1637 2581 1703 2615 legit
1721 2581 1759 2608 ad
1779 2589 1826 2616 pro
1846 2581 1882 2608 ab
1901 2581 1939 2617 (R.
1956 2581 1993 2615 T).

1325 2626 1341 2652 2
1362 2625 1428 2653 Male
1449 2626 1513 2653 edit.
1534 2625 1613 2653 Maiu.
1635 2626 1700 2662 legit
1720 2625 1906 2661 coynoverint
1925 2626 1961 2661 (a.
1981 2623 2030 2660 12).

2023 224 2071 251 An.
2087 225 2115 252 C.
2137 225 2212 257 ¹737:
