2232 3178
262 258 310 284 Λη.
327 258 355 285 c.
380 257 445 284 ¹735
491 248 532 281 Oti

455 318 517 351 que
544 306 735 350 apostolicae
761 308 889 338 nostrae
914 301 1072 336 firmitatis
1098 303 1198 336 robur

456 360 644 400 adiicimus,
672 368 849 401 omnesque
875 361 906 389 et
937 357 1104 400 singulos,
1133 361 1196 389 tam

456 413 533 446 iuris
558 423 650 456 quam
678 411 747 444 sacti
766 437 773 450 ,
810 410 835 442 si
870 409 924 452 qui
951 410 1093 453 desuper
1117 419 1197 452 quo-

455 466 631 499 modolibet
650 462 899 503 intervenerint,
920 463 1065 495 desectus
1083 462 1196 495 eadem

456 518 636 561 apostolica
657 516 846 548 auctoritate
875 516 1076 558 supplemus,
1096 516 1197 547 eccle-

456 572 599 613 siamque
626 575 657 602 et
681 569 790 602 sedem
828 567 1047 611 episcopalem
1085 568 1197 600 Ferra-

457 625 595 657 riensem
624 623 653 655 in
675 622 985 665 archiepiscopalem
1008 621 1197 660 ecclesiam,

455 686 578 709 necnon
598 674 888 718 archiepiscopalis
908 674 1066 717 praesidis
1087 674 1197 706 sedem

456 740 514 773 pro
556 739 619 761 uno
645 728 800 771 deinceps
839 727 1088 770 archiepiscopo
1109 753 1116 766 ,
1142 726 1197 770 qui

455 782 546 827 pallii
572 787 603 814 et
627 781 730 814 crucis
754 791 845 813 usum
878 780 1014 813 aliorum
1042 778 1199 822 archiepi-

457 846 629 880 scoporum
655 845 745 868 more
772 834 907 875 habeat,
932 833 1151 876 omnibusque
1169 843 1199 865 a·

456 890 508 923 liis
528 889 674 932 insigniis
698 887 1047 931 archiepiscopalibus,
1074 896 1200 920 necnon

457 942 646 986 privilegiis,
684 941 865 974 honoribus
903 946 934 973 et
967 940 1199 983 praerogativis

458 996 574 1029 ceteris
598 994 854 1038 archiepiscopis
877 993 994 1026 debitis
1013 998 1045 1026 et
1069 1003 1199 1026 conces-

458 1051 501 1082 sis
537 1049 601 1089 uti,
630 1049 712 1088 l‘rui,
739 1048 838 1091 potiri
865 1053 896 1080 et
927 1047 1070 1090 gaudere
1097 1047 1199 1080 libere

458 1109 488 1135 et
511 1103 598 1136 licite
624 1102 725 1145 possit
750 1106 780 1134 et
805 1102 918 1140 valeat,
945 1100 1120 1143 apostolica
1145 1111 1200 1133 au—

457 1155 605 1189 ctoritate
630 1154 772 1198 praefata
799 1153 962 1196 perpetuo
988 1152 1143 1195 erigimus
1169 1159 1201 1185 et

458 1208 666 1247 instituimus,
684 1217 820 1250 eamque
836 1206 977 1244 nomine,
992 1206 1084 1239 titulo
1097 1211 1126 1238 et
1142 1206 1200 1238 ho-

456 1273 535 1295 nore
555 1259 825 1303 archiepiscopali
853 1259 1058 1299 decoramus,
1085 1259 1202 1303 ipsius-

458 1326 520 1359 que
560 1314 715 1347 ecclesiae
755 1312 973 1346 Ferrariensis
1012 1323 1072 1355 pro
1115 1318 1197 1345 tem-

458 1378 538 1411 pore
556 1367 745 1399 existentem
761 1367 945 1410 praesulem
965 1365 1201 1409 acrchiepisco-

458 1432 534 1465 pum
557 1421 773 1461 declaramus,
801 1419 954 1463 dictoque
972 1419 1115 1452 Thomae
1134 1430 1202 1452 car-

459 1474 556 1508 dinali
582 1480 613 1506 et
633 1474 788 1517 episcopo
807 1473 1018 1506 Praenestino
1037 1473 1201 1517 ipsiusque

459 1527 614 1561 ecclesiae
635 1526 850 1560 Ferrariensis
876 1525 1142 1566 administratori,
1165 1526 1202 1559 il-

459 1582 587 1624 liusque
613 1591 673 1624 pro
701 1584 846 1623 tempore
872 1579 1024 1612 existenti
1049 1580 1202 1622 praesuli,

459 1640 493 1667 ut
517 1633 597 1677 ipsi¹
623 1633 660 1665 ad
687 1633 811 1665 nullum
836 1632 1037 1675 provinciale
1062 1638 1214 1677 praeter->

460 1690 554 1730 quam
571 1686 747 1720 Romanum
765 1685 943 1718 Concilium
958 1686 1085 1718 evocari
1101 1686 1204 1729 possit

460 1746 492 1773 et
517 1741 632 1779 valeat,
658 1739 702 1771 ita
728 1739 814 1781 quod
848 1738 975 1771 nonnisi
1013 1739 1051 1771 ad
1089 1739 1204 1772 Roma-

460 1804 536 1826 num
561 1792 737 1825 Concilium
765 1791 951 1824 huiusmodi
977 1791 1132 1824 accedere
1158 1797 1205 1825 te-

460 1850 593 1884 neatur,
630 1845 742 1877 eadem
780 1844 961 1887 apostolica
1000 1845 1202 1886 auctoritate,

461 1910 533 1931 cum
559 1898 621 1930 hoc
647 1902 751 1930 tamen
769 1898 857 1940 quod
876 1897 960 1930 idem
978 1897 1115 1930 Thomas
1136 1909 1204 1931 car-

462 1950 578 1983 dinalis
603 1955 635 1982 et
661 1949 835 1992 episcopus
861 1949 1102 1992 Praenestinus,
1129 1951 1204 1984 abs-

463 2015 525 2048 que
562 2003 625 2036 alia
650 2002 710 2035 sibi
742 1994 786 2035 sde
826 2004 961 2036 ecclesia
1001 2003 1204 2037 Ferrariensi

464 2057 609 2101 praefata
636 2056 666 2089 in
691 2056 1005 2089 administrationem
1033 2058 1072 2091 de
1101 2057 1205 2091 novo*

464 2110 609 2144 facienda
634 2110 856 2150 concessione,
874 2110 906 2142 in
928 2110 1072 2144 eiusdem
1095 2111 1206 2145 Ferra-

464 2163 582 2196 riensis
617 2162 773 2196 ecclesiae
799 2162 1091 2197 administratorem
1116 2175 1207 2208 prae-

466 2217 567 2249 fectus
585 2226 655 2248 esse
674 2215 875 2258 intelligatur
892 2221 923 2249 et
941 2216 1072 2258 existat,
1091 2228 1207 2251 conce-

465 2270 568 2303 dimus
586 2274 618 2302 et
636 2269 866 2311 indulgemus;
892 2269 1041 2313 dictoque
1064 2270 1205 2305 Thomae

465 2322 620 2356 cardinali
651 2327 683 2354 et
717 2322 872 2365 episcopo
910 2322 1142 2364 Praenestino,
1171 2329 1206 2357 ut

466 2377 543 2419 ipse,
563 2375 686 2408 etiamsi
714 2374 817 2407 dictae
843 2375 998 2408 ecclesiae
1021 2376 1207 2410 Ferraricn-

466 2430 508 2461 sis
534 2429 781 2462 administrator
812 2428 949 2468 existat,
975 2428 1206 2467 nihilominus.

467 2493 502 2515 ac
526 2482 550 2514 si
577 2482 621 2514 illi
660 2491 734 2514 vere
760 2486 948 2524 praeesset,
980 2482 1115 2524 pallium
1149 2493 1203 2515 ar-

467 2535 709 2578 chiepiscopale
747 2535 872 2567 ratione
909 2534 1012 2567 dictae
1051 2536 1206 2569 ecclesiae

504 2608 514 2633 1
538 2605 576 2632 Ex
595 2613 671 2642 seqq.
692 2605 835 2640 legendum
856 2605 915 2640 ipse
934 2608 972 2639 (n.
993 2605 1042 2639 Τ.).

501 2651 517 2678 2
538 2650 608 2679 Edit.
631 2650 711 2679 Main.
733 2650 815 2679 habet
834 2650 866 2678 de
886 2657 959 2679 nova
978 2650 1021 2686 (n.
1037 2650 1086 2686 Τ.).

1043 252 1228 278 BULLARIUM
1257 252 1416 277 ROMANUM

1242 301 1462 335 Ferrariensis
1487 312 1504 335 a
1530 302 1623 336 nobis
1651 306 1774 346 petere,
1798 300 1981 346 illoque''1i-

1240 355 1318 388 here
1353 356 1411 396 uti,
1446 366 1643 399 crucemque
1668 357 1796 390 deferre
1821 356 1924 389 libere
1949 361 1981 388 et

1241 408 1327 442 licite
1352 409 1468 449 valeat,
1504 409 1670 442 licentiam
1696 410 1836 453 desuper
1861 409 1981 452 impar-

1242 462 1339 494 timur
1364 467 1396 494 et
1420 462 1615 495 facultatem.

1284 514 1299 557 ἓ
1324 514 1355 546 5.
1384 514 1573 548 Praesentes
1599 525 1729 558 quoque
1754 515 1878 548 litteras
1903 515 1981 548 etin

1241 567 1286 599 eis
1312 572 1464 600 contenta
1488 578 1712 611 quaecumque
1731 569 1820 601 nullo
1837 579 1982 611 unquam

1241 624 1401 663 tempore,
1419 620 1513 653 etiam
1535 631 1571 653 ex
1595 631 1632 653 eo
1652 621 1739 664 quod
1764 631 1891 662 causae,
1913 632 1985 665 pro—

1241 678 1314 716 pter
1349 683 1429 716 quas
1467 673 1548 706 haec
1578 674 1687 707 omnia
1725 674 1806 707 sacta
1845 675 1983 715 suerunt,

1242 726 1448 767 examinatae,
1469 726 1653 760 verificatae
1666 731 1697 760 et
1718 727 1929 770 approbatae,
1954 733 1986 761 et

1242 779 1438 823 quicumque
1456 780 1489 812 in
1515 780 1560 813 eis
1584 779 1744 813 interesse
1765 781 1926 814 habentes
1944 781 1984 814 ad

1242 833 1274 866 id
1299 834 1400 866 vocati
1438 843 1504 866 non
1530 833 1661 874 suerint,
1697 844 1758 867 nec
1792 833 1983 878 praemissis

1242 886 1475 927 consenserint,
1509 886 1577 920 sive
1613 886 1691 921 alias
1717 897 1752 920 ex
1780 887 1986 932 quibuscum-

1243 949 1304 982 que
1330 939 1433 972 causis
1451 939 1605 982 legitimis
1623 945 1655 973 et
1675 940 1830 982 iuridicis,
1852 940 1891 974 de
1912 941 1985 978 sub-

1243 993 1400 1036 reptionis
1426 995 1475 1026 vel
1512 994 1715 1037 obreptionis
1747 998 1802 1028 aut
1826 994 1984 1028 nullitatis

1241 1047 1318 1079 vitio
1355 1056 1411 1078 seu
1443 1046 1632 1079 intentionis
1663 1052 1795 1080 nostrae
1829 1049 1878 1080 vel
1904 1058 1986 1090 quo-

1243 1100 1329 1143 piam
1366 1100 1430 1133 alio
1468 1100 1594 1133 defectu
1629 1100 1756 1140 notari,
1783 1101 1986 1144 impugnari,

1244 1152 1424 1192 retractari,
1452 1153 1484 1185 in
1510 1153 1559 1185 ius
1586 1154 1635 1186 vel
1661 1153 1917 1186 controversiam
1937 1163 1987 1186 re-

1244 1205 1362 1245 vocari,
1380 1206 1419 1238 ad
1438 1205 1591 1239 terminos
1618 1206 1697 1238 iuris
1716 1206 1842 1246 reduci,
1862 1207 1913 1239 vel
1934 1206 1988 1239 ad-

1245 1269 1356 1292 versus
1382 1259 1438 1292 illa
1463 1260 1692 1303 quodcumque
1719 1258 1810 1300 iuris,
1838 1259 1912 1292 facti
1936 1260 1987 1293 vel

1244 1312 1366 1355 gratiae
1381 1312 1576 1352 remedium,
1591 1312 1688 1345 etiam
1703 1312 1896 1356 aperitionis
1910 1313 1987 1353 oris,

1245 1365 1413 1409 impetrari
1439 1375 1548 1408 posse,
1581 1376 1642 1398 nec
1667 1366 1724 1398 sub
1751 1365 1918 1409 quibusvis
1943 1366 1987 1400 si-

1244 1419 1370 1451 milium
1397 1420 1446 1452 vel
1472 1418 1676 1451 dissimilium
1696 1419 1874 1462 gratiarum
1899 1430 1989 1453 revo-

1245 1472 1437 1513 cationibus,
1471 1472 1751 1516 suspensionibus,
1787 1471 1988 1506 limitationi-

1244 1526 1316 1565 bus,
1342 1529 1395 1557 aut
1419 1524 1490 1557 aliis
1515 1524 1685 1558 contrariis
1714 1525 1988 1568 dispositionibus

1246 1588 1305 1620 per
1329 1588 1387 1610 nos
1407 1587 1463 1610 seu
1482 1577 1645 1610 Romanos
1671 1577 1841 1610 Pontifices
1860 1588 1990 1611 succes-

1246 1640 1337 1663 sores
1362 1635 1504 1670 nostrOS,
1537 1630 1596 1663 sub
1622 1629 1787 1673 quibusvis
1812 1630 1990 1664 verborum

1246 1682 1514 1726 expressionibus
1540 1687 1571 1715 et
1595 1682 1718 1723 formis,
1756 1683 1852 1716 etiam
1888 1688 1988 1724 motu,

1246 1736 1381 1769 scientia
1406 1741 1438 1769 et
1473 1736 1640 1780 potestatis
1675 1736 1879 1780 plenitudine
1901 1736 1990 1770 simi-

1247 1790 1334 1823 libus
1360 1800 1419 1833 pro
1446 1794 1593 1832 tempore
1620 1788 1721 1830 sactis,
1746 1789 1991 1833 comprehendi,

1247 1843 1315 1884 sed,
1338 1848 1500 1886 tamquam
1518 1853 1578 1886 pro
1599 1847 1792 1885 augumento
1808 1842 1906 1876 divini
1926 1844 1991 1876 cul-

1247 1902 1297 1929 tus
1322 1906 1488 1936 concessa,
1514 1895 1646 1928 minime
1662 1896 1910 1939 comprehendi,
1933 1896 1990 1929 sed

1248 1959 1377 1993 semper
1402 1948 1441 1981 ab
1467 1949 1530 1982 illis
1555 1948 1671 1992 excipi,
1699 1953 1741 1988 et,
1766 1948 1894 1992 quoties
1915 1949 1990 1982 illae

1249 2002 1452 2043 emanabunt,
1480 2001 1576 2035 toties
1602 2002 1634 2034 in
1659 2002 1834 2046 pristinum
1862 2006 1893 2035 et
1914 2013 1989 2036 eum

1248 2056 1281 2088 in
1299 2066 1363 2099 quo
1384 2061 1478 2088 antea
1497 2054 1748 2099 quomodolibet
1765 2059 1859 2088 erant
1875 2060 1990 2094 statum

1248 2109 1423 2150 restituta,
1455 2108 1599 2152 reposita
1625 2112 1656 2141 et
1687 2108 1838 2152 plenarie
1863 2108 1992 2141 reinte-

1249 2168 1350 2205 grata,
1369 2172 1404 2195 ac
1425 2162 1465 2195 de
1483 2173 1566 2195 novo
1584 2162 1678 2195 etiam
1703 2162 1764 2195 sub
1789 2172 1992 2205 quacumque

1250 2216 1423 2261 posteriori
1443 2216 1516 2250 data
1534 2227 1594 2260 per
1614 2216 1732 2249 dictum
1750 2215 1905 2249 Thomam
1926 2226 1992 2249 car-

1250 2272 1391 2304 dinalem
1416 2275 1448 2303 et
1472 2270 1662 2313 episcopum
1688 2270 1937 2303 Praenestinum
1960 2274 1992 2303 et

1250 2335 1309 2367 pro
1334 2329 1483 2367 tempore
1515 2323 1704 2356 existentem
1731 2323 1891 2357 ecclesiae
1916 2323 1992 2357 Fer-

1249 2378 1405 2411 rariensis
1419 2376 1702 2420 archiepiscopum
1719 2377 1992 2419 quandocumque

1250 2430 1403 2474 eligenda
1428 2439 1581 2463 concessa
1606 2430 1675 2463 sore
1694 2435 1724 2462 et
1742 2440 1821 2469 esse,
1849 2439 1992 2472 suosque

1249 2483 1416 2527 plenarios
1443 2487 1474 2515 et
1490 2483 1634 2524 integros
1652 2481 1783 2515 effectus
1803 2481 1909 2515 sortiri
1936 2483 1992 2514 de-

1250 2538 1342 2577 bere,
1359 2547 1418 2569 nec
1436 2546 1644 2580 quemquam,
1662 2540 1820 2579 quatenus
1838 2545 1920 2578 opus
1938 2535 1989 2574 sit,

1251 2590 1290 2623 ad
1316 2589 1445 2623 easdem
1472 2593 1657 2632 praesentes
1678 2588 1710 2621 in
1728 2588 1859 2622 Camera
1881 2589 1993 2621 nostra

1250 2643 1447 2688 Apostolica,
1485 2642 1572 2676 iuxta
1608 2641 1866 2676 constitutionem
1901 2651 1993 2675 reco-

2222 114 2227 162 le.-.
2208 0 2229 97 .-252⁸

1987 253 2037 280 An.
2057 253 2088 280 c.
2108 253 2175 282 ¹735
2224 258 2226 293 ς

2050 531 2176 552 Praesentns

1993 557 2078 577 lutei-ae
2119 558 2176 578 nullo

1993 590 2086 610 unquam
2101 586 2175 605 notan·

1994 610 2034 630 dae
2051 613 2109 631 vnto.
