2232 3178
46 212 99 240 Aa.
119 211 148 238 C.
170 210 237 238 4735

65 591 162 612 Urbanus
179 591 223 612 Vttt

39 618 70 639 ab
104 618 223 638 huiusmodi

61 645 210 665 declarationis

41 673 181 697 exequutunne
191 678 213 691 su

54 697 205 724 pei-sedendum

40 725 121 746 statuit.

241 259 359 293 tionem
393 260 628 303 omnipotentis
661 259 715 293 Dei
750 264 781 292 et
811 258 981 291 beatorum

240 313 324 346 Petri
351 317 383 346 et
407 313 495 346 Pauli
522 314 748 356 apostolorum
775 312 843 345 eius
868 322 902 344 se
928 322 981 344 no-

238 367 321 399 verit
349 366 564 399 incursurum.

272 429 367 456 Datum
388 429 508 463 Romae,
529 429 601 464 apud
620 429 646 456 S.
668 429 803 462 Petrum,
835 436 906 454 anno
936 428 980 454 ln-

236 474 402 501 carnationis
421 474 571 501 dominicae
591 480 719 506 noenu,
740 472 819 499 nonis
839 472 980 506 februarii,

235 519 410 554 pontificatus
429 519 514 546 nostri
533 527 604 546 anno
625 526 654 545 11.

280 581 356 615 Cum
368 580 787 623 autem,sicutacccpimus,
805 579 891 612 cirea
906 590 980 612 exe-

234 635 590 668 cutionemlitterarum
603 633 840 678 praedictarum
857 633 888 665 in
905 633 980 665 Por-

235 688 385 731 tugalliae
396 694 427 721 et
439 687 666 730 Algarbiorum
678 687 788 729 regnis
800 685 978 718 faciendam

234 742 393 774 nonnulla
407 752 465 784 per
484 741 636 774 dilectum
663 739 762 773 silium
789 739 977 772 Micliaelem

233 794 537 833 SuariumPereira,
564 793 771 836 negotiorum
798 802 975 834 regnorum

233 846 422 880 huiusmodi
439 857 497 890 pro
512 846 678 884 carissimo
705 846 735 878 in
761 845 889 878 Christo
911 844 977 878 silio

233 905 347 933 nostro
362 900 515 943 Philippo
532 899 748 942 Portugalliae
764 903 794 931 et
810 897 976 940 Algarbio-

232 963 303 985 rum
339 963 415 995 rege
448 952 611 986 catholico
645 952 677 984 in
707 952 853 985 Romana
882 950 975 984 Curia

232 1011 392 1048 agentem,
407 1005 552 1039 eiusdem
575 1005 722 1049 Philippi
743 1004 828 1047 regis
846 1004 976 1036 nomine

233 1069 340 1092 coram
379 1058 501 1092 dilectis
538 1057 613 1091 filiis
652 1058 770 1091 nostris
806 1057 974 1091 Dominico

232 1111 280 1144 Ss.
300 1112 353 1146 XII
383 1112 616 1156 Apostolorum
645 1111 825 1155 Gymnasi0‚
854 1110 974 1143 Ioanne

232 1165 346 1198 Garcia
360 1166 408 1199 Ss.
421 1166 456 1198 lV
471 1165 703 1199 Coronatorum
717 1163 849 1204 Millino,
863 1175 899 1197 ac
913 1164 974 1196 Sci-

231 1219 331 1263 pione
343 1219 557 1259 S.Susannae‚
573 1229 701 1251 necnon
718 1217 858 1250 Antonio
870 1217 974 1250 S.110-

232 1273 364 1317 nuphrii
391 1273 557 1306 titulorum
583 1270 783 1315 presbyteris
804 1270 975 1303 cardinali-

231 1327 290 1360 bus
309 1326 494 1370 respective
513 1325 717 1368 nuncupatis,
739 1325 777 1357 ad
795 1324 824 1356 id
845 1334 862 1355 a
882 1323 975 1356 nobis

231 1380 416 1424 specialiter
441 1378 603 1422 deputatis
623 1405 630 1418 ,
656 1378 795 1410 deducta
828 1377 973 1409 suerint:

231 1432 375 1474 idcirco,
402 1433 509 1466 donec
533 1432 692 1471 deducta,
718 1436 752 1463 ut
778 1430 971 1474 praefertur,

231 1492 263 1519 et
288 1497 370 1530 quae
396 1486 587 1520 deducenda
612 1485 756 1525 l'uerint,
784 1495 842 1527 per
868 1484 974 1517 Domi-

230 1540 365 1581 nic-um,
396 1540 548 1574 loannem
580 1539 725 1572 Garciam
745 1565 752 1579 ,
788 1537 973 1581 Scipionem

230 1599 260 1627 et
286 1594 461 1627 Antonium
487 1593 668 1627 cardinales
693 1592 891 1636 praedictos,
918 1602 972 1624 seu

230 1647 313 1681 alios
333 1647 462 1681 anobis
487 1658 586 1691 super
608 1646 658 1679 liis
674 1646 892 1689 deputandos,
914 1656 973 1677 ma-

231 1701 332 1734 turius
359 1706 390 1734 et
424 1700 550 1744 plenius
575 1700 745 1733 videantur
777 1705 871 1742 atque
897 1709 974 1731 con-

229 1755 438 1794 siderentur,
467 1759 554 1787 motu
580 1753 716 1797 proprio
735 1779 742 1792 ,
770 1758 800 1785 et
831 1763 867 1784 ex
886 1754 974 1785 certa

229 1807 367 1840 scientia
391 1818 427 1840 ac
445 1808 566 1840 matura
585 1805 822 1840 deliberatione
841 1805 971 1845 nostris,

229 1861 334 1904 deque
353 1861 550 1904 apostolicae
569 1860 739 1904 potestatis
758 1858 971 1902 plenitudine,

229 1915 285 1948 tibi
307 1925 365 1958 per
382 1920 571 1958 praesentes
588 1913 817 1947 committimus
837 1918 868 1945 et
885 1923 972 1945 mun-

230 1969 339 2001 damus
358 1974 391 2001 ut
405 1969 436 2001 in
455 1968 564 2011 regnis
579 1967 796 2010 Portugalliae
812 1972 842 1999 et
860 1967 972 2009 Algur-

229 2021 357 2055 biorum
383 2023 557 2066 praedietis
576 2027 699 2054 tantum
719 2021 757 2054 ab
778 2021 971 2053 executione

229 2075 505 2118 preeinsertaruin
521 2076 701 2109 litterarum
720 2074 903 2107 huiusmodi
921 2085 972 2107 su-

229 2129 395 2170 persederi
435 2129 625 2162 auctoritate
665 2130 774 2162 nostra
810 2138 904 2161 cures
941 2132 972 2161 et

232 2181 336 2222 facias,
363 2182 466 2216 donec
491 2183 584 2216 aliter
609 2195 626 2216 a
651 2182 746 2216 nobis
783 2192 839 2215 seu
861 2181 972 2214 Roma-

233 2234 282 2266 nis
321 2235 528 2269 Pontificibus
562 2236 809 2270 successoribus
850 2235 970 2268 nostris

233 2287 396 2330 provisum
423 2289 542 2329 suerit3
568 2290 827 2323 contradictores
853 2288 972 2332 quosli-

231 2339 287 2374 bet
326 2346 357 2373 et
392 2342 556 2383 rebelles,
583 2354 617 2376 ac
651 2343 706 2376 tibi
741 2342 772 2375 in
807 2343 870 2376 boc
906 2353 970 2375 non

233 2399 384 2436 parentes
402 2421 409 2435 ‚
446 2406 505 2438 per
529 2397 706 2429 sententias
722 2423 729 2437 ,
754 2406 908 2430 censuras
942 2401 972 2428 et

231 2457 354 2490 poenas
379 2448 624 2489 ecclesiasticas,
643 2450 769 2493 aliaque
788 2455 971 2493 opportuna

231 2501 310 2534 iuris
334 2506 365 2534 et
389 2501 461 2534 sacti
481 2503 634 2543 remedia,
648 2503 867 2547 appellatione
885 2508 972 2547 post-

231 2554 355 2597 posita,
392 2556 631 2598 compescendo
648 2582 655 2596 ,
692 2556 839 2590 invocato
875 2556 970 2589 etiam

231 2608 269 2641 ad
295 2608 376 2650 hoc,
404 2609 428 2641 si
455 2619 535 2652 opus
560 2609 673 2651 suerit,
700 2611 819 2644 auxilio
843 2610 970 2644 brachii

307 2671 388 2700 Buta.
403 2673 487 2701 Rom.
503 2687 537 2693 —-
558 2673 618 2702 Vol.
634 2673 739 2702 XXIV.
885 2674 918 2701 10

873 209 1015 234 CLEMENS
1040 209 1086 234 ΧΠ
1110 210 1160 234 Pr.

1026 258 1213 291 saecularis.
1240 259 1309 292 Non
1334 260 1539 293 obstantibus
1561 262 1772 304 praeinsertis

1026 311 1142 343 litteris
1170 312 1381 353 huiusmodi,
1412 314 1593 357 ceterisque
1630 315 1660 346 in
1699 326 1772 347 con-

1027 364 1158 397 trarium
1187 365 1378 399 facientibus
1404 366 1678 411 quibuscumque.

1779 214 1830 241 Λη,
1848 214 1876 239 (1.
1902 215 1967 242 1735

1060 425 1155 453 Datum
1176 426 1278 454 Romae
1298 428 1368 463 apud
1389 429 1416 455 S.
1439 429 1552 455 Petrum
1571 451 1577 463 ,
1599 430 1650 455 sub
1671 430 1770 456 annulo

1024 470 1170 498 Piscatoris
1184 493 1190 504 ,
1211 471 1254 499 die
1275 479 1305 499 111
1325 473 1414 500 martii
1434 481 1544 501 :uncxxv
1562 496 1568 508 ,
1601 475 1771 510 pontificatus

1024 515 1108 541 nostri
1130 523 1201 542 anno
1222 523 1250 542 11.

1068 577 1139 619 ge.

1813 593 1841 613 ΙΞῑ
1858 594 1966 615 huiusmo-

1898 628 1905 638 ε
1939 628 1956 641 io

1168 577 1244 611 Cum
1271 584 1398 620 autem,
1425 581 1506 613 sicut
1533 582 1645 614 eadem
1673 592 1769 625 expo-

1023 629 1096 662 sitio
1114 630 1363 674 subiungebat,¹
1383 634 1553 676 suspensio
1573 635 1676 668 dictae
1697 620 1836 671 eon-31:155.
1889 628 1964 668 {iiiiii}

1024 683 1203 717 stitutionis
1214 684 1359 728 Gregorii
1376 688 1637 729 praedecessoris
1655 689 1766 731 vigore
1780 676 1837 729 iifni'}
1903 681 1907 685 ,

1022 738 1299 780 praeinsertarum
1326 738 1446 771 Urbani
1480 740 1592 773 itidem
1631 743 1767 784 praede·
1780 726 1964 780 i'assffi'stuuquam

1022 791 1163 823 cessoris
1190 791 1379 831 litterarum,
1407 792 1510 826 donee
1530 794 1626 826 aliter
1644 795 1683 827 ab
1698 795 1767 838 ipso
1780 779 1964 852 Ξῖιὶιῖιξιιιῖξῖϊι·ο;ἶῗιῗῖ

1022 843 1150 877 Urbano
1168 845 1419 888 praedecessore
1445 857 1500 879 seu
1518 847 1670 880 Romanis
1687 849 1833 882 Pon—§orn
1848 844 1963 891 xvjff'na.

1022 897 1160 930 tificibus
1174 898 1414 931 successoribus
1429 899 1494 932 suis
1509 900 1672 943 provisum
1693 901 1767 934 suis-
1778 887 1962 933 {fffibuscuw

1021 955 1093 991 set,
1127 950 1208 983 sicut
1241 951 1478 994 praemittitur,
1519 954 1618 993 sacta,
1645 954 1766 987 iamdiu

1020 1005 1221 1044 cessaverit,
1247 1016 1283 1038 ac
1309 1016 1325 1038 c
1363 1006 1470 1039 medio
1504 1006 1631 1040 sublata
1668 1008 1767 1041 suerit

1019 1068 1076 1101 per
1101 1058 1300 1102 posteriores
1326 1059 1552 1093 ordinationes
1578 1071 1595 1093 a
1620 1061 1704 1094 Sede
1730 1062 1767 1094 A·

1019 1111 1179 1155 postolica
1203 1111 1382 1145 identidem
1408 1118 1572 1146 emanatas
1589 1140 1597 1154 ,
1636 1114 1767 1158 potissi-

1018 1175 1105 1197 mum
1129 1176 1204 1198 vero
1234 1176 1293 1208 per
1330 1166 1466 1198 alteram
1500 1167 1766 1200 constitutionem

1018 1218 1130 1250 similis
1156 1218 1333 1251 memoriae
1359 1218 1536 1252 Clementis
1555 1220 1613 1253 PP.
1634 1221 1659 1252 X
1674 1231 1767 1263 prae-

1018 1271 1202 1304 decessoris
1229 1282 1362 1314 quoque
1388 1272 1500 1312 nostri,
1526 1273 1618 1305 cuius
1638 1273 1764 1306 initium

1018 1330 1065 1357 est
1082 1325 1234 1367 Superna
1252 1325 1366 1367 messui
1382 1326 1648 1368 palri'sfiimilids
1663 1337 1765 1371 usque

1018 1378 1058 1410 ab
1098 1388 1184 1410 anno
1224 1387 1350 1411 nnetxx
1376 1389 1435 1422 per
1468 1379 1548 1411 viam
1574 1380 1655 1422 legis
1694 1380 1765 1413 uni-

1019 1431 1152 1464 versalis
1190 1433 1429 1474 promulgatam
1450 1459 1457 1472 ,
1491 1433 1529 1465 ad
1568 1435 1766 1467 removenda

1018 1485 1144 1518 scilicet
1170 1485 1266 1518 dubia
1292 1492 1323 1518 et
1348 1487 1590 1526 contentiones,
1615 1499 1695 1530 quae
1714 1499 1766 1521 oc-

1018 1539 1149 1572 casione
1166 1539 1344 1572 recensitae
1360 1540 1603 1574 constitutionis
1617 1541 1762 1584 Gregorii

1019 1592 1285 1636 praedecessoris
1311 1593 1449 1626 excitata
1483 1594 1629 1635 fuerant,
1656 1606 1765 1638 quem-

1018 1647 1190 1679 admodum
1215 1646 1390 1680 novissime
1416 1647 1512 1680 etiam
1539 1659 1555 1680 a
1581 1648 1763 1691 Congrega-

1019 1700 1106 1733 tione
1133 1700 1367 1733 venerabilium
1404 1701 1537 1733 fratrum
1574 1707 1762 1735 nostrorum

1017 1754 1048 1787 S.
1076 1754 1111 1786 R,
1135 1754 1170 1786 E.
1194 1753 1407 1787 cardinalium
1427 1754 1561 1787 Concilii
1582 1754 1761 1788 Tridentini

1017 1807 1254 1850 interpretum,
1280 1818 1314 1840 re
1341 1807 1482 1840 discussa
1500 1834 1507 1847 ,
1545 1809 1761 1852 expensisque

1016 1860 1135 1893 Urbani
1177 1861 1436 1903 praedecessoris
1476 1861 1592 1894 litteris
1631 1862 1761 1904 praein-

1016 1914 1133 1954 sertis,
1172 1915 1353 1947 resolutum
1389 1920 1419 1948 et
1451 1915 1650 1948 declaratum
1683 1915 1759 1956 suit;

1016 1968 1231 2001 nihilominus
1257 1968 1407 2001 nonnulli
1441 1970 1607 2012 regulares
1638 1980 1756 2011 regno-

1017 2033 1087 2055 rum
1110 2022 1346 2066 praefatorum,
1367 2027 1397 2055 et
1415 2022 1608 2065 praesertim
1628 2022 1759 2055 Ordinis

1016 2074 1260 2113 Cisterciensis,
1287 2074 1467 2108 executioni
1494 2075 1641 2108 eiusdem
1677 2085 1756 2108 conv-

1016 2129 1195 2162 stitutionis
1221 2128 1369 2170 Gregorii
1396 2133 1425 2161 et
1459 2128 1590 2162 alterius
1616 2128 1759 2162 Clemen-

1017 2182 1055 2215 tis
1077 2183 1381 2226 praedecessorum,
1401 2192 1528 2215 necnon
1554 2182 1759 2215 decretorum

1016 2247 1097 2280 quae
1124 2236 1162 2268 ad
1189 2235 1318 2268 illarum
1345 2235 1486 2268 tramites
1512 2246 1529 2267 a
1563 2235 1648 2268 dieta
1681 2235 1758 2268 Con-

1016 2290 1208 2332 gregatione
1235 2289 1447 2322 cardinalium
1473 2288 1676 2332 prodierunt,
1702 2289 1758 2321 ad-

1016 2343 1081 2375 buc
1107 2343 1266 2375 obsistere
1292 2352 1327 2374 ac
1353 2342 1507 2384 refragari
1532 2347 1678 2385 pergant,
1699 2342 1755 2374 ob-

1017 2397 1187 2430 tendentes
1224 2396 1309 2428 ultra
1345 2395 1445 2428 dictas
1480 2395 1601 2427 litteras
1636 2394 1755 2427 Urbani

1015 2449 1273 2493 praedecessoris
1299 2460 1333 2482 se
1355 2449 1387 2481 in
1409 2450 1520 2481 neutra
1541 2458 1576 2480 ex
1600 2449 1754 2481 emanatis

1014 2502 1300 2537 constitutionibus
1326 2500 1584 2544 comprehensos
1611 2511 1693 2541 esse,
1717 2511 1754 2534 eo

1015 2557 1101 2601 quod
1127 2557 1160 2589 in
1186 2555 1250 2589 illis
1272 2564 1423 2598 expresse
1440 2554 1598 2587 nominati
1620 2555 1754 2588 minime

1051 2620 1063 2646 1
1079 2618 1143 2646 Heio
1157 2618 1232 2646 deest
1246 2616 1344 2653 partie.
1362 2616 1428 2644 licet
1442 2616 1481 2651 (fl.
1499 2615 1548 2651 τ.).
