2232 3178
4 1059 14 1097 <9³

46 240 71 261 n.
85 231 113 260 C.
134 229 204 259 1738

830 232 972 257 eLEm-:Ns
998 233 1043 257 ΧΠ
1069 233 1118 258 ΡΡ.

212 278 322 309 electus
342 287 401 309 non
423 278 461 309 sit
481 278 511 309 in
534 278 635 309 eadem
664 279 769 318 domo3
791 281 821 310 in
850 290 905 320 qua
928 281 952 311 si

211 327 319 363 suerit,
343 326 379 356 ab
402 327 464 366 ipso
486 326 718 358 benedictionem
742 329 896 368 accipiant.

251 385 288 405 vr.
312 375 439 415 Vespere
470 377 578 406 iterum
611 383 842 416 congregentur,
868 383 895 407 et
928 378 950 407 si

212 425 346 456 definitor
368 425 474 464 aliquis
506 426 615 456 electus
648 426 734 456 suerit
757 427 785 456 in
809 427 951 456 vicarium

210 475 387 512 generalem,
406 475 594 513 congregatio
617 475 704 514 eligat
727 485 833 505 norum
851 476 953 506 defini-

211 527 302 553 torem
326 523 491 561 generalem
508 523 643 561 Ordinis3
661 528 688 554 et
703 525 726 553 si
750 529 884 554 occurrat
900 525 952 554 ali·
972 529 973 534 ¹

210 571 285 611 quod
308 572 463 610 negocium
497 581 607 610 urgens
642 582 693 612 pro
722 575 781 602 tota
810 573 952 611 religione

210 625 260 650 aut
276 620 375 659 aliqua
398 621 519 658 familia,
537 621 748 651 determinetur
764 621 799 650 ab
816 621 952 651 omnibus

208 674 241 699 ut
262 669 351 699 moris
373 674 427 699 est.

250 727 298 748 vn.
323 718 426 748 Postea
460 718 613 748 confirmet
647 718 820 748 electionem
850 718 974 748 vicarii*

208 766 366 806 generalis,
383 771 411 797 et
432 766 548 801 deinde,
565 767 590 796 si
613 776 676 796 eam
699 767 778 803 fecit,
797 768 951 797 confirmet

210 816 297 846 etiam
320 815 493 845 electionem
522 815 686 846 definitoris
717 816 830 845 noviter
853 817 949 846 electi.

250 873 308 895 vm.
330 864 432 894 Postea
455 864 643 902 congregatio
665 864 863 902 dissolvatur,
888 875 950 894 mu-

210 915 319 952 tuoque
341 913 544 952 amplexentur
565 913 689 949 vocales,
707 913 776 952 quin
794 913 873 943 aliud
890 914 950 950 fiat,

207 971 304 1000 neque
336 961 505 991 concionem
538 962 665 1001 aliquam
698 961 805 992 habere
828 961 951 992 debeant

207 1010 238 1040 in
256 1010 311 1040 hac
327 1010 566 1049 congregatione.
583 1012 641 1046 Qua
666 1011 759 1047 finita,
784 1011 840 1040 duo
864 1011 950 1050 primi

208 1059 379 1090 definitores
410 1060 562 1098 generales
584 1060 702 1090 Ordinis
724 1064 752 1089 et
775 1060 951 1090 secretarius

208 1108 335 1139 ministri
358 1108 504 1146 generalis
535 1109 684 1148 praeteriti
714 1109 811 1138 statim
835 1110 951 1139 mittant

207 1157 423 1187 attestationem
457 1156 650 1196 subscriptam
681 1157 717 1187 ab
739 1157 811 1196 ipsis
834 1157 949 1195 tribus,

207 1210 236 1236 et
258 1206 353 1244 sigillo
376 1206 534 1236 definitorii
558 1207 704 1244 generalis
722 1206 840 1237 Ordinis
856 1207 952 1236 muni—

207 1258 265 1285 tam
280 1277 288 1291 ‚
312 1254 341 1284 in
365 1264 419 1294 qua
444 1255 644 1285 commissario
676 1256 806 1294 generali
830 1255 950 1285 alterius

207 1303 336 1334 familiae
359 1307 387 1333 et
410 1303 576 1333 definitorio
609 1304 739 1342 generali
761 1304 840 1333 illius
864 1304 949 1334 tidem

207 1352 316 1383 saciant
339 1352 489 1382 electionis
513 1353 626 1390 factae,
652 1357 682 1382 ut
710 1362 771 1382 eam
803 1353 879 1382 intra
903 1362 951 1382 eo-

206 1411 271 1432 rum
299 1401 440 1431 familiam
473 1402 571 1431 nullus
600 1402 739 1431 simulare
769 1402 873 1432 audeat
901 1407 951 1432 aut

207 1455 386 1490 praesumat.
410 1450 444 1480 Et
470 1455 621 1490 postquam
650 1452 782 1490 superior
805 1452 950 1490 generalis

206 1499 328 1529 alterius
359 1499 487 1529 familiae
522 1504 549 1529 et
582 1500 779 1530 definitorium
814 1501 950 1538 generale

206 1547 286 1578 illius
302 1547 468 1577 huiusmodi
486 1548 618 1577 notitiam
639 1548 786 1585 habuerit,
804 1549 882 1578 illico
899 1558 951 1588 per

207 1604 275 1626 suas
308 1595 422 1625 litteras
454 1596 638 1626 authenticas
674 1597 813 1626 moderno
844 1598 950 1627 vicario

207 1644 336 1682 generali
359 1644 553 1674 obedientiam
584 1645 776 1684 promittant3
800 1646 887 1685 idque
911 1646 949 1675 sa·

208 1701 275 1723 cere
292 1693 488 1732 praecipimus
504 1694 562 1723 illis
579 1694 632 1723 sub
652 1700 804 1733 praecepto
822 1695 949 1731 formali,

206 1741 236 1772 in
266 1742 373 1771 virtute
406 1747 522 1771 sanctae
545 1742 746 1780 obedientiae,
770 1743 823 1772 sul)
858 1745 951 1783 poena

207 1791 407 1829 suspensionis
430 1790 465 1820 ab
489 1791 584 1820 osticio
613 1792 668 1830 ipsi
698 1792 842 1831 superiori
864 1802 951 1830 gene-

206 1839 261 1868 rali
285 1839 411 1869 familiae
444 1843 472 1869 et
503 1840 678 1879 cuicumque
701 1840 847 1870 definitori
872 1841 950 1871 illius

207 1887 402 1918 obedientiam
423 1897 479 1917 non
497 1889 727 1928 repromittenti,
745 1899 760 1918 a
777 1889 949 1919 definitort¹¹

207 1937 335 1976 generali
359 1936 476 1968 Ordinis
505 1938 679 1968 declaranda
711 1943 739 1968 et
761 1939 948 1978 applicanda.

206 1985 235 2016 Si
258 1990 354 2015 autem
378 1986 484 2025 aliquis
507 1987 697 2025 provincialis
720 1987 764 2016 vel
782 1988 890 2017 vocalis
909 1988 949 2017 al·
972 1980 973 2026 J

207 2038 252 2065 ter
274 2034 382 2064 electus
415 2035 516 2065 suisset
539 2035 567 2065 in
593 2036 732 2065 vicarium
766 2037 949 2074 generalem,
972 2030 973 2044 ἶ

208 2083 243 2113 ad
260 2083 458 2113 definitorium
481 2084 649 2123 provinciae
670 2085 826 2124 pertinebit
849 2085 951 2115 electio

208 2131 267 2162 sive
290 2132 477 2171 provincialis
507 2133 567 2163 sive
597 2134 718 2163 alterius
752 2134 840 2164 oflicii
874 2135 951 2174 quod

208 2180 318 2210 electus
341 2180 495 2211 habuerat.

247 2238 286 2259 ix.
312 2230 341 2259 Si
366 2239 434 2259 vero
457 2239 514 2260 non
539 2231 640 2260 mortis
663 2232 763 2267 causa,
781 2232 831 2261 sed
855 2232 890 2261 ob
908 2241 952 2262 re-

208 2279 425 2308 nunciationem
450 2279 493 2308 vel
518 2280 711 2319 privationem
735 2290 748 2309 a
773 2290 824 2310 suo
841 2282 950 2320 officio,

209 2335 315 2357 munus
339 2327 465 2357 ministri
489 2328 634 2365 generalis
657 2329 803 2358 vacaverit
819 2353 826 2367 ,
850 2330 950 2359 eodem

209 2375 293 2405 modo
316 2379 344 2405 et
367 2375 401 2405 ab
434 2376 544 2406 eisdem
577 2377 726 2406 vocalibus
760 2378 891 2408 facienda
925 2383 952 2408 ct

209 2423 381 2454 celebranda
398 2429 442 2454 est
459 2426 666 2464 congregatim
684 2426 845 2466 eodemque
867 2428 952 2457 modo

211 2472 361 2511 eligendus
384 2473 510 2503 vicarius
526 2474 672 2512 generalis
693 2473 821 2504 Ordinis,
839 2474 951 2515 Quippe

210 2522 411 2561 congregatio,
428 2532 502 2561 quae
526 2523 692 2553 ministrum
715 2524 881 2562 generalem
904 2525 952 2555 de-

247 2629 257 2657 1
281 2626 352 2655 Edit.
372 2627 453 2656 Maiu.
474 2628 539 2665 legit
558 2628 707 2664 definitori
726 2632 766 2663 (n.
785 2631 837 2665 τ.).

1634 226 1699 260 447

996 282 1092 321 posuit
1108 282 1151 312 vel
1169 282 1248 313 illius
1271 282 1388 314 admisit
1410 283 1672 323 renuntiationem,
1686 293 1738 314 suo

995 331 1051 360 iam
1076 341 1197 362 munere
1220 333 1318 362 functa
1343 333 1429 363 debet
1450 333 1585 371 intelligi,
1602 334 1672 373 quin
1692 343 1739 363 ea-

972 409 973 416 ,
995 379 1059 409 dem
1083 381 1270 418 congregatio
1286 381 1330 410 ius
1346 381 1473 420 eligendi
1495 382 1635 411 vicarium
1652 392 1739 421 gene-

972 462 973 472 *
996 428 1086 457 ralem
1113 429 1302 467 praetendere
1326 430 1428 469 possit.

1036 486 1063 505 x.
1088 476 1115 506 Si
1140 481 1235 506 autem
1260 478 1303 507 vel
1327 478 1414 508 unius
1437 479 1563 508 familiae
1586 479 1630 509 vel
1650 479 1739 509 totius

995 523 1113 553 Ordinis
1136 534 1207 564 opus
1231 525 1318 555 suerit
1352 536 1403 565 pro
1432 528 1640 565 urgentissime
1670 537 1739 564 casu

996 573 1249 611 congregationem
1273 575 1439 612 generalem
1470 575 1578 606 iudicio
1606 577 1740 607 definito-

995 620 1030 649 rii
1055 622 1202 658 generalis
1225 622 1341 652 Ordinis
1365 633 1537 662 convocare,
1561 625 1589 654 id
1612 625 1676 655 fieri
1692 626 1740 655 de-

995 669 1043 698 bet
1066 671 1312 701 concurrentibus
1334 672 1470 702 omnibus
1492 673 1584 713 ipsius
1606 674 1740 704 definito-

996 718 1030 747 rii
1053 719 1199 756 generalis
1229 724 1344 758 praeter
1375 731 1488 757 unum;
1513 726 1540 751 ct
1564 721 1738 752 celebranda

995 770 1039 796 est
1062 767 1091 796 in
1115 767 1200 796 tlomo
1223 768 1258 797 ad
1286 768 1441 799 arbitrium
1466 770 1557 809 ipsius
1580 770 1739 801 definitorii

995 816 1141 854 eligenda,
1155 821 1283 856 tempore
1300 817 1334 847 ab
1352 819 1414 857 ipso
1433 819 1590 857 destinato,
1605 820 1738 858 praeside

995 870 1022 894 et
1046 865 1193 895 vocalibus
1217 866 1376 904 seligendis
1399 867 1433 896 ab
1455 868 1537 906 ipso,
1562 869 1618 898 nisi
1642 869 1671 898 in
1694 869 1738 899 his

994 914 1255 944 constitutionibus
1288 915 1345 944 iam
1375 916 1518 954 designati
1551 917 1659 946 suerint
1686 927 1738 957 pro

995 963 1222 1000 congregatione
1246 963 1274 992 in
1300 964 1370 1003 ipsis
1393 967 1513 1003 statuta,
1530 965 1569 994 ita
1594 970 1689 995 tamen
1707 971 1739 996 ut

995 1011 1030 1039 ad
1054 1012 1311 1050 congregationem
1344 1013 1500 1052 specialem
1535 1023 1649 1053 semper
1671 1024 1739 1044 con-

994 1064 1094 1089 currat
1116 1064 1273 1100 utrumque
1297 1061 1511 1099 definitorium,
1535 1062 1558 1091 si
1581 1063 1669 1092 suerit
1688 1063 1740 1093 Or-

994 1108 1089 1145 dinis,
1113 1118 1288 1148 semperque
1321 1110 1520 1140 definitorium
1544 1111 1690 1148 familiae,
1714 1112 1738 1141 si

994 1167 1071 1187 unus
1093 1157 1179 1188 suerit
1202 1158 1328 1188 familiae
1352 1163 1481 1188 tantum:

1034 1217 1052 1237 1.
1077 1207 1194 1242 Quoties
1217 1208 1326 1238 dicitur
1349 1209 1378 1238 in
1403 1209 1448 1238 his
1481 1209 1739 1240 constitutionibus

993 1255 1154 1294 capitulum
1179 1256 1221 1285 vel
1244 1256 1442 1286 definitoriutn
1465 1258 1614 1295 generale,
1638 1263 1665 1287 et
1681 1268 1737 1288 non

993 1304 1110 1334 additur
1132 1304 1260 1343 Ordinis,
1283 1305 1458 1344 intelligitur
1479 1306 1514 1335 de
1537 1307 1665 1346 capitulo
1690 1317 1737 1346 ge-

994 1353 1087 1382 nerali
1110 1357 1137 1382 et
1156 1353 1321 1384 definitorio
1344 1355 1474 1392 generali
1497 1354 1615 1385 Ordinis
1638 1356 1682 1386 vel
1700 1357 1739 1386 sa-

995 1402 1104 1432 miliae.
1130 1402 1229 1442 ltaque
1250 1403 1282 1431 ad
1300 1404 1459 1442 capitulum
1477 1404 1613 1442 generale
1629 1409 1740 1444 spectat

995 1451 1089 1480 facere
1114 1461 1215 1481 omnes
1234 1452 1392 1482 electiones
1417 1453 1625 1492 praelatorum,
1645 1459 1673 1484 et
1692 1454 1739 1484 ad-

995 1500 1109 1529 mittere
1126 1509 1227 1529 omnes
1242 1501 1479 1530 renunciationes
1495 1511 1608 1539 eorum,
1623 1503 1739 1541 quando

994 1549 1068 1578 siunt
1085 1550 1113 1578 in
1131 1550 1212 1588 ipso,
1233 1551 1358 1579 condere
1375 1551 1573 1580 ordinationes
1590 1556 1618 1581 et
1634 1552 1739 1581 consti-

995 1597 1133 1634 tutiones,
1159 1601 1189 1628 ut
1213 1598 1241 1627 in
1267 1600 1457 1638 paragraphis
1480 1599 1514 1628 de
1537 1600 1674 1638 capitulis
1697 1600 1739 1630 di-

993 1647 1079 1675 cituix
1109 1646 1163 1676 Sed
1197 1647 1231 1676 ad
1265 1648 1424 1687 capitulum
1457 1649 1592 1686 generale
1621 1648 1739 1680 Ordinis

994 1700 1106 1735 spectat
1137 1696 1292 1735 impetrare
1315 1706 1328 1725 a
1354 1698 1427 1726 Sede
1457 1697 1622 1736 Apostolica
1638 1722 1645 1735 ,
1670 1708 1738 1729 con-

994 1744 1182 1774 currentibus
1206 1745 1342 1774 omnibus
1366 1746 1535 1784 suffragiis,
1560 1747 1739 1777 immutatio-

994 1803 1060 1823 nem
1085 1798 1202 1823 nostrae
1226 1794 1343 1831 regulae
1370 1795 1399 1824 in
1423 1805 1453 1824 re
1476 1796 1584 1835 aliqua.
1608 1796 1678 1825 Item
1703 1796 1737 1826 ad

994 1842 1089 1881 ipsum
1114 1843 1239 1881 pertinet
1263 1843 1393 1872 dividere
1410 1844 1586 1882 provincias,
1604 1845 1739 1875 consulta.

971 1903 973 1934 j
996 1892 1088 1930 primo
1112 1891 1184 1920 Sede
1209 1892 1389 1930 Apostolica,
1408 1893 1565 1923 dummodo
1587 1904 1639 1933 pro
1662 1896 1738 1924 nova

994 1939 1097 1969 saltem
1121 1941 1179 1969 sint
1196 1947 1259 1970 octo
1275 1946 1446 1971 conventus
1465 1942 1558 1981 Atque
1574 1943 1672 1981 etiam,
1690 1946 1738 1973 ea-

995 1989 1058 2017 dem
1083 1989 1229 2027 consulta,
1254 1990 1421 2029 relinquere
1441 1995 1468 2020 et
1491 1991 1621 2021 desertas
1642 1992 1738 2022 facere

995 2037 1182 2068 fundationes
1215 2044 1413 2069 conventuum
1448 2040 1504 2070 iam
1537 2040 1679 2071 admissas
1711 2046 1739 2071 et

972 2113 974 2129 ,
996 2097 1153 2126 possessas.

1035 2146 1065 2166 11.
1092 2137 1124 2166 Et
1147 2137 1262 2167 demum
1282 2138 1453 2177 dispensare
1476 2138 1504 2168 in
1522 2138 1738 2169 constitutioni-

972 2213 974 2229 ,
995 2186 1049 2216 bus
1072 2196 1129 2216 non
1153 2187 1334 2218 confirmatis
1356 2197 1371 2217 a
1395 2188 1469 2218 Sede
1492 2188 1681 2227 Apostotiea,
1706 2194 1737 2219 ut

973 2235 1104 2273 ¹dictum
1138 2240 1202 2266 cst:
1232 2240 1261 2265 et
1294 2245 1328 2265 ex
1362 2237 1433 2276 ipsis
1466 2247 1523 2266 non
1557 2238 1739 2268 confirmatis

972 2302 974 2327 ᾗ
995 2285 1157 2323 abrogare,
1183 2286 1323 2315 innovare
1346 2290 1374 2315 et
1398 2286 1523 2315 alterare
1554 2286 1736 2325 quamlibet:

995 2338 1151 2373 ceteraque
1179 2334 1273 2364 facere
1300 2339 1328 2364 et
1355 2334 1506 2373 stabilire,
1535 2344 1608 2374 quae
1636 2344 1738 2365 secun-

995 2382 1063 2411 dum
1089 2383 1218 2421 regulam
1249 2388 1277 2413 et
1304 2384 1529 2414 constitutiones
1559 2383 1614 2423 ipsi
1643 2392 1736 2414 reser-

996 2435 1111 2461 vantur.

1035 2489 1075 2510 111.
1100 2480 1152 2510 llla
1176 2485 1286 2518 autem,
1309 2490 1382 2519 quae
1406 2480 1433 2510 in
1458 2480 1585 2520 capitulo
1607 2481 1738 2519 generali

995 2529 1112 2560 Ordinis
1135 2529 1170 2559 ab
1193 2530 1280 2559 unica
1304 2530 1414 2559 satnilia
1441 2529 1503 2558 fieri
1527 2529 1634 2560 debent
1657 2530 1738 2560 iuxta

995 2579 1125 2616 regimen
1149 2578 1278 2607 eiusdem
1302 2578 1439 2615 familiae,
1454 2578 1489 2607 ab
1503 2579 1537 2607 ea
1551 2579 1737 2618 proponenda

971 2649 974 2662 ι
994 2631 1062 2657 sunt
1086 2627 1136 2657 toti
1161 2627 1288 2666 capitulo
1312 2627 1442 2665 generati
1467 2626 1606 2665 Ordinis,
1630 2631 1658 2658 ct
1680 2628 1736 2658 nisi

1746 236 1794 262 An.
1813 236 1841 263 C.
1865 237 1932 265 ¹738

1811 1223 1821 1249 ξ
1839 1223 1869 1244 10.

1777 1250 1806 1270 De
1828 1251 1935 1276 pertinen·

1750 1277 1805 1297 tibus
1830 1280 1934 1302 prii-atne

1749 1304 1775 1323 ad
1818 1305 1933 1328 capitutum

1749 1331 1859 1356 generate.
