2232 3178
284 223 334 249 An.
352 222 465 249 (1.1110
511 213 574 245 (308

477 272 583 302 tionem
601 276 686 311 atque
705 272 937 302 benedictionem
957 271 1067 311 proprii
1086 271 1216 310 episcopi

477 331 533 351 non
551 321 722 360 recipiatur:
741 338 776 342 -
793 321 824 349 3ἡ
840 330 896 350 non
915 321 1074 360 recipiatur
1090 320 1216 350 novitius

477 369 592 408 publice
613 372 765 407 suspectus
788 368 830 397 vel
846 368 958 398 delatus
984 368 1019 398 de
1042 367 1216 397 criminibus

476 417 674 455 spectantibus
697 417 731 445 ad
755 417 903 454 negotium
932 417 997 446 fidoi
1020 416 1213 453 orthodoxae,

477 466 520 494 vel
546 465 580 493 de
608 465 782 501 homicidio,
810 469 859 495 3111
884 465 996 495 enormi
1022 465 1051 495 in
1081 474 1112 495 re
1137 464 1214 504 turpi

476 514 592 550 delicto,
618 523 711 552 neque
744 515 856 543 notorie
884 514 1016 551 infamis,
1048 514 1104 544 nisi
1136 518 1213 543 certa

476 562 606 590 sincerae
624 562 819 600 poenitentiae
835 562 916 600 sigua
933 566 1016 592 antea
1040 562 1213 599 ostenderit,

476 614 504 639 ct
526 609 687 639 obtinuerit
716 609 930 640 absolutionem
953 615 1001 639 3111
1023 610 1216 649 dispensatio-

475 666 542 685 nem
566 667 579 686 a
603 657 734 695 legitimo
761 658 931 697 superiore,
955 662 1041 697 prout
1069 658 1104 687 de
1132 658 1212 694 iure3

474 723 512 728 —
528 706 560 735 4⁰
582 716 635 735 1166
658 707 815 745 recipiatur
838 707 932 737 alieno
954 716 1021 736 aere
1043 706 1213 744 obstrictus,

475 764 569 793 neque
585 754 740 784 reddendis
762 755 796 785 de
819 755 1072 785 administratione
1088 755 1130 784 rei
1145 755 1215 784 alie-

475 811 528 832 nae
547 802 709 833 rationibus
732 803 890 840 obnoxius,
909 812 1004 842 neque
1026 802 1131 833 iudicis
1149 812 1215 832 sen-

475 852 566 881 tentia
588 852 676 881 exilio
698 852 865 891 mulctatus,
890 852 947 881 nisi
970 851 1164 881 creditoribus
1187 855 1214 880 ct

475 900 696 938 magistratibus
726 901 916 937 satisfecerit3
942 918 976 921 —
1007 900 1038 929 5Ο
1065 910 1118 929 nec
1147 908 1214 929 con-

474 949 554 986 iugio
578 948 695 987 ligatus,
719 949 775 978 11151
797 948 831 978 de
854 957 999 978 consensu
1022 948 1166 986 coniugis,
1187 951 1214 977 et

474 998 549 1026 facta
565 1006 659 1026 coram
677 997 811 1036 episcopo
834 997 1033 1036 separatione3
1055 1014 1088 1017 —
1112 997 1144 1026 ὃ0
1159 1005 1213 1026 nec

475 1045 502 1073 in
517 1045 716 1074 ecclesiastica
728 1045 870 1083 dignitate
884 1044 1214 1082 6011511101115,61116111ἓι

475 1093 636 1123 animarum
660 1102 771 1123 annexa
789 1093 837 1129 sit,
852 1094 908 1122 nisi
924 1093 952 1122 in
970 1102 1057 1122 manu
1072 1093 1116 1122 sui
1134 1102 1215 1132 prae-

475 1143 523 1171 lati
546 1142 626 1171 illam
659 1142 855 1178 abdicaverit,
887 1160 926 1165 —
949 1142 980 1171 ’1Ο
1008 1151 1061 1171 1166
1095 1142 1212 1178 nothus,

473 1200 568 1229 neque
604 1190 661 1220 3110
693 1190 762 1220 vitio
790 1190 927 1219 laborans
966 1190 1213 1228 irregularitatem

473 1239 631 1268 inducente
664 1244 692 1268 et
724 1248 890 1278 processum
914 1239 949 1269 ad
971 1248 1068 1270 sacros
1097 1239 1214 1269 ordines

473 1288 662 1327 impediente,
687 1287 743 1317 nisi
766 1287 885 1317 obtenta
914 1287 949 1317 ab
976 1287 1101 1317 habente
1124 1288 1214 1318 facul-

475 1341 561 1366 tatem
585 1336 781 1375 absolutione,
801 1346 852 1366 seu
875 1336 1105 1376 dispensatione,
1123 1355 1158 1358 —
1182 1337 1213 1365 8Ο

474 1394 527 1414 1106
550 1394 635 1423 aeger
657 1394 790 1424 corpore,
814 1394 867 1414 1166
890 1385 991 1415 morbo
1013 1385 1105 1415 cuivis
1126 1385 1213 1415 obno-

475 1435 551 1472 xius,
576 1443 629 1463 nec
645 1433 777 1470 insanus,
794 1438 843 1463 aut
860 1434 966 1463 mentis
982 1434 1079 1463 minus
1095 1443 1213 1474 compos

474 1492 555 1520 suae,
579 1482 626 1512 sed
661 1492 781 1522 corpore
804 1492 892 1512 sanus
925 1478 954 1512 et
976 1483 1091 1521 integer
1112 1484 1159 1520 sit,
1186 1488 1214 1513 et

474 1531 589 1560 interno
611 1535 768 1561 externove
791 1531 861 1561 vitio
889 1536 1002 1570 careat,
1032 1542 1088 1571 quo
1110 1532 1146 1561 ab
1168 1542 1214 1562 or-

473 1580 593 1609 dinibus
608 1580 803 1619 suscipiendis
820 1584 868 1610 aut
884 1580 1049 1610 exhibendo
1072 1581 1214 1611 fratribus

474 1628 637 1658 ministerio
670 1628 862 1667 impediatur,
885 1647 924 1651 —
955 1630 987 1658 (1⁰
1020 1639 1072 1658 nec
1100 1630 1150 1668 qui
1183 1630 1212 1659 in

473 1677 531 1706 alio
567 1677 746 1706 monasterio
784 1681 833 1707 aut
866 1677 974 1707 Ordine
1002 1679 1212 1717 professionem

473 1726 581 1763 emisit,
600 1726 655 1755 nisi
680 1726 770 1764 petita
793 1735 807 1755 a
832 1727 949 1765 proprio
966 1727 1098 1765 praelato
1115 1727 1212 1765 venia,

473 1780 501 1804 et
524 1776 626 1804 nostra
647 1774 777 1812 generali
800 1775 1028 1813 congregatione
1051 1780 1211 1805 annuente.

473 1822 605 1852 Monachi
638 1832 717 1860 vero,
741 1823 791 1861 qui
820 1832 871 1852 sua
906 1823 990 1853 nobis
1023 1824 1212 1863 monasteria,

472 1871 657 1910 superiorum
681 1871 825 1910 permissu
840 1895 847 1909 ,
872 1871 1066 1910 tradiderint,
1090 1872 1113 1901 si
1144 1882 1213 1902 con-

472 1920 672 1958 gregationem
696 1924 826 1950 nostram
849 1921 1026 1959 optaverint,
1050 1921 1085 1951 ad
1104 1931 1213 1951 annum

473 1973 540 1998 511111
564 1968 716 2007 probandi,
740 1978 797 2008 quo
815 1973 943 2007 peracto,
961 1969 1070 2007 rogatis
1093 1979 1215 2008 congre-

472 2017 597 2055 gationis
620 2017 828 2047 monachorum
851 2016 886 2047 de
909 2027 987 2047 more
1003 2017 1161 2056 suffragiis,
1178 2019 1214 2048 ad

474 2065 681 2104 professionem
705 2065 909 2102 admittantur,
932 2066 1029 2095 locum
1053 2076 1120 2096 vero
1149 2071 1214 2106 11051

474 2114 644 2149 111011361105,
667 2123 740 2153 quos
762 2114 949 2151 invenerunt,
973 2114 1133 2144 obtineant.
1159 2115 1213 2151 Qui

474 2171 542 2191 vero
565 2162 694 2191 novitius
713 2162 741 2191 in
759 2162 815 2191 3110
838 2163 1016 2193 monasterio
1039 2167 1087 2192 aut
1105 2163 1213 2193 Ordine

474 2210 578 2247 fuerit,
603 2220 659 2240 non
691 2211 853 2250 recipiatur
876 2211 932 2241 nisi
954 2211 989 2241 de.
1017 2212 1137 2242 licentia
1166 2213 1214 2242 ab·

473 2258 548 2288 batis
570 2259 726 2297 generatis.

513 2316 561 2337 vn.
579 2307 675 2336 Abbas
692 2307 872 2346 monasterii,
892 2312 1047 2347 antequam
1070 2309 1212 2339 novitium

474 2357 625 2394 admittat,
643 2357 774 2395 exploret
795 2358 872 2387 circa
895 2358 991 2387 omnia
1010 2358 1168 2396 praedicta,
1186 2364 1214 2389 et

472 2415 594 2435 examen
618 2406 667 2435 liat
690 2406 718 2435 in
742 2406 965 2444 congregatione
988 2407 1210 2437 monachorum.

472 2454 501 2483 Si
518 2454 607 2484 abbas
629 2454 773 2484 novitium
797 2459 859 2493 post
883 2455 1072 2494 praemissum
1090 2465 1211 2486 examen

473 2502 633 2540 admiserit,
651 2502 756 2532 deinde
770 2502 870 2532 vitium
884 2503 913 2532 111
929 2513 962 2532 60
975 2504 1212 2543 deprehenderit,

473 2555 521 2580 aut
537 2551 779 2589 impedimentum
797 2550 958 2590 quodlibet,
973 2552 1113 2582 continuo
1129 2552 1211 2582 illum

473 2609 487 2629 e
514 2600 691 2630 monasterio
720 2600 863 2639 dimittat,
887 2601 911 2630 si
935 2610 1001 2631 vero
1030 2601 1212 2641 praedictum

1057 223 1242 248 BULLARIUM
1264 224 1419 249 ROMANUM

1260 280 1383 302 examen
1405 273 1577 311 neglexerit,
1595 274 1630 304 ab
1653 273 1757 305 abbate
1778 275 1907 313 generali
1931 284 1996 314 gra-

1260 321 1334 350 viter
1366 322 1421 351 erit
1452 322 1628 361 puniendus.
1653 323 1706 358 Qui
1733 327 1829 353 autem
1851 324 1994 354 novitium

1259 370 1435 408 susceperit,
1452 370 1548 400 sciens
1570 371 1810 410 impedimentum
1827 372 1943 412 aliquod
1960 382 1994 402 ex

1260 417 1416 456 praedictis
1439 418 1563 457 obstare,
1580 429 1614 449 ex
1630 419 1721 457 gradu
1737 429 1788 450 suo
1804 420 1928 458 excidat,
1945 420 1995 459 qui

1258 466 1286 495 id
1300 475 1387 495 ausus
1400 467 1498 504 fuerit,
1515 467 1577 497 sine
1589 469 1680 505 mora,
1696 477 1748 498 nec
1761 469 1795 498 ad
1809 468 1901 498 ullum
1914 469 1996 498 dein-

1259 524 1327 554 ceps
1349 516 1378 545 in
1402 516 1545 553 religione
1567 517 1688 554 gradum
1712 517 1833 547 idoneus
1854 517 1996 555 dignusre

1258 568 1412 593 censeatur
1434 565 1495 603 ipse
1524 569 1552 594 et
1580 574 1680 594 omnes
1703 565 1856 602 monachi,
1886 566 1936 604 qui
1965 565 1994 595 11]

1258 612 1483 649 congregatione
1505 614 1562 642 una
1585 622 1649 642 cum
1668 613 1716 643 illo
1731 613 1935 650 interfuerint,
1960 613 1995 643 ad

1258 659 1433 697 triennium,
1453 670 1509 699 quo
1525 661 1654 700 expleto,
1672 671 1686 691 a
1703 661 1928 700 congregatione
1944 661 1995 691 he-

1257 718 1450 746 gumenorum
1476 709 1691 739 restitutionem
1715 710 1875 740 obtineant.
1909 709 1996 739 Novi-

1260 757 1316 786 tius
1328 766 1395 786 vero
1408 766 1473 787 eum
1489 757 1519 787 in
1536 758 1652 788 modum
1670 761 1815 797 receptus,
1832 757 1856 787 51
1871 757 1995 787 necdum

1259 805 1466 843 professionem
1490 806 1632 843 emiserit,
1656 815 1670 836 e
1694 805 1870 836 monasterio
1899 805 1995 845 expel-

1258 853 1349 890 latur,
1373 854 1416 883 sin
1450 858 1545 884 autem
1579 855 1726 894 professus
1759 854 1845 884 suerit
1861 878 1868 892 ‚
1893 863 1939 884 res
1961 854 1996 884 ad

1258 902 1511 940 congregationem
1532 903 1763 941 hegumenorum
1779 902 1911 932 devoluta
1928 911 1996 932 cen-

1258 954 1368 986 seatur,
1395 960 1468 989 quae
1500 960 1566 980 cum
1599 950 1844 981 reverendissimo
1877 950 1995 980 domino

1258 999 1422 1038 patriarcha
1458 1004 1508 1029 aut
1540 999 1669 1038 legitimo
1696 999 1845 1039 superiore
1878 1009 1994 1029 causam

1259 1048 1390 1078 definiet.

1280 1094 1356 1127 'vnn
1380 1097 1468 1127 Debet
1483 1098 1602 1137 insuper
1617 1097 1706 1128 abbas
1722 1097 1756 1127 de
1772 1097 1873 1128 novitii
1889 1101 1994 1136 aetate,

1258 1146 1366 1183 indole,
1383 1146 1517 1183 56160113,
1535 1146 1713 1182 valetudine,
1733 1147 1822 1175 causa
1835 1145 1995 1175 vocationis

1258 1194 1292 1223 ad
1315 1198 1423 1223 statum
1446 1194 1631 1231 religiosum,
1655 1198 1683 1223 et
1704 1194 1809 1224 ceteris
1831 1194 1995 1224 huiusmodi

1257 1251 1450 1280 cognoscere:
1474 1242 1561 1282 idque
1577 1243 1626 1272 ssat
1640 1242 1670 1272 in
1689 1242 1914 1280 congregatione
1935 1251 1995 1272 mo-

1257 1292 1428 1321 nachorum.

1296 1349 1334 1370 1x.
1359 1342 1516 1379 Postquam
1540 1349 1609 1378 ergo
1640 1339 1728 1370 abbas
1751 1348 1817 1369 cum
1840 1339 1995 1370 monacho-

1257 1399 1321 1419 rum
1338 1389 1562 1428 congregatione
1578 1389 1785 1419 admissionem
1804 1388 1907 1419 novitii
1929 1398 1996 1428 pro-

1257 1438 1356 1475 bavit,
1387 1442 1447 1468 tum
1481 1447 1547 1467 vero
1579 1438 1674 1468 locum
1697 1447 1712 1467 a
1741 1437 1880 1468 fratribus
1913 1446 1996 1477 sepa-

1257 1486 1352 1516 ramm
1373 1486 1416 1516 illi
1432 1486 1606 1524 assignabit,
1630 1486 1728 1526 ibique
1751 1486 1784 1516 ad
1808 1490 1871 1516 octo
1893 1486 1994 1516 saltem

1256 1536 1318 1565 dies
1349 1535 1419 1565 citra
1444 1535 1560 1565 habitus
1582 1535 1772 1565 mutationem
1796 1539 1928 1572 maneat,
1952 1538 1996 1564 at-

1257 1594 1313 1624 que
1337 1584 1448 1614 interea
1475 1583 1591 1622 regulas
1613 1583 1741 1621 Ordinis,
1765 1588 1871 1614 statuta
1887 1588 1914 1613 61
1929 1593 1995 1613 con-

1256 1633 1426 1663 suetudines
1454 1633 1612 1662 examinet.
1646 1633 1679 1662 Et
1712 1632 1838 1672 primum
1866 1632 1995 1663 novitius

1256 1681 1421 1719 generalem
1455 1684 1640 1719 peccatorum
1671 1680 1883 1710 confessionem
1919 1680 1995 1720 apud

1256 1729 1435 1759 sacerdotem
1452 1729 1486 1758 ad
1502 1728 1691 1767 excipiendas
1710 1728 1904 1758 saecularium
1926 1738 1995 1758 con-

1256 1778 1398 1808 sessiones
1417 1777 1452 1807 ab
1468 1777 1604 1817 episcopo
1620 1777 1810 1817 apprcbatum
1833 1777 1928 1814 obeat,
1951 1782 1994 1807 at-

1257 1836 1313 1865 que
1336 1835 1446 1856 sacram
1463 1826 1698 1856 communionem
1716 1826 1872 1865 percipiat3
1896 1830 1994 1865 postea

1256 1875 1424 1904 convocatis
1442 1874 1603 1911 monachis,
1621 1874 1682 1904 sive
1701 1874 1843 1904 matutino
1864 1874 1926 1904 sive
1948 1883 1995 1904 ve-

1256 1923 1387 1961 spertino
1417 1926 1545 1961 tempore
1563 1945 1570 1959 ,
1600 1921 1689 1952 abbas
1724 1922 1864 1952 novitium
1894 1922 1995 1952 induat

1259 1975 1394 2009 tyronum
1417 1970 1518 2001 habitu
1540 1971 1619 2000 iuxta
1642 1970 1732 2001 ritum
1755 1970 1912 2008 syriacum.

1297 2030 1324 2048 x.
1348 2020 1379 2049 ln
1402 2019 1530 2058 quolibet
1548 2019 1722 2049 monasterio
1745 2019 1886 2050 habeatur
1907 2019 1993 2059 liber,

1256 2069 1284 2098 in
1309 2078 1365 2107 quo
1387 2067 1476 2097 abbas
1499 2068 1645 2098 describat
1667 2077 1773 2098 nomen
1806 2068 1924 2107 novitii,
1947 2078 1994 2098 co-

1256 2126 1393 2155 gnomen,
1411 2116 1547 2156 patriam,
1564 2116 1652 2154 diem,
1670 2126 1798 2146 mensem
1821 2121 1849 2146 et
1871 2126 1992 2156 annum,

1256 2175 1313 2205 quo
1343 2165 1474 2195 habitum
1505 2166 1605 2195 novitii
1638 2165 1776 2205 suscepit.
1801 2165 1942 2196 Similiter
1963 2166 1993 2196 in

1256 2214 1354 2243 codice
1377 2218 1532 2244 annotetur
1554 2214 1626 2251 dies,
1644 2214 1672 2243 in
1692 2224 1748 2253 quo
1772 2215 1915 2253 professus
1937 2219 1992 2251 est,

1256 2262 1450 2292 monasticum
1474 2262 1605 2292 habitum
1620 2263 1816 2301 suscipiendo,
1832 2267 1860 2292 et
1878 2263 1993 2302 praedi-

1256 2313 1319 2339 ctus
1337 2309 1411 2339 liber
1433 2310 1462 2339 in
1485 2309 1615 2340 archivio
1634 2310 1802 2340 monasterii
1820 2315 1990 2349 reponatur.

1296 2367 1334 2387 xt.
1362 2358 1506 2397 Trrocinii
1536 2367 1630 2388 annus
1662 2359 1862 2398 supputandus
1894 2360 1948 2390 erit
1976 2370 1991 2390 a

1255 2406 1301 2436 die
1323 2416 1379 2445 quo
1402 2406 1531 2437 habitum
1560 2407 1664 2437 novitii
1694 2407 1841 2445 induerit3
1863 2412 1891 2438 et
1913 2409 1992 2449 prior

1256 2461 1385 2496 tempore
1413 2457 1508 2496 potior
1539 2457 1576 2486 sit
1608 2457 1636 2486 in
1667 2458 1776 2495 gradu:
1801 2462 1829 2488 at
1857 2459 1992 2488 sacerdos

1255 2514 1322 2534 eum
1345 2506 1393 2545 qui
1416 2506 1551 2536 sacerdos
1567 2515 1625 2536 non
1641 2511 1684 2536 est
1706 2506 1865 2546 praecedit,
1885 2510 1913 2538 et
1931 2507 1992 2537 dia-

1255 2563 1345 2583 conus
1367 2563 1425 2584 non
1447 2554 1612 2584 diaconum.

1295 2611 1343 2632 xu.
1361 2602 1423 2632 Non
1446 2603 1532 2633 liceat
1555 2602 1663 2642 abbati,
1679 2611 1773 2643 neque
1788 2603 1853 2634 aliis
1875 2603 1990 2643 exigere

2004 226 2053 252 An.
2072 227 2100 252 C.
2119 226 2188 255 1740
