2232 3178
283 210 318 236 Αη
352 211 379 237 c.
401 210 465 237 ¹737
514 201 576 235 ΜΟ

474 314 562 356 gnita
583 319 613 346 et
638 318 812 356 perspecta
838 317 947 345 essent
981 312 1090 345 divina
1121 322 1213 354 prae-

475 367 623 399 veniente
649 366 749 408 gratia
766 371 968 408 sequeretur,
987 370 1018 397 et
1043 364 1130 407 quod
1156 365 1213 396 bo-

474 430 549 451 num
569 424 601 451 et
617 418 771 461 placitum
787 418 852 450 Deo
871 422 967 456 esset,
987 419 1023 450 ea
1041 418 1212 449 adiuvante

473 472 654 515 perliceret.
688 470 820 508 Quoties
858 481 873 502 c
911 470 1060 502 cubiculo
1097 470 1212 502 domus

472 536 546 557 suae
574 524 722 567 prodibat
758 524 788 556 in
826 523 1016 567 publicum,
1044 534 1078 555 se
1104 533 1211 555 coram

474 579 538 610 Deo
564 577 596 610 in
625 583 740 610 terram
761 576 1002 620 prosternebat,
1021 582 1052 609 et
1073 575 1213 608 divinam

473 641 567 674 opem
594 630 695 663 enixis
720 631 776 663 sed
802 630 954 663 brevibus
981 629 1131 672 precibus
1158 629 1214 661 im-

472 683 630 726 plorabat,
649 694 687 715 ne
711 683 882 722 transiens,
902 683 978 715 licet
1002 682 1131 720 invitus,
1154 691 1214 724 per

472 737 600 769 semitas
626 735 756 775 saeculi,
783 741 814 768 et
839 739 965 768 terrena
991 746 1027 768 ac
1052 734 1213 766 mundana

473 795 623 828 tractans,
643 800 747 822 coeno
767 789 904 822 liliorum
925 789 1091 821 hominum
1113 787 1214 831 inqui-

472 849 616 875 naretur.
636 842 694 875 Ubi
722 853 798 875 vero
821 843 953 875 domum
981 841 1152 880 rediverat,
1170 841 1213 873 in-

473 896 578 929 trabat
601 901 725 928 secreta
750 895 856 928 cordis
883 895 950 935 sui,
976 901 1007 927 et
1031 894 1213 927 latitantem

471 948 702 981 conscientiam
730 948 768 981 ad
792 959 928 981 examen
953 947 1094 987 vocabat,
1113 952 1144 980 et
1161 957 1213 980 co-

471 1001 680 1044 gitationibus
705 1001 789 1033 inter
815 1012 847 1033 se
875 1001 1010 1033 invicem
1038 999 1214 1033 accusanti-

471 1054 530 1086 bus
566 1059 620 1086 aut
656 1054 752 1087 etiam
790 1054 1042 1087 defendentibus
1078 1053 1214 1086 sollicite

472 1107 669 1151 inquirebat,
695 1108 837 1140 studiose
864 1107 1076 1146 emendabat,
1101 1117 1212 1139 severe

473 1161 651 1204 puniebat,
676 1161 701 1193 si
740 1161 815 1204 quid
854 1161 1043 1204 imprudens
1081 1170 1116 1193 ex
1155 1170 1212 1192 ore

473 1215 665 1254 excidisset,
691 1219 746 1247 aut
771 1215 900 1247 incaute
925 1220 1077 1256 operatus
1105 1218 1211 1253 esset,

472 1268 553 1300 adeo
580 1267 718 1310 diligens
744 1273 812 1300 erat
836 1267 868 1299 in
895 1267 1119 1299 custodiendis
1155 1267 1212 1299 viis

473 1321 609 1361 Domini,
635 1321 688 1364 qui
712 1320 875 1354 mandavit
901 1320 1049 1353 mandata
1076 1330 1132 1353 sua
1157 1331 1212 1353 cu-

473 1373 585 1407 stodiri
613 1374 722 1407 nimis.

352 1440 461 1469 osanam
516 1428 530 1470 ἓ
555 1426 608 1461 30.
644 1427 800 1460 Assiduae
826 1433 933 1460 autem
959 1427 1097 1460 orationi
1124 1426 1213 1460 dedi-

276 1466 462 1523 illt‘ll‘lffflffil?
474 1485 532 1520 tus,
551 1491 567 1513 a
594 1479 776 1513 divinarum
803 1490 910 1513 rerum
937 1480 1212 1523 contemplatione

277 1520 571 1567 23³'ssell3stlllinullis
597 1532 758 1575 negociis,
784 1533 880 1566 nullis
912 1534 1008 1566 rebus
1041 1539 1094 1566 aut
1119 1534 1212 1566 laetis

277 1578 361 1619 ἷῖξῖἓῗιῖ
392 1578 527 1626 stibii-'ain
552 1586 698 1619 tristibus
725 1586 987 1618 abstrahebatur.
1008 1586 1108 1619 Deum
1127 1586 1211 1619 enim

277 1627 336 1646 ⁶²⁰⁵*
472 1650 601 1683 semper
625 1644 830 1683 praesentem
863 1639 962 1672 menti
998 1640 1155 1680 habebat,
1181 1644 1213 1673 et,

473 1694 503 1726 in
531 1693 598 1726 eius
623 1698 800 1735 conspectu
820 1692 944 1733 stahat;
964 1692 1072 1725 omnia
1092 1698 1211 1732 autem,

473 1756 554 1789 quae
580 1745 683 1789 ipsius
708 1745 810 1778 oculis
836 1745 1111 1786 obversabantur,
1140 1746 1211 1779 dili-

473 1799 560 1843 genti
587 1800 662 1831 cura
695 1800 870 1842 sanctaque
904 1798 1065 1832 industria
1096 1799 1212 1832 effece-

473 1858 521 1886 rat
546 1857 580 1885 ut
598 1863 707 1885 rerum
729 1852 873 1885 omnium
887 1852 1072 1886 Creatorem
1091 1852 1123 1885 in
1142 1853 1210 1886 eius

472 1910 614 1939 mentem
639 1910 830 1938 revocarent
857 1911 888 1939 et
912 1906 967 1938 Dei
1000 1905 1135 1948 gloriam
1169 1906 1212 1939 di-

474 1959 628 2002 vinasque
655 1959 766 1991 laudes
792 1959 820 1991 ei
846 1969 903 1992 suo
928 1959 1024 1992 modo
1042 1959 1212 2002 loquentes

472 2013 511 2046 ad
547 2013 723 2047 caelestem
756 2012 1035 2055 pulchritudinem
1069 2019 1213 2046 contem-

471 2067 625 2110 plandam
647 2065 836 2098 excitarent.
860 2065 968 2109 Itaque
994 2076 1123 2109 semper
1149 2077 1213 2099 mo-

471 2121 580 2154 destus
607 2124 638 2152 et
662 2119 759 2158 mitis,
778 2125 963 2152 mansuetus
986 2124 1017 2152 et
1034 2119 1210 2162 benignus,

470 2173 502 2206 in
524 2172 673 2206 omnibus
703 2171 842 2205 mirabili
882 2172 979 2204 animi
1016 2172 1211 2215 aequalitate

472 2233 578 2267 utens,
601 2235 707 2269 neque
733 2226 826 2258 laetis
856 2225 1070 2265 efferebatur,
1105 2236 1211 2269 neque

473 2279 665 2314 turbabatur
689 2279 842 2319 adversis,
861 2279 936 2322 quia
954 2289 1028 2311 cum
1047 2279 1212 2323 Propheta

471 2335 581 2367 dicere
608 2338 752 2376 poterat:
778 2331 995 2365 providebam
1012 2332 1211 2366 Dominum

471 2388 507 2420 in
541 2389 708 2429 conspeetu
742 2395 808 2418 meo
840 2395 982 2428 semper,
1010 2386 1168 2428 quoniam
1193 2397 1213 2419 a

472 2440 596 2473 dextris
621 2443 665 2472 est
690 2438 776 2471 mihi
799 2448 836 2471 ne
861 2448 1070 2471 commovear.

281 2499 463 2547 .„..s⁴20’³⁰¹'³,s.'{j{1⁰.
517 2495 531 2538 ἓ
556 2493 610 2527 31.
639 2492 685 2525 Ab
711 2493 882 2525 incruento
915 2491 1024 2525 altaris
1058 2491 1213 2526 sacrificio

280 2553 639 2590 (ιυῆυιὼῑιυυυηυηᾳιιειῐη
665 2545 829 2586 abstinuit,
856 2545 900 2578 ita
920 2545 1027 2578 vivens
1053 2551 1088 2578 ut
1112 2545 1215 2589 quoti-

294 2582 450 2606 agonizantium

511 2610 521 2637 1
545 2608 642 2636 Vocem
662 2607 817 2636 Dominum
837 2615 886 2636 nos
907 2607 1032 2636 addimus
1056 2609 1094 2643 (n.
1112 2609 1161 2642 r.)-

1042 209 1224 234 ssULLAntt'M
1248 208 1404 233 Romanum

474 261 598 303 agenda
624 265 734 293 essent
758 259 971 303 perspiceret,
998 263 1029 291 et
1053 269 1134 302 quae
1159 268 1212 291 co·
1233 259 1236 279 ¹
1257 257 1308 291 die
1344 257 1460 291 offerre
1498 264 1623 301 posset.
1651 257 1688 290 Et
1717 258 1793 301 quia
1830 257 2098 297 nonnullispwces.

2001 209 2053 236 An.
2076 208 2103 236 C.
2122 210 2188 239 ¹73¹!v
2229 192 2230 245 1

2126 274 2186 297 quan

2006 303 2051 317 mux
2061 304 2083 317 ex
2093 301 2184 323 ergastu-

1256 316 1329 344 ante
1349 311 1472 344 obitum
1490 310 1666 351 mensibus,
1681 311 1722 344 oh
1742 311 1893 344 tibiarum
1912 321 2026 344 mor-10
2042 329 2137 348 comum
2151 325 2187 345 mi·
2228 310 2229 336 ἶ

1256 365 1331 396 bum
1358 363 1546 407 gravissime
1566 364 1743 403 adauctum,
1762 364 1899 407 pedibus
1921 353 2188 399 insi-{12:³12”22{1'=a‘¹t‘'⁰'

1256 422 1341 449 stere
1367 416 1535 459 nequibat,
1560 417 1672 449 aderat
1697 416 1844 459 quotidie
1881 416 1996 450 missae

1255 469 1431 509 sacrificio,
1460 474 1490 502 et
1527 479 1611 512 pane
1648 470 1793 512 angelico
1831 470 1995 510 resectus,

1256 528 1327 566 post
1354 524 1506 556 humilem
1527 523 1701 566 gratiarum
1727 523 1898 563 actionem,
1917 524 1997 557 sole-

1256 586 1346 609 mnes
1370 576 1535 609 Ecclesiae
1566 587 1679 619 preces
1710 587 1768 619 pro
1800 576 1998 619 agonizanti-

1256 629 1315 661 bus
1341 628 1569 672 praescriptas,
1594 629 1692 661 veluti
1718 639 1821 672 prope
1847 628 1932 662 diem
1958 639 1997 662 ex

1256 692 1415 724 corporeo
1441 692 1569 714 carcere
1595 683 1633 714 ad
1660 683 1832 715 caelestem
1858 681 1997 726 patriam

1257 736 1469 778 migraturus,
1495 745 1553 778 pro
1580 735 1675 768 animi
1702 746 1800 768 sensu
1826 735 1993 768 recitabat.

1301 792 1315 831 Ξ
1486 841 1492 846 .
1685 841 1690 846 .
1718 841 1723 846 .
2006 824 2040 854 dei
2078 826 2188 856 defi-usur:

1257 841 1418 881 mabatur,
1442 851 1545 881 cuius,
1567 840 1640 873 dum
1663 846 1750 881 v1x1t‚
1771 845 1924 873 strenuus
1943 840 2054 883 dc-anm
2069 853 2156 872 suborto
2168 857 2188 882 ¹5¹
2218 859 2219 862 =

1257 894 1366 926 sensor
1387 899 1418 925 et
1442 899 1670 936 propugnator
1687 893 1754 926 suit.
1773 893 1860 933 Nam,
1881 878 2188 934 ex01·tass'.1³1¹0¹'l⁵0‡?.-¹1¹.⁵„⁰S.f.i
2218 911 2219 914 =

1258 947 1289 979 in
1328 946 1438 979 Galliis
1479 946 1645 979 haeretica
1681 952 1875 990 tempestate
1912 930 2195 992 quae3531¹33¹¹11mu¹¹l⁶0¹=i

1258 1000 1388 1032 turbine
1406 1009 1465 1032 suo
1482 1005 1595 1032 cuncta
1615 1000 1811 1039 turbaverat,
1837 983 2189 1042 ingemuit313323103325'3

1256 1053 1312 1086 Dei
1338 1063 1457 1093 servus,
1483 1059 1653 1096 postquam
1680 1053 1781 1086 sensit
1805 1036 2136 1086 catholicamilsssrsslflss’.
2153 1036 2189 1058 ‘¹⁸‘

1258 1106 1353 1140 tidem
1379 1107 1411 1139 in
1439 1107 1604 1149 plerisque
1623 1107 1813 1140 lanseniana
1833 1107 1997 1141 labevio-

1257 1160 1328 1200 lari,
1356 1165 1385 1193 et
1411 1159 1450 1192 ab
1477 1159 1717 1192 haereticorum
1749 1160 1865 1192 astutia
1893 1160 1996 1204 pluri-

1258 1224 1386 1246 morum
1424 1213 1583 1246 illudente
1621 1213 1816 1256 simplicitati
1843 1223 1880 1246 ex
1907 1213 1995 1246 omni

1257 1267 1371 1299 ordine
1391 1267 1510 1299 multos
1536 1266 1568 1298 in
1594 1277 1727 1309 pravum
1746 1276 1877 1299 sensum
1897 1266 1993 1299 trahi.

1255 1319 1374 1362 Itaque,
1389 1324 1500 1352 sancto
1520 1318 1573 1351 Dei
1591 1319 1662 1351 zelo
1683 1329 1866 1358 succensus,
1883 1323 1997 1352 contra

1257 1383 1444 1405 communes
1470 1372 1580 1405 hostes
1605 1383 1692 1405 arma
1710 1372 1783 1406 fidei
1810 1373 1998 1416 arripienda

1256 1426 1395 1466 censuit,
1413 1431 1444 1459 et
1461 1436 1622 1469 quaerens
1639 1427 1704 1459 Deo
1726 1437 1791 1459 non
1811 1426 1996 1459 hominibus

1256 1480 1398 1522 placere,
1426 1489 1534 1511 sacros
1560 1478 1723 1511 Ecclesiae
1742 1484 1888 1522 pastores
1913 1478 1998 1512 exci-

1258 1531 1345 1571 tavit,
1365 1538 1414 1571 ut,
1432 1542 1531 1574 supra
1549 1531 1666 1564 Christi
1689 1532 1809 1564 domini
1836 1532 1918 1565 ovile
1944 1542 1998 1565 ex-

1256 1585 1368 1618 cubias
1393 1591 1542 1627 agentes,
1570 1596 1632 1618 non
1659 1584 1802 1618 sinerent
1827 1586 1921 1629 lupos
1945 1597 1996 1619 ra-

1256 1649 1352 1681 paces
1378 1638 1557 1672 dominicas
1575 1649 1650 1671 oves
1668 1639 1807 1671 latenter
1832 1638 1994 1672 occidere.

1256 1692 1367 1735 ltaque
1405 1702 1442 1725 eo
1480 1696 1636 1735 quantum
1674 1696 1805 1734 poterat
1842 1692 1996 1725 hortante

1255 1755 1292 1777 ac
1317 1745 1482 1783 suadente,
1509 1745 1674 1786 octoginta
1702 1743 1846 1788 quinque
1879 1744 1996 1778 Gallia-

1256 1809 1327 1831 rum
1353 1798 1513 1841 episcopi,
1536 1797 1652 1840 quibus
1670 1803 1783 1841 postea
1807 1797 1861 1830 alii
1887 1797 1997 1831 adiun-

1255 1851 1296 1884 cti
1322 1857 1416 1891 sunt,
1443 1852 1525 1884 clam
1551 1851 1749 1894 irrepentem
1786 1850 1935 1884 morbum
1966 1854 1997 1885 et

1255 1906 1408 1938 latentem
1428 1908 1553 1947 pestem
1580 1903 1617 1936 ad
1640 1904 1766 1936 culmen
1786 1905 1994 1947 apostolatus,

1256 1959 1293 1992 ad
1313 1958 1500 1991 cathedram
1520 1957 1606 1990 Petri
1624 1958 1823 1997 detulerunt,
1843 1958 1881 1990 ad
1899 1968 1996 2002 quam

1255 2011 1402 2054 pericula
1427 2021 1574 2054 quaeque
1600 2015 1632 2043 et
1655 2011 1809 2044 scandala
1833 2011 1866 2043 in
1893 2021 1994 2054 regno

1255 2065 1309 2097 Dei
1335 2063 1545 2106 emergentia,
1571 2074 1608 2096 ca
1633 2064 1825 2108 praesertim
1852 2074 1934 2107 quae
1959 2064 1996 2097 ft-

1256 2118 1328 2150 dem
1364 2117 1521 2157 laedunt,
1550 2117 1723 2150 reserenda
1759 2123 1855 2157 sunt,
1881 2122 1914 2149 ut
1949 2117 1994 2150 ibi

1256 2170 1459 2214 potissimum
1497 2171 1613 2203 damna
1649 2170 1724 2204 fidei
1763 2170 1992 2211 resarciantur,

1255 2225 1309 2258 ubi
1344 2225 1457 2267 nequit
1481 2223 1561 2257 fides
1587 2225 1710 2257 sentire
1736 2224 1907 2257 desectum.
1935 2223 1996 2258 Ita-

1256 2289 1330 2321 que,
1345 2278 1429 2311 datis
1455 2278 1493 2310 ad
1521 2277 1624 2310 seticis
1643 2277 1878 2310 recordationis
1899 2276 1995 2311 Inno-

1255 2331 1396 2364 centium
1420 2331 1445 2363 X
1471 2331 1752 2374 praedecessorem
1778 2331 1925 2364 nostrum
1951 2330 1996 2364 lit-

1256 2386 1354 2425 teris,
1393 2384 1565 2417 Galliarum
1603 2385 1767 2427 praesules
1802 2383 1995 2417 humillimis

1255 2438 1406 2483 precibus
1431 2438 1650 2482 postularunt,
1676 2443 1711 2470 ut
1735 2437 1911 2480 apostolico
1936 2446 1994 2470 ore

1256 2493 1451 2536 pullulantes
1488 2491 1719 2524 damnarentur
1755 2500 1893 2531 errores,
1931 2499 1994 2534 quo

1255 2545 1321 2578 suis
1346 2543 1554 2578 constabilita
1574 2543 1695 2586 regulis
1712 2542 1868 2583 Ecclesia,
1889 2547 1920 2576 et
1944 2552 1992 2584 eo,

1256 2598 1343 2644 quod
1369 2597 1416 2631 illi
1443 2597 1610 2640 timebant,
1638 2595 1922 2641 pronunciationis
1946 2595 1995 2630 iu-

1340 788 1394 821 32.
1423 788 1498 820 Viva
1523 787 1609 820 enim
1647 788 1680 820 in
1705 788 1804 821 Deum
1841 787 1902 820 fide
1928 788 1996 820 ani·
2032 799 2135 819 sin-nnus
2157 799 2188 819 fi·
2230 791 2232 798 ⁴
