2232 3178
278 241 316 263 An
345 240 373 265 o.
394 238 460 265 1738

295 1140 361 1160 {lasea
378 1140 458 1160 tuleras

275 1167 332 1186 nullo
348 1169 416 1185 notari
429 1172 458 1184 νι-

275 1195 303 1212 lio
329 1198 390 1217 possa
415 1196 457 1212 sta·

274 1220 346 1241 luitur.
358 1219 394 1238 sed
405 1225 460 1238 ‚sein-

275 1251 313 1270 μετ
339 1246 383 1265 sero
409 1246 457 1265 vali-

274 1272 319 1292 (las.

507 229 570 261 :323ss
1039 237 1221 260 animalum

470 286 649 329 praeditas,
675 286 797 319 etiarnsi
823 296 985 329 personae
1019 284 1206 318 huiusmodi

470 340 630 381 gaudeant
662 339 839 381 privilegiis
873 345 928 371 aut
960 339 1093 371 indultis
1118 337 1207 369 utin

471 402 579 424 earum
607 391 708 423 causis
741 391 907 423 conveniri
945 396 1110 434 nequeant
1147 390 1207 422 nisi

472 443 502 475 in
530 454 638 475 corum
674 444 741 475 soro
774 449 805 475 et
842 454 950 475 coram
977 448 1066 476 ccrto
1093 453 1207 475 corum

472 496 599 534 iudice,
629 507 711 538 (piae
749 496 936 538 privilegia,
963 496 1068 539 quoad
1096 505 1207 527 causas

471 549 704 591 liquidationis‚
723 548 900 581 exactionis
917 555 947 582 et
965 549 1135 582 solutionis
1153 549 1209 580 liu-

471 601 619 639 iusmodi‚
648 602 753 633 locuni
781 601 899 634 babere
925 612 987 634 non
1015 602 1133 634 debere
1158 602 1209 633 de-

470 655 646 692 claramus,
675 654 771 686 immo
808 665 844 686 ca
880 655 918 687 ad
946 655 1031 687 hunc
1058 654 1207 686 ellectum

469 716 668 744 revocamus,
686 712 726 746 et,
746 712 903 749 quatenus
930 718 1011 750 opus
1038 706 1089 745 sit,
1116 707 1209 749 privi-

470 758 564 801 legiis
592 765 623 791 ct
649 759 781 791 indultis
809 759 1011 800 huiusmodi,
1038 759 1151 802 quavis
1177 765 1208 791 et

468 812 648 854 apostolica
675 813 867 845 auctoritate
906 814 950 846 eis
989 814 1096 846 forsan
1134 823 1208 845 con-

469 866 588 904 cessis,
615 865 801 908 specialiter
827 872 857 898 et
882 877 1032 909 expresse
1071 867 1209 908 deroga-

469 929 557 959 mus;
586 918 629 950 ita
655 924 688 950 ut
721 919 837 961 super*
866 920 969 951 causis
998 918 1150 962 praefatis
1177 919 1207 951 in

470 972 559 1004 nullo
585 971 647 1004 alio
667 971 832 1011 tribunali,
852 977 1078 1015 praeterquam
1098 982 1207 1004 coram

470 1025 631 1057 iudicibus
666 1025 840 1067 praedictis
872 1036 931 1069 pro
965 1031 1110 1069 tempore
1145 1026 1210 1058 cxi-

470 1079 644 1118 stenffibus,
670 1079 789 1121 litigari
815 1079 929 1122 possit.

514 1133 528 1175 ᾗ
554 1132 607 1164 lli.
637 1132 828 1165 l'raescutes
860 1143 991 1175 quoque
1025 1143 1152 1175 semper
1179 1139 1210 1165 ct

469 1185 631 1228 perpetuo
670 1185 789 1218 validas
829 1191 861 1218 et
887 1185 1033 1218 efficaces
1071 1196 1140 1218 esse
1179 1190 1209 1218 et

470 1239 552 1277 sore,
579 1248 721 1280 suosque
747 1238 911 1281 plenarios
939 1243 970 1270 ct
996 1238 1140 1280 integros
1166 1238 1210 1270 el*-

471 1291 574 1323 sectus
586 1291 694 1323 sortiri
715 1297 745 1323 et
764 1291 910 1323 obtinere
929 1291 1060 1329 debere,
1073 1291 1208 1324 acnullo

471 1354 613 1386 unquam
641 1349 786 1386 tempore
813 1355 848 1376 ex
876 1354 1077 1387 quocumque
1104 1344 1208 1386 eapite

471 1397 519 1428 vel
546 1407 581 1429 cx
609 1397 752 1439 qualibet
777 1399 871 1429 causa
902 1398 1108 1440 quantumvis
1133 1397 1210 1439 legi-

473 1448 546 1481 tima
573 1455 602 1481 et
629 1449 783 1488 iuridica,
809 1450 883 1492 pia,
909 1449 1137 1492 privilegiata,
1175 1460 1210 1482 ac

474 1502 608 1544 speciali
635 1504 708 1534 nota
735 1502 849 1544 digua,
875 1502 970 1535 etiam
997 1512 1033 1534 ex
1060 1512 1098 1534 eo
1124 1503 1210 1545 quod

472 1555 655 1597 dignitates,
682 1555 828 1588 canonici
851 1562 881 1588 et
899 1555 1080 1588 beneficiati
1106 1556 1210 1588 dictae

474 1609 699 1652 patriarchalis
718 1609 872 1642 ecclesiae
886 1608 1145 1652 Ulyssiponensis
1161 1619 1212 1641 oc-

471 1662 660 1702 emenonis,
687 1673 722 1695 ac
756 1673 815 1705 pro
856 1668 1000 1705 tempore
1038 1662 1211 1695 existentes

470 1715 657 1758 patriarcba
684 1716 946 1759 Ulyssiponensis
982 1715 1209 1755 occidentalis,

470 1768 709 1811 archiepiscopi
742 1774 772 1801 et
812 1768 959 1811 episcopi
993 1768 1209 1809 Pei-tugalliac

472 1827 502 1854 ct
528 1822 758 1863 Algarbiorum
784 1831 976 1863 regnorum,
1002 1831 1131 1854 necnon
1164 1821 1211 1853 di-

472 1875 613 1917 gnitates
640 1880 671 1907 et
696 1874 904 1907 canonicatus
930 1884 967 1907 ac
992 1874 1208 1917 praebendas,

470 1938 530 1960 nec
551 1938 615 1960 non
641 1928 849 1960 canonicatus
875 1937 945 1959 curn
966 1927 1100 1960 dimidia
1117 1938 1210 1970 prae-

470 1980 585 2019 benda,
613 1991 666 2012 seu
695 1981 846 2013 dimidios
871 1980 1081 2013 canonicatus
1107 1986 1138 2012 et
1163 1981 1210 2014 di-

470 2033 583 2066 midias
609 2034 812 2075 praebendas
852 2033 1014 2076 praefatos
1054 2044 1140 2066 nunc
1179 2039 1210 2066 et

470 2096 532 2129 pro
553 2091 699 2128 tempore
718 2085 919 2125 obtinentes,
939 2096 994 2118 seu
1016 2087 1208 2130 quicumque

471 2139 535 2177 alii,
552 2139 780 2182 cuiuscumque
796 2139 976 2181 dignitatis,
992 2140 1122 2180 gradus,
1138 2150 1210 2172 con-

471 2191 603 2224 ditionis
626 2197 657 2224 et
675 2191 952 2234 praeeminentiae
971 2193 1045 2231 sint,
1067 2193 1099 2224 in
1117 2203 1209 2236 prae-

473 2245 580 2277 missis
608 2251 639 2278 et
664 2245 747 2277 circa
774 2256 809 2277 ea
835 2245 1091 2287 quomodolibet,
1114 2251 1144 2278 et
1171 2256 1207 2278 ex

472 2299 583 2341 quavis
608 2300 717 2338 cansa,
742 2298 882 2338 ratione,
921 2297 1046 2330 actione
1084 2300 1132 2331 vel
1159 2309 1209 2331 oc-

471 2351 612 2390 casione,
635 2351 684 2383 ius
709 2353 758 2384 vel
784 2351 943 2384 interesse
970 2351 1136 2390 babentes,
1157 2357 1209 2383 aut

471 2404 719 2447 quomodolibet
735 2404 854 2437 habere
869 2404 1129 2447 praetendentes,
1144 2404 1207 2436 illis

470 2466 533 2489 non
558 2457 802 2497 consenserint,
830 2462 882 2488 aut
906 2457 945 2489 ad
970 2456 1025 2489 illa
1050 2456 1152 2489 vocati
1179 2462 1209 2490 et

471 2509 570 2541 auditi
597 2520 662 2542 non
688 2510 827 2550 suerint,
854 2516 885 2543 et
909 2520 1046 2550 causae,
1073 2514 1209 2553 propter

471 2572 549 2605 quas
574 2562 710 2595 eaedem
747 2568 938 2606 praesentes
965 2563 1205 2603 emanaverint,

507 2625 517 2651 1
540 2623 610 2651 Edit.
627 2624 705 2652 Μαίη.
722 2625 787 2661 legit
800 2633 912 2661 semper
931 2632 978 2661 pro
997 2632 1086 2660 super
1106 2625 1144 2661 (n.
1157 2625 1205 2660 T.).

1249 236 1406 260 ROMANUM

1252 284 1420 324 adductae,
1447 283 1626 317 verificatae
1653 288 1683 316 et
1708 284 1898 317 iustiticatae
1925 293 1988 316 non

1252 338 1392 377 suerint,
1422 338 1460 370 de
1485 337 1704 380 subreptionis
1730 342 1760 369 ct
1785 336 1989 379 obreptionis

1251 396 1306 423 aut
1331 390 1487 423 nullitatis
1511 401 1568 423 seu
1595 389 1802 422 invaliditatis
1829 390 1919 430 vitio,
1938 391 1987 423 vel

1252 443 1441 476 intentionis
1466 448 1609 481 nostrae,
1624 448 1677 475 aut
1698 443 1744 475 ius
1764 443 1813 475 vel
1830 442 1989 475 interesse

1253 497 1441 529 habentium
1467 497 1654 535 consensus,
1680 501 1732 528 aut
1757 495 1901 538 quolibet
1925 495 1989 529 alio

1252 549 1455 591 quantumvis
1481 559 1606 590 magno,
1629 548 1841 587 substantiali,
1860 547 1991 581 inexco-

1252 601 1350 642 gitato
1377 606 1408 633 et
1433 600 1685 642 inexcogitabili,
1704 611 1739 632 ac
1760 599 1942 643 specificam
1960 605 1991 633 et

1252 653 1449 685 individuam
1466 653 1665 685 mentionem
1685 664 1721 685 ac
1748 652 1990 695 expressionem

1254 705 1443 748 requirente
1482 705 1627 744 defectu,
1654 705 1720 737 sive
1751 705 1846 737 etiam
1879 715 1914 737 ex
1953 714 1990 737 eo

1253 758 1339 800 quod
1366 758 1397 790 in
1424 757 1633 800 praemissis,
1660 768 1837 800 eorumque
1863 758 1989 801 aliquo,

1253 811 1472 843 solemnitates
1510 816 1539 843 et
1569 810 1699 853 quaevis
1735 811 1798 843 alia
1834 811 1992 843 servanda

1254 868 1284 895 et
1309 863 1516 906 adimplenda
1540 868 1663 896 servata
1682 869 1714 896 et
1733 864 1909 906 adimpleta
1926 874 1988 897 non

1255 916 1387 955 suerint,
1414 921 1467 948 aut
1492 926 1528 948 ex
1554 926 1760 959 quocumque
1785 916 1849 949 alio
1876 916 1990 959 capite,

1254 979 1270 1000 a
1296 968 1366 1000 iure
1394 969 1442 1000 vel
1470 968 1564 1008 sacto,
1593 973 1647 1000 aut
1671 973 1804 1008 statuto,
1832 969 1880 1002 vel
1915 979 1991 1001 con-

1254 1022 1425 1054 suetudine
1452 1021 1558 1064 aliqua
1583 1021 1789 1061 resultantes,
1814 1033 1869 1054 seu
1896 1022 1991 1055 etiam

1255 1075 1409 1114 enormis,
1435 1075 1701 1116 enormissimae,
1730 1076 1902 1119 totalisque
1927 1075 1992 1108 lae·

1255 1129 1367 1167 sionis,
1393 1134 1445 1160 aut
1462 1138 1667 1171 quocumque
1683 1128 1744 1161 alio
1758 1129 1877 1168 colore,
1898 1139 1992 1172 prae-

1256 1187 1339 1214 textu
1356 1208 1363 1221 ,
1389 1181 1529 1221 ratione,
1557 1181 1650 1214 etIain
1678 1181 1708 1213 in
1735 1192 1872 1225 corpore
1909 1181 1990 1214 iuris

1254 1234 1379 1273 clausa,
1405 1233 1590 1273 occasione,
1627 1234 1729 1266 aliave
1763 1236 1868 1274 causa,
1894 1233 1991 1267 etiam
2021 1269 2028 1275 ,

1255 1286 1458 1329 quantumvis
1484 1285 1583 1325 iusta,
1609 1286 1811 1325 rationabili,
1836 1286 1989 1328 legitima,

1255 1340 1405 1378 iai-idion,
1432 1340 1500 1382 pia,
1526 1339 1746 1381 privilegiata,
1774 1345 1805 1372 et
1830 1340 1884 1372 tali
1910 1350 1992 1382 quae

1255 1393 1293 1425 ad
1312 1391 1461 1424 etl'ectum
1481 1392 1652 1424 validitatis
1670 1392 1919 1434 praemissorum
1938 1402 1993 1425 ne·

1255 1446 1395 1478 cessario
1421 1445 1633 1488 exprimenda
1658 1446 1752 1485 soret,
1777 1451 1830 1477 aut
1848 1445 1934 1488 quod
1952 1445 1991 1478 de

1255 1500 1423 1532 voluntate
1465 1501 1576 1531 nostra
1616 1499 1803 1531 huiusmodi
1852 1505 1883 1532 et
1921 1499 1991 1532 aliis

1255 1553 1404 1595 superius
1432 1551 1592 1594 expressis
1613 1551 1728 1584 nullibi
1746 1557 1918 1594 appareret
1935 1562 1991 1585 seu

1256 1606 1332 1638 alias
1359 1605 1491 1648 probari
1517 1610 1645 1648 posset,
1676 1605 1798 1644 notari,
1825 1604 1992 1648 impugna-

1256 1659 1297 1698 ri,
1317 1657 1503 1697 invalIdari,
1524 1658 1701 1697 retractari,
1720 1658 1751 1689 in
1777 1657 1825 1690 ius
1849 1659 1898 1690 vel
1916 1668 1993 1690 con-

1257 1712 1446 1744 troversiam
1481 1711 1645 1750 revocari,
1672 1717 1727 1744 aut
1760 1711 1798 1744 ad
1835 1711 1991 1744 terminos

1255 1765 1333 1796 iuris
1375 1764 1512 1805 reduci,
1550 1765 1600 1797 vel
1643 1765 1797 1797 adversus
1833 1764 1905 1796 illas
1940 1774 1991 1797 re-

1256 1818 1436 1850 stitutionis
1462 1818 1494 1850 in
1513 1817 1684 1860 integrum,
1708 1817 1900 1860 aperitionis
1917 1817 1990 1858 oris,

1256 1871 1457 1904 reductionis
1483 1871 1521 1903 ad
1548 1871 1629 1903 viam
1654 1876 1686 1903 et
1712 1870 1867 1903 terminos
1891 1870 1989 1911 iuris,

1256 1931 1285 1957 et
1311 1925 1396 1958 alind
1425 1925 1651 1968 quodcumque
1684 1925 1782 1963 iuris,
1808 1924 1991 1967 sactisgra-

1256 1979 1317 2011 tiae
1355 1979 1404 2010 vel
1431 1977 1571 2010 iustitiae
1604 1977 1783 2010 remedium
1808 1976 1990 2019 impetrari,

1254 2044 1311 2065 seu
1337 2031 1585 2075 quomodolibet
1609 2032 1706 2064 etiam
1731 2037 1821 2064 motu
1848 2037 1880 2064 et
1906 2036 1993 2074 pote·

1254 2085 1343 2117 statis
1362 2083 1567 2127 plenitudine
1585 2083 1744 2116 similibus
1765 2094 1921 2117 concesso
1939 2089 1992 2117 aut

1254 2137 1425 2180 impetrato
1451 2138 1502 2169 vel
1529 2142 1678 2169 emanato
1716 2137 1762 2168 uti
1798 2147 1855 2169 seu
1881 2147 1914 2169 se
1941 2136 1990 2169 iu-

1254 2200 1328 2222 vare
1356 2190 1386 2221 in
1414 2189 1535 2222 iudicio
1561 2190 1610 2222 vel
1638 2194 1727 2222 extra
1752 2200 1863 2232 posse3
1883 2200 1990 2233 neque

1254 2242 1382 2275 easdem
1408 2246 1597 2284 praesentes
1623 2241 1682 2274 sub
1717 2242 1880 2284 quibusvis
1905 2242 1991 2275 simi-

1252 2296 1330 2329 lium
1356 2296 1405 2328 vel
1440 2294 1647 2328 dissimilium
1683 2295 1861 2337 gratiarum
1897 2305 1990 2328 revo-

1252 2348 1452 2388 cationibus,
1479 2347 1763 2391 suspensionibus,
1789 2347 1990 2381 limitationi-

1251 2401 1328 2441 bus,
1362 2400 1681 2441 modificationibus,
1707 2400 1987 2442 derogationibus,

1251 2454 1387 2498 aliisque
1407 2454 1577 2487 contrariis
1597 2453 1877 2496 dispositionibus,
1893 2453 1989 2488 etiam

1251 2518 1309 2551 per
1334 2518 1390 2540 nos
1417 2512 1447 2540 et
1462 2517 1667 2541 successores
1682 2512 1809 2540 nostros
1827 2507 1989 2541 Romanos

1252 2561 1424 2594 Pontifices
1465 2571 1525 2604 pro
1565 2565 1710 2604 tempore
1748 2559 1922 2594 existentes
1958 2565 1990 2595 et

1287 2625 1298 2651 l
1320 2622 1459 2651 Pesssime
1479 2623 1524 2650 ed.
1545 2623 1582 2650 M.
1603 2622 1669 2658 legit
1690 2623 1862 2651 resultantes
1880 2622 1922 2657 (n.
1937 2622 1987 2657 T.)-

2191 0 2232 134 ,3¹

2191 35 2197 55 2

2000 229 2175 266 Αη.(;.1·13’8
2195 237 2196 261 ἒ

2194 302 2196 330 l
