2232 3178
243 231 295 258 11η.
311 230 339 258 c.
361 230 428 258 1739
475 223 538 257 550

253 1224 273 1243 ln
290 1224 361 1244 ultimo
378 1225 422 1243 tan·

327 1256 350 1269 ca
362 1251 421 1269 111010

239 1277 333 1301 ,Ἥρωι
354 1257 562 1296 ¹d0„,Genova,
587 1259 723 1295 Livorno,
747 1259 878 1297 Missina,
906 1259 1019 1299 Napoli,
1043 1259 1168 1297 Padova,

241 1306 317 1326 gnatae
359 1304 422 1323 nrbes

239 1331 371 1350 nominatim.

436 281 475 312 ad
490 281 708 323 magisterium
726 281 964 324 assequendum
981 287 1062 313 esset
1080 291 1175 323 qnan-

436 334 541 376 doque
573 334 783 367 adnumerata
817 335 867 367 vel
905 334 1171 373 adnumeranda,

436 391 468 418 et
486 386 622 418 vicissim
649 387 843 429 quandoque
868 387 1069 429 respuenda:
1098 387 1174 419 11100

435 438 504 481 ipse
529 438 677 471 Nicolaus
704 439 861 471 Antonius
886 439 976 481 prior
1001 439 1172 480 generalis,

434 491 471 523 ad
499 493 673 525 tollendam
700 492 818 525 dictam
836 492 1090 534 ambiguitatem,
1109 502 1174 525 cer-

435 550 562 587 tamque
589 545 620 576 in
646 545 836 587 praemissis
853 555 1000 578 normam
1020 546 1172 588 deinceps

433 597 623 629 firmandam
650 603 746 640 atque
773 597 1010 638 stabiliendam,
1029 608 1098 630 cum
1117 600 1173 630 sua

433 650 703 691 congregatione,
729 661 766 683 ac
791 650 888 683 etiam
919 650 1049 693 capituli
1077 661 1173 693 gene-

432 702 490 734 rali
516 701 589 734 dicti
616 702 744 735 Ordinis
776 708 851 736 tunc
883 703 1058 736 novissime
1090 704 1173 736 ccle-

432 755 515 787 brati
551 765 720 795 consensu,
745 761 966 798 opportunum
1004 762 1172 789 censuerat

432 818 491 850 per
527 808 694 841 decretum
729 809 767 841 ab
800 819 838 842 co
875 809 1015 852 desuper
1050 809 1171 842 editum

433 861 648 894 determinare
684 872 720 894 ac
754 862 947 894 nominatim
991 862 1171 905 exprimere

431 914 528 946 urbes
552 914 674 954 Italiae,
694 925 775 957 quae
801 914 1000 957 insigniores
1028 914 1169 958 reputari

431 967 619 1000 debuissent
643 967 751 1010 quoad
777 969 965 1001 concionem
991 969 1171 1011 quadrage-

430 1020 575 1052 simalem
601 1026 630 1052 et
656 1021 827 1053 annualem
865 1031 923 1064 pro
957 1021 1169 1064 adipiscendo

431 1073 618 1114 magisterio
644 1073 675 1105 in
700 1073 818 1106 Ordine
844 1073 1009 1116 praedicto
1033 1074 1171 1117 requisi-

433 1129 507 1165 tam,
533 1125 564 1158 in
591 1125 654 1159 hoc
678 1126 774 1159 modo
799 1126 972 1159 nimirum:

470 1210 600 1243 Ancona.
624 1209 745 1247 Andria,
770 1210 846 1247 Bari,
871 1210 1011 1248 Bologna,
1035 1211 1167 1247 Firenze,

433 1307 577 1346 Palermo,
608 1307 706 1345 Pavia,
736 1307 873 1346 Perugia,
903 1302 1022 1345 Pistoia,
1046 1308 1168 1347 Rimini,

433 1356 536 1393 Roma,
560 1356 657 1393 Siena,
681 1356 812 1392 Treviso‚
836 1356 941 1394 Udine,
959 1355 1094 1394 venezia,
1117 1357 1171 1386 Ve-

432 1414 516 1441 rona,
541 1404 683 1443 Vicenza,
706 1414 721 1434 e
745 1405 854 1444 purclie
886 1405 912 1435 le
934 1405 1011 1435 dette
1042 1405 1170 1444 predica-

433 1452 509 1482 zioni
532 1453 613 1482 siano
637 1453 809 1492 principiate
844 1453 958 1483 almeno
990 1453 1064 1483 dalla
1098 1454 1170 1484 festa

433 1501 462 1530 di
484 1501 572 1532 tuttii
588 1502 676 1539 santi,
694 1511 709 1531 e
729 1502 894 1541 proseguite
912 1502 941 1531 in
962 1502 1030 1531 tutti
1047 1502 1056 1531 i
1075 1502 1170 1540 giorni

433 1548 531 1577 festivi
553 1548 617 1578 sino
640 1548 694 1577 alla
718 1552 796 1578 terza
826 1548 896 1577 festa
927 1548 972 1578 del
1001 1547 1089 1578 Santo
1118 1547 1173 1577 Na-

434 1594 508 1632 tale3
529 1594 719 1624 dicliiarando
741 1595 771 1625 in
795 1594 868 1624 oltre
891 1598 919 1624 et
940 1598 1172 1634 espressamente

435 1643 658 1673 determinando
687 1643 740 1673 6116
771 1646 847 1673 50110
879 1648 981 1683 questa
1015 1643 1171 1673 medesima

434 1692 518 1730 legge
540 1692 622 1722 steno
645 1701 660 1722 e
683 1692 880 1722 s'intendano
911 1692 1056 1732 compresi
1078 1693 1171 1722 anche

435 1741 503 1780 quei
526 1741 703 1780 predicatori
725 1741 856 1779 generali
889 1741 935 1779 gia
971 1741 1134 1781 approvati,
1157 1750 1172 1771 e

435 1789 488 1819 0116
510 1799 568 1819 000
591 1790 688 1819 hanno
710 1790 881 1828 conseguito
909 1790 1007 1820 sinora
1035 1791 1055 1820 il
1082 1790 1172 1828 grado

436 1837 466 1867 di
489 1838 656 1876 magistero.
680 1838 809 1869 Saranno
828 1847 934 1868 ancora
950 1843 1107 1878 approvate
1123 1848 1173 1878 per

435 1886 568 1925 requisiti
591 1896 672 1917 come
694 1896 778 1926 sopra
800 1887 827 1916 16
850 1887 1048 1926 predicazioni
1070 1897 1174 1926 quare-

435 1935 530 1965 simali
554 1936 608 1966 che
630 1945 760 1966 avranno
782 1936 851 1966 fatte
875 1946 925 1975 per
948 1946 1004 1966 una
1028 1937 1172 1976 solvgvolta

435 1984 692 2023 respettivamente
711 1985 787 2015 nelle
805 1985 981 2015 infrascritte
997 1985 1095 2015 chiese
1114 1989 1172 2015 cat-

437 2032 550 2071 tedrali,
574 2034 636 2063 0106
659 2034 789 2071 Ancona,
813 2034 930 2073 Aquila,
954 2034 1075 2071 Aversa,
1094 2034 1171 2072 Bari,

436 2080 588 2120 Bet-gamo,
613 2082 752 2121 Bologna,
776 2083 904 2120 Brescia,
928 2083 1038 2123 Capua,
1072 2083 1174 2114 Catan-

436 2139 514 2169 zaro,
538 2131 656 2166 Cesena,
680 2131 782 2168 Chieti,
803 2132 945 2170 Cosenza,
965 2131 1086 2170 Faenza,
1107 2131 1174 2161 Fer-

437 2188 494 2215 mo,
518 2179 651 2218 Ferrara,
675 2180 807 2217 Firenze,
831 2179 949 2218 Foggia,
973 2180 1105 2218 Foligno,
1122 2180 1174 2210 Ge-

437 2236 521 2263 nova,
545 2227 644 2262 Imola,
669 2227 769 2265 Lecce,
793 2227 930 2266 Livorno,
954 2228 1097 2266 Mantova,
1118 2228 1174 2258 Ma-

439 2280 511 2314 tera,
547 2276 687 2314 Messina,
724 2276 846 2314 Milano,
883 2276 1022 2315 Modena,
1059 2277 1172 2316 Napoli,

437 2324 561 2362 Padova,
584 2325 732 2363 Palermo,
766 2325 883 2363 Parma,
916 2325 1014 2362 Pavia,
1038 2326 1172 2364 Perugia,

437 2373 554 2411 Pesaro,
577 2373 726 2410 Piacenza,
750 2373 826 2411 Pisa,
851 2373 974 2410 Pistoia,
1004 2374 1102 2412 I’rato,
1126 2374 1175 2404 lti-

438 2421 521 2458 mini,
539 2422 640 2458 Roma,
658 2422 687 2451 111
700 2430 757 2452 003
770 2421 844 2451 delle
865 2421 1016 2459 basiliche,
1041 2422 1173 2460 Salerno,

438 2470 535 2507 Siena⁷
568 2470 723 2509 Sorrento,
756 2470 894 2509 Taranto,
928 2470 1032 2509 Terni,
1056 2470 1173 2510 Torino,

437 2518 566 2557 Treviso,
590 2519 694 2556 Udine,
726 2519 861 2557 Venezia,
894 2519 1016 2558 Verona,
1040 2519 1174 2556 Vicenza,

439 2576 453 2597 e
478 2567 605 2605 Viterh03
629 2568 754 2598 siccome
778 2577 884 2599 ancora
907 2568 931 2598 si
954 2577 1175 2608 approveranno

438 2617 468 2647 in
492 2616 528 2646 tat
553 2617 642 2647 forma
666 2617 674 2647 i
697 2617 885 2657 quaresimali
907 2617 961 2648 0116
982 2617 1112 2656 sogIIano
1141 2618 1174 2649 da

1030 232 1209 256 BULLARIUM
1236 232 1391 256 ROMANUM

1957 234 2004 259 Αη.
2022 234 2050 260 C.
2074 233 2144 262 1739

1218 280 1265 309 noi
1288 280 1364 310 darsi
1389 289 1438 319 per
1460 280 1485 310 16
1502 281 1599 310 chiese
1621 280 1799 312 dell'Ordine
1822 280 1952 312 esistenti
2184 280 2186 287 '

1218 328 1292 358 116116
1309 329 1441 359 suddette
1456 334 1483 359 61
1498 329 1528 359 in
1545 329 1617 359 altre
1633 330 1719 367 cina,
1737 330 1906 360 riserbando
1925 330 1950 360 al

1218 382 1315 407 nostro
1339 377 1462 408 arbitrio
1484 379 1512 408 di
1529 388 1690 418 approvare
1706 379 1735 409 in
1752 379 1861 418 quatita
1881 388 1952 418 pure

1217 426 1246 456 di
1276 427 1415 465 requisito
1438 427 1587 458 l'annuale
1609 429 1639 458 di
1662 428 1828 458 Genazzano
1852 436 1903 467 per
1924 427 1951 457 la

1217 476 1407 505 venerazione
1425 476 1478 506 0116
1500 478 1643 516 portiamo
1665 487 1680 507 a
1703 477 1769 516 quel
1792 476 1950 507 santuario.

1261 546 1275 587 ἓ
1300 545 1331 579 ⁶2.
1359 546 1528 580 Praeterea
1552 547 1585 580 in
1610 548 1722 581 endem
1752 547 2146 602 expositionespraedictacon·
2188 552 2190 563 '

1216 599 1387 632 subiuncto
1413 601 1498 642 quod
1524 600 1592 643 ipse
1618 601 1767 634 Nicotaus
1792 601 1952 634 Antonius
1963 584 2146 635 diffiirieneffii'if

1216 653 1305 694 prior
1329 652 1490 695 generalis
1515 653 1706 695 praemissa,
1738 664 1803 696 quo
1828 653 1952 687 firmius

1215 705 1429 738 subsisterent
1469 711 1500 738 et
1539 705 1681 738 exactius
1725 711 1952 747 servarentur,

1216 758 1414 800 apostolicae
1448 758 1702 792 confirmationis
1733 764 1865 792 nostrae
1889 770 1950 803 pa-

1216 811 1355 843 trocinio
1380 811 1573 844 communiri
1601 816 1631 844 et
1655 811 1782 844 31135111
1800 812 1953 856 praemis-

1215 862 1257 895 sis
1284 868 1469 906 opportune
1495 874 1512 895 a
1537 863 1629 897 nobis
1664 863 1831 907 provideri
1866 874 1954 897 sum-

1215 926 1351 959 mopere
1378 916 1609 949 desiderabat:

1258 969 1272 1011 §
1297 969 1328 1002 3.
1355 968 1428 1008 Nos,
1447 969 1546 1012 ipsius
1566 969 1689 1003 Nicolai
1714 970 1845 1003 Antonii
1871 971 1955 1014 prio·
1978 976 2071 1002 Benigne
2084 982 2146 1002 wae-
2189 964 2191 973 “

1214 1022 1257 1054 115
1294 1022 1457 1064 generalis
1493 1022 1787 1065 supplicationibus
1812 1023 1954 1066 benigne

1214 1075 1384 1115 inclinati,
1410 1075 1614 1117 praedictum
1640 1076 1804 1109 decretum
1821 1103 1828 1116 ,
1856 1087 1955 1120 super

1214 1127 1441 1170 designatione
1479 1127 1634 1160 dictarum
1667 1129 1796 1162 urbium
1833 1129 1956 1169 Italiae,

1214 1191 1294 1224 quae
1330 1191 1390 1223 pro
1427 1180 1582 1213 concione
1619 1182 1891 1224 quadragesimali
1924 1187 1956 1215 et

1214 1233 1345 1266 annuali
1374 1233 1529 1276 requisita
1547 1234 1586 1266 ad
1604 1234 1826 1276 magisterium
1851 1235 1883 1267 in
1909 1235 1956 1267 di-

1214 1292 1265 1319 oto
1291 1286 1410 1319 Ordine
1429 1287 1669 1329 assequendum
1686 1287 1884 1330 insigniores
1902 1288 1957 1320 ha-

1213 1340 1341 1373 bendae
1366 1346 1397 1373 et
1422 1341 1623 1383 reputandae
1652 1341 1846 1381 debuissent,
1873 1341 1957 1374 sicut

1213 1393 1432 1437 praemittitur
1457 1393 1590 1433 editum,
1611 1394 1803 1427 auctoritate
1828 1399 1956 1438 aposto.

1214 1446 1276 1479 lica
1311 1447 1569 1490 approbavimus,
1607 1447 1721 1490 illique
1757 1447 1956 1481 inviolabilis

1215 1499 1414 1542 apostolieae
1449 1498 1607 1532 firmitatis
1643 1501 1743 1532 robur
1766 1500 1954 1542 adiecimus,

1214 1561 1393 1595 omnesque
1419 1558 1450 1585 et
1475 1552 1622 1594 singulos
1644 1552 1723 1586 iuris
1748 1557 1780 1586 et
1803 1553 1878 1586 sacti
1904 1554 1957 1587 de-

1216 1605 1332 1645 sectus,
1370 1605 1397 1637 si
1437 1605 1490 1648 qui
1529 1605 1671 1649 desuper
1705 1606 1958 1639 intervenissent

1215 1657 1458 1701 supplevimus:
1485 1658 1643 1691 voluimus
1675 1658 1819 1702 insuper,
1846 1669 1882 1692 ac
1906 1661 1956 1692 ea-

1216 1711 1289 1744 dem
1315 1710 1507 1743 auctoritate
1528 1711 1770 1750 declaravimus,
1791 1712 1958 1744 decretum

1214 1763 1418 1807 praedictum
1448 1763 1544 1796 etiam
1567 1764 1674 1796 locum
1700 1763 1824 1797 habere
1850 1764 1957 1807 quoad

1216 1817 1331 1850 fratres
1349 1816 1424 1850 dicti
1442 1816 1583 1856 Ordinis,
1602 1816 1657 1859 qui
1675 1822 1749 1859 post
1765 1817 1958 1850 decennium

1215 1869 1410 1902 concionum
1429 1869 1614 1902 huiusmodi
1633 1879 1707 1902 0010
1722 1870 1957 1913 approbatione

1215 1922 1362 1955 eiusdem
1400 1921 1529 1955 Ordinis
1570 1921 1716 1964 priorum
1753 1922 1957 1965 generalium

1216 1975 1318 2018 ipsius
1334 1975 1456 2008 Nicolai
1476 1975 1608 2008 Antonii
1631 1980 1871 2009 antecessorum
1896 1976 1957 2008 iam

1216 2029 1381 2073 expletum
1407 2034 1511 2061 tamen
1537 2029 1576 2062 ad
1602 2029 1780 2071 magisterii
1816 2030 1958 2062 lauream

1215 2082 1357 2125 promoti
1395 2082 1518 2115 suerint
1558 2081 1591 2114 10
1631 2092 1669 2114 eo
1709 2081 1958 2125 comprehendi,

1215 2136 1296 2168 itaut
1321 2136 1496 2168 conciones
1535 2135 1574 2168 ab
1611 2135 1657 2168 eis
1682 2141 1830 2178 peractae
1860 2135 1958 2169 6113111

1216 2199 1233 2220 a
1258 2188 1352 2221 dictis
1376 2188 1541 2231 prioribus
1567 2187 1774 2230 generalibus
1799 2188 1959 2231 approba-

1218 2246 1267 2274 tae
1292 2241 1356 2274 vim
1381 2241 1517 2284 legitimi
1544 2241 1585 2274 ad
1609 2241 1784 2284 praemissa
1808 2241 1958 2284 requisiti

1216 2305 1283 2328 non
1309 2295 1507 2335 obtinerent,
1530 2294 1592 2327 nisi
1618 2294 1651 2326 in
1676 2294 1784 2336 aliqua
1814 2304 1852 2326 ex
1878 2294 1960 2328 desi-

1217 2348 1321 2390 gnatis
1340 2347 1475 2380 urbibus
1501 2347 1631 2380 habitae
1657 2347 1810 2380 fuissent:
1829 2353 1861 2380 et
1879 2346 1958 2380 alias

1217 2406 1314 2443 prout
1337 2400 1370 2432 in
1396 2400 1514 2433 nostris
1540 2400 1682 2442 desuper
1706 2399 1738 2432 in
1765 2399 1859 2432 simili
1893 2400 1958 2432 sor-

1217 2455 1267 2486 ma
1293 2454 1400 2486 Brevis
1426 2453 1477 2486 die
1502 2463 1521 2486 x
1545 2452 1732 2486 novembris
1768 2462 1960 2489 nnccxxxtn

1219 2507 1377 2551 expeditis
1404 2507 1531 2547 litteris,
1551 2517 1685 2550 quarum
1705 2511 1848 2540 tenorem
1867 2516 1959 2550 prae-

1219 2559 1366 2593 sentibus
1384 2570 1443 2603 pro
1462 2570 1616 2603 expresso
1642 2564 1672 2592 et
1697 2558 1820 2592 inserto
1844 2559 1958 2593 haberi

1219 2614 1382 2656 volumus,
1408 2613 1539 2647 uberius
1564 2613 1682 2647 dicitur
1707 2612 1878 2647 contineri,

1964 1004 2029 1025 stavit
2043 1003 2146 1025 Clemens.
2190 1000 2191 1014 ³
