<?xml version="1.0" encoding="UTF-8"?>
<!DOCTYPE html PUBLIC "-//W3C//DTD XHTML 1.0 Transitional//EN"
    "http://www.w3.org/TR/xhtml1/DTD/xhtml1-transitional.dtd">
<html xmlns="http://www.w3.org/1999/xhtml" xml:lang="en" lang="en">
 <head>
  <title>
</title>
<meta http-equiv="Content-Type" content="text/html;charset=utf-8" />
  <meta name='ocr-system' content='tesseract 3.04.00' />
  <meta name='ocr-capabilities' content='ocr_page ocr_carea ocr_par ocr_line ocrx_word'/>
</head>
<body>
  <div class='ocr_page' id='page_1' title='image "./bullarumdiplomat24cath_0258.png"; bbox 0 0 2232 3178; ppageno 0'>
   <div class='ocr_carea' id='block_1_1' title="bbox 270 200 456 229">
    <p class='ocr_par' dir='ltr' id='par_1_1' title="bbox 270 200 456 229">
     <span class='ocr_line' id='line_1_1' title="bbox 270 200 456 229; baseline 0.016 -4"><span class='ocrx_word' id='word_1_1' title='bbox 270 200 318 227; x_wconf 74' lang='lat' dir='ltr'>An.</span> <span class='ocrx_word' id='word_1_2' title='bbox 340 200 369 228; x_wconf 87' lang='lat' dir='ltr'>C.</span> <span class='ocrx_word' id='word_1_3' title='bbox 391 201 456 229; x_wconf 81' lang='lat' dir='ltr'>t7s;7</span> 
     </span>
    </p>
   </div>
   <div class='ocr_carea' id='block_1_2' title="bbox 270 2381 455 2430">
    <p class='ocr_par' dir='ltr' id='par_1_2' title="bbox 270 2381 455 2430">
     <span class='ocr_line' id='line_1_2' title="bbox 318 2381 455 2404; baseline 0.015 -3"><span class='ocrx_word' id='word_1_4' title='bbox 318 2381 455 2404; x_wconf 67' lang='lat' dir='ltr'>Confirmatur</span> 
     </span>
     <span class='ocr_line' id='line_1_3' title="bbox 270 2409 412 2430; baseline 0.007 -1"><span class='ocrx_word' id='word_1_5' title='bbox 270 2411 281 2426; x_wconf 65' lang='grc' dir='ltr'>ἃ</span> <span class='ocrx_word' id='word_1_6' title='bbox 304 2409 412 2430; x_wconf 61' lang='lat' dir='ltr'>Pontiam.</span> 
     </span>
    </p>
   </div>
   <div class='ocr_carea' id='block_1_3' title="bbox 508 192 574 226">
    <p class='ocr_par' dir='ltr' id='par_1_3' title="bbox 508 192 574 226">
     <span class='ocr_line' id='line_1_4' title="bbox 508 192 574 226; baseline 0.015 -1"><span class='ocrx_word' id='word_1_7' title='bbox 508 192 574 226; x_wconf 49' lang='lat'>*2224</span> 
     </span>
    </p>
   </div>
   <div class='ocr_carea' id='block_1_4' title="bbox 467 250 1212 561">
    <p class='ocr_par' dir='ltr' id='par_1_4' title="bbox 467 250 1212 561">
     <span class='ocr_line' id='line_1_5' title="bbox 469 250 1212 295; baseline 0.001 -11"><span class='ocrx_word' id='word_1_8' title='bbox 469 250 638 294; x_wconf 80' lang='lat' dir='ltr'>Philippus</span> <span class='ocrx_word' id='word_1_9' title='bbox 664 252 833 295; x_wconf 85' lang='lat' dir='ltr'>episcopus</span> <span class='ocrx_word' id='word_1_10' title='bbox 860 251 1058 285; x_wconf 87' lang='lat' dir='ltr'>Pisaurensis</span> <span class='ocrx_word' id='word_1_11' title='bbox 1083 258 1212 285; x_wconf 88' lang='lat' dir='ltr'>sentcn-</span> 
     </span>
     <span class='ocr_line' id='line_1_6' title="bbox 470 304 1210 349; baseline 0.003 -13"><span class='ocrx_word' id='word_1_12' title='bbox 470 304 544 337; x_wconf 98' lang='lat' dir='ltr'>tiam</span> <span class='ocrx_word' id='word_1_13' title='bbox 571 315 669 347; x_wconf 88' lang='lat' dir='ltr'>super</span> <span class='ocrx_word' id='word_1_14' title='bbox 694 305 861 347; x_wconf 88' lang='lat' dir='ltr'>praedicto</span> <span class='ocrx_word' id='word_1_15' title='bbox 886 306 973 337; x_wconf 90' lang='lat' dir='ltr'>cultu</span> <span class='ocrx_word' id='word_1_16' title='bbox 1001 307 1210 349; x_wconf 83' lang='lat' dir='ltr'>protulerat,</span> 
     </span>
     <span class='ocr_line' id='line_1_7' title="bbox 468 358 1209 400; baseline 0.003 -11"><span class='ocrx_word' id='word_1_17' title='bbox 468 358 499 389; x_wconf 90' lang='lat' dir='ltr'>in</span> <span class='ocrx_word' id='word_1_18' title='bbox 540 358 649 390; x_wconf 78' lang='lat' dir='ltr'>eadem</span> <span class='ocrx_word' id='word_1_19' title='bbox 692 358 951 400; x_wconf 81' lang='lat' dir='ltr'>Congregatione</span> <span class='ocrx_word' id='word_1_20' title='bbox 994 359 1209 392; x_wconf 88' lang='lat' dir='ltr'>cardinalium</span> 
     </span>
     <span class='ocr_line' id='line_1_8' title="bbox 468 410 1209 453; baseline 0.001 -11"><span class='ocrx_word' id='word_1_21' title='bbox 468 411 678 450; x_wconf 80' lang='lat' dir='ltr'>examinatus,</span> <span class='ocrx_word' id='word_1_22' title='bbox 700 410 860 453; x_wconf 83' lang='lat' dir='ltr'>simulque</span> <span class='ocrx_word' id='word_1_23' title='bbox 886 421 902 443; x_wconf 87' lang='lat' dir='ltr'>a</span> <span class='ocrx_word' id='word_1_24' title='bbox 928 410 1013 444; x_wconf 89' lang='lat' dir='ltr'>dicto</span> <span class='ocrx_word' id='word_1_25' title='bbox 1040 412 1209 445; x_wconf 80' lang='lat' dir='ltr'>Vincentio</span> 
     </span>
     <span class='ocr_line' id='line_1_9' title="bbox 467 463 1211 506; baseline 0.004 -11"><span class='ocrx_word' id='word_1_26' title='bbox 467 464 629 496; x_wconf 87' lang='lat' dir='ltr'>Ludovico</span> <span class='ocrx_word' id='word_1_27' title='bbox 666 463 823 495; x_wconf 73' lang='lat' dir='ltr'>cardinali</span> <span class='ocrx_word' id='word_1_28' title='bbox 860 464 1062 506; x_wconf 86' lang='lat' dir='ltr'>propositum</span> <span class='ocrx_word' id='word_1_29' title='bbox 1100 465 1211 498; x_wconf 84' lang='lat' dir='ltr'>suisset</span> 
     </span>
     <span class='ocr_line' id='line_1_10' title="bbox 468 516 1208 561; baseline 0.001 -13"><span class='ocrx_word' id='word_1_30' title='bbox 468 516 616 555; x_wconf 88' lang='lat' dir='ltr'>dubium,</span> <span class='ocrx_word' id='word_1_31' title='bbox 638 526 677 548; x_wconf 90' lang='lat' dir='ltr'>an</span> <span class='ocrx_word' id='word_1_32' title='bbox 703 516 864 548; x_wconf 88' lang='lat' dir='ltr'>sententia</span> <span class='ocrx_word' id='word_1_33' title='bbox 883 517 1038 560; x_wconf 70' lang='lat' dir='ltr'>praedicti</span> <span class='ocrx_word' id='word_1_34' title='bbox 1068 517 1208 561; x_wconf 75' lang='lat' dir='ltr'>l&#39;liilippi</span> 
     </span>
    </p>
   </div>
   <div class='ocr_carea' id='block_1_5' title="bbox 466 568 1233 665">
    <p class='ocr_par' dir='ltr' id='par_1_5' title="bbox 466 568 1233 665">
     <span class='ocr_line' id='line_1_11' title="bbox 467 568 1233 613; baseline 0.001 -13"><span class='ocrx_word' id='word_1_35' title='bbox 467 568 610 611; x_wconf 86' lang='lat' dir='ltr'>episcopi</span> <span class='ocrx_word' id='word_1_36' title='bbox 636 569 697 600; x_wconf 89' lang='lat' dir='ltr'>lata</span> <span class='ocrx_word' id='word_1_37' title='bbox 723 579 822 611; x_wconf 87' lang='lat' dir='ltr'>super</span> <span class='ocrx_word' id='word_1_38' title='bbox 846 579 918 601; x_wconf 86' lang='lat' dir='ltr'>casu</span> <span class='ocrx_word' id='word_1_39' title='bbox 944 576 1078 613; x_wconf 84' lang='lat' dir='ltr'>excepto</span> <span class='ocrx_word' id='word_1_40' title='bbox 1104 581 1121 602; x_wconf 88' lang='lat' dir='ltr'>a</span> <span class='ocrx_word' id='word_1_41' title='bbox 1155 571 1209 603; x_wconf 87' lang='lat' dir='ltr'>de-</span> <span class='ocrx_word' id='word_1_42' title='bbox 1231 591 1233 601; x_wconf 38' lang='grc' dir='ltr'>ι</span> 
     </span>
     <span class='ocr_line' id='line_1_12' title="bbox 466 622 1233 665; baseline 0.003 -11"><span class='ocrx_word' id='word_1_43' title='bbox 466 622 563 654; x_wconf 86' lang='lat' dir='ltr'>cretis</span> <span class='ocrx_word' id='word_1_44' title='bbox 588 622 690 665; x_wconf 88' lang='lat' dir='ltr'>ipsius</span> <span class='ocrx_word' id='word_1_45' title='bbox 717 622 835 654; x_wconf 81' lang='lat' dir='ltr'>Urbani</span> <span class='ocrx_word' id='word_1_46' title='bbox 854 624 1126 665; x_wconf 74' lang='lat' dir='ltr'>praedecessoris,</span> <span class='ocrx_word' id='word_1_47' title='bbox 1143 624 1208 656; x_wconf 86' lang='lat' dir='ltr'>sive</span> <span class='ocrx_word' id='word_1_48' title='bbox 1231 638 1233 640; x_wconf 89' lang='lat'>·</span> 
     </span>
    </p>
   </div>
   <div class='ocr_carea' id='block_1_6' title="bbox 464 675 1209 1292">
    <p class='ocr_par' dir='ltr' id='par_1_6' title="bbox 464 675 1209 1292">
     <span class='ocr_line' id='line_1_13' title="bbox 465 675 1206 718; baseline 0.003 -11"><span class='ocrx_word' id='word_1_49' title='bbox 465 685 564 718; x_wconf 88' lang='lat' dir='ltr'>super</span> <span class='ocrx_word' id='word_1_50' title='bbox 595 676 681 708; x_wconf 90' lang='lat' dir='ltr'>cultu</span> <span class='ocrx_word' id='word_1_51' title='bbox 717 675 848 718; x_wconf 84' lang='lat' dir='ltr'>publico</span> <span class='ocrx_word' id='word_1_52' title='bbox 885 676 924 708; x_wconf 88' lang='lat' dir='ltr'>ab</span> <span class='ocrx_word' id='word_1_53' title='bbox 957 676 1206 709; x_wconf 76' lang='lat' dir='ltr'>immemorabili</span> 
     </span>
     <span class='ocr_line' id='line_1_14' title="bbox 466 727 1209 771; baseline 0.003 -11"><span class='ocrx_word' id='word_1_54' title='bbox 466 733 614 770; x_wconf 89' lang='lat' dir='ltr'>tempore</span> <span class='ocrx_word' id='word_1_55' title='bbox 641 727 745 760; x_wconf 86' lang='lat' dir='ltr'>dictae</span> <span class='ocrx_word' id='word_1_56' title='bbox 771 728 885 760; x_wconf 85' lang='lat' dir='ltr'>Beatae</span> <span class='ocrx_word' id='word_1_57' title='bbox 923 729 1095 771; x_wconf 82' lang='lat' dir='ltr'>praestito,</span> <span class='ocrx_word' id='word_1_58' title='bbox 1121 735 1209 762; x_wconf 89' lang='lat' dir='ltr'>essct</span> 
     </span>
     <span class='ocr_line' id='line_1_15' title="bbox 465 781 1208 815; baseline 0.004 -3"><span class='ocrx_word' id='word_1_59' title='bbox 465 781 684 813; x_wconf 81' lang='lat' dir='ltr'>confirmanda</span> <span class='ocrx_word' id='word_1_60' title='bbox 710 781 742 813; x_wconf 89' lang='lat' dir='ltr'>in</span> <span class='ocrx_word' id='word_1_61' title='bbox 768 791 842 813; x_wconf 82' lang='lat' dir='ltr'>casu</span> <span class='ocrx_word' id='word_1_62' title='bbox 870 782 960 814; x_wconf 83' lang='lat' dir='ltr'>etad</span> <span class='ocrx_word' id='word_1_63' title='bbox 987 782 1133 815; x_wconf 85' lang='lat' dir='ltr'>etl&#39;cetum</span> <span class='ocrx_word' id='word_1_64' title='bbox 1169 783 1208 815; x_wconf 90' lang='lat' dir='ltr'>de</span> 
     </span>
     <span class='ocr_line' id='line_1_16' title="bbox 465 833 1207 875; baseline 0.004 -10"><span class='ocrx_word' id='word_1_65' title='bbox 465 844 527 875; x_wconf 90' lang='lat' dir='ltr'>quo</span> <span class='ocrx_word' id='word_1_66' title='bbox 563 833 743 875; x_wconf 76' lang='lat' dir='ltr'>aget›atur;</span> <span class='ocrx_word' id='word_1_67' title='bbox 777 840 808 867; x_wconf 90' lang='lat' dir='ltr'>et</span> <span class='ocrx_word' id='word_1_68' title='bbox 847 836 959 867; x_wconf 81' lang='lat' dir='ltr'>eadem</span> <span class='ocrx_word' id='word_1_69' title='bbox 994 836 1207 868; x_wconf 70' lang='lat' dir='ltr'>cardinalium</span> 
     </span>
     <span class='ocr_line' id='line_1_17' title="bbox 465 885 1206 929; baseline 0.001 -11"><span class='ocrx_word' id='word_1_70' title='bbox 465 885 681 928; x_wconf 76' lang='lat' dir='ltr'>Congregatio</span> <span class='ocrx_word' id='word_1_71' title='bbox 719 887 957 920; x_wconf 75' lang='lat' dir='ltr'>resolutionem</span> <span class='ocrx_word' id='word_1_72' title='bbox 999 888 1206 929; x_wconf 71' lang='lat' dir='ltr'>distulisset,</span> 
     </span>
     <span class='ocr_line' id='line_1_18' title="bbox 464 939 1207 983; baseline 0.003 -12"><span class='ocrx_word' id='word_1_73' title='bbox 464 944 560 982; x_wconf 85' lang='lat' dir='ltr'>atque</span> <span class='ocrx_word' id='word_1_74' title='bbox 586 939 709 972; x_wconf 87' lang='lat' dir='ltr'>interea</span> <span class='ocrx_word' id='word_1_75' title='bbox 730 941 912 972; x_wconf 83' lang='lat' dir='ltr'>mandasset</span> <span class='ocrx_word' id='word_1_76' title='bbox 932 940 1002 973; x_wconf 80' lang='lat' dir='ltr'>sieri</span> <span class='ocrx_word' id='word_1_77' title='bbox 1021 941 1207 983; x_wconf 70' lang='lat' dir='ltr'>diligentias</span> 
     </span>
     <span class='ocr_line' id='line_1_19' title="bbox 464 992 1208 1037; baseline 0.003 -13"><span class='ocrx_word' id='word_1_78' title='bbox 464 992 496 1024; x_wconf 87' lang='lat' dir='ltr'>in</span> <span class='ocrx_word' id='word_1_79' title='bbox 522 992 650 1024; x_wconf 85' lang='lat' dir='ltr'>civitate</span> <span class='ocrx_word' id='word_1_80' title='bbox 676 993 842 1035; x_wconf 76' lang='lat' dir='ltr'>praedicta</span> <span class='ocrx_word' id='word_1_81' title='bbox 860 993 1040 1026; x_wconf 79' lang='lat' dir='ltr'>Pisaurensi</span> <span class='ocrx_word' id='word_1_82' title='bbox 1060 1004 1118 1036; x_wconf 86' lang='lat' dir='ltr'>pro</span> <span class='ocrx_word' id='word_1_83' title='bbox 1138 1004 1208 1037; x_wconf 89' lang='lat' dir='ltr'>per-</span> 
     </span>
     <span class='ocr_line' id='line_1_20' title="bbox 465 1045 1206 1088; baseline 0.003 -12"><span class='ocrx_word' id='word_1_84' title='bbox 465 1045 639 1088; x_wconf 88' lang='lat' dir='ltr'>quisitione</span> <span class='ocrx_word' id='word_1_85' title='bbox 675 1056 711 1077; x_wconf 89' lang='lat' dir='ltr'>ac</span> <span class='ocrx_word' id='word_1_86' title='bbox 753 1046 998 1079; x_wconf 78' lang='lat' dir='ltr'>transmissione</span> <span class='ocrx_word' id='word_1_87' title='bbox 1040 1047 1206 1079; x_wconf 85' lang='lat' dir='ltr'>cuiusdam</span> 
     </span>
     <span class='ocr_line' id='line_1_21' title="bbox 465 1097 1206 1142; baseline 0.001 -12"><span class='ocrx_word' id='word_1_88' title='bbox 465 1098 552 1130; x_wconf 87' lang='lat' dir='ltr'>modi</span> <span class='ocrx_word' id='word_1_89' title='bbox 586 1097 736 1137; x_wconf 84' lang='lat' dir='ltr'>vivendi,</span> <span class='ocrx_word' id='word_1_90' title='bbox 761 1100 893 1141; x_wconf 80' lang='lat' dir='ltr'>regulae</span> <span class='ocrx_word' id='word_1_91' title='bbox 924 1105 954 1132; x_wconf 91' lang='lat' dir='ltr'>et</span> <span class='ocrx_word' id='word_1_92' title='bbox 987 1099 1206 1142; x_wconf 87' lang='lat' dir='ltr'>capitulorum</span> 
     </span>
     <span class='ocr_line' id='line_1_22' title="bbox 465 1152 1207 1196; baseline 0.003 -12"><span class='ocrx_word' id='word_1_93' title='bbox 465 1152 568 1184; x_wconf 88' lang='lat' dir='ltr'>dictae</span> <span class='ocrx_word' id='word_1_94' title='bbox 595 1152 708 1184; x_wconf 86' lang='lat' dir='ltr'>Beatae</span> <span class='ocrx_word' id='word_1_95' title='bbox 727 1152 983 1195; x_wconf 82' lang='lat' dir='ltr'>adsc1·iptorum;</span> <span class='ocrx_word' id='word_1_96' title='bbox 1004 1156 1098 1196; x_wconf 78' lang='lat' dir='ltr'>atque</span> <span class='ocrx_word' id='word_1_97' title='bbox 1118 1153 1207 1186; x_wconf 84' lang='lat' dir='ltr'>bisce</span> 
     </span>
     <span class='ocr_line' id='line_1_23' title="bbox 465 1205 1207 1248; baseline 0.003 -11"><span class='ocrx_word' id='word_1_98' title='bbox 465 1205 641 1247; x_wconf 79' lang='lat' dir='ltr'>diligentiis</span> <span class='ocrx_word' id='word_1_99' title='bbox 674 1205 833 1248; x_wconf 75' lang='lat' dir='ltr'>expletis,</span> <span class='ocrx_word' id='word_1_100' title='bbox 872 1206 1045 1239; x_wconf 87' lang='lat' dir='ltr'>novissime</span> <span class='ocrx_word' id='word_1_101' title='bbox 1082 1207 1207 1239; x_wconf 81' lang='lat' dir='ltr'>delatus</span> 
     </span>
     <span class='ocr_line' id='line_1_24' title="bbox 464 1258 1206 1292; baseline 0.004 -3"><span class='ocrx_word' id='word_1_102' title='bbox 464 1258 580 1291; x_wconf 85' lang='lat' dir='ltr'>suisset</span> <span class='ocrx_word' id='word_1_103' title='bbox 604 1258 641 1290; x_wconf 87' lang='lat' dir='ltr'>ad</span> <span class='ocrx_word' id='word_1_104' title='bbox 670 1258 755 1290; x_wconf 87' lang='lat' dir='ltr'>banc</span> <span class='ocrx_word' id='word_1_105' title='bbox 781 1260 896 1291; x_wconf 87' lang='lat' dir='ltr'>almam</span> <span class='ocrx_word' id='word_1_106' title='bbox 924 1259 1040 1292; x_wconf 82' lang='lat' dir='ltr'>Urbem</span> <span class='ocrx_word' id='word_1_107' title='bbox 1064 1266 1206 1292; x_wconf 88' lang='lat' dir='ltr'>nostram</span> 
     </span>
    </p>
   </div>
   <div class='ocr_carea' id='block_1_7' title="bbox 464 1313 1231 1357">
    <p class='ocr_par' dir='ltr' id='par_1_7' title="bbox 464 1313 1231 1357">
     <span class='ocr_line' id='line_1_25' title="bbox 464 1313 1231 1357; baseline 0.004 -14"><span class='ocrx_word' id='word_1_108' title='bbox 464 1322 583 1354; x_wconf 89' lang='lat' dir='ltr'>parvus</span> <span class='ocrx_word' id='word_1_109' title='bbox 610 1322 784 1354; x_wconf 77' lang='lat' dir='ltr'>processus</span> <span class='ocrx_word' id='word_1_110' title='bbox 817 1323 833 1344; x_wconf 86' lang='lat' dir='ltr'>a</span> <span class='ocrx_word' id='word_1_111' title='bbox 866 1313 1014 1356; x_wconf 74' lang='lat' dir='ltr'>praefato</span> <span class='ocrx_word' id='word_1_112' title='bbox 1052 1314 1231 1357; x_wconf 72' lang='lat' dir='ltr'>episcop0³</span> 
     </span>
    </p>
   </div>
   <div class='ocr_carea' id='block_1_8' title="bbox 465 1364 1208 1406">
    <p class='ocr_par' dir='ltr' id='par_1_8' title="bbox 465 1364 1208 1406">
     <span class='ocr_line' id='line_1_26' title="bbox 465 1364 1208 1406; baseline 0 -7"><span class='ocrx_word' id='word_1_113' title='bbox 465 1364 646 1399; x_wconf 86' lang='lat' dir='ltr'>Pisaurensi</span> <span class='ocrx_word' id='word_1_114' title='bbox 669 1365 852 1406; x_wconf 77' lang='lat' dir='ltr'>consectus3</span> <span class='ocrx_word' id='word_1_115' title='bbox 871 1371 900 1398; x_wconf 89' lang='lat' dir='ltr'>et</span> <span class='ocrx_word' id='word_1_116' title='bbox 919 1366 1004 1399; x_wconf 89' lang='lat' dir='ltr'>idem</span> <span class='ocrx_word' id='word_1_117' title='bbox 1023 1366 1208 1399; x_wconf 75' lang='lat' dir='ltr'>Vincentius</span> 
     </span>
    </p>
   </div>
   <div class='ocr_carea' id='block_1_9' title="bbox 465 1418 1231 1461">
    <p class='ocr_par' dir='ltr' id='par_1_9' title="bbox 465 1418 1231 1461">
     <span class='ocr_line' id='line_1_27' title="bbox 465 1418 1231 1461; baseline 0 -9"><span class='ocrx_word' id='word_1_118' title='bbox 465 1418 646 1452; x_wconf 86' lang='lat' dir='ltr'>Ludovicus</span> <span class='ocrx_word' id='word_1_119' title='bbox 661 1418 835 1450; x_wconf 86' lang='lat' dir='ltr'>cardinalis</span> <span class='ocrx_word' id='word_1_120' title='bbox 854 1418 950 1458; x_wconf 88' lang='lat' dir='ltr'>Gotti,</span> <span class='ocrx_word' id='word_1_121' title='bbox 963 1429 1097 1461; x_wconf 84' lang='lat' dir='ltr'>ponens,</span> <span class='ocrx_word' id='word_1_122' title='bbox 1111 1419 1162 1452; x_wconf 90' lang='lat' dir='ltr'>die</span> <span class='ocrx_word' id='word_1_123' title='bbox 1176 1429 1207 1452; x_wconf 83' lang='lat' dir='ltr'>vi</span> <span class='ocrx_word' id='word_1_124' title='bbox 1229 1421 1231 1429; x_wconf 90' lang='grc'><strong>’</strong></span> 
     </span>
    </p>
   </div>
   <div class='ocr_carea' id='block_1_10' title="bbox 465 1470 1210 2634">
    <p class='ocr_par' dir='ltr' id='par_1_10' title="bbox 465 1470 1209 2366">
     <span class='ocr_line' id='line_1_28' title="bbox 465 1470 1208 1513; baseline 0.003 -10"><span class='ocrx_word' id='word_1_125' title='bbox 465 1471 627 1504; x_wconf 89' lang='lat' dir='ltr'>currentis</span> <span class='ocrx_word' id='word_1_126' title='bbox 653 1470 763 1513; x_wconf 79' lang='lat' dir='ltr'>aprilis</span> <span class='ocrx_word' id='word_1_127' title='bbox 800 1472 992 1504; x_wconf 74' lang='lat' dir='ltr'>relationem</span> <span class='ocrx_word' id='word_1_128' title='bbox 1022 1472 1148 1505; x_wconf 81' lang='lat' dir='ltr'>fecisset</span> <span class='ocrx_word' id='word_1_129' title='bbox 1179 1483 1208 1505; x_wconf 91' lang='lat'>0-</span> 
     </span>
     <span class='ocr_line' id='line_1_29' title="bbox 466 1524 1208 1569; baseline 0.003 -13"><span class='ocrx_word' id='word_1_130' title='bbox 466 1524 587 1556; x_wconf 91' lang='lat' dir='ltr'>mnium</span> <span class='ocrx_word' id='word_1_131' title='bbox 614 1529 840 1556; x_wconf 86' lang='lat' dir='ltr'>contentorum</span> <span class='ocrx_word' id='word_1_132' title='bbox 866 1525 896 1556; x_wconf 90' lang='lat' dir='ltr'>in</span> <span class='ocrx_word' id='word_1_133' title='bbox 918 1525 1002 1558; x_wconf 89' lang='lat' dir='ltr'>dicto</span> <span class='ocrx_word' id='word_1_134' title='bbox 1018 1536 1118 1568; x_wconf 88' lang='lat' dir='ltr'>parvo</span> <span class='ocrx_word' id='word_1_135' title='bbox 1135 1536 1208 1569; x_wconf 91' lang='lat' dir='ltr'>pro-</span> 
     </span>
     <span class='ocr_line' id='line_1_30' title="bbox 466 1576 1207 1622; baseline 0.001 -12"><span class='ocrx_word' id='word_1_136' title='bbox 466 1588 569 1617; x_wconf 86' lang='lat' dir='ltr'>cessu,</span> <span class='ocrx_word' id='word_1_137' title='bbox 590 1578 675 1610; x_wconf 86' lang='lat' dir='ltr'>unde</span> <span class='ocrx_word' id='word_1_138' title='bbox 693 1576 845 1618; x_wconf 88' lang='lat' dir='ltr'>constitit,</span> <span class='ocrx_word' id='word_1_139' title='bbox 871 1577 970 1611; x_wconf 71' lang='lat' dir='ltr'>nihil*</span> <span class='ocrx_word' id='word_1_140' title='bbox 989 1579 1087 1612; x_wconf 79' lang='lat' dir='ltr'>fuisse</span> <span class='ocrx_word' id='word_1_141' title='bbox 1101 1589 1207 1622; x_wconf 89' lang='lat' dir='ltr'>reper-</span> 
     </span>
     <span class='ocr_line' id='line_1_31' title="bbox 465 1630 1206 1673; baseline 0.004 -11"><span class='ocrx_word' id='word_1_142' title='bbox 465 1636 542 1671; x_wconf 88' lang='lat' dir='ltr'>tum,</span> <span class='ocrx_word' id='word_1_143' title='bbox 568 1636 598 1663; x_wconf 89' lang='lat' dir='ltr'>et</span> <span class='ocrx_word' id='word_1_144' title='bbox 625 1631 737 1663; x_wconf 84' lang='lat' dir='ltr'>eadem</span> <span class='ocrx_word' id='word_1_145' title='bbox 752 1630 965 1673; x_wconf 80' lang='lat' dir='ltr'>Congregatio</span> <span class='ocrx_word' id='word_1_146' title='bbox 994 1632 1206 1665; x_wconf 80' lang='lat' dir='ltr'>cardinalium</span> 
     </span>
     <span class='ocr_line' id='line_1_32' title="bbox 466 1683 1206 1728; baseline 0.003 -12"><span class='ocrx_word' id='word_1_147' title='bbox 466 1683 645 1717; x_wconf 86' lang='lat' dir='ltr'>censuisset</span> <span class='ocrx_word' id='word_1_148' title='bbox 669 1695 765 1727; x_wconf 86' lang='lat' dir='ltr'>posse</span> <span class='ocrx_word' id='word_1_149' title='bbox 792 1685 922 1728; x_wconf 84' lang='lat' dir='ltr'>procedi</span> <span class='ocrx_word' id='word_1_150' title='bbox 950 1685 989 1717; x_wconf 84' lang='lat' dir='ltr'>ad</span> <span class='ocrx_word' id='word_1_151' title='bbox 1025 1686 1206 1726; x_wconf 72' lang='lat' dir='ltr'>ulteriora,</span> 
     </span>
     <span class='ocr_line' id='line_1_33' title="bbox 466 1737 1207 1781; baseline 0.004 -13"><span class='ocrx_word' id='word_1_152' title='bbox 466 1737 687 1780; x_wconf 81' lang='lat' dir='ltr'>subindeque,</span> <span class='ocrx_word' id='word_1_153' title='bbox 716 1738 921 1781; x_wconf 86' lang='lat' dir='ltr'>reproposito</span> <span class='ocrx_word' id='word_1_154' title='bbox 943 1738 1088 1781; x_wconf 76' lang='lat' dir='ltr'>praefato</span> <span class='ocrx_word' id='word_1_155' title='bbox 1107 1739 1207 1772; x_wconf 88' lang='lat' dir='ltr'>dubio</span> 
     </span>
     <span class='ocr_line' id='line_1_34' title="bbox 467 1790 1208 1833; baseline 0.003 -11"><span class='ocrx_word' id='word_1_156' title='bbox 467 1800 565 1833; x_wconf 88' lang='lat' dir='ltr'>super</span> <span class='ocrx_word' id='word_1_157' title='bbox 586 1790 830 1824; x_wconf 82' lang='lat' dir='ltr'>confirmatione</span> <span class='ocrx_word' id='word_1_158' title='bbox 857 1792 1040 1824; x_wconf 87' lang='lat' dir='ltr'>sententiae</span> <span class='ocrx_word' id='word_1_159' title='bbox 1065 1819 1072 1832; x_wconf 89' lang='lat'>,</span> <span class='ocrx_word' id='word_1_160' title='bbox 1110 1798 1208 1824; x_wconf 88' lang='lat' dir='ltr'>matu-</span> 
     </span>
     <span class='ocr_line' id='line_1_35' title="bbox 466 1845 1209 1888; baseline 0.001 -11"><span class='ocrx_word' id='word_1_161' title='bbox 466 1855 565 1888; x_wconf 84' lang='lat' dir='ltr'>reque</span> <span class='ocrx_word' id='word_1_162' title='bbox 591 1845 735 1878; x_wconf 86' lang='lat' dir='ltr'>discusso</span> <span class='ocrx_word' id='word_1_163' title='bbox 761 1855 910 1888; x_wconf 82' lang='lat' dir='ltr'>processu</span> <span class='ocrx_word' id='word_1_164' title='bbox 927 1845 1130 1879; x_wconf 81' lang='lat' dir='ltr'>informativo</span> <span class='ocrx_word' id='word_1_165' title='bbox 1149 1846 1209 1879; x_wconf 88' lang='lat' dir='ltr'>hac</span> 
     </span>
     <span class='ocr_line' id='line_1_36' title="bbox 467 1898 1207 1943; baseline 0.004 -14"><span class='ocrx_word' id='word_1_166' title='bbox 467 1898 506 1930; x_wconf 89' lang='lat' dir='ltr'>de</span> <span class='ocrx_word' id='word_1_167' title='bbox 533 1908 566 1930; x_wconf 90' lang='lat' dir='ltr'>re</span> <span class='ocrx_word' id='word_1_168' title='bbox 592 1903 787 1937; x_wconf 87' lang='lat' dir='ltr'>constructo,</span> <span class='ocrx_word' id='word_1_169' title='bbox 807 1904 839 1930; x_wconf 85' lang='lat' dir='ltr'>et</span> <span class='ocrx_word' id='word_1_170' title='bbox 865 1903 927 1930; x_wconf 87' lang='lat' dir='ltr'>tam</span> <span class='ocrx_word' id='word_1_171' title='bbox 953 1899 985 1931; x_wconf 92' lang='lat' dir='ltr'>in</span> <span class='ocrx_word' id='word_1_172' title='bbox 1012 1909 1086 1932; x_wconf 88' lang='lat' dir='ltr'>voce</span> <span class='ocrx_word' id='word_1_173' title='bbox 1112 1910 1207 1943; x_wconf 80' lang='lat' dir='ltr'>quarn</span> 
     </span>
     <span class='ocr_line' id='line_1_37' title="bbox 467 1950 1209 1995; baseline 0.004 -12"><span class='ocrx_word' id='word_1_174' title='bbox 467 1951 498 1983; x_wconf 91' lang='lat' dir='ltr'>in</span> <span class='ocrx_word' id='word_1_175' title='bbox 525 1950 653 1994; x_wconf 88' lang='lat' dir='ltr'>scriptis</span> <span class='ocrx_word' id='word_1_176' title='bbox 684 1951 804 1984; x_wconf 88' lang='lat' dir='ltr'>dilecto</span> <span class='ocrx_word' id='word_1_177' title='bbox 831 1951 896 1985; x_wconf 80' lang='lat' dir='ltr'>filio</span> <span class='ocrx_word' id='word_1_178' title='bbox 922 1953 1080 1995; x_wconf 77' lang='lat' dir='ltr'>magistro</span> <span class='ocrx_word' id='word_1_179' title='bbox 1106 1953 1209 1986; x_wconf 92' lang='lat' dir='ltr'>Ludo-</span> 
     </span>
     <span class='ocr_line' id='line_1_38' title="bbox 467 2004 1208 2049; baseline 0.005 -14"><span class='ocrx_word' id='word_1_180' title='bbox 467 2004 536 2036; x_wconf 90' lang='lat' dir='ltr'>vico</span> <span class='ocrx_word' id='word_1_181' title='bbox 562 2004 600 2037; x_wconf 89' lang='lat' dir='ltr'>de</span> <span class='ocrx_word' id='word_1_182' title='bbox 626 2004 812 2037; x_wconf 85' lang='lat' dir='ltr'>Valentibus</span> <span class='ocrx_word' id='word_1_183' title='bbox 837 2005 868 2037; x_wconf 87' lang='lat' dir='ltr'>in</span> <span class='ocrx_word' id='word_1_184' title='bbox 890 2007 1026 2049; x_wconf 81' lang='lat' dir='ltr'>utraque</span> <span class='ocrx_word' id='word_1_185' title='bbox 1044 2005 1208 2048; x_wconf 73' lang='lat' dir='ltr'>signatura</span> 
     </span>
     <span class='ocr_line' id='line_1_39' title="bbox 467 2057 1208 2101; baseline 0.004 -12"><span class='ocrx_word' id='word_1_186' title='bbox 467 2058 578 2090; x_wconf 80' lang='lat' dir='ltr'>nostra</span> <span class='ocrx_word' id='word_1_187' title='bbox 589 2057 824 2098; x_wconf 83' lang='lat' dir='ltr'>referendario,</span> <span class='ocrx_word' id='word_1_188' title='bbox 841 2063 950 2090; x_wconf 89' lang='lat' dir='ltr'>nostro</span> <span class='ocrx_word' id='word_1_189' title='bbox 965 2059 1208 2101; x_wconf 81' lang='lat' dir='ltr'>etApostolicae</span> 
     </span>
     <span class='ocr_line' id='line_1_40' title="bbox 467 2109 1208 2156; baseline 0.005 -15"><span class='ocrx_word' id='word_1_190' title='bbox 467 2109 559 2142; x_wconf 87' lang='lat' dir='ltr'>Sedis</span> <span class='ocrx_word' id='word_1_191' title='bbox 596 2110 724 2142; x_wconf 86' lang='lat' dir='ltr'>notario</span> <span class='ocrx_word' id='word_1_192' title='bbox 765 2111 989 2153; x_wconf 83' lang='lat' dir='ltr'>protonotario</span> <span class='ocrx_word' id='word_1_193' title='bbox 1023 2119 1208 2156; x_wconf 88' lang='lat' dir='ltr'>nuncupato</span> 
     </span>
     <span class='ocr_line' id='line_1_41' title="bbox 468 2163 1207 2206; baseline 0.003 -12"><span class='ocrx_word' id='word_1_194' title='bbox 468 2172 564 2205; x_wconf 84' lang='lat' dir='ltr'>supra</span> <span class='ocrx_word' id='word_1_195' title='bbox 590 2173 758 2195; x_wconf 89' lang='lat' dir='ltr'>numerum</span> <span class='ocrx_word' id='word_1_196' title='bbox 784 2163 1061 2206; x_wconf 84' lang='lat' dir='ltr'>participantium,</span> <span class='ocrx_word' id='word_1_197' title='bbox 1079 2175 1114 2197; x_wconf 86' lang='lat' dir='ltr'>ac</span> <span class='ocrx_word' id='word_1_198' title='bbox 1134 2164 1207 2198; x_wconf 80' lang='lat' dir='ltr'>fidei</span> 
     </span>
     <span class='ocr_line' id='line_1_42' title="bbox 468 2216 1209 2259; baseline 0.003 -11"><span class='ocrx_word' id='word_1_199' title='bbox 468 2220 677 2258; x_wconf 82' lang='lat' dir='ltr'>promotore,</span> <span class='ocrx_word' id='word_1_200' title='bbox 703 2216 844 2259; x_wconf 85' lang='lat' dir='ltr'>desuper</span> <span class='ocrx_word' id='word_1_201' title='bbox 870 2217 979 2250; x_wconf 86' lang='lat' dir='ltr'>audito</span> <span class='ocrx_word' id='word_1_202' title='bbox 996 2244 1003 2257; x_wconf 83' lang='lat'>,</span> <span class='ocrx_word' id='word_1_203' title='bbox 1030 2223 1209 2250; x_wconf 86' lang='lat' dir='ltr'>memorata</span> 
     </span>
     <span class='ocr_line' id='line_1_43' title="bbox 469 2269 1209 2313; baseline 0.001 -10"><span class='ocrx_word' id='word_1_204' title='bbox 469 2269 683 2312; x_wconf 79' lang='lat' dir='ltr'>Congregatio</span> <span class='ocrx_word' id='word_1_205' title='bbox 700 2270 912 2302; x_wconf 87' lang='lat' dir='ltr'>cardinalium</span> <span class='ocrx_word' id='word_1_206' title='bbox 933 2281 1125 2313; x_wconf 86' lang='lat' dir='ltr'>responsum</span> <span class='ocrx_word' id='word_1_207' title='bbox 1145 2271 1209 2304; x_wconf 81' lang='lat' dir='ltr'>edi-</span> 
     </span>
     <span class='ocr_line' id='line_1_44' title="bbox 470 2322 793 2366; baseline 0 -10"><span class='ocrx_word' id='word_1_208' title='bbox 470 2323 516 2356; x_wconf 93' lang='lat' dir='ltr'>dit</span> <span class='ocrx_word' id='word_1_209' title='bbox 532 2334 538 2355; x_wconf 87' lang='lat'>:</span> <span class='ocrx_word' id='word_1_210' title='bbox 562 2322 793 2366; x_wconf 80' lang='lat' dir='ltr'>Affirmative:</span> 
     </span>
    </p>

    <p class='ocr_par' dir='ltr' id='par_1_11' title="bbox 469 2375 1210 2579">
     <span class='ocr_line' id='line_1_45' title="bbox 513 2375 1210 2420; baseline 0 -10"><span class='ocrx_word' id='word_1_211' title='bbox 513 2377 528 2420; x_wconf 63' lang='lat' dir='ltr'>g</span> <span class='ocrx_word' id='word_1_212' title='bbox 551 2375 582 2410; x_wconf 81' lang='lat'>3.</span> <span class='ocrx_word' id='word_1_213' title='bbox 610 2376 692 2409; x_wconf 88' lang='lat' dir='ltr'>Hinc</span> <span class='ocrx_word' id='word_1_214' title='bbox 718 2381 765 2409; x_wconf 92' lang='lat' dir='ltr'>est</span> <span class='ocrx_word' id='word_1_215' title='bbox 789 2377 873 2420; x_wconf 85' lang='lat' dir='ltr'>quod</span> <span class='ocrx_word' id='word_1_216' title='bbox 901 2386 978 2416; x_wconf 90' lang='lat' dir='ltr'>nos,</span> <span class='ocrx_word' id='word_1_217' title='bbox 1018 2376 1079 2419; x_wconf 90' lang='lat' dir='ltr'>piis</span> <span class='ocrx_word' id='word_1_218' title='bbox 1114 2376 1210 2410; x_wconf 89' lang='lat' dir='ltr'>caris-</span> 
     </span>
     <span class='ocr_line' id='line_1_46' title="bbox 470 2428 1209 2464; baseline 0.001 -2"><span class='ocrx_word' id='word_1_219' title='bbox 470 2428 540 2462; x_wconf 88' lang='lat' dir='ltr'>simi</span> <span class='ocrx_word' id='word_1_220' title='bbox 566 2429 598 2462; x_wconf 90' lang='lat' dir='ltr'>in</span> <span class='ocrx_word' id='word_1_221' title='bbox 624 2429 751 2463; x_wconf 84' lang='lat' dir='ltr'>Christo</span> <span class='ocrx_word' id='word_1_222' title='bbox 787 2429 842 2462; x_wconf 82' lang='lat' dir='ltr'>tilii</span> <span class='ocrx_word' id='word_1_223' title='bbox 876 2429 978 2463; x_wconf 87' lang='lat' dir='ltr'>nostri</span> <span class='ocrx_word' id='word_1_224' title='bbox 1005 2430 1111 2464; x_wconf 83' lang='lat' dir='ltr'>iacobi</span> <span class='ocrx_word' id='word_1_225' title='bbox 1148 2430 1209 2463; x_wconf 84' lang='lat' dir='ltr'>Ma-</span> 
     </span>
     <span class='ocr_line' id='line_1_47' title="bbox 470 2482 1210 2526; baseline 0.004 -12"><span class='ocrx_word' id='word_1_226' title='bbox 470 2492 551 2525; x_wconf 82' lang='lat' dir='ltr'>gnae</span> <span class='ocrx_word' id='word_1_227' title='bbox 578 2482 776 2516; x_wconf 86' lang='lat' dir='ltr'>Brittanniae</span> <span class='ocrx_word' id='word_1_228' title='bbox 802 2482 887 2526; x_wconf 80' lang='lat' dir='ltr'>regis</span> <span class='ocrx_word' id='word_1_229' title='bbox 912 2482 1047 2516; x_wconf 89' lang='lat' dir='ltr'>illustris</span> <span class='ocrx_word' id='word_1_230' title='bbox 1072 2483 1153 2516; x_wconf 91' lang='lat' dir='ltr'>votis</span> <span class='ocrx_word' id='word_1_231' title='bbox 1179 2489 1210 2517; x_wconf 88' lang='lat' dir='ltr'>et</span> 
     </span>
     <span class='ocr_line' id='line_1_48' title="bbox 469 2535 1209 2579; baseline 0.003 -12"><span class='ocrx_word' id='word_1_232' title='bbox 469 2535 571 2568; x_wconf 81' lang='lat' dir='ltr'>enixis</span> <span class='ocrx_word' id='word_1_233' title='bbox 598 2535 812 2579; x_wconf 82' lang='lat' dir='ltr'>demissisque</span> <span class='ocrx_word' id='word_1_234' title='bbox 845 2540 907 2568; x_wconf 86' lang='lat' dir='ltr'>tam</span> <span class='ocrx_word' id='word_1_235' title='bbox 937 2535 1095 2579; x_wconf 83' lang='lat' dir='ltr'>praedicti</span> <span class='ocrx_word' id='word_1_236' title='bbox 1122 2536 1209 2569; x_wconf 85' lang='lat' dir='ltr'>Fabii</span> 
     </span>
    </p>

    <p class='ocr_par' dir='ltr' id='par_1_12' title="bbox 507 2597 1209 2634">
     <span class='ocr_line' id='line_1_49' title="bbox 507 2597 1209 2634; baseline 0.001 -10"><span class='ocrx_word' id='word_1_237' title='bbox 507 2598 516 2624; x_wconf 89' lang='lat' dir='ltr'>t</span> <span class='ocrx_word' id='word_1_238' title='bbox 536 2597 636 2625; x_wconf 78' lang='lat' dir='ltr'>Forsan</span> <span class='ocrx_word' id='word_1_239' title='bbox 653 2597 727 2626; x_wconf 85' lang='lat' dir='ltr'>deest</span> <span class='ocrx_word' id='word_1_240' title='bbox 742 2597 853 2634; x_wconf 83' lang='lat' dir='ltr'>aliquid,</span> <span class='ocrx_word' id='word_1_241' title='bbox 871 2606 902 2624; x_wconf 88' lang='lat' dir='ltr'>ex</span> <span class='ocrx_word' id='word_1_242' title='bbox 916 2605 942 2633; x_wconf 82' lang='lat' dir='ltr'>g.</span> <span class='ocrx_word' id='word_1_243' title='bbox 961 2598 1106 2627; x_wconf 75' lang='lat' dir='ltr'>contrarii</span> <span class='ocrx_word' id='word_1_244' title='bbox 1121 2598 1209 2634; x_wconf 62' lang='lat' dir='ltr'>(nm).</span> 
     </span>
    </p>
   </div>
   <div class='ocr_carea' id='block_1_11' title="bbox 1232 265 1237 2632">
    <p class='ocr_par' dir='ltr' id='par_1_13' title="bbox 1232 265 1237 2632">
     <span class='ocr_line' id='line_1_50' title="bbox 1232 265 1237 2632; baseline 0 0"><span class='ocrx_word' id='word_1_245' title='bbox 1232 265 1237 2632; x_wconf 95' lang='lat' dir='ltr'> </span> 
     </span>
    </p>
   </div>
   <div class='ocr_carea' id='block_1_12' title="bbox 1063 203 1419 230">
    <p class='ocr_par' dir='ltr' id='par_1_14' title="bbox 1063 203 1419 230">
     <span class='ocr_line' id='line_1_51' title="bbox 1063 203 1419 230; baseline 0.003 -3"><span class='ocrx_word' id='word_1_246' title='bbox 1063 203 1242 228; x_wconf 69' lang='lat' dir='ltr'>BULLARIUM</span> <span class='ocrx_word' id='word_1_247' title='bbox 1269 203 1419 230; x_wconf 65' lang='lat' dir='ltr'>noitANUM</span> 
     </span>
    </p>
   </div>
   <div class='ocr_carea' id='block_1_13' title="bbox 1256 253 1996 404">
    <p class='ocr_par' dir='ltr' id='par_1_15' title="bbox 1256 253 1996 404">
     <span class='ocr_line' id='line_1_52' title="bbox 1257 253 1993 298; baseline 0.007 -14"><span class='ocrx_word' id='word_1_248' title='bbox 1257 263 1353 297; x_wconf 82' lang='lat' dir='ltr'>quam</span> <span class='ocrx_word' id='word_1_249' title='bbox 1389 253 1526 286; x_wconf 85' lang='lat' dir='ltr'>aliorum</span> <span class='ocrx_word' id='word_1_250' title='bbox 1565 254 1659 287; x_wconf 87' lang='lat' dir='ltr'>etiam</span> <span class='ocrx_word' id='word_1_251' title='bbox 1696 255 1795 298; x_wconf 87' lang='lat' dir='ltr'>ipsius</span> <span class='ocrx_word' id='word_1_252' title='bbox 1832 255 1863 288; x_wconf 90' lang='lat' dir='ltr'>S.</span> <span class='ocrx_word' id='word_1_253' title='bbox 1892 255 1929 288; x_wconf 80' lang='lat' dir='ltr'>R.</span> <span class='ocrx_word' id='word_1_254' title='bbox 1957 254 1993 289; x_wconf 88' lang='grc' dir='ltr'>Ε.</span> 
     </span>
     <span class='ocr_line' id='line_1_53' title="bbox 1256 306 1996 342; baseline 0.004 -4"><span class='ocrx_word' id='word_1_255' title='bbox 1256 306 1467 339; x_wconf 85' lang='lat' dir='ltr'>cardinalium</span> <span class='ocrx_word' id='word_1_256' title='bbox 1494 312 1525 339; x_wconf 93' lang='lat' dir='ltr'>et</span> <span class='ocrx_word' id='word_1_257' title='bbox 1542 307 1776 341; x_wconf 88' lang='lat' dir='ltr'>venerabilium</span> <span class='ocrx_word' id='word_1_258' title='bbox 1795 308 1926 341; x_wconf 82' lang='lat' dir='ltr'>fratrum</span> <span class='ocrx_word' id='word_1_259' title='bbox 1946 320 1996 342; x_wconf 86' lang='lat' dir='ltr'>ar-</span> 
     </span>
     <span class='ocr_line' id='line_1_54' title="bbox 1256 359 1995 404; baseline 0.005 -13"><span class='ocrx_word' id='word_1_260' title='bbox 1256 359 1458 402; x_wconf 83' lang='lat' dir='ltr'>chiepiscopi</span> <span class='ocrx_word' id='word_1_261' title='bbox 1486 365 1516 391; x_wconf 88' lang='lat' dir='ltr'>et</span> <span class='ocrx_word' id='word_1_262' title='bbox 1534 360 1876 404; x_wconf 87' lang='lat' dir='ltr'>episcoporumStatus</span> <span class='ocrx_word' id='word_1_263' title='bbox 1891 362 1995 395; x_wconf 87' lang='lat' dir='ltr'>nostri</span> 
     </span>
    </p>
   </div>
   <div class='ocr_carea' id='block_1_14' title="bbox 1232 411 1995 509">
    <p class='ocr_par' dir='ltr' id='par_1_16' title="bbox 1232 411 1995 509">
     <span class='ocr_line' id='line_1_55' title="bbox 1233 411 1995 458; baseline 0.007 -15"><span class='ocrx_word' id='word_1_264' title='bbox 1233 411 1478 458; x_wconf 56' lang='lat' dir='ltr'>3Urbinatensis</span> <span class='ocrx_word' id='word_1_265' title='bbox 1511 423 1636 445; x_wconf 87' lang='lat' dir='ltr'>necnon</span> <span class='ocrx_word' id='word_1_266' title='bbox 1674 414 1809 457; x_wconf 75' lang='lat' dir='ltr'>praefati</span> <span class='ocrx_word' id='word_1_267' title='bbox 1836 415 1995 448; x_wconf 75' lang='lat' dir='ltr'>Vincentii</span> 
     </span>
     <span class='ocr_line' id='line_1_56' title="bbox 1232 465 1995 509; baseline 0.008 -14"><span class='ocrx_word' id='word_1_268' title='bbox 1232 465 1391 509; x_wconf 78' lang='lat' dir='ltr'>¹ministri</span> <span class='ocrx_word' id='word_1_269' title='bbox 1433 466 1596 507; x_wconf 80' lang='lat' dir='ltr'>generalis</span> <span class='ocrx_word' id='word_1_270' title='bbox 1633 467 1785 509; x_wconf 87' lang='lat' dir='ltr'>precibus</span> <span class='ocrx_word' id='word_1_271' title='bbox 1811 467 1871 500; x_wconf 85' lang='lat' dir='ltr'>hac</span> <span class='ocrx_word' id='word_1_272' title='bbox 1896 468 1927 500; x_wconf 92' lang='lat' dir='ltr'>in</span> <span class='ocrx_word' id='word_1_273' title='bbox 1961 478 1995 502; x_wconf 82' lang='lat' dir='ltr'>re</span> 
     </span>
    </p>
   </div>
   <div class='ocr_carea' id='block_1_15' title="bbox 1252 520 1997 1411">
    <p class='ocr_par' dir='ltr' id='par_1_17' title="bbox 1252 520 1997 1356">
     <span class='ocr_line' id='line_1_57' title="bbox 1255 520 1997 563; baseline 0.007 -14"><span class='ocrx_word' id='word_1_274' title='bbox 1255 524 1407 561; x_wconf 79' lang='lat' dir='ltr'>quantum</span> <span class='ocrx_word' id='word_1_275' title='bbox 1434 530 1504 551; x_wconf 87' lang='lat' dir='ltr'>cum</span> <span class='ocrx_word' id='word_1_276' title='bbox 1531 520 1666 552; x_wconf 87' lang='lat' dir='ltr'>Domino</span> <span class='ocrx_word' id='word_1_277' title='bbox 1703 530 1875 563; x_wconf 87' lang='lat' dir='ltr'>possumus</span> <span class='ocrx_word' id='word_1_278' title='bbox 1912 521 1997 554; x_wconf 85' lang='lat' dir='ltr'>savo-</span> 
     </span>
     <span class='ocr_line' id='line_1_58' title="bbox 1256 572 1994 617; baseline 0.007 -14"><span class='ocrx_word' id='word_1_279' title='bbox 1256 572 1401 604; x_wconf 88' lang='lat' dir='ltr'>rabititer</span> <span class='ocrx_word' id='word_1_280' title='bbox 1437 582 1608 612; x_wconf 87' lang='lat' dir='ltr'>annuere,</span> <span class='ocrx_word' id='word_1_281' title='bbox 1645 583 1764 616; x_wconf 85' lang='lat' dir='ltr'>eosque</span> <span class='ocrx_word' id='word_1_282' title='bbox 1801 574 1994 617; x_wconf 85' lang='lat' dir='ltr'>specialibus</span> 
     </span>
     <span class='ocr_line' id='line_1_59' title="bbox 1255 624 1993 669; baseline 0.005 -13"><span class='ocrx_word' id='word_1_283' title='bbox 1255 624 1415 657; x_wconf 80' lang='lat' dir='ltr'>favoribus</span> <span class='ocrx_word' id='word_1_284' title='bbox 1442 629 1473 657; x_wconf 91' lang='lat' dir='ltr'>et</span> <span class='ocrx_word' id='word_1_285' title='bbox 1498 625 1611 667; x_wconf 78' lang='lat' dir='ltr'>gratiis</span> <span class='ocrx_word' id='word_1_286' title='bbox 1647 626 1800 669; x_wconf 87' lang='lat' dir='ltr'>prosequi</span> <span class='ocrx_word' id='word_1_287' title='bbox 1827 628 1993 667; x_wconf 90' lang='lat' dir='ltr'>volentes,</span> 
     </span>
     <span class='ocr_line' id='line_1_60' title="bbox 1253 677 1996 720; baseline 0.007 -11"><span class='ocrx_word' id='word_1_288' title='bbox 1253 677 1548 720; x_wconf 86' lang='lat' dir='ltr'>supplicationibus</span> <span class='ocrx_word' id='word_1_289' title='bbox 1588 679 1774 711; x_wconf 87' lang='lat' dir='ltr'>eorumdem</span> <span class='ocrx_word' id='word_1_290' title='bbox 1808 680 1996 714; x_wconf 84' lang='lat' dir='ltr'>nominibus</span> 
     </span>
     <span class='ocr_line' id='line_1_61' title="bbox 1252 730 1995 775; baseline 0.005 -13"><span class='ocrx_word' id='word_1_291' title='bbox 1252 730 1344 762; x_wconf 87' lang='lat' dir='ltr'>nobis</span> <span class='ocrx_word' id='word_1_292' title='bbox 1369 741 1465 774; x_wconf 87' lang='lat' dir='ltr'>super</span> <span class='ocrx_word' id='word_1_293' title='bbox 1489 731 1549 764; x_wconf 87' lang='lat' dir='ltr'>hoc</span> <span class='ocrx_word' id='word_1_294' title='bbox 1576 731 1745 765; x_wconf 86' lang='lat' dir='ltr'>humiliter</span> <span class='ocrx_word' id='word_1_295' title='bbox 1769 733 1931 775; x_wconf 88' lang='lat' dir='ltr'>porrectis</span> <span class='ocrx_word' id='word_1_296' title='bbox 1950 733 1995 766; x_wconf 90' lang='lat' dir='ltr'>in-</span> 
     </span>
     <span class='ocr_line' id='line_1_62' title="bbox 1253 782 1995 822; baseline 0.007 -8"><span class='ocrx_word' id='word_1_297' title='bbox 1253 782 1385 822; x_wconf 87' lang='lat' dir='ltr'>clinati,</span> <span class='ocrx_word' id='word_1_298' title='bbox 1413 784 1577 816; x_wconf 86' lang='lat' dir='ltr'>decretum</span> <span class='ocrx_word' id='word_1_299' title='bbox 1604 795 1620 816; x_wconf 88' lang='lat' dir='ltr'>a</span> <span class='ocrx_word' id='word_1_300' title='bbox 1646 787 1822 818; x_wconf 80' lang='lat' dir='ltr'>memorata</span> <span class='ocrx_word' id='word_1_301' title='bbox 1848 785 1995 819; x_wconf 87' lang='lat' dir='ltr'>cardina-</span> 
     </span>
     <span class='ocr_line' id='line_1_63' title="bbox 1253 836 1994 882; baseline 0.003 -13"><span class='ocrx_word' id='word_1_302' title='bbox 1253 837 1329 869; x_wconf 87' lang='lat' dir='ltr'>lium</span> <span class='ocrx_word' id='word_1_303' title='bbox 1346 836 1604 879; x_wconf 79' lang='lat' dir='ltr'>Congregatione</span> <span class='ocrx_word' id='word_1_304' title='bbox 1627 838 1759 879; x_wconf 85' lang='lat' dir='ltr'>editum,</span> <span class='ocrx_word' id='word_1_305' title='bbox 1777 839 1994 882; x_wconf 83' lang='lat' dir='ltr'>utprasertur,</span> 
     </span>
     <span class='ocr_line' id='line_1_64' title="bbox 1253 889 1995 934; baseline 0.005 -14"><span class='ocrx_word' id='word_1_306' title='bbox 1253 890 1339 932; x_wconf 85' lang='lat' dir='ltr'>quod</span> <span class='ocrx_word' id='word_1_307' title='bbox 1362 889 1486 922; x_wconf 74' lang='lat' dir='ltr'>scilicet</span> <span class='ocrx_word' id='word_1_308' title='bbox 1511 890 1550 923; x_wconf 89' lang='lat' dir='ltr'>de</span> <span class='ocrx_word' id='word_1_309' title='bbox 1570 901 1644 923; x_wconf 82' lang='lat' dir='ltr'>casu</span> <span class='ocrx_word' id='word_1_310' title='bbox 1665 897 1802 934; x_wconf 73' lang='lat' dir='ltr'>excepto</span> <span class='ocrx_word' id='word_1_311' title='bbox 1822 902 1838 924; x_wconf 86' lang='lat' dir='ltr'>a</span> <span class='ocrx_word' id='word_1_312' title='bbox 1857 892 1995 924; x_wconf 88' lang='lat' dir='ltr'>decretis</span> 
     </span>
     <span class='ocr_line' id='line_1_65' title="bbox 1252 942 1994 986; baseline 0.008 -14"><span class='ocrx_word' id='word_1_313' title='bbox 1252 942 1410 985; x_wconf 84' lang='lat' dir='ltr'>praedicti</span> <span class='ocrx_word' id='word_1_314' title='bbox 1438 942 1558 975; x_wconf 88' lang='lat' dir='ltr'>Urbani</span> <span class='ocrx_word' id='word_1_315' title='bbox 1578 944 1853 986; x_wconf 82' lang='lat' dir='ltr'>praedecessoris,</span> <span class='ocrx_word' id='word_1_316' title='bbox 1871 944 1936 977; x_wconf 83' lang='lat' dir='ltr'>sive</span> <span class='ocrx_word' id='word_1_317' title='bbox 1955 945 1994 978; x_wconf 89' lang='lat' dir='ltr'>de</span> 
     </span>
     <span class='ocr_line' id='line_1_66' title="bbox 1253 995 1995 1041; baseline 0.005 -14"><span class='ocrx_word' id='word_1_318' title='bbox 1253 995 1336 1027; x_wconf 89' lang='lat' dir='ltr'>cultu</span> <span class='ocrx_word' id='word_1_319' title='bbox 1364 995 1493 1037; x_wconf 90' lang='lat' dir='ltr'>publico</span> <span class='ocrx_word' id='word_1_320' title='bbox 1518 996 1557 1027; x_wconf 87' lang='lat' dir='ltr'>ab</span> <span class='ocrx_word' id='word_1_321' title='bbox 1569 996 1823 1041; x_wconf 31' lang='lat' dir='ltr'>&#39;immemorabili</span> <span class='ocrx_word' id='word_1_322' title='bbox 1848 1002 1995 1040; x_wconf 85' lang='lat' dir='ltr'>tempore</span> 
     </span>
     <span class='ocr_line' id='line_1_67' title="bbox 1253 1048 1994 1091; baseline 0.005 -12"><span class='ocrx_word' id='word_1_323' title='bbox 1253 1048 1355 1080; x_wconf 81' lang='lat' dir='ltr'>dictae</span> <span class='ocrx_word' id='word_1_324' title='bbox 1370 1048 1402 1080; x_wconf 90' lang='lat' dir='ltr'>B.</span> <span class='ocrx_word' id='word_1_325' title='bbox 1414 1048 1604 1081; x_wconf 80' lang='lat' dir='ltr'>Micbelinae</span> <span class='ocrx_word' id='word_1_326' title='bbox 1618 1050 1773 1091; x_wconf 84' lang='lat' dir='ltr'>praestito</span> <span class='ocrx_word' id='word_1_327' title='bbox 1789 1055 1927 1090; x_wconf 89' lang='lat' dir='ltr'>constet,</span> <span class='ocrx_word' id='word_1_328' title='bbox 1945 1061 1994 1083; x_wconf 89' lang='lat' dir='ltr'>au-</span> 
     </span>
     <span class='ocr_line' id='line_1_68' title="bbox 1252 1100 1994 1145; baseline 0.005 -14"><span class='ocrx_word' id='word_1_329' title='bbox 1252 1100 1397 1133; x_wconf 89' lang='lat' dir='ltr'>ctoritate</span> <span class='ocrx_word' id='word_1_330' title='bbox 1416 1101 1606 1143; x_wconf 81' lang='lat' dir='ltr'>apostolica,</span> <span class='ocrx_word' id='word_1_331' title='bbox 1627 1107 1739 1134; x_wconf 88' lang='lat' dir='ltr'>tenore</span> <span class='ocrx_word' id='word_1_332' title='bbox 1764 1102 1994 1145; x_wconf 85' lang='lat' dir='ltr'>praesentium,</span> 
     </span>
     <span class='ocr_line' id='line_1_69' title="bbox 1253 1153 1996 1200; baseline 0.005 -15"><span class='ocrx_word' id='word_1_333' title='bbox 1253 1153 1480 1186; x_wconf 75' lang='lat' dir='ltr'>confirmamus</span> <span class='ocrx_word' id='word_1_334' title='bbox 1496 1159 1526 1186; x_wconf 85' lang='lat' dir='ltr'>et</span> <span class='ocrx_word' id='word_1_335' title='bbox 1544 1155 1773 1198; x_wconf 84' lang='lat' dir='ltr'>approbamus,</span> <span class='ocrx_word' id='word_1_336' title='bbox 1789 1155 1902 1199; x_wconf 88' lang='lat' dir='ltr'>illique</span> <span class='ocrx_word' id='word_1_337' title='bbox 1921 1166 1996 1200; x_wconf 88' lang='lat' dir='ltr'>apo-</span> 
     </span>
     <span class='ocr_line' id='line_1_70' title="bbox 1253 1206 1995 1242; baseline 0.005 -4"><span class='ocrx_word' id='word_1_338' title='bbox 1253 1206 1386 1239; x_wconf 87' lang='lat' dir='ltr'>stolicae</span> <span class='ocrx_word' id='word_1_339' title='bbox 1406 1207 1563 1239; x_wconf 78' lang='lat' dir='ltr'>firmitatis</span> <span class='ocrx_word' id='word_1_340' title='bbox 1584 1207 1681 1240; x_wconf 90' lang='lat' dir='ltr'>robur</span> <span class='ocrx_word' id='word_1_341' title='bbox 1702 1208 1888 1242; x_wconf 86' lang='lat' dir='ltr'>adiicimus:</span> <span class='ocrx_word' id='word_1_342' title='bbox 1907 1210 1995 1242; x_wconf 72' lang='lat' dir='ltr'>salva</span> 
     </span>
     <span class='ocr_line' id='line_1_71' title="bbox 1254 1260 1991 1304; baseline 0.005 -13"><span class='ocrx_word' id='word_1_343' title='bbox 1254 1264 1359 1293; x_wconf 82' lang='lat' dir='ltr'>tamen</span> <span class='ocrx_word' id='word_1_344' title='bbox 1386 1270 1513 1303; x_wconf 84' lang='lat' dir='ltr'>semper</span> <span class='ocrx_word' id='word_1_345' title='bbox 1532 1260 1563 1292; x_wconf 90' lang='lat' dir='ltr'>in</span> <span class='ocrx_word' id='word_1_346' title='bbox 1585 1260 1772 1304; x_wconf 81' lang='lat' dir='ltr'>praemissis</span> <span class='ocrx_word' id='word_1_347' title='bbox 1798 1262 1991 1296; x_wconf 86' lang='lat' dir='ltr'>auctoritate</span> 
     </span>
     <span class='ocr_line' id='line_1_72' title="bbox 1253 1313 1994 1356; baseline 0.004 -11"><span class='ocrx_word' id='word_1_348' title='bbox 1253 1318 1448 1346; x_wconf 83' lang='lat' dir='ltr'>memoratae</span> <span class='ocrx_word' id='word_1_349' title='bbox 1474 1313 1744 1356; x_wconf 80' lang='lat' dir='ltr'>Congregationis</span> <span class='ocrx_word' id='word_1_350' title='bbox 1769 1314 1994 1348; x_wconf 86' lang='lat' dir='ltr'>cardinalium.</span> 
     </span>
    </p>

    <p class='ocr_par' dir='ltr' id='par_1_18' title="bbox 1295 1366 1995 1411">
     <span class='ocr_line' id='line_1_73' title="bbox 1295 1366 1995 1411; baseline 0.004 -13"><span class='ocrx_word' id='word_1_351' title='bbox 1295 1367 1310 1409; x_wconf 60' lang='grc' dir='ltr'><strong>ἓ</strong></span> <span class='ocrx_word' id='word_1_352' title='bbox 1335 1366 1365 1398; x_wconf 72' lang='grc'>4.</span> <span class='ocrx_word' id='word_1_353' title='bbox 1392 1366 1621 1407; x_wconf 88' lang='lat' dir='ltr'>Decernentes,</span> <span class='ocrx_word' id='word_1_354' title='bbox 1648 1368 1778 1401; x_wconf 85' lang='lat' dir='ltr'>easdem</span> <span class='ocrx_word' id='word_1_355' title='bbox 1803 1374 1995 1411; x_wconf 85' lang='lat' dir='ltr'>praesentes</span> 
     </span>
    </p>
   </div>
   <div class='ocr_carea' id='block_1_16' title="bbox 2002 207 2186 238">
    <p class='ocr_par' dir='ltr' id='par_1_19' title="bbox 2002 201 2227 258">
     <span class='ocr_line' id='line_1_74' title="bbox 2002 207 2186 238; baseline 0.022 -5"><span class='ocrx_word' id='word_1_356' title='bbox 2002 207 2053 235; x_wconf 73' lang='lat' dir='ltr'>An.</span> <span class='ocrx_word' id='word_1_357' title='bbox 2072 207 2101 236; x_wconf 86' lang='lat' dir='ltr'>c.</span> <span class='ocrx_word' id='word_1_358' title='bbox 2124 209 2186 238; x_wconf 77' lang='lat'>¹737</span> 
     </span>
    </p>
   </div>
   <div class='ocr_carea' id='block_1_17' title="bbox 2075 1379 2188 1401">
    <p class='ocr_par' dir='ltr' id='par_1_20' title="bbox 2075 1379 2188 1401">
     <span class='ocr_line' id='line_1_75' title="bbox 2075 1379 2188 1401; baseline 0.018 -2"><span class='ocrx_word' id='word_1_359' title='bbox 2075 1379 2188 1401; x_wconf 68' lang='lat' dir='ltr'>Clausutae</span> 
     </span>
    </p>
   </div>
   <div class='ocr_carea' id='block_1_18' title="bbox 1972 1405 2182 1428">
    <p class='ocr_par' dir='ltr' id='par_1_21' title="bbox 1972 1405 2182 1428">
     <span class='ocr_line' id='line_1_76' title="bbox 1972 1405 2182 1428; baseline 0.005 -2"><span class='ocrx_word' id='word_1_360' title='bbox 1972 1422 1978 1428; x_wconf 83' lang='lat'><strong>.</strong></span> <span class='ocrx_word' id='word_1_361' title='bbox 2006 1405 2182 1428; x_wconf 67' lang='lat' dir='ltr'>confirmatorias.</span> 
     </span>
    </p>
   </div>
   <div class='ocr_carea' id='block_1_19' title="bbox 1251 1419 1997 1936">
    <p class='ocr_par' dir='ltr' id='par_1_22' title="bbox 1251 1419 1997 1936">
     <span class='ocr_line' id='line_1_77' title="bbox 1252 1419 1996 1460; baseline 0.003 -7"><span class='ocrx_word' id='word_1_362' title='bbox 1252 1419 1378 1453; x_wconf 87' lang='lat' dir='ltr'>litteras</span> <span class='ocrx_word' id='word_1_363' title='bbox 1405 1420 1524 1460; x_wconf 84' lang='lat' dir='ltr'>firmas,</span> <span class='ocrx_word' id='word_1_364' title='bbox 1552 1421 1673 1454; x_wconf 86' lang='lat' dir='ltr'>validas</span> <span class='ocrx_word' id='word_1_365' title='bbox 1700 1426 1731 1454; x_wconf 88' lang='lat' dir='ltr'>et</span> <span class='ocrx_word' id='word_1_366' title='bbox 1756 1422 1904 1455; x_wconf 79' lang='lat' dir='ltr'>efficaces</span> <span class='ocrx_word' id='word_1_367' title='bbox 1930 1433 1996 1455; x_wconf 81' lang='lat' dir='ltr'>exi-</span> 
     </span>
     <span class='ocr_line' id='line_1_78' title="bbox 1252 1473 1996 1517; baseline 0.004 -12"><span class='ocrx_word' id='word_1_368' title='bbox 1252 1478 1336 1505; x_wconf 88' lang='lat' dir='ltr'>stere</span> <span class='ocrx_word' id='word_1_369' title='bbox 1362 1478 1393 1505; x_wconf 86' lang='lat' dir='ltr'>et</span> <span class='ocrx_word' id='word_1_370' title='bbox 1419 1473 1500 1513; x_wconf 84' lang='lat' dir='ltr'>sore,</span> <span class='ocrx_word' id='word_1_371' title='bbox 1527 1484 1668 1516; x_wconf 85' lang='lat' dir='ltr'>suosque</span> <span class='ocrx_word' id='word_1_372' title='bbox 1696 1475 1861 1517; x_wconf 84' lang='lat' dir='ltr'>plenarios</span> <span class='ocrx_word' id='word_1_373' title='bbox 1888 1481 1920 1508; x_wconf 84' lang='lat' dir='ltr'>et</span> <span class='ocrx_word' id='word_1_374' title='bbox 1949 1476 1996 1508; x_wconf 91' lang='lat' dir='ltr'>in-</span> 
     </span>
     <span class='ocr_line' id='line_1_79' title="bbox 1254 1526 1996 1568; baseline 0.004 -10"><span class='ocrx_word' id='word_1_375' title='bbox 1254 1531 1360 1567; x_wconf 73' lang='lat' dir='ltr'>tegros</span> <span class='ocrx_word' id='word_1_376' title='bbox 1388 1526 1521 1559; x_wconf 75' lang='lat' dir='ltr'>effectus</span> <span class='ocrx_word' id='word_1_377' title='bbox 1546 1527 1653 1559; x_wconf 91' lang='lat' dir='ltr'>sortiri</span> <span class='ocrx_word' id='word_1_378' title='bbox 1680 1534 1711 1560; x_wconf 92' lang='lat' dir='ltr'>et</span> <span class='ocrx_word' id='word_1_379' title='bbox 1747 1528 1922 1568; x_wconf 88' lang='lat' dir='ltr'>obtinere,</span> <span class='ocrx_word' id='word_1_380' title='bbox 1960 1539 1996 1561; x_wconf 87' lang='lat' dir='ltr'>ac</span> 
     </span>
     <span class='ocr_line' id='line_1_80' title="bbox 1252 1579 1994 1623; baseline 0.005 -12"><span class='ocrx_word' id='word_1_381' title='bbox 1252 1579 1342 1618; x_wconf 89' lang='lat' dir='ltr'>illis,</span> <span class='ocrx_word' id='word_1_382' title='bbox 1382 1580 1420 1612; x_wconf 89' lang='lat' dir='ltr'>ad</span> <span class='ocrx_word' id='word_1_383' title='bbox 1448 1590 1530 1622; x_wconf 89' lang='lat' dir='ltr'>quos</span> <span class='ocrx_word' id='word_1_384' title='bbox 1556 1586 1680 1623; x_wconf 84' lang='lat' dir='ltr'>spectat</span> <span class='ocrx_word' id='word_1_385' title='bbox 1704 1587 1735 1613; x_wconf 90' lang='lat' dir='ltr'>et</span> <span class='ocrx_word' id='word_1_386' title='bbox 1766 1583 1926 1623; x_wconf 86' lang='lat' dir='ltr'>spectabit</span> <span class='ocrx_word' id='word_1_387' title='bbox 1961 1582 1994 1615; x_wconf 91' lang='lat' dir='ltr'>in</span> 
     </span>
     <span class='ocr_line' id='line_1_81' title="bbox 1253 1632 1994 1676; baseline 0.004 -12"><span class='ocrx_word' id='word_1_388' title='bbox 1253 1633 1404 1672; x_wconf 83' lang='lat' dir='ltr'>futurum,</span> <span class='ocrx_word' id='word_1_389' title='bbox 1431 1632 1622 1675; x_wconf 86' lang='lat' dir='ltr'>plenissime</span> <span class='ocrx_word' id='word_1_390' title='bbox 1644 1632 1823 1676; x_wconf 74' lang='lat' dir='ltr'>suffragari,</span> <span class='ocrx_word' id='word_1_391' title='bbox 1844 1639 1876 1667; x_wconf 85' lang='lat' dir='ltr'>et</span> <span class='ocrx_word' id='word_1_392' title='bbox 1893 1634 1931 1667; x_wconf 90' lang='lat' dir='ltr'>ab</span> <span class='ocrx_word' id='word_1_393' title='bbox 1947 1635 1994 1668; x_wconf 89' lang='lat' dir='ltr'>eis</span> 
     </span>
     <span class='ocr_line' id='line_1_82' title="bbox 1253 1685 1995 1730; baseline 0.004 -13"><span class='ocrx_word' id='word_1_394' title='bbox 1253 1685 1433 1728; x_wconf 83' lang='lat' dir='ltr'>respective</span> <span class='ocrx_word' id='word_1_395' title='bbox 1449 1685 1682 1719; x_wconf 86' lang='lat' dir='ltr'>inviolabiliter</span> <span class='ocrx_word' id='word_1_396' title='bbox 1692 1686 1868 1728; x_wconf 77' lang='lat' dir='ltr'>observari⁷</span> <span class='ocrx_word' id='word_1_397' title='bbox 1883 1687 1995 1730; x_wconf 85' lang='lat' dir='ltr'>sicque</span> 
     </span>
     <span class='ocr_line' id='line_1_83' title="bbox 1252 1737 1995 1782; baseline 0.004 -12"><span class='ocrx_word' id='word_1_398' title='bbox 1252 1737 1283 1770; x_wconf 91' lang='lat' dir='ltr'>in</span> <span class='ocrx_word' id='word_1_399' title='bbox 1308 1738 1496 1781; x_wconf 84' lang='lat' dir='ltr'>praemissis</span> <span class='ocrx_word' id='word_1_400' title='bbox 1525 1749 1582 1781; x_wconf 90' lang='lat' dir='ltr'>per</span> <span class='ocrx_word' id='word_1_401' title='bbox 1619 1749 1841 1782; x_wconf 83' lang='lat' dir='ltr'>quoscumque</span> <span class='ocrx_word' id='word_1_402' title='bbox 1870 1739 1995 1773; x_wconf 87' lang='lat' dir='ltr'>indices</span> 
     </span>
     <span class='ocr_line' id='line_1_84' title="bbox 1251 1791 1995 1833; baseline 0.004 -11"><span class='ocrx_word' id='word_1_403' title='bbox 1251 1791 1432 1823; x_wconf 89' lang='lat' dir='ltr'>ordinarios</span> <span class='ocrx_word' id='word_1_404' title='bbox 1453 1796 1483 1823; x_wconf 89' lang='lat' dir='ltr'>et</span> <span class='ocrx_word' id='word_1_405' title='bbox 1509 1791 1682 1833; x_wconf 78' lang='lat' dir='ltr'>delegatos,</span> <span class='ocrx_word' id='word_1_406' title='bbox 1703 1791 1797 1824; x_wconf 84' lang='lat' dir='ltr'>etiam</span> <span class='ocrx_word' id='word_1_407' title='bbox 1824 1802 1995 1825; x_wconf 80' lang='lat' dir='ltr'>causarum</span> 
     </span>
     <span class='ocr_line' id='line_1_85' title="bbox 1253 1843 1997 1887; baseline 0.001 -12"><span class='ocrx_word' id='word_1_408' title='bbox 1253 1843 1362 1887; x_wconf 79' lang='lat' dir='ltr'>palatii</span> <span class='ocrx_word' id='word_1_409' title='bbox 1389 1843 1560 1886; x_wconf 85' lang='lat' dir='ltr'>apostolici</span> <span class='ocrx_word' id='word_1_410' title='bbox 1587 1843 1767 1883; x_wconf 87' lang='lat' dir='ltr'>auditores,</span> <span class='ocrx_word' id='word_1_411' title='bbox 1794 1844 1930 1877; x_wconf 88' lang='lat' dir='ltr'>iudicari</span> <span class='ocrx_word' id='word_1_412' title='bbox 1965 1850 1997 1877; x_wconf 90' lang='lat' dir='ltr'>et</span> 
     </span>
     <span class='ocr_line' id='line_1_86' title="bbox 1253 1896 1995 1936; baseline 0 -7"><span class='ocrx_word' id='word_1_413' title='bbox 1253 1896 1379 1929; x_wconf 82' lang='lat' dir='ltr'>deliniri</span> <span class='ocrx_word' id='word_1_414' title='bbox 1403 1896 1534 1936; x_wconf 87' lang='lat' dir='ltr'>debere,</span> <span class='ocrx_word' id='word_1_415' title='bbox 1560 1906 1596 1929; x_wconf 86' lang='lat' dir='ltr'>ac</span> <span class='ocrx_word' id='word_1_416' title='bbox 1621 1896 1749 1928; x_wconf 89' lang='lat' dir='ltr'>irritum</span> <span class='ocrx_word' id='word_1_417' title='bbox 1771 1901 1803 1929; x_wconf 86' lang='lat' dir='ltr'>et</span> <span class='ocrx_word' id='word_1_418' title='bbox 1834 1896 1930 1930; x_wconf 87' lang='lat' dir='ltr'>inane</span> <span class='ocrx_word' id='word_1_419' title='bbox 1969 1896 1995 1929; x_wconf 90' lang='lat' dir='ltr'>si</span> 
     </span>
    </p>
   </div>
   <div class='ocr_carea' id='block_1_20' title="bbox 1230 1949 1996 1993">
    <p class='ocr_par' dir='ltr' id='par_1_23' title="bbox 1230 1949 1996 1993">
     <span class='ocr_line' id='line_1_87' title="bbox 1230 1949 1996 1993; baseline -0.001 -10"><span class='ocrx_word' id='word_1_420' title='bbox 1230 1960 1346 1983; x_wconf 62' lang='lat' dir='ltr'>‘secus</span> <span class='ocrx_word' id='word_1_421' title='bbox 1371 1960 1469 1992; x_wconf 88' lang='lat' dir='ltr'>super</span> <span class='ocrx_word' id='word_1_422' title='bbox 1496 1949 1545 1982; x_wconf 89' lang='lat' dir='ltr'>bis</span> <span class='ocrx_word' id='word_1_423' title='bbox 1570 1960 1587 1982; x_wconf 87' lang='lat' dir='ltr'>a</span> <span class='ocrx_word' id='word_1_424' title='bbox 1613 1960 1787 1993; x_wconf 86' lang='lat' dir='ltr'>quoquam,</span> <span class='ocrx_word' id='word_1_425' title='bbox 1809 1949 1920 1992; x_wconf 89' lang='lat' dir='ltr'>quavis</span> <span class='ocrx_word' id='word_1_426' title='bbox 1939 1961 1996 1983; x_wconf 81' lang='lat' dir='ltr'>att-</span> 
     </span>
    </p>
   </div>
   <div class='ocr_carea' id='block_1_21' title="bbox 1252 2002 1995 2634">
    <p class='ocr_par' dir='ltr' id='par_1_24' title="bbox 1253 2002 1995 2098">
     <span class='ocr_line' id='line_1_88' title="bbox 1253 2002 1995 2045; baseline 0 -10"><span class='ocrx_word' id='word_1_427' title='bbox 1253 2002 1423 2042; x_wconf 87' lang='lat' dir='ltr'>ctoritate,</span> <span class='ocrx_word' id='word_1_428' title='bbox 1451 2002 1594 2035; x_wconf 88' lang='lat' dir='ltr'>scienter</span> <span class='ocrx_word' id='word_1_429' title='bbox 1619 2003 1666 2035; x_wconf 89' lang='lat' dir='ltr'>vel</span> <span class='ocrx_word' id='word_1_430' title='bbox 1689 2002 1893 2045; x_wconf 80' lang='lat' dir='ltr'>ignoranter,</span> <span class='ocrx_word' id='word_1_431' title='bbox 1920 2012 1995 2036; x_wconf 86' lang='lat' dir='ltr'>con·</span> 
     </span>
     <span class='ocr_line' id='line_1_89' title="bbox 1254 2055 1545 2098; baseline -0.003 -10"><span class='ocrx_word' id='word_1_432' title='bbox 1254 2056 1364 2098; x_wconf 78' lang='lat' dir='ltr'>tigerit</span> <span class='ocrx_word' id='word_1_433' title='bbox 1380 2055 1545 2089; x_wconf 84' lang='lat' dir='ltr'>attentari.</span> 
     </span>
    </p>

    <p class='ocr_par' dir='ltr' id='par_1_25' title="bbox 1253 2108 1993 2258">
     <span class='ocr_line' id='line_1_90' title="bbox 1297 2108 1993 2152; baseline 0.001 -11"><span class='ocrx_word' id='word_1_434' title='bbox 1297 2109 1311 2152; x_wconf 65' lang='lat' dir='ltr'>g</span> <span class='ocrx_word' id='word_1_435' title='bbox 1337 2108 1367 2141; x_wconf 81' lang='lat'>5.</span> <span class='ocrx_word' id='word_1_436' title='bbox 1395 2108 1464 2141; x_wconf 91' lang='lat' dir='ltr'>Non</span> <span class='ocrx_word' id='word_1_437' title='bbox 1484 2108 1688 2141; x_wconf 86' lang='lat' dir='ltr'>obstantibus</span> <span class='ocrx_word' id='word_1_438' title='bbox 1707 2109 1993 2142; x_wconf 84' lang='lat' dir='ltr'>constitutionibus</span> 
     </span>
     <span class='ocr_line' id='line_1_91' title="bbox 1253 2161 1993 2205; baseline 0 -11"><span class='ocrx_word' id='word_1_439' title='bbox 1253 2168 1283 2195; x_wconf 88' lang='lat' dir='ltr'>et</span> <span class='ocrx_word' id='word_1_440' title='bbox 1300 2161 1562 2195; x_wconf 85' lang='lat' dir='ltr'>ordinationibus</span> <span class='ocrx_word' id='word_1_441' title='bbox 1588 2161 1783 2205; x_wconf 86' lang='lat' dir='ltr'>apostolicis,</span> <span class='ocrx_word' id='word_1_442' title='bbox 1806 2162 1993 2205; x_wconf 85' lang='lat' dir='ltr'>ceterisque</span> 
     </span>
     <span class='ocr_line' id='line_1_92' title="bbox 1253 2214 1726 2258; baseline 0.002 -10"><span class='ocrx_word' id='word_1_443' title='bbox 1253 2214 1424 2249; x_wconf 89' lang='lat' dir='ltr'>contrariis</span> <span class='ocrx_word' id='word_1_444' title='bbox 1454 2214 1726 2258; x_wconf 83' lang='lat' dir='ltr'>quibuscumque.</span> 
     </span>
    </p>

    <p class='ocr_par' dir='ltr' id='par_1_26' title="bbox 1252 2267 1995 2634">
     <span class='ocr_line' id='line_1_93' title="bbox 1296 2267 1995 2312; baseline 0.003 -12"><span class='ocrx_word' id='word_1_445' title='bbox 1296 2270 1310 2312; x_wconf 62' lang='grc' dir='ltr'><strong>ἓ</strong></span> <span class='ocrx_word' id='word_1_446' title='bbox 1337 2268 1367 2301; x_wconf 82' lang='grc'>5.</span> <span class='ocrx_word' id='word_1_447' title='bbox 1389 2268 1544 2301; x_wconf 85' lang='lat' dir='ltr'>Volumus</span> <span class='ocrx_word' id='word_1_448' title='bbox 1564 2273 1669 2301; x_wconf 75' lang='lat' dir='ltr'>atitem</span> <span class='ocrx_word' id='word_1_449' title='bbox 1688 2273 1721 2300; x_wconf 87' lang='lat' dir='ltr'>ut</span> <span class='ocrx_word' id='word_1_450' title='bbox 1737 2267 1880 2311; x_wconf 87' lang='lat' dir='ltr'>ipsarum</span> <span class='ocrx_word' id='word_1_451' title='bbox 1899 2278 1995 2312; x_wconf 86' lang='lat' dir='ltr'>prae-</span> 
     </span>
     <span class='ocr_line' id='line_1_94' title="bbox 1252 2321 1993 2364; baseline 0 -10"><span class='ocrx_word' id='word_1_452' title='bbox 1252 2321 1394 2354; x_wconf 87' lang='lat' dir='ltr'>sentium</span> <span class='ocrx_word' id='word_1_453' title='bbox 1415 2321 1596 2354; x_wconf 83' lang='lat' dir='ltr'>litterarum</span> <span class='ocrx_word' id='word_1_454' title='bbox 1616 2321 1839 2364; x_wconf 89' lang='lat' dir='ltr'>transumptis,</span> <span class='ocrx_word' id='word_1_455' title='bbox 1857 2331 1914 2354; x_wconf 85' lang='lat' dir='ltr'>seu</span> <span class='ocrx_word' id='word_1_456' title='bbox 1940 2332 1993 2354; x_wconf 82' lang='lat' dir='ltr'>ex-</span> 
     </span>
     <span class='ocr_line' id='line_1_95' title="bbox 1252 2374 1994 2418; baseline 0 -10"><span class='ocrx_word' id='word_1_457' title='bbox 1252 2374 1379 2418; x_wconf 84' lang='lat' dir='ltr'>emplis,</span> <span class='ocrx_word' id='word_1_458' title='bbox 1405 2375 1502 2407; x_wconf 88' lang='lat' dir='ltr'>etiam</span> <span class='ocrx_word' id='word_1_459' title='bbox 1528 2374 1710 2418; x_wconf 89' lang='lat' dir='ltr'>impressis,</span> <span class='ocrx_word' id='word_1_460' title='bbox 1737 2385 1832 2408; x_wconf 89' lang='lat' dir='ltr'>manu</span> <span class='ocrx_word' id='word_1_461' title='bbox 1858 2374 1994 2408; x_wconf 88' lang='lat' dir='ltr'>alicuius</span> 
     </span>
     <span class='ocr_line' id='line_1_96' title="bbox 1252 2427 1994 2472; baseline 0 -11"><span class='ocrx_word' id='word_1_462' title='bbox 1252 2428 1369 2461; x_wconf 88' lang='lat' dir='ltr'>notarii</span> <span class='ocrx_word' id='word_1_463' title='bbox 1389 2427 1510 2471; x_wconf 88' lang='lat' dir='ltr'>publici</span> <span class='ocrx_word' id='word_1_464' title='bbox 1528 2428 1728 2472; x_wconf 49' lang='lat' dir='ltr'>subscriptis</span> <span class='ocrx_word' id='word_1_465' title='bbox 1748 2433 1779 2461; x_wconf 90' lang='lat' dir='ltr'>et</span> <span class='ocrx_word' id='word_1_466' title='bbox 1797 2428 1903 2471; x_wconf 81' lang='lat' dir='ltr'>sigillo</span> <span class='ocrx_word' id='word_1_467' title='bbox 1921 2438 1994 2472; x_wconf 88' lang='lat' dir='ltr'>per-</span> 
     </span>
     <span class='ocr_line' id='line_1_97' title="bbox 1253 2481 1995 2524; baseline -0.001 -9"><span class='ocrx_word' id='word_1_468' title='bbox 1253 2492 1349 2515; x_wconf 89' lang='lat' dir='ltr'>sonae</span> <span class='ocrx_word' id='word_1_469' title='bbox 1376 2482 1407 2514; x_wconf 88' lang='lat' dir='ltr'>in</span> <span class='ocrx_word' id='word_1_470' title='bbox 1434 2481 1656 2515; x_wconf 77' lang='lat' dir='ltr'>ecclesiastica</span> <span class='ocrx_word' id='word_1_471' title='bbox 1690 2481 1846 2524; x_wconf 84' lang='lat' dir='ltr'>dignitate</span> <span class='ocrx_word' id='word_1_472' title='bbox 1871 2481 1995 2514; x_wconf 90' lang='lat' dir='ltr'>consti-</span> 
     </span>
     <span class='ocr_line' id='line_1_98' title="bbox 1255 2533 1993 2578; baseline -0.001 -11"><span class='ocrx_word' id='word_1_473' title='bbox 1255 2540 1342 2568; x_wconf 88' lang='lat' dir='ltr'>tutae</span> <span class='ocrx_word' id='word_1_474' title='bbox 1357 2535 1500 2575; x_wconf 80' lang='lat' dir='ltr'>munitis,</span> <span class='ocrx_word' id='word_1_475' title='bbox 1519 2535 1634 2568; x_wconf 88' lang='lat' dir='ltr'>eadem</span> <span class='ocrx_word' id='word_1_476' title='bbox 1646 2544 1782 2578; x_wconf 91' lang='lat' dir='ltr'>prorsus</span> <span class='ocrx_word' id='word_1_477' title='bbox 1800 2534 1879 2567; x_wconf 86' lang='lat' dir='ltr'>fides</span> <span class='ocrx_word' id='word_1_478' title='bbox 1897 2533 1929 2566; x_wconf 91' lang='lat' dir='ltr'>in</span> <span class='ocrx_word' id='word_1_479' title='bbox 1947 2533 1993 2567; x_wconf 88' lang='lat' dir='ltr'>iu-</span> 
     </span>
     <span class='ocr_line' id='line_1_99' title="bbox 1254 2588 1993 2634; baseline -0.001 -11"><span class='ocrx_word' id='word_1_480' title='bbox 1254 2589 1338 2623; x_wconf 90' lang='lat' dir='ltr'>dicio</span> <span class='ocrx_word' id='word_1_481' title='bbox 1382 2594 1413 2623; x_wconf 92' lang='lat' dir='ltr'>et</span> <span class='ocrx_word' id='word_1_482' title='bbox 1453 2593 1543 2623; x_wconf 84' lang='lat' dir='ltr'>extra</span> <span class='ocrx_word' id='word_1_483' title='bbox 1586 2589 1668 2622; x_wconf 86' lang='lat' dir='ltr'>illud</span> <span class='ocrx_word' id='word_1_484' title='bbox 1693 2588 1875 2629; x_wconf 84' lang='lat' dir='ltr'>habeatur,</span> <span class='ocrx_word' id='word_1_485' title='bbox 1911 2598 1993 2634; x_wconf 84' lang='lat' dir='ltr'>quae</span> 
     </span>
    </p>
   </div>
   <div class='ocr_carea' id='block_1_22' title="bbox 2030 2117 2230 2139">
    <p class='ocr_par' dir='ltr' id='par_1_27' title="bbox 2030 2117 2230 2139">
     <span class='ocr_line' id='line_1_100' title="bbox 2030 2117 2230 2139; baseline 0.005 -1"><span class='ocrx_word' id='word_1_486' title='bbox 2030 2117 2184 2139; x_wconf 75' lang='lat' dir='ltr'>Contrariorum</span> <span class='ocrx_word' id='word_1_487' title='bbox 2228 2135 2230 2139; x_wconf 78' lang='grc'>,</span> 
     </span>
    </p>
   </div>
   <div class='ocr_carea' id='block_1_23' title="bbox 2005 2144 2123 2170">
    <p class='ocr_par' dir='ltr' id='par_1_28' title="bbox 2005 2144 2123 2170">
     <span class='ocr_line' id='line_1_101' title="bbox 2005 2144 2123 2170; baseline 0.017 -6"><span class='ocrx_word' id='word_1_488' title='bbox 2005 2144 2123 2170; x_wconf 72' lang='lat' dir='ltr'>derogatio.</span> 
     </span>
    </p>
   </div>
   <div class='ocr_carea' id='block_1_24' title="bbox 2044 2275 2184 2297">
    <p class='ocr_par' dir='ltr' id='par_1_29' title="bbox 2044 2275 2184 2297">
     <span class='ocr_line' id='line_1_102' title="bbox 2044 2275 2184 2297; baseline 0 0"><span class='ocrx_word' id='word_1_489' title='bbox 2044 2275 2060 2297; x_wconf 78' lang='lat' dir='ltr'><strong>F</strong></span> <span class='ocrx_word' id='word_1_490' title='bbox 2065 2277 2108 2296; x_wconf 73' lang='lat' dir='ltr'>idos</span> <span class='ocrx_word' id='word_1_491' title='bbox 2129 2278 2184 2297; x_wconf 76' lang='lat' dir='ltr'>tran·</span> 
     </span>
    </p>
   </div>
   <div class='ocr_carea' id='block_1_25' title="bbox 2004 2303 2227 2330">
    <p class='ocr_par' dir='ltr' id='par_1_30' title="bbox 2004 2303 2227 2330">
     <span class='ocr_line' id='line_1_103' title="bbox 2004 2303 2227 2330; baseline 0 -6"><span class='ocrx_word' id='word_1_492' title='bbox 2004 2303 2092 2330; x_wconf 82' lang='lat' dir='ltr'>sumptis</span> <span class='ocrx_word' id='word_1_493' title='bbox 2108 2303 2182 2324; x_wconf 76' lang='lat' dir='ltr'>danda.</span> <span class='ocrx_word' id='word_1_494' title='bbox 2225 2319 2227 2321; x_wconf 84' lang='lat'>.</span> 
     </span>
    </p>
   </div>
  </div>
 </body>
</html>
