2232 3178
64 217 115 244 An.
130 215 159 243 C.
183 215 249 242 1737

252 262 399 306 puritatis
424 262 594 306 Deiparam
611 263 774 305 Virginem
794 263 992 296 serventibus

252 315 400 359 precibus
437 316 596 355 advocat,
622 327 658 348 ac
685 315 802 349 deinde
830 320 991 350 terrenum

253 369 454 412 coniugium,
482 370 647 403 desiderio
674 370 861 412 nuptiarum
887 371 987 403 caele-

251 422 356 461 stium,
375 421 523 465 plurimis
542 423 691 466 lacrymis
705 434 722 455 a
737 433 769 455 se
785 423 989 466 deprecatur.

252 475 362 507 Adfuit
388 476 525 507 famulae
550 485 625 508 suae
658 476 842 508 beatissima
873 475 989 518 Virgo,

251 528 383 571 eiusque
409 538 469 571 ope
496 534 526 560 ct
551 529 675 571 potenti
702 530 784 572 apud
811 529 910 561 Deum
935 540 990 572 pa-

252 581 402 621 trocinio,
428 581 460 613 in
480 581 568 614 cuius
588 592 681 614 manu
705 582 802 614 corda
824 582 989 614 hominum

251 640 335 671 sunt,
351 635 668 677 consanguineorum
684 635 855 668 voluntatis
869 635 990 668 Iuliana

249 687 361 720 victrix
388 689 498 721 evasit.

71 749 239 785 miantotttaatum
294 741 364 784 ξθ.
393 741 432 774 Ut
456 753 533 775 vero
569 742 600 774 in
636 742 779 774 futurum
813 742 990 775 mundana-

58 779 319 841 {¹33¹'i'·¹i'1iifiplfi³³2'31*um
345 796 532 838 nuptiarum
558 806 648 839 spem
675 806 801 829 omnem
827 796 893 828 suis
926 796 990 829 adi-

59 834 103 852 ΨΜ
120 836 158 850 ’ω’
169 835 212 856 '¹³¹'
248 853 359 890 meret,
375 849 517 891 propriis
531 850 680 882 inanibus
695 849 754 881 sibi
770 850 858 882 crine
874 849 989 889 reciso,

248 901 439 944 iampridem
466 902 650 934 carnalibus
675 902 875 934 circumcisis
906 902 990 935 desi-

248 954 372 994 deriis,
397 955 520 997 eligens
558 955 683 987 abiecta
721 966 793 988 esse
831 955 862 987 in
890 955 988 989 domo

247 1007 349 1039 Patris
386 1007 461 1047 sui,
494 1018 654 1041 sacrarum
692 1008 877 1051 virginum,
911 1020 988 1053 quas

247 1060 458 1093 Manteltazas
483 1067 613 1101 vocant,
639 1072 813 1105 pauperem
840 1062 988 1095 habitum

246 1112 429 1146 humillime
466 1113 580 1157 petiit,
614 1116 796 1147 exultanter
832 1115 985 1148 obtinuit.

246 1166 338 1199 Anno
360 1167 563 1209 probationis
582 1173 703 1208 exacto,
723 1167 812 1200 stetit
829 1168 867 1200 ad
887 1169 987 1201 altare

245 1219 372 1252 Domini
399 1220 503 1253 hostia
529 1221 677 1263 pudoris,
705 1221 834 1253 victima
859 1222 988 1254 castita-

246 1272 295 1313 tis,
322 1278 354 1305 et
379 1273 438 1306 tria
463 1273 622 1306 solemnia
647 1278 731 1313 vota,
757 1284 838 1317 quae
859 1275 989 1316 iampri-

245 1326 319 1359 dem
347 1326 455 1359 animo
482 1332 694 1371 conceperat,
719 1328 895 1361 immortali
922 1328 987 1362 Deo

245 1380 453 1423 nuncupavit,
465 1381 610 1413 adstante
620 1380 674 1413 Dei
689 1381 859 1414 sacerdote
870 1381 905 1414 B.
919 1382 989 1414 Phi-

246 1432 338 1476 lippo
365 1433 513 1474 Benitio,
539 1435 593 1477 qui
620 1444 745 1466 sacrum
772 1434 799 1467 ei
826 1435 986 1476 velamen,

246 1496 311 1528 quo
338 1486 535 1519 amatoribus
554 1487 663 1520 mundi
686 1489 913 1528 occultaretur,
931 1489 990 1521 im-

244 1539 368 1581 posuit.
403 1539 460 1577 Qui
496 1546 610 1583 postea
644 1541 790 1584 proxime
817 1542 913 1573 futuri
940 1542 988 1574 sui

245 1592 354 1625 obitus
379 1593 496 1626 certior
517 1593 668 1626 divinitus
695 1594 806 1635 sactus,
824 1595 989 1627 Florentia

245 1644 413 1677 Perusium
439 1656 475 1678 ac
501 1646 620 1680 deinde
639 1646 813 1679 Tudertum
835 1648 987 1680 secedere

244 1697 402 1740 cogitans,
420 1699 634 1732 excellentem
654 1699 794 1732 Iulianae
818 1699 986 1733 virtutem¹

245 1755 277 1784 et
301 1752 503 1785 sanctitatem
530 1758 724 1796 compertam
751 1754 891 1794 liabens,
917 1754 986 1787 eius

245 1804 445 1838 orationibus
482 1805 602 1838 nedum
639 1817 800 1839 sacrarum
825 1807 988 1850 virginum

245 1857 434 1891 societatem
445 1858 543 1891 Tertii
558 1859 686 1892 Ordinis
701 1859 869 1892 Servorum
885 1860 917 1893 B.
928 1860 988 1893 Ma-

244 1911 310 1944 riae
335 1911 487 1954 Virginis,
509 1923 593 1955 quae
612 1918 678 1945 tum
696 1913 912 1955 exoriebatur,
931 1914 986 1946 sed

244 1964 430 1998 universum
456 1965 629 1999 Servorum
654 1965 807 1999 Ordinem
828 1977 987 2000 commen-

244 2016 348 2057 davit,
374 2018 441 2051 sore
467 2018 658 2061 praedicens
684 2024 720 2050 ut
745 2019 813 2062 ipsa
837 2019 985 2052 ciusdem

244 2070 343 2104 Tertii
361 2070 491 2104 Ordinis
511 2077 607 2115 caput
632 2078 664 2105 et
692 2072 873 2113 fundatrix,
896 2074 986 2116 leges

245 2123 273 2156 ei
298 2124 564 2167 praescribendo,
583 2125 692 2158 sutura
710 2131 804 2167 esset,
823 2126 985 2170 simulque

244 2186 381 2209 monens
407 2188 447 2210 ne
472 2188 548 2221 prae
575 2178 672 2210 animi
699 2179 881 2212 humilitate
903 2179 986 2212 dela-

246 2235 311 2262 tum
337 2230 398 2263 sibi
424 2241 539 2264 munus
565 2232 765 2274 pertinacius
784 2238 959 2266 recusaret.

58 2291 234 2344 domaaffiaertngn
290 2283 305 2326 ς
331 2283 362 2316 7.
389 2283 515 2318 Interea
541 2284 691 2318 devotum
717 2286 783 2319 Deo
808 2291 934 2330 pectus,
954 2292 986 2320 et

58 2335 336 2392 353322s11mszmens
362 2337 493 2370 caelesti
519 2337 645 2381 Sponso
672 2338 796 2379 dicata,
821 2340 986 2372 mundana

245 2400 391 2433 quaeque
417 2395 641 2431 contemnens,
662 2396 694 2424 et
711 2393 890 2425 saecularia
907 2404 986 2426 cun-

245 2449 293 2476 cta
312 2443 490 2486 fastidIcns,
510 2445 658 2489 cupiebat
685 2446 829 2489 elongari
858 2446 984 2489 fugiens

245 2503 277 2530 et
301 2508 431 2531 manere
449 2499 481 2530 in
500 2498 688 2539 solitudine,
707 2505 754 2539 ut,
773 2500 906 2533 remotis
924 2506 986 2533 ter-

246 2560 398 2584 renarum
435 2562 545 2584 rerum
583 2552 701 2593 turbiS,
728 2553 759 2584 in
787 2555 896 2586 sancta
930 2554 983 2587 Dei

283 2614 291 2639 1
315 2612 386 2641 Edit.
409 2613 492 2642 Main.
514 2613 579 2649 legit
600 2614 739 2644 virtutum
761 2615 800 2651 (n.
816 2615 865 2650 tu).

881 215 1022 239 CLEMENS
1051 215 1096 239 XII
1121 216 1171 239 Pr.

1676 207 1739 241 ⁶277
1786 218 1837 245 An.
1856 217 1884 244 r..
1908 219 1972 245 ¹737

1037 264 1317 307 contemplatione
1344 265 1536 307 quiesceret.
1564 264 1623 298 Sed
1644 265 1779 297 retraxit

1036 316 1176 348 charitas
1199 328 1280 357 quae
1298 327 1361 350 non
1378 318 1503 360 quaerit
1522 329 1602 361 quae
1620 328 1675 350 sua
1693 324 1777 357 sunt,

1035 374 1065 400 et
1092 369 1139 401 lex
1167 369 1293 401 Domini
1315 381 1376 413 qua
1402 370 1457 403 fflii
1482 371 1639 404 honorem
1662 376 1694 402 et
1715 372 1777 403 cul-

1037 427 1102 453 tum
1129 423 1320 465 parentibus
1345 424 1499 457 exhihere
1522 424 1774 467 praecipiuntur.

1036 474 1120 515 ldeo,
1139 485 1180 506 ne
1207 475 1301 508 vidua
1319 482 1429 517 mater,
1448 477 1560 509 unicae
1586 477 1669 509 tiliae
1695 477 1776 509 sola-

1036 526 1079 559 tio
1107 527 1265 567 destituta,
1292 539 1443 562 moerens
1468 529 1609 563 solitaria
1628 529 1658 562 in
1681 530 1776 561 domo

1034 580 1129 612 vitam
1157 581 1357 623 transigeret,
1376 582 1484 615 debita
1503 583 1625 626 parenti
1648 582 1775 626 pictatis

1035 638 1066 665 et
1092 633 1255 666 servitutis
1281 634 1400 674 officia,
1429 637 1536 679 quoad
1563 636 1658 676 vixit,
1684 647 1776 679 prae-

1035 690 1117 718 stare
1143 696 1209 718 non
1246 686 1445 720 detrectavit.
1474 688 1642 721 Remansit
1679 688 1777 731 igitur

1034 738 1065 770 in
1092 740 1245 778 saeculo,
1273 746 1308 772 ut
1332 741 1492 774 saeculum
1519 742 1673 774 virtutem
1699 742 1776 774 edo-

1034 799 1136 832 ceret,
1164 793 1207 824 ilii
1234 793 1317 825 enim
1345 794 1426 826 adeo
1453 794 1504 837 pie
1530 801 1705 839 sancteque
1732 795 1775 828 vi-

1035 851 1098 877 tam
1126 845 1284 887 instituit,
1310 847 1392 879 adeo
1418 847 1512 880 bonis
1537 848 1689 881 omnibus
1714 849 1775 880 vir-

1034 903 1139 931 tutum
1174 900 1329 942 operibus
1361 901 1482 933 mundo
1519 901 1704 943 praeluxit,
1741 906 1774 933 ut

1033 953 1218 994 complures
1244 952 1372 985 nobiles
1392 953 1535 994 virgines
1552 964 1587 985 ac
1604 959 1774 993 matronas,

1032 1005 1255 1037 saecularibus
1280 1005 1409 1048 pompis
1436 1006 1625 1049 repudiatis,
1651 1007 1689 1039 ad
1708 1006 1774 1039 Deo

1032 1057 1236 1090 serviendum
1264 1058 1295 1090 in
1315 1058 1430 1091 eodem
1450 1059 1606 1101 religioso
1626 1059 1774 1092 instituto

1032 1111 1183 1153 exemplo
1210 1121 1267 1144 suo
1304 1113 1539 1154 provocaverit.
1566 1113 1647 1151 Quin
1674 1119 1775 1146 mater

1031 1163 1108 1206 ipsa,
1128 1164 1276 1197 sublimis
1294 1165 1421 1198 virtutis
1440 1171 1472 1198 et
1491 1167 1688 1200 christianae
1704 1177 1775 1200 san-

1031 1217 1149 1250 ctitatis
1186 1217 1466 1260 pulchritudinem
1505 1220 1536 1252 in
1573 1220 1695 1253 Iuliana
1719 1221 1775 1253 ad-

1031 1272 1168 1312 mirata,
1207 1283 1241 1304 se
1281 1271 1363 1306 tiliae
1389 1284 1464 1306 suae
1503 1274 1535 1306 in
1573 1275 1774 1307 iustificatio-

1031 1325 1125 1358 nibus
1143 1325 1272 1357 Domini
1310 1332 1341 1359 et
1358 1327 1535 1370 sequendis
1553 1328 1679 1361 semitis
1704 1329 1773 1361 eius

1031 1379 1083 1421 pie
1109 1378 1321 1412 erudiendam
1355 1380 1651 1425 instituendamque
1670 1382 1772 1415 dedit.

1075 1433 1090 1475 ξ
1115 1432 1147 1465 8.
1175 1432 1252 1466 Cum
1278 1440 1385 1467 autem
1412 1435 1602 1468 ancillarum
1635 1435 1690 1468 Dei
1715 1446 1770 1469 so·
1846 1446 1968 1483 institutus

1031 1487 1132 1520 cietas
1157 1487 1196 1520 ad
1223 1498 1296 1520 eum
1322 1499 1493 1522 numerum
1504 1486 1718 1530 ''ex-crevisset,
1740 1473 1969 1525 utgffltsi'slcdiffin-m‘

1032 1542 1228 1576 conveniens
1253 1552 1323 1575 csse
1351 1542 1514 1576 videretur
1540 1543 1594 1585 eis,
1621 1544 1653 1576 in
1674 1554 1773 1576 unum

1032 1601 1155 1628 coetum
1194 1595 1360 1635 adunatis,
1386 1596 1529 1638 aliquam
1554 1595 1681 1629 vivendi
1709 1596 1774 1628 sor-

1032 1658 1114 1680 mam
1134 1658 1169 1680 ac
1188 1649 1335 1690 regulam
1356 1648 1541 1690 praescribi,
1565 1648 1651 1681 nulla
1667 1648 1774 1691 aptior

1031 1701 1069 1733 ad
1096 1701 1280 1733 huiusmodi
1320 1711 1413 1743 grave
1441 1711 1521 1743 opus
1549 1701 1745 1744 explendum
1764 1728 1771 1740 ‚

1031 1753 1103 1797 ipso
1129 1754 1164 1786 B.
1193 1753 1344 1797 Philippo
1371 1754 1507 1794 ssenisso,
1535 1755 1609 1787 dum
1635 1754 1769 1794 viveret,

1031 1813 1318 1850 praemonstrante,
1345 1807 1483 1841 iudicata
1510 1814 1579 1848 est,
1605 1819 1699 1851 quam
1726 1809 1773 1841 Iu-

1032 1861 1127 1900 liana,
1153 1870 1233 1903 quae
1259 1860 1319 1892 iam
1346 1860 1519 1903 imaginem
1546 1861 1681 1894 secundi
1714 1862 1773 1893 ho—

1030 1913 1139 1953 minis,
1165 1912 1219 1955 qui
1248 1914 1287 1946 de
1314 1913 1403 1946 caelo
1422 1919 1480 1954 est,
1498 1914 1529 1946 in
1550 1924 1583 1947 se
1601 1915 1769 1958 portabat:

1032 1967 1115 1999 lianc
1140 1967 1224 1999 enim
1251 1966 1419 2009 virginitas
1444 1972 1569 2010 portat,
1594 1973 1702 2011 portat
1726 1967 1772 2000 in-

1032 2020 1176 2062 tegritas,
1201 2020 1351 2052 sanctitas
1376 2025 1484 2063 portat
1509 2026 1540 2053 et
1565 2021 1694 2053 veritas.
1713 2020 1772 2053 lta-

1031 2083 1092 2116 que
1117 2072 1311 2115 sapientiam
1337 2073 1462 2113 edocta,
1487 2073 1677 2116 sapientiam
1695 2084 1770 2106 vero

1030 2137 1094 2159 non
1133 2125 1229 2158 liuius
1254 2125 1400 2166 saeculi,
1440 2137 1546 2170 neque
1583 2127 1771 2170 principum

1030 2179 1125 2211 liuius
1157 2179 1307 2220 saeculi,
1341 2179 1395 2222 qui
1434 2179 1670 2219 destruuntur,
1708 2186 1771 2212 tam

1029 2233 1208 2276 prudentes
1234 2243 1269 2265 ac
1287 2232 1450 2276 sapientes
1469 2234 1595 2275 regulas
1613 2233 1768 2272 condidit,

1029 2291 1062 2318 ut
1087 2286 1183 2318 huius
1215 2285 1420 2329 Apostolicae
1453 2285 1546 2318 Sedis
1581 2286 1769 2318 auctoritate

1028 2339 1207 2372 meruerint
1232 2338 1421 2382 approbari.
1449 2339 1559 2372 Custos
1579 2338 1768 2381 virginitatis

1029 2392 1169 2424 charitas
1194 2397 1250 2433 est,
1277 2392 1366 2424 locus
1387 2397 1492 2424 autem
1511 2391 1607 2424 liuius
1627 2392 1768 2424 custodis

1029 2446 1205 2485 humilitas,
1231 2446 1275 2477 ilii
1303 2445 1423 2488 quippe
1450 2445 1570 2477 habitat
1597 2445 1648 2488 qui
1676 2445 1769 2485 dixit,

1029 2510 1126 2542 snper
1144 2499 1298 2531 humilem
1318 2505 1348 2531 et
1365 2499 1508 2541 quietum
1528 2504 1558 2531 et
1577 2502 1768 2532 trementem

1028 2554 1124 2586 verba
1150 2563 1205 2585 sua
1238 2552 1444 2594 requiescere
1478 2552 1628 2595 spiritum
1661 2563 1765 2585 suum.

1031 2607 1137 2650 ltaque
1164 2606 1277 2639 ancilla
1303 2605 1376 2648 Dci,
1402 2606 1485 2649 pede
1512 2605 1702 2639 humilitatis
1729 2606 1767 2639 ad
