2912 4368
364 139 432 181 An.
460 135 500 171 C.
524 132 612 171 1735

402 216 545 246 Terminus
561 220 608 248 pe-

369 253 507 281 rentorius
572 247 607 274 ad

369 290 449 315 huius
472 285 607 311 Constitu-

368 326 448 349 tionis
463 321 608 352 obligatio-

368 366 438 384 neni.

397 1761 558 1788 clamatae.

1439 125 1627 159 CLEMENS
1661 125 1722 157 XII
1754 125 1822 156 PP.

679 194 698 251 ξ
730 192 801 237 18.
839 192 1042 236 Volumus
1071 198 1238 244 autem,
1266 199 1335 242 ut,
1369 191 1501 248 lapsis
1533 191 1608 233 de-

623 278 712 308 cem
748 271 950 322 respectu
1001 264 1138 307 dictae
1171 263 1295 306 Urbis
1331 263 1509 319 eiusque
1546 261 1609 304 di-

622 336 810 388 strictus,
845 349 893 378 ac
926 335 1074 390 viginti
1125 334 1280 377 diebus
1315 341 1510 389 respectu
1548 339 1609 376 to-

622 407 704 449 tius
739 406 895 464 reliqui
930 406 1071 448 Status
1105 404 1243 448 nostri
1295 403 1604 455 Ecclesiastici,

620 484 850 534 postquam
887 483 1137 533 praesentes
1172 476 1342 519 litterae
1376 473 1507 517 valvis
1540 487 1608 516 ec-

620 549 774 592 clesiae
809 547 1106 592 Lateranensis
1139 555 1179 590 et
1211 546 1412 590 basilicae
1446 544 1610 588 Princi-

620 619 687 676 pis
723 620 1029 676 Apostolorum
1057 625 1099 661 et
1132 618 1173 660 in
1198 617 1288 661 acie
1323 616 1608 673 Campitlorae

621 689 672 732 de
707 690 857 733 eadem
892 690 1004 733 Urbe
1040 702 1115 746 per
1149 688 1339 746 aliquem
1376 702 1424 731 ex
1459 700 1607 730 curso-

619 761 738 804 ribus
773 761 935 804 nostris
969 760 1116 804 affixae
1153 766 1193 803 et
1226 758 1470 816 publicatae
1520 757 1611 800 sue-

622 832 732 885 rint,
771 845 921 875 omnes
972 839 1013 874 et
1062 830 1256 886 singulos
1292 837 1374 873 tarn
1410 829 1452 872 in
1498 828 1610 872 Urbe

622 916 751 958 quam
785 901 828 944 in
862 902 979 944 Statu
1015 901 1219 958 praefatis
1254 900 1488 943 existentes
1536 913 1610 956 pe-

621 973 746 1016 rinde
781 979 965 1025 arctent,
999 986 1046 1015 ac
1094 972 1127 1015 si
1177 971 1412 1029 unicuique
1462 985 1609 1014 eorum

620 1044 909 1100 personaliter
926 1057 973 1086 ac
993 1043 1253 1086 nominatim
1275 1042 1497 1085 intimatae
1518 1042 1611 1084 fuis-

621 1121 739 1167 sent;
777 1120 912 1170 utque
946 1113 1136 1170 ipsarum
1171 1113 1469 1171 praesentium
1503 1112 1610 1156 litte-

621 1199 763 1228 rarum
806 1185 1123 1242 transumptis,
1177 1184 1303 1228 etiam
1355 1184 1607 1241 impressis,

620 1269 748 1298 manu
791 1255 973 1299 alicuius
1016 1256 1173 1298 notarii
1217 1255 1379 1313 publici
1421 1255 1610 1298 subscri-

620 1326 716 1382 ptiS,
746 1333 787 1369 et
810 1326 955 1383 sigillo
988 1340 1206 1384 personae
1241 1327 1283 1369 in
1313 1325 1611 1370 ecclesiastica

621 1397 833 1454 dignitate
881 1398 1144 1442 constitutae
1199 1398 1412 1451 munitis,
1458 1397 1609 1441 eadem

621 1482 797 1525 prorsus
833 1468 938 1512 fides
973 1469 1015 1512 in
1059 1469 1220 1513 iudicio
1262 1476 1304 1512 et.
1344 1475 1463 1511 extra
1501 1467 1610 1511 illud

621 1540 779 1596 ubique
805 1540 1080 1589 adhibeatur,
1106 1554 1215 1597 quae
1245 1539 1348 1597 ipsis
1373 1538 1613 1595 praesenti-

620 1611 700 1655 bus
743 1611 1025 1654 adhiberetur
1059 1611 1092 1654 si
1129 1611 1270 1654 forent
1299 1611 1520 1655 exhibitae
1546 1613 1611 1655 vel

621 1689 839 1726 ostensae.

679 1752 804 1811 319.
840 1752 954 1797 Nulli
999 1768 1104 1811 ergo
1156 1755 1336 1798 omnino
1382 1754 1610 1798 hominum

621 1824 750 1867 liceat
782 1824 984 1882 paginam
1021 1825 1133 1868 hanc
1161 1834 1409 1869 nostrorum
1453 1839 1611 1882 appro-

620 1895 819 1949 bationis,
857 1895 1202 1940 confirmationis
1238 1905 1281 1941 et
1304 1896 1610 1951 innovationis,

622 1968 950 2024 prohibitionis,
978 1969 1290 2025 abrogationis‚
1317 1969 1610 2022 decretorum,

623 2047 984 2097 praeceptorum,
1022 2040 1326 2084 mandatorum
1362 2047 1403 2083 et
1435 2046 1612 2083 statuto-

622 2124 731 2165 rum,
765 2111 1104 2165 ordinationum,
1140 2112 1372 2156 voluntatis
1408 2118 1450 2155 et
1484 2112 1613 2155 dero-

623 2183 807 2239 gationis
826 2183 1081 2240 insriiigere,
1102 2185 1167 2227 vel
1189 2183 1226 2226 ei
1249 2197 1352 2227 ausu
1374 2183 1610 2227 temerario

623 2254 868 2307 contraire3
911 2253 942 2297 si
985 2254 1080 2311 quis
1104 2261 1246 2299 autem
1282 2254 1363 2297 hoc
1399 2260 1611 2297 attentare

623 2324 991 2382 praesumpserit,
1029 2324 1380 2381 indignationem
1420 2325 1610 2382 omnipo-

623 2395 751 2438 tentis
770 2394 844 2438 Dei
865 2403 906 2439 et
924 2396 1150 2439 beatorum
1170 2396 1284 2439 Petri
1310 2403 1350 2439 et
1370 2395 1487 2439 Pauli
1514 2408 1612 2453 apo-

623 2466 835 2510 stolorum
871 2466 964 2509 eius
999 2480 1042 2510 se
1078 2467 1251 2510 noverit
1283 2467 1579 2510 incursurum.

679 2538 832 2581 Datum
867 2538 1054 2589 Romae,
1100 2539 1216 2595 apud
1259 2538 1300 2582 S.
1331 2538 1507 2581 Mariam
1530 2538 1614 2581 Ma-

622 2609 790 2664 iorem,
832 2623 947 2652 anno
997 2609 1311 2654 Incarnatiouis
1346 2609 1611 2661 dominicae,

622 2693 860 2734 Mocoxxxv,
899 2680 1096 2724 kalendis
1133 2680 1347 2734 februarii,
1382 2680 1614 2738 pontifica-

624 2759 692 2795 tus
737 2752 880 2795 nostri
916 2766 1029 2795 anno
1060 2764 1098 2795 v.

672 2835 748 2871 Dat.
780 2836 836 2871 die
869 2838 878 2870 t
910 2835 1085 2871 februarii
1114 2835 1224 2879 1735,
1255 2836 1380 2882 pontif.
1410 2846 1502 2872 anno
1531 2847 1562 2870 v.

921 2909 969 2951 A.
1008 2908 1124 2952 card.
1161 2907 1471 2965 pro—datariuS.

920 2979 964 3022 F.
1003 2980 1120 3023 card.
1157 2979 1400 3024 Otivemus.

762 3050 843 3090 Visa
873 3050 915 3090 cle
941 3050 1080 3089 Curiti:

993 3115 1022 3157 Ῑ.
1055 3116 1248 3173 archiep,
1282 3116 1548 3173 Ancyranus.

758 3186 849 3226 Loco
877 3188 900 3235 †
927 3185 1083 3238 plumbi.

1164 3251 1195 3295 l.
1234 3251 1279 3295 B.
1317 3250 1548 3298 Evocatus.

719 3327 806 3376 Reg.
836 3329 871 3364 in
899 3332 1029 3363 secret.
1055 3327 1233 3362 Breriurn.

2544 109 2600 154 37
2662 121 2727 156 An.
2755 119 2908 158 e.1735

1719 191 1826 228 Anno
1856 203 1876 227 a
1904 188 2105 229 Natio-itate
2134 189 2271 227 domiui
2299 190 2414 226 nostri
2438 187 2516 226 Iesu
2541 186 2650 226 Chri-

1665 255 1710 293 sti
1740 265 1963 301 MDCCXXXV,
1997 254 2193 293 indictione
2233 264 2313 301 xm,
2358 253 2415 290 die
2452 265 2535 290 rero
2574 263 2652 290 xxtt

1666 319 1796 356 mensis
1837 318 2032 369 februarii,
2077 318 2311 369 pontificatus
2353 316 2575 355 sanctissimi
2613 317 2652 353 in

1669 381 1814 420 Christo
1842 385 1962 433 patris
1992 388 2024 421 et
2062 383 2199 421 domiui
2237 382 2352 420 nostri
2391 380 2527 419 domi-ni
2572 379 2653 417 Cle-

1666 447 1798 483 mentis
1828 447 1955 483 dirimi
1983 447 2214 496 providentis?
2245 445 2370 496 Papae
2391 443 2467 482 XII
2494 456 2588 481 [ιηηο
2614 454 2648 486 v,

1666 510 1900 560 supradictae
1930 510 2073 548 litterae
2109 511 2245 562 affixae
2275 516 2307 549 et
2334 509 2542 561 publicatae
2571 510 2653 559 fue-

2241 574 2498 614 Laterczneusis
2529 579 2561 612 et
2591 573 2651 611 bu-

1667 638 1793 677 silicae
1823 638 2013 690 Principis
2042 639 2318 690 Apostolorum,
2358 641 2393 678 in
2435 638 2513 677 acie
2545 636 2652 677 Cam-

1665 704 1832 754 piflorae,
1862 716 1903 742 ac
1932 705 1971 741 in
2002 704 2087 742 aliis
2117 704 2204 743 locis
2246 705 2363 742 solitis
2402 709 2435 742 et
2473 705 2652 742 consuetis

1671 768 1791 818 Urbis,
1822 781 1890 820 per
1920 782 1974 806 me
1999 769 2171 807 Ioannem
2198 768 2446 817 Triphellium
2479 768 2653 819 apostoli-

1669 846 1748 872 cum
1779 846 1979 873 cursorem.

1936 899 2078 938 IOSEPH
2103 899 2328 949 Om'ETANt,
2361 913 2461 951 mag.
2495 912 2597 940 curs.

1667 581 1755 612 runt
1785 575 1830 612 ad
1859 574 1985 613 vati-as
2027 575 2198 614 ecclesiae

2106 1096 2219 1141 CLll.

1668 1206 1833 1250 Annua
1897 1205 2157 1249 contributio
2211 1220 2288 1263 per
2344 1203 2651 1248 monasterium

1727 1277 1769 1320 S.
1825 1276 2118 1320 scholasticae
2167 1277 2521 1334 Conqreqatiom‘s
2557 1277 2655 1321 Cus-

1727 1349 1913 1391 simensis
1943 1347 2122 1391 Ordinis
2150 1348 2290 1391 sancti
2318 1347 2554 1400 Benedicti,
2591 1348 2655 1403 fu-

1727 1419 1880 1462 cienda
1913 1420 2175 1462 monasterio
2208 1419 2332 1462 Sacri
2364 1418 2518 1475 Specus
2552 1418 2657 1460 eius-

1727 1489 1822 1532 dem
1857 1490 2212 1546 Conqreqationis
2244 1494 2280 1532 et
2322 1488 2526 1540 Ordinis,
2562 1488 2658 1543 fieri

1728 1566 1923 1603 censetur
1954 1561 2086 1603 etiam
2137 1560 2264 1603 titulo
2298 1560 2657 1617 compensationis

1728 1630 2021 1688 quorumdam
2055 1631 2293 1682 bonorum,
2331 1644 2379 1673 ac
2411 1631 2508 1685 fieri
2541 1630 2658 1673 debet

1728 1703 1773 1744 in
1807 1702 1993 1759 pecunid
2024 1703 2263 1745 numerata.

1949 1808 2132 1844 Clemens
2159 1807 2268 1852 Papa
2294 1808 2380 1849 XII,

1854 1871 1902 1904 ad
1931 1869 2115 1904 futuram
2143 1868 2203 1904 rei
2232 1868 2480 1904 memoriam.

1727 1964 1746 2022 g
1780 1963 1822 2006 t.
1860 1960 1974 2007 Alias
2016 1964 2131 2007 inter
2179 1963 2371 2007 diversas
2415 1963 2655 2007 ordinatio-
2689 1966 2912 1997 S¹=1t¹¹¹0m³¹¹i¹¹

2669 2015 2684 2032 a
2697 2005 2838 2035 t’nnttfice,
2851 2011 2912 2029 cou-

1669 2048 1759 2087 nes,
1785 2049 1904 2092 quaS,
1932 2048 2011 2091 pro
2046 2034 2362 2077 instauratione
2398 2035 2912 2091 salubriquetributionem1¹⁴³

2644 2105 2649 2111 .
2670 2081 2723 2110 qua
2745 2078 2770 2101 in
2792 2076 2903 2113 rubrica

1668 2106 1880 2162 regimine
1917 2112 1958 2147 et
1992 2105 2206 2161 gubernio
2242 2104 2495 2147 monasterii
2536 2104 2727 2147 Sacririeu
2768 2118 2850 2149 pm,
2889 2117 2912 2134 ¹¹1

2670 2155 2751 2180 pauc,
2771 2153 2842 2175 sino,
2858 2148 2912 2171 ete.

1668 2177 1829 2235 Specus
1864 2191 2002 2234 prope
2029 2176 2235 2234 oppidum
2260 2175 2526 2219 Sublacense
2550 2174 2696 2219 Con-et
2749 2183 2912 2214 procurato-

2670 2225 2726 2244 rem
2759 2216 2912 2249 genet-atem

1668 2248 1936 2306 gregatiouis
1984 2246 2252 2291 Cassinensis
2293 2245 2465 2289 Ordinis
2515 2245 2653 2289 sancti
2680 2252 2908 2284 Cous-*rvsahffflis

2671 2289 2842 2314 cassinensis
2872 2293 2902 2311 so

1669 2319 1910 2371 Benedicti,
1946 2332 2024 2375 per
2054 2317 2209 2361 terras¹
2244 2325 2414 2361 nostras
2451 2317 2493 2359 in
2529 2316 2725 2360 simililum
2765 2330 2826 2349 ere
2868 2330 2912 2347 ffu-

2672 2360 2809 2392 portarem
2858 2365 2912 2383 ino-

1671 2391 1806 2434 sorma
1825 2389 1969 2433 Brevis
1995 2389 2217 2446 expeditas
2237 2388 2403 2431 litteras
2429 2386 2785 2463 0d1d1¹111¹³‚}‡⁵gg·52‘
2836 2393 2905 2419 stt-s

1670 2462 1800 2506 certis
1835 2476 1883 2504 ex
1917 2461 2060 2504 causis
2096 2467 2195 2503 tunc
2230 2459 2446 2517 expressis
2482 2458 2658 2501 manda·
2785 2449 2791 2456 ’

1670 2533 1833 2585 vimus,
1881 2538 1927 2574 ut
1978 2530 2289 2574 monasterium
2349 2529 2391 2573 S.
2427 2528 2660 2572 Scholasti-

1671 2618 1744 2647 cae
1780 2602 2031 2647 eorumdem
2067 2599 2426 2657 Congregationis
2461 2606 2503 2642 et
2535 2597 2657 2640 Osci-2

1670 2674 1753 2727 nis,
1791 2673 1871 2731 ipsi
1907 2671 2171 2715 monasterio
2205 2670 2318 2713 Sacri
2347 2670 2508 2727 Specus
2543 2668 2659 2712 adia-

1671 2759 1798 2798 cens,
1837 2757 2049 2787 summam
2093 2741 2431 2800 quingentorum
2476 2740 2658 2797 quadra-

1671 2816 1790 2873 ginta
1825 2815 2019 2873 quinque
2055 2819 2279 2857 scutorum
2331 2818 2534 2855 monetae
2589 2824 2657 2853 ro-

1672 2900 1822 2931 manae
1874 2884 2104 2944 quotannis
2157 2883 2432 2927 contribuere
2477 2881 2656 2924 deberet

1670 2959 1712 3002 in
1747 2957 1909 3002 duabus
1954 2955 2206 3013 aequalibus
2255 2952 2544 2997 solutionibus
2576 2965 2655 3009 pro

1670 3029 1987 3074 sustentatione
2013 3034 2196 3084 quatuor
2220 3024 2527 3068 monachorum
2554 3023 2655 3065 duo-

1669 3114 1849 3158 rumque
1882 3110 2214 3149 conversorum,
2250 3109 2298 3138 ac
2330 3094 2456 3136 unius
2490 3093 2652 3145 famuli,

1670 3186 1764 3216 cum
1799 3185 1909 3229 equo
1945 3171 2030 3213 sive
2065 3169 2179 3211 mula
2214 3167 2254 3208 in
2290 3165 2404 3208 dicto
2439 3171 2656 3208 monaste»

1671 3243 1735 3287 rio
1770 3240 1888 3285 Sacri
1923 3240 2099 3297 Specus,
2135 3250 2230 3280 cum
2267 3236 2481 3288 facultate,
2516 3234 2558 3277 in
2594 3234 2654 3276 di-

1719 3327 1731 3360 1
1764 3324 1913 3362 Videtur
1934 3320 2127 3368 legendum
2148 3323 2268 3357 certas
2287 3329 2351 3365 pro
2375 3322 2499 3356 terras
2524 3326 2571 3365 [a.
2590 3318 2653 3361 Ti).
