2232 3178
297 195 346 219 Αη.
364 195 394 220 C.
417 193 482 219 1737

324 1794 424 1815 Omnibus
444 1794 480 1813 ab·

297 1822 373 1841 solutis
396 1821 430 1840 dio
447 1826 478 1840 xvi

296 1848 348 1868 ionii
364 1854 409 1867 vani
427 1848 480 1867 San-

296 1876 351 1893 ctam
367 1879 413 1893 esse
429 1874 480 1893 deti-

296 1903 333 1923 utt,
371 1901 479 1924 ²issi-,gnata

297 1933 334 1952 pro
358 1928 427 1947 annua
451 1927 479 1946 se-

296 1954 390 1973 stultate
404 1954 437 1973 dte
455 1959 478 1973 xv

296 1980 430 2005 septembris.

2228 5 2232 20 ιγ’

2228 25 2232 49 t

2228 51 2232 90 l

532 183 595 216 0272
1067 189 1250 214 ttULLtttttUM
1277 187 1435 212 nontAtvuM
2030 189 2082 214 An.
2100 188 2127 214 c.
2146 186 2210 217 ¹737

490 241 692 274 nerabilibus
712 241 863 273 fratribus
884 239 1002 273 nostris
1019 240 1050 273 S.
1066 239 1102 272 R.
1116 239 1150 271 E.
1168 247 1235 271 car-

491 294 672 333 dinalibus,
709 293 967 336 archiepiscopis
1004 297 1035 326 et
1071 290 1234 336 episcopis

490 346 645 379 maturius
683 345 926 378 deliberaturos
952 355 1111 389 responso
1139 344 1233 383 dato,

490 400 620 433 eosdem
646 398 828 431 cardinales
854 403 886 431 et
911 398 1082 444 episcopos
1107 398 1146 430 ad
1176 397 1234 429 im-

491 453 687 496 plorandum
714 452 943 495 eleemosynis,
962 451 1093 484 ieiuniis
1114 456 1145 484 et
1162 461 1233 483 ora-

492 505 633 538 tionibus
658 504 802 538 divinum
837 504 992 537 auxilium
1028 504 1061 536 in
1095 503 1232 536 Domino

491 557 611 591 hortati
637 567 759 590 sumus.
787 557 909 590 Deinde
942 557 1133 590 eorumdem
1166 566 1234 588 car-

491 611 660 653 dinalium,
685 610 955 654 patriarcharum,
972 609 1234 652 archiepiscopo-

490 675 562 697 rum
588 669 620 697 et
646 664 881 707 episcoporum
906 664 938 696 in
965 663 1051 696 Urbe
1077 671 1233 705 praesen-

493 718 570 750 tium
596 717 789 751 consistorio
814 715 1029 760 semipublico
1048 715 1181 755 indicto,
1199 715 1231 747 in

490 782 554 814 quo
580 771 675 804 etiam
712 770 814 803 nostri
840 775 872 803 et
902 769 1110 812 Apostolicae
1141 768 1233 801 Sedis

490 824 622 865 notarii,
648 823 864 867 protonotarii
890 822 1084 865 nuncupati,
1112 831 1148 854 ex
1177 831 1233 853 nu-

491 888 583 910 mero
606 876 886 920 participantium,
907 880 938 908 et
958 875 1040 908 sacri
1066 874 1176 918 palatii
1203 884 1233 906 a-

491 929 644 974 postolici
672 939 841 962 causarum
865 928 1032 961 auditores
1057 927 1159 960 vocati
1178 926 1232 959 ad-

491 986 638 1024 suerunt,
665 983 765 1016 iidem
791 982 986 1022 cardinales,
1012 979 1230 1024 patriarchae,

491 1036 730 1080 archiepiscopi
756 1039 789 1068 et
813 1033 960 1079 episcopi
983 1043 1095 1067 omnes
1121 1033 1155 1066 B.
1179 1032 1234 1065 Ca-

492 1090 655 1124 tharinam
681 1100 717 1122 cx
739 1088 787 1129 iis,
813 1098 895 1132 quae
914 1098 931 1120 a
948 1086 1042 1120 nobis
1066 1085 1234 1130 proposita

491 1150 523 1177 et
558 1144 591 1176 in
629 1142 839 1187 processibus
876 1142 978 1175 relata
1018 1140 1161 1180 fuerant,
1200 1139 1233 1172 in

491 1199 681 1232 Sanctarum
699 1206 869 1230 numerum
891 1194 1140 1229 adscribendam
1161 1203 1233 1226 esse

492 1256 698 1286 censuerunt.
726 1250 869 1289 Quorum
894 1248 1068 1282 sententiis
1100 1247 1231 1288 auditis,

490 1316 565 1346 nos,
592 1304 712 1347 gratias
736 1304 801 1337 Deo
822 1308 953 1346 agentes
975 1302 1061 1346 quod
1083 1301 1233 1334 ancillam

491 1369 580 1392 suam
613 1368 673 1401 per
702 1356 920 1390 ministerium
949 1361 1097 1388 nostrum
1130 1355 1233 1387 hono-

491 1411 609 1444 rificari
636 1411 719 1444 velle
744 1410 948 1453 dignaretur,
976 1406 1233 1442 canonizationis

491 1465 578 1498 diem
606 1464 798 1502 indiximus,
824 1472 1003 1504 omnesque
1027 1461 1174 1500 interim,
1199 1465 1235 1492 ut

491 1517 720 1561 eleemosynis,
749 1516 951 1549 orationibus
977 1525 1013 1548 ac
1037 1514 1170 1547 ieiuniis
1194 1513 1233 1546 ad

491 1571 586 1605 nobis
612 1572 785 1604 caelestem
809 1569 947 1613 Spiritus
965 1568 1072 1601 Sancti
1099 1567 1233 1610 gratiam

491 1626 523 1658 in
550 1627 637 1658 tanta
662 1634 696 1657 re
722 1623 876 1667 gravique
901 1621 1032 1665 negotio
1057 1620 1234 1663 impetran-

492 1679 565 1711 dam
592 1677 766 1720 diligenter
782 1687 818 1710 ac
836 1679 1090 1720 perseveranter
1107 1673 1234 1706 insiste-

492 1737 574 1772 rent,
602 1731 718 1764 iterum
736 1729 901 1763 adhortati
923 1738 1046 1761 sumus.

536 1788 551 1830 ἓ
575 1784 629 1818 ⁶27.
656 1784 789 1817 Demum
815 1783 875 1816 rite
900 1782 1050 1816 omnibus
1072 1780 1232 1814 absolutis

491 1849 574 1883 quac
598 1843 782 1872 sanctorum
807 1842 934 1881 patrum
967 1834 1157 1875 auctoritas,
1183 1843 1233 1866 sa-

490 1903 620 1926 crorum
645 1901 805 1925 canonum
831 1895 959 1930 statuta,
984 1889 1016 1922 S.
1044 1889 1082 1921 R.
1109 1888 1144 1921 E.
1178 1897 1232 1920 an-

492 1947 580 1990 tiqua
614 1944 815 1978 consuetudo
842 1944 874 1976 in
907 1953 940 1976 re
967 1941 1151 1976 huiusmodi
1178 1951 1232 1984 pc-

491 1998 636 2041 ragenda
662 1997 904 2041 praescribunt,
932 1995 1045 2035 hodie,
1066 2004 1148 2038 quae
1174 1994 1232 2026 suit

492 2053 560 2085 dies
586 2051 749 2084 dominica
773 2050 826 2083 SS.
850 2049 1034 2089 Trinitatis,
1063 2048 1094 2080 in
1122 2058 1231 2080 sacro-

491 2110 635 2138 sanctam
661 2105 912 2137 Lateranensem
926 2101 1094 2134 basilicam
1115 2102 1231 2134 decen-

492 2163 539 2191 ter
560 2162 717 2195 ornatam,
734 2166 805 2188 cum
821 2154 1062 2187 venerabilibus
1076 2153 1230 2186 fratribus

491 2211 611 2244 nostris
636 2210 667 2243 S.
689 2210 725 2242 R.
749 2209 782 2241 E.
822 2207 1063 2248 cardinalibus,
1101 2217 1227 2240 necnon

491 2262 696 2307 patriarchis,
715 2260 972 2304 archiepiscopis
998 2266 1031 2294 ct
1055 2260 1228 2304 episeopis,

492 2317 723 2359 Romanaeque
748 2314 861 2348 Curiae
892 2314 1060 2357 praelatis,
1087 2313 1229 2346 officiali-

490 2371 550 2403 bus
575 2375 607 2403 et
632 2368 846 2401 familiaribus
870 2367 1007 2407 nostris,
1039 2368 1127 2400 clero
1161 2377 1230 2400 sae-

491 2423 593 2456 culari
631 2427 663 2455 et
691 2421 847 2465 regulari,
874 2431 910 2453 ac
945 2419 1082 2453 maxima
1115 2420 1228 2464 populi

491 2477 678 2520 frequentia
709 2475 940 2515 convenimus;
965 2474 1020 2507 ubi
1037 2501 1044 2515 ‚
1083 2474 1228 2518 repetitis

491 2540 551 2573 pro
573 2527 832 2563 canonizationis
859 2527 991 2561 decreto
1016 2527 1230 2572 petitionibus

492 2594 509 2617 a
528 2582 646 2617 dilecto
664 2581 729 2616 filio
747 2587 862 2615 nostro
879 2581 984 2615 Nereo
1002 2581 1034 2615 S.
1054 2581 1092 2615 R.
1107 2580 1142 2615 E.
1164 2580 1229 2614 dia-

1278 247 1362 270 cono
1388 236 1542 269 cardinali
1569 236 1705 270 Corsino
1736 241 1932 279 nuncupato,
1959 246 2016 269 no-

1278 294 1344 323 stro
1363 290 1540 323 secundum
1560 300 1687 323 carnem
1709 300 1745 322 ex
1769 290 1864 322 fratre
1886 295 2016 332 nepotc,

1277 353 1337 386 per
1362 343 1515 376 dilectum
1541 342 1640 375 filium
1674 343 1828 375 Thomam
1865 343 2017 375 Antamo-

1277 406 1347 429 rum
1374 396 1606 429 consistorialis
1631 397 1722 428 aulae
1758 401 1887 428 nostrae
1924 396 2017 429 advo-

1278 454 1401 489 catum,
1422 454 1454 482 ct
1487 449 1662 482 decantatis
1687 448 1784 481 sacris
1809 448 1961 491 precibus
1987 454 2018 481 et

1277 501 1409 540 litaniis,
1435 512 1470 534 ac
1495 501 1633 544 Spiritus
1658 501 1764 533 Sancti
1791 500 1893 542 gratia
1917 500 2017 533 humi-

1277 555 1352 588 liter
1377 554 1569 597 implorata,
1594 554 1633 586 ad
1660 553 1817 586 honorem
1843 558 1972 586 sanctae
1987 558 2018 586 ct

1277 607 1463 640 individuae
1496 606 1681 645 Trinitatis,
1713 606 1751 638 ad
1791 606 2017 639 exaltationem

1275 659 1350 694 fidei
1377 660 1557 693 catholicae
1580 664 1611 692 et
1632 658 1827 691 christianae
1848 657 2018 700 religionis

1277 718 1498 756 augmentum,
1525 712 1717 745 auctoritate
1751 710 1873 744 domini
1914 710 2016 743 nostri

1276 766 1345 799 lesu
1370 765 1497 804 Christi,
1527 765 1695 797 beatorum
1721 764 1943 806 apostolorum
1965 763 2017 795 Pe·

1278 820 1316 851 tri
1344 824 1374 852 et
1400 817 1502 857 Pauli,
1529 827 1565 850 ac
1589 819 1716 857 nostra,
1742 817 1869 849 matura
1895 815 2017 848 delibe-

1278 871 1401 904 ratione
1426 870 1636 914 praehabita,
1663 875 1696 902 et
1720 869 1826 902 divina
1859 879 1921 912 ope
1947 879 2017 901 sae-

1277 925 1349 968 pius
1373 924 1556 967 implorata,
1573 933 1621 967 ¹ac
1646 923 1684 955 de
1702 921 1937 955 venerabilium
1959 921 2018 953 sra-

1277 982 1360 1010 trum
1396 981 1584 1009 nostrorum
1609 975 1640 1008 S.
1661 975 1698 1007 R.
1719 975 1753 1007 E.
1792 974 2016 1013 cardinalium,

1277 1030 1553 1074 patriarcharum,
1578 1029 1903 1071 archiepiscoporum
1928 1032 1960 1060 et
1984 1037 2017 1060 e-

1277 1084 1486 1127 piscoporum
1512 1083 1544 1115 in
1570 1082 1654 1116 Urbe
1680 1083 1888 1116 existentium
1913 1083 2017 1116 consi-

1277 1136 1322 1169 lio
1348 1142 1380 1169 et
1395 1146 1565 1176 consensu,
1582 1136 1617 1169 B.
1634 1135 1838 1169 Catharinam
1851 1136 1890 1170 de
1908 1136 2016 1170 Flisco

1278 1192 1431 1231 viduam,
1457 1190 1607 1224 Sanctam
1641 1200 1712 1223 esse
1749 1190 1952 1224 decrevimus
1985 1195 2018 1224 et

1278 1245 1493 1284 definivimus,
1518 1254 1554 1277 ac
1578 1244 1766 1278 Sanctarum
1792 1245 1940 1287 catalogo
1961 1245 2017 1278 ad-

1278 1299 1488 1342 scripsimus,
1519 1303 1619 1342 prout
1654 1303 1766 1331 tenore
1797 1297 2016 1340 praesentium

1277 1353 1430 1386 similiter
1466 1352 1686 1392 decernimus,
1713 1351 1883 1384 definimus
1910 1356 1941 1384 et
1966 1351 2017 1384 ad-

1277 1406 1460 1446 scribimus,
1485 1406 1638 1448 illamque
1662 1405 1829 1438 universos
1864 1404 2018 1438 christifi-

1278 1460 1366 1494 deles
1392 1465 1554 1503 tamquam
1579 1469 1654 1492 vere
1679 1458 1828 1492 Sanctam
1854 1459 2018 1491 honorare

1277 1519 1309 1547 et
1334 1513 1481 1546 venerari
1508 1512 1730 1545 mandavimus
1756 1518 1787 1545 et
1810 1513 2014 1552 mandamus,

1278 1572 1460 1600 statuentes
1485 1571 1519 1598 ut
1543 1566 1583 1598 ab
1608 1565 1784 1598 universali
1821 1565 1966 1598 Ecclesia
1983 1565 2017 1597 in

1278 1620 1346 1653 cius
1371 1620 1533 1653 honorem
1569 1618 1726 1651 ecclesiae
1759 1622 1790 1651 et
1819 1619 1945 1660 altaria,
1982 1619 2016 1652 in

1277 1675 1395 1718 quibus
1420 1672 1577 1706 sacrificia
1602 1672 1668 1705 Deo
1694 1671 1886 1714 offerantur,
1912 1671 2019 1706 aedifi-
2230 1697 2232 1715 ,

1277 1727 1340 1761 cari
1366 1727 1492 1771 possint
1527 1731 1558 1759 et
1593 1725 1792 1766 consecrari,
1818 1731 1850 1758 et
1881 1725 2017 1769 singulis

1276 1782 1368 1814 annis
1394 1780 1551 1814 memoria
1575 1779 1676 1823 ipsius
1702 1778 1752 1812 die
1769 1789 1807 1811 xv
1825 1779 1947 1812 mensis
1969 1789 2017 1812 se-

1276 1834 1433 1878 ptembris
1457 1834 1543 1866 inter
1566 1836 1692 1865 sanctas
1711 1842 1772 1865 nec
1792 1831 1935 1875 virgines
1956 1841 2018 1865 nec

1276 1892 1433 1930 martyres
1458 1886 1511 1929 pia
1536 1885 1710 1919 devotione
1735 1885 1834 1918 recoli
1853 1885 1980 1919 debeat.

1319 1942 1333 1984 ἓ
1358 1940 1410 1972 028.
1438 1940 1624 1982 Eademque
1648 1938 1842 1971 auctorirate
1863 1937 2016 1971 omnibus
2043 1944 2210 1974 ,(ῑαηουιιειιῑο-

2026 1976 2045 1990 nt
2059 1972 2210 1996 praesentinu-

1274 1993 1539 2026 christifidelibus
1554 2002 1627 2024 vere
1639 1991 1886 2035 poenitentibus
1900 1997 1931 2025 et
1944 2002 2016 2025 con·
2027 1997 2143 2045 afflatam?
2162 2004 2209 2018 eun-

1274 2047 1388 2087 scssis,
1416 2046 1469 2089 qui
1502 2045 1595 2078 annis
1625 2045 1761 2086 singulis
1790 2044 1904 2078 eodem
1934 2030 2120 2078 Γθειοῗῑῖὧ-Ιυ
2139 2025 2209 2051 ὤμ’,-

1274 2100 1325 2133 die
1350 2100 1388 2132 ad
1414 2099 1637 2142 sepulchrum,
1665 2098 1696 2129 in
1723 2108 1786 2141 quo
1812 2108 1929 2141 corpus
1945 2098 2015 2132 eius

1274 2152 1468 2196 requiescit,
1495 2151 1688 2184 visitandum
1714 2150 1935 2192 accesserint,
1967 2161 2017 2184 se·

1272 2212 1359 2250 ptem
1386 2215 1488 2238 annos
1514 2209 1545 2237 et
1570 2204 1704 2237 totidem
1730 2204 1957 2247 quadragenas
1975 2204 2016 2237 de

1273 2260 1427 2292 iniunctis
1452 2258 1498 2292 cis
1523 2263 1578 2291 aut
1597 2257 1677 2290 alias
1697 2257 1946 2300 quomodolibet
1963 2257 2016 2291 de-

1272 2313 1348 2347 bitis
1372 2311 1585 2356 poenitentiis
1615 2310 1870 2344 misericorditer
1894 2311 1926 2344 in
1951 2311 2015 2345 Do-

1272 2367 1360 2399 mino
1386 2365 1601 2399 relaxavimus
1621 2369 1652 2397 et
1664 2365 1845 2397 relaxamus
1862 2364 1896 2397 in
1913 2364 2016 2398 forma

1272 2419 1434 2452 Ecclesiae
1459 2419 1627 2452 consueta.

1317 2474 1331 2516 g
1357 2472 1410 2505 029.
1437 2472 1492 2505 llis
1517 2471 1667 2515 peractis,
1685 2470 1786 2504 Deum
1812 2469 1939 2504 Patrem
1964 2480 2016 2504 ae·
2076 2462 2228 2498 cantandi

2025 2503 2066 2524 hoc
2107 2504 2206 2530 peracta·
2224 2506 2227 2525 t

1274 2531 1411 2566 ternum,
1431 2535 1610 2569 regemque
1635 2524 1757 2567 gloriae
1775 2523 1938 2558 Christum
1958 2524 2013 2558 do-
2025 2530 2205 2578 {gffsrggffiffiwv
2224 2535 2227 2546 >

1274 2579 1397 2613 minum
1416 2578 1516 2613 Patris
1535 2578 1724 2623 sempiterni
1742 2577 1870 2620 Filium,
1889 2583 1920 2612 et
1936 2577 2014 2612 San-
