2232 3178
15 187 62 215 An.
81 183 109 212 C.
127 182 190 210 ¹738

57 2046 185 2068 obstan-ium

13 2072 124 2099 derogatio.

833 178 974 203 CLEMENS
999 178 1045 202 XII
1070 179 1119 203 ΡΡ.

200 229 314 264 Sedem
350 228 570 272 Apostolicam
607 228 807 272 praefatam,
844 227 941 260 etiam

201 288 289 317 motu
316 282 396 326 pari,
424 292 459 315 ac
485 292 520 315 ex
549 284 636 315 certa
662 281 815 321 scientia,
842 281 938 314 etiam

201 335 484 375 consistorialiter,
512 341 543 367 et
569 335 735 378 quibusvis
761 335 799 367 de
820 333 936 374 causis,

200 400 235 423 ac
261 390 320 422 sub
357 389 617 432 quibuscumque
651 389 822 420 verborum
850 392 938 419 teno-

200 443 288 475 ribus
315 447 347 475 et
372 441 491 482 formis,
518 452 553 474 ac
573 452 644 474 cum
667 441 834 484 quibusvis
852 441 939 472 clau-

199 496 276 529 sulis
309 501 342 528 et
382 494 546 535 decretis,
574 494 699 527 etiamsi
736 494 775 526 de
816 493 939 526 eisdem

200 548 430 593 praesentibus
467 558 645 590 earumque
673 552 738 580 toto
764 551 876 579 tenore
902 557 939 579 ac

200 603 273 635 data
291 601 443 645 specialis
462 601 582 633 mentio
596 601 702 640 fieret,
719 610 777 643 pro
795 605 938 642 tempore

199 655 355 689 faciendis
373 660 404 688 et
429 654 660 694 concedendis,
679 653 936 696 comprehendi,

199 709 256 742 sed
283 718 412 751 semper
436 708 474 740 ab
500 707 565 740 illis
592 707 716 750 excipi,
744 712 793 745 et,
812 706 938 748 quoties

199 762 274 795 illae
313 760 531 800 emanabant,
560 761 657 794 toties
693 760 725 792 in
751 759 937 802 pristinum,

199 825 234 848 ac
259 825 355 854 eum,
391 814 425 846 in
458 824 522 856 quo
560 818 654 846 antea
689 812 941 856 quomodolibet

199 872 311 907 erant,
337 871 455 899 statum
493 866 678 905 restitutas,
712 864 872 908 repositas
909 870 940 897 et

198 921 343 965 plenarie
369 921 594 963 reintegratas,
621 930 656 952 ac
675 920 714 952 de
735 929 816 952 novo
844 918 938 951 etiam

198 974 258 1007 sub
285 983 488 1017 quacumque
515 972 691 1016 posteriori
728 973 802 1006 data
840 982 939 1015 quan-

200 1027 382 1070 documque
409 1027 562 1070 eligenda
599 1036 771 1060 concessas
806 1036 877 1059 esse
911 1030 941 1057 et

197 1080 284 1121 s0re;
306 1081 416 1124 sicque
443 1086 474 1113 et
498 1091 562 1113 non
589 1080 668 1113 alias
695 1079 727 1112 in
752 1078 940 1122 praemissis

196 1134 348 1167 omnibus
385 1139 417 1166 et
448 1133 585 1176 singulis
623 1143 682 1175 per
717 1142 939 1175 quoscumque

196 1187 319 1220 iudices
353 1186 537 1219 ordinarios
574 1191 606 1219 et
637 1186 804 1228 delegatos
841 1183 938 1216 etiam

195 1251 366 1274 causarum
392 1239 502 1283 palatii
528 1239 697 1282 apostolici
722 1238 886 1271 auditores
904 1248 940 1270 ac

197 1295 344 1328 eiusdem
370 1294 399 1327 S.
419 1294 456 1326 R.
479 1294 514 1326 E.
555 1293 750 1332 cardinales,
776 1291 872 1325 etiam
898 1292 937 1325 de

197 1349 298 1380 latere
334 1348 469 1389 legatos
507 1345 728 1388 vice-legatos,
766 1344 937 1388 dictaeque

197 1401 288 1434 Sedis
306 1401 456 1440 nuncios,
474 1405 505 1433 et
522 1400 604 1432 alios
623 1409 844 1442 quoscumque
862 1409 938 1441 qua-

197 1456 242 1490 vis
268 1454 472 1494 auctoritate,
497 1459 670 1497 potestate,
707 1452 813 1486 officio
840 1457 871 1484 et
896 1452 939 1485 di-

197 1508 319 1553 gnitate
346 1508 527 1550 sungentes‚
555 1518 591 1539 ac
616 1506 850 1550 praerogativa,
876 1506 938 1549 pri·

196 1562 337 1605 vilegio,
363 1560 624 1604 praeeminentia
659 1564 690 1592 et
725 1559 852 1592 honore
878 1559 938 1592 sul-

197 1621 319 1659 gentes,
354 1614 481 1647 sublata
519 1614 565 1647 eis
599 1617 631 1645 et
662 1622 773 1645 eorum
808 1612 939 1646 cuilibet

197 1668 309 1712 quavis
332 1667 427 1700 aliter
455 1666 622 1700 iudicandi
649 1671 680 1699 ct
698 1665 936 1708 interpretandi

197 1723 348 1756 facultate
381 1727 413 1754 et
443 1720 646 1761 auctoritate,
673 1720 705 1753 in
733 1730 936 1763 quocumque

197 1775 316 1809 iudicio
343 1780 374 1808 et
398 1775 430 1807 in
450 1783 653 1818 quacumque
678 1773 833 1806 instantia
856 1772 937 1805 iudi-

197 1830 261 1863 cari
288 1834 319 1862 et
344 1827 472 1862 definiri
499 1827 635 1867 debere‘,
656 1833 698 1867 et,
726 1827 751 1859 si
777 1836 868 1860 secus
888 1836 937 1859 su-

196 1892 255 1925 per
279 1881 329 1914 his
350 1892 367 1914 a
393 1891 569 1924 quoquam,
595 1879 705 1923 quavis
730 1880 934 1919 auctoritate,

196 1935 339 1968 scienter
355 1934 403 1967 vel
424 1933 626 1976 ignoranter,
652 1933 823 1974 contigerit
841 1938 937 1966 atten-

197 1989 267 2029 tari,
295 1987 421 2021 irritum
446 1993 477 2020 et
501 1987 597 2020 inane
625 1986 845 2020 decernimus.

235 2043 250 2086 ἓ
274 2041 328 2074 15.
356 2041 423 2074 Non
448 2040 653 2074 obstantibus
671 2040 790 2073 nostris
812 2045 843 2072 et
860 2039 934 2073 Can-

198 2097 350 2129 cellariae
396 2094 605 2138 Apostolicae
654 2094 692 2126 de
738 2094 934 2137 praestando

197 2160 365 2190 consensu,
392 2149 432 2181 de
458 2149 528 2181 iure
555 2147 704 2192 quaesito
730 2158 795 2180 non
822 2148 936 2180 tollen-

197 2203 247 2242 do,
275 2202 314 2235 de
340 2202 552 2246 exprimendo
579 2212 656 2234 vero
682 2211 792 2234 annuo
817 2202 933 2242 valore,

197 2266 232 2289 ac
257 2256 295 2289 de
321 2255 506 2295 unionibus,
526 2254 662 2298 aliisque
683 2254 716 2287 in
735 2254 934 2287 contrarium

196 2309 447 2354 praemissorum
487 2308 739 2351 quomodolibet
775 2308 868 2342 editis
904 2314 935 2342 ct

197 2362 330 2397 edendis
358 2361 491 2404 regulis,
514 2373 550 2395 ac
576 2362 800 2395 Laterancnsis
826 2362 935 2395 Conci-

197 2416 230 2450 lii
255 2416 428 2450 novissime
455 2414 611 2448 celebrati
639 2415 777 2448 uniones
803 2426 860 2449 seu
881 2428 935 2460 ap-

197 2469 388 2513 plicationes
413 2473 588 2512 perpetuas
624 2468 755 2501 nonnisi
780 2468 812 2501 in
839 2470 934 2503 certis

197 2521 324 2555 casibus
361 2521 431 2555 fieri
471 2521 692 2564 prohibentis,
717 2532 753 2554 ac
780 2522 933 2555 dismem-

197 2574 361 2608 brationes
398 2580 572 2618 perpetuas
609 2584 707 2617 super
737 2575 935 2619 patriarcba·

248 2638 332 2666 Buzz.
348 2637 433 2666 Rom.
453 2653 488 2659 —
510 2637 574 2666 Vol.
595 2637 695 2666 XXIV.
840 2637 873 2664 43

985 227 1076 268 lium,
1096 227 1425 271 archiepiscopalium
1451 239 1636 262 mensarum
1663 229 1727 261 sru-

985 281 1111 319 ctibuS,
1136 281 1318 314 redditibus
1345 287 1375 314 et
1406 282 1620 326 proventibus
1647 293 1727 315 non-

985 334 1045 366 nisi
1087 345 1124 367 ex
1162 334 1316 368 cessionis
1351 341 1406 368 aut
1441 335 1503 368 alia
1540 336 1725 370 rationabili

986 389 1092 426 causa,
1120 398 1201 430 quae
1227 387 1259 419 in
1285 389 1480 422 consistorio
1512 395 1622 421 nostro
1643 389 1727 422 iusta

986 445 1016 472 et
1042 440 1183 472 honesta
1207 440 1318 473 habita
1343 442 1452 481 suerit,
1482 452 1518 474 ac
1541 441 1637 474 certis
1655 442 1726 475 aliis

985 493 1081 526 inodo
1108 498 1139 525 et
1165 493 1267 526 forma
1304 495 1335 526 in
1370 495 1455 527 dicto
1492 495 1637 528 Concilio
1675 505 1727 527 ex-

984 546 1118 589 pressis,
1144 547 1304 579 reservari
1330 547 1482 580 similiter
1506 548 1726 591 prohibentis,

985 610 1128 640 necnon,
1155 601 1259 643 quoad
1286 601 1488 643 praedictam
1515 607 1728 634 executoruui

986 652 1243 696 deputationem,
1265 655 1458 687 recolendae
1478 656 1653 688 memoriae
1672 655 1729 688 Bo·

985 706 1093 738 nisacii
1119 707 1223 750 Papae
1250 707 1313 740 ΠΙ]
1347 707 1498 741 similiter
1538 709 1729 750 praedeces-

986 759 1068 792 soris
1095 760 1222 799 nostri,
1248 761 1384 804 aliisque
1410 761 1577 804 quibusvis
1603 762 1635 794 in
1654 772 1727 795 con-

987 812 1119 844 trarium
1147 812 1402 855 praei‘nissorum
1420 840 1427 853 ,
1454 813 1550 846 etiarn
1577 814 1608 846 in
1634 825 1728 857 syno-

985 864 1123 904 dalibus,
1150 864 1391 899 universalibus
1413 871 1445 899 et
1469 867 1727 910 provincialibus

985 917 1134 950 conciliis
1160 918 1255 951 editis
1282 919 1330 952 vel
1362 919 1509 959 edendis,
1528 919 1726 963 specialibus

984 970 1032 1003 vel
1059 971 1277 1013 generalibus,
1305 971 1594 1005 constitutionibus
1622 979 1654 1005 et
1673 983 1726 1006 or-

985 1023 1211 1056 dinationibus
1237 1025 1441 1068 apostolicis,
1469 1035 1504 1058 ac
1529 1025 1727 1069 patriarcha·

984 1076 1022 1110 lis
1037 1076 1298 1120 Ulyssiponensis
1312 1078 1536 1118 occidentalis,
1553 1089 1588 1111 ac
1602 1079 1727 1112 archie-

983 1130 1201 1173 piscopalium
1238 1136 1270 1164 et
1306 1131 1542 1175 episcopalium
1570 1132 1727 1165 ecclesia-

984 1194 1053 1216 rum
1089 1184 1353 1227 praedictarum,
1390 1185 1486 1217 etiam
1524 1185 1725 1226 iuramento,

983 1236 1228 1270 confirmatione
1254 1237 1446 1280 apostolica,
1473 1238 1522 1270 vel
1545 1238 1655 1281 quavis
1674 1238 1727 1271 fir-

982 1290 1092 1323 mitate
1119 1291 1181 1323 alia
1201 1291 1379 1334 respective
1399 1291 1570 1332 roboratis,
1589 1292 1725 1331 statutis,

983 1344 1239 1387 eorumdemque
1264 1350 1460 1378 statutorum
1486 1345 1726 1379 reformationi-

983 1397 1044 1430 bus
1078 1402 1110 1431 et
1142 1397 1235 1431 novis
1269 1398 1489 1439 editionibus,
1521 1399 1630 1442 stylis,
1659 1399 1725 1432 usi-

983 1451 1043 1484 bus
1078 1458 1109 1484 ct
1143 1452 1454 1491 consuetudinibus,
1491 1452 1586 1485 etiam
1612 1453 1725 1486 imme-

983 1504 1216 1545 morabilibus,
1246 1505 1518 1548 dispositionibus
1545 1510 1576 1538 et
1600 1506 1723 1539 ultiniis

983 1558 1206 1591 voluntatibus
1238 1559 1269 1591 in
1296 1558 1497 1591 contrarium
1530 1559 1723 1592 corumdem

983 1611 1263 1654 praemissorum,
1300 1612 1559 1656 quibuscumque
1592 1612 1723 1655 privile-

984 1665 1043 1708 giis
1061 1664 1155 1698 etiam
1175 1675 1210 1697 ex
1229 1665 1422 1698 fundatione
1441 1665 1719 1708 competentibus,

983 1729 999 1751 a
1025 1718 1119 1750 nobis
1147 1728 1202 1751 scu
1228 1729 1245 1751 a
1271 1718 1534 1761 quibuscumque
1568 1718 1722 1751 Romanis

982 1771 1194 1805 Pontificibus
1241 1771 1555 1815 praedecessoribus
1598 1772 1721 1805 nostris

982 1825 1162 1868 respective
1197 1825 1380 1865 concessis,
1407 1836 1467 1858 nec
1492 1836 1559 1858 non
1584 1826 1720 1859 indultis

981 1885 1012 1912 et
1047 1880 1167 1913 litteris
1205 1879 1418 1923 apostolicis,
1445 1879 1509 1912 illis
1541 1890 1720 1923 earumque

981 1933 1209 1976 superioribus
1245 1938 1276 1966 et
1301 1933 1451 1977 personis
1477 1943 1512 1965 ac
1537 1933 1618 1966 locis
1644 1934 1718 1976 qui-

981 1987 1209 2030 buscumque,
1237 1986 1333 2020 etiam
1366 1987 1522 2030 speciali,
1551 1985 1718 2029 specifica,

980 2042 1132 2084 expressa
1157 2046 1187 2073 et
1212 2039 1377 2073 individua
1400 2039 1567 2073 mentione
1582 2040 1718 2083 dignis,

979 2095 1038 2126 sub
1065 2093 1323 2137 quibuscumque
1349 2093 1518 2126 tenoribus
1541 2098 1571 2126 et
1593 2092 1716 2134 formis,

978 2158 1016 2180 ac
1040 2158 1111 2180 curn
1130 2147 1298 2190 quibusvis
1317 2146 1412 2180 etiam
1433 2147 1718 2189 derogatoriarum

979 2201 1209 2244 derogatoriis,
1237 2200 1373 2244 aliisque
1399 2199 1644 2241 efficacioribus,
1672 2202 1717 2233 cs-

979 2255 1177 2287 ficacissimis
1211 2259 1242 2287 et
1274 2254 1414 2287 insolitis
1448 2253 1620 2294 clausulis,
1645 2253 1717 2286 irri-

979 2308 1186 2351 tantibusque
1211 2312 1243 2340 et
1269 2307 1340 2341 aliis
1365 2307 1516 2347 decretis,
1536 2306 1568 2339 in
1594 2317 1716 2349 genere

976 2363 1027 2395 vel
1065 2362 1097 2394 in
1132 2361 1261 2404 specie,
1296 2361 1391 2394 etiam
1428 2365 1519 2392 motu
1556 2359 1643 2403 pari,
1680 2370 1716 2392 ac

978 2416 1077 2449 ctiam
1103 2415 1388 2455 consistorialiter,
1410 2421 1462 2447 aut
1483 2414 1560 2446 alias
1580 2425 1716 2457 quomo-

978 2470 1123 2510 dolibet,
1148 2470 1244 2502 ctiam
1269 2469 1395 2502 iteratis
1422 2467 1555 2507 vicibus,
1583 2467 1614 2499 in
1639 2478 1715 2501 con-

980 2523 1115 2556 trarium
1150 2522 1402 2566 praemissorum
1437 2519 1625 2562 concessis,
1659 2531 1715 2565 ap-

977 2575 1344 2622 probatis,confirmatis
1360 2580 1390 2609 et
1405 2574 1576 2616 innovaffl,
1587 2574 1714 2609 etiamsi

1624 170 1688 205 337
1735 180 1787 208 An.
1807 181 1834 207 c.
1854 181 1922 209 ¹738
