2232 3178
275 224 372 252 amc.
397 223 462 250 ¹737
508 214 571 247 02:³6

274 287 361 311 parma«
388 273 606 315 sumo-quodam
634 272 729 305 modo
769 277 931 314 tamquam
970 270 1124 314 gradibus
1148 281 1208 314 per

273 313 354 370 {2³12ss
372 317 536 367 rit‘L‘iifisseam
562 325 600 358 ad
626 325 804 369 perfectum
830 324 884 357 Dei
922 335 1066 358 amorem
1100 334 1207 356 ascen-

272 365 562 420 [ltlla‘a'tss‘lltrltssditur,
582 389 645 411 non
671 379 775 411 solum
794 377 957 420 providet¹
976 377 1070 410 saluti
1090 377 1207 410 anima-

273 424 316 438 ’Μ
334 420 432 438 ''mm‘'
467 442 548 470 rum,
567 432 623 464 sed
644 431 739 463 etiam
759 430 907 472 corporis
922 430 1110 472 indigentiis
1132 441 1206 463 con-

467 484 572 517 sulit'.
602 484 713 526 Itaque
738 493 848 516 servus
874 483 950 523 Dei,
977 484 1123 526 perfecta
1156 494 1206 515 ar-

467 537 565 569 dens³
582 537 750 576 charitate,
770 541 801 568 et
825 535 939 568 animis
958 542 989 568 et
1013 535 1204 578 corporibus

467 589 636 622 subvenire
662 600 697 621 ac
722 589 916 622 benefacere
939 589 1116 631 satagebat,
1135 599 1206 630 age-

467 642 587 684 batque
614 647 770 685 quantuni
803 647 932 684 poterat
968 646 1003 673 ut
1038 641 1204 684 proximus

466 696 572 728 salvus
598 705 736 738 corpore
762 696 937 737 salvusque
963 694 1070 727 animo
1096 700 1202 733 esset,

466 748 509 780 ita
535 754 644 780 tamen
669 753 703 780 ut
728 757 856 780 omnem
890 757 1061 790 corporum
1096 756 1202 779 curam

467 801 505 834 ad
526 802 664 834 salutem
687 801 876 840 animarum,
896 801 934 833 de
953 811 1017 843 qua
1034 800 1205 843 potissima

466 854 564 887 debet
589 864 660 887 esse
687 853 890 894 sollicitudo,
912 853 1060 886 referret.
1087 852 1203 891 Quam-

466 907 588 947 obrem,
606 907 679 940 totis
693 906 915 939 miserationis
929 906 1107 939 visceribus
1122 916 1207 938 com-

464 961 594 1004 patiens
619 959 856 993 calamitatibus
882 966 911 992 et
938 958 1094 1001 angustiis
1113 958 1206 991 mise-

465 1024 576 1047 rorum
599 1013 792 1057 praesertim
810 1012 1058 1055 aegrotantium,
1078 1022 1204 1051 senum,

464 1077 640 1110 puerorum
657 1094 664 1108 ,
692 1066 950 1109 puellarumque,
977 1064 1052 1108 qui,
1084 1064 1205 1096 viribus

465 1119 584 1152 infirmi
610 1130 646 1153 ac
672 1119 809 1159 debiles,
837 1118 898 1151 sibi
925 1128 1114 1150 succurrere
1140 1127 1205 1149 non

464 1173 622 1212 valentes,
650 1182 747 1215 saepe
768 1171 952 1204 necessario
979 1170 1122 1203 destituti
1150 1181 1206 1202 au-

465 1225 557 1265 xilio,
585 1225 652 1258 suis
677 1224 817 1257 miseriis
842 1224 1080 1267 opprimuntur,
1108 1223 1207 1256 socie-

466 1284 565 1312 tatem
591 1278 771 1311 Puellarum
804 1277 975 1310 Charitatis
1007 1282 1206 1319 nuncupata-

466 1341 537 1364 rum
575 1331 743 1371 fundavit,
769 1341 853 1373 quae
890 1330 1044 1371 senibus,
1077 1329 1206 1373 pueris,

468 1384 597 1427 egenis,
620 1390 651 1417 et
680 1383 784 1417 omnis
810 1383 935 1426 generis
960 1382 1205 1426 aegrotantibus

467 1437 618 1470 curandis
652 1436 936 1480 inserviendisque
962 1436 1014 1468 diu
1043 1440 1206 1477 noctuque

468 1491 701 1525 allaborarent.

282 1552 457 1583 ,ntncineinew
512 1544 527 1587 ἓ
553 1543 604 1576 14.
630 1543 799 1576 Praeterea
816 1554 879 1576 non
898 1543 1002 1575 solum
1021 1541 1052 1574 in
1071 1540 1207 1583 singulis

273 1579 610 1636 32¹÷⁸÷J⁰‘¹¹ll’³l?.5357urbium,
630 1595 686 1629 sed
713 1596 807 1629 etiam
833 1606 990 1639 pagorum
1012 1601 1043 1627 et
1060 1594 1207 1627 villarum

274 1632 458 1654 rnmsodalttatu&

274 1664 329 1685 ‹iuao
359 1662 457 1684 aegroto·
469 1649 626 1693 paroeciis
651 1649 839 1682 sodalitates
873 1648 1089 1681 Matronarum
1119 1646 1209 1679 insti-

273 1691 317 1705 rum
334 1687 354 1705 et
370 1685 458 1705 misero-

272 1717 316 1732 rum
333 1717 405 1732 curam
422 1712 458 1732 ha·
471 1703 550 1743 tuit,
577 1714 711 1746 quarum
742 1703 881 1736 sollicita
906 1703 981 1735 cura
1007 1707 1037 1734 et
1062 1699 1208 1743 diligenti

274 1739 359 1762 luerent3
389 1743 458 1758 soene—

272 1765 457 1794 ·atespuettarum
469 1756 690 1790 sollicitudine
708 1757 899 1789 miserorum
916 1765 1085 1799 pressurae
1104 1760 1134 1786 et
1151 1764 1208 1786 an-

273 1791 347 1811 Crucis
361 1806 366 1814 ,
408 1791 457 1812 Pro·

273 1810 594 1865 {naengxmsjggustiae
630 1811 838 1850 levarentur,
873 1808 1116 1851 aegrotantibus
1158 1817 1209 1840 rc-

273 1863 574 1896 adeffiwmamtummedia
611 1868 674 1896 tam
708 1862 890 1906 corporalia
923 1872 1018 1905 quain
1055 1861 1208 1904 spiritua-

273 1902 394 1922 §squlol'fll'n
423 1903 457 1918 εῦ-

274 1929 320 1943 sum
353 1915 531 1960 instituitulia,
557 1915 754 1948 calamitosis
786 1925 865 1958 opes
899 1920 995 1958 atque
1029 1913 1207 1951 auxilium,

274 1952 641 2011 mammem-egentibus
676 1968 836 2011 pecunia,
869 1968 964 2001 nudis
997 1966 1206 2005 vestimenta,

468 2022 594 2055 afflictis
615 2022 795 2055 consolatio
821 2020 1002 2054 afferretur.
1030 2019 1208 2062 Erigendas

470 2074 567 2108 etiam
585 2075 717 2114 curavit,
736 2074 895 2117 variisque
911 2074 942 2105 in
957 2073 1038 2106 locis
1056 2072 1117 2104 iam
1137 2077 1209 2104 ante

469 2133 594 2161 erectas
632 2126 773 2167 adiuvit,
807 2126 1010 2169 maximeque
1048 2124 1210 2168 promovit

469 2181 642 2215 societates
672 2181 855 2223 puellarum
881 2179 1011 2219 Crucis,
1038 2178 1210 2211 Providen—

470 2234 532 2267 tiae
566 2239 597 2267 et
629 2234 659 2267 S.
688 2232 900 2272 Genovelfae‚
931 2243 949 2265 a
981 2231 1097 2275 quibus
1131 2231 1209 2263 edu-

469 2292 622 2320 carentur
657 2286 959 2328 instruerenturque
994 2285 1026 2317 in
1060 2283 1208 2317 femineis

469 2339 607 2383 opificiis
629 2339 840 2379 honestisque
875 2338 1020 2371 moribus
1045 2346 1208 2381 pauperes

470 2393 611 2436 puellae,
625 2403 666 2425 ne
683 2392 715 2424 in
733 2391 941 2425 maturiorem
960 2395 1097 2424 aetatem
1117 2390 1208 2422 adul-

507 2482 516 2507 1
542 2480 611 2508 Edit,
634 2481 718 2508 Main.
738 2480 803 2514 legit
819 2480 951 2515 providit
970 2482 1009 2511 (n.
1025 2479 1074 2512 ¹12).

505 2526 522 2552 2
542 2525 613 2552 Edit.
633 2525 703 2553 Μαίη
724 2524 807 2552 habet
824 2524 969 2552 consuluit
989 2524 1029 2559 (n.
1045 2523 1095 2557 T.).

505 2570 522 2598 3
541 2570 611 2598 Male
641 2570 707 2599 edit.
727 2570 811 2598 Main.
833 2568 898 2604 legit
917 2569 1054 2598 ardemus
1082 2575 1130 2603 pro
1157 2576 1206 2596 ar-

471 2615 539 2644 dem
556 2617 593 2651 (a.
615 2615 663 2651 τ.).

1046 222 1228 246 BULLARIUM
1253 221 1407 246 ROMANUM

1999 222 2046 249 An.
2062 222 2090 250 C.
2111 224 2174 253 ¹737

1254 277 1302 304 tae
1329 271 1513 314 ignorantia
1538 271 1721 305 dominicae
1747 272 1828 315 legis
1860 277 1914 305 aut
1941 271 1989 305 di-

1251 324 1398 356 vinornm
1432 323 1657 367 mysteriorum
1689 324 1815 357 inscitia
1841 324 1989 358 laberen-

1253 375 1329 416 tur⁴,
1347 377 1394 409 vel
1413 376 1536 409 otiosae
1559 376 1722 410 discerent
1743 377 1913 410 circumire
1933 377 1988 411 do-

1252 440 1344 469 mos,
1371 435 1402 462 et
1427 430 1597 473 loquentes
1625 441 1706 473 quae
1743 441 1808 463 non
1834 435 1985 474 oportet,

1252 487 1337 516 retro
1359 483 1507 516 Satanam
1533 489 1821 523 converterentur,
1849 485 1898 517 vel
1924 494 1989 516 ma-

1250 537 1345 568 nibus
1378 537 1528 569 laborare
1562 536 1768 577 nescientes,
1802 536 1986 569 domesticis

1250 600 1430 632 oppressae
1458 589 1721 628 difficultatibus,
1749 589 1786 621 ad
1811 589 1932 631 flagitia
1957 594 1989 622 et

1250 647 1381 684 peccata
1396 641 1506 684 inopia
1522 647 1552 674 et
1569 647 1715 683 egestate
1730 641 1987 684 impellerentur.

1294 695 1308 737 ξ
1333 694 1386 726 15.
1415 694 1548 736 lnsuper
1569 694 1745 737 hospitium
1768 704 1827 736 pro
1853 694 1988 726 amenti·
2011 703 2127 729 emptu-‚m
2140 709 2176 730 pro

1996 731 2127 754 aniantthm,
2141 731 2178 751 do.

1249 747 1310 780 bus
1329 747 1564 788 custodiendis,
1584 748 1713 780 domum
1740 747 1778 780 ad
1804 747 2177 809 immorige-mnnpffissffif':

1250 811 1303 833 ros
1318 801 1539 834 adolescentes
1559 801 1778 843 corrigendos,
1797 805 1830 833 et
1845 801 1986 844 amplum
1998 814 2035 835 pro
2051 810 2177 830 sembusar·

1999 836 2103 860 tunc-ihu«,
2125 837 2178 857 vala·

1250 853 1413 896 hospitale
1432 854 1469 886 ad
1489 853 1644 886 fovendos
1673 853 1873 896 alendosque
1891 864 1986 886 senes
1999 862 2104 882 tudinaria
2143 867 2177 888 vro
2204 887 2207 890 ,

1999 889 2113 912 remigibus
2140 890 2177 909 Pa·

1250 912 1281 939 et
1307 907 1456 946 artifices,
1477 907 1530 950 qui
1549 907 1588 940 ad
1614 907 1673 939 sibi
1701 906 1819 940 victum
1839 907 2056 940 manibusrims
2071 918 2092 935 ει
2107 914 2178 936 Massi-
2217 926 2222 932 .

1293 960 1298 966 .
1586 961 1591 966 .
1913 960 1918 965 .
1998 941 2041 961 liae
2079 941 2178 968 erigendo

1250 971 1317 993 suis
1336 961 1571 1003 quaerendum-
1585 965 1781 1002 impotentes
1805 961 1987 993 calamitate
1999 969 2067 989 curat.

1251 1013 1357 1055 aliqua
1393 1018 1585 1052 evaserunt,
1621 1012 1814 1045 aedificavit.
1852 1012 1988 1045 Demum

1250 1066 1483 1099 valetudinaria
1499 1076 1556 1108 pro
1576 1065 1712 1098 infirmis
1731 1065 1918 1108 remigibus,
1934 1065 1987 1108 qui

1251 1120 1340 1163 prius
1366 1121 1398 1153 in
1424 1126 1514 1152 antra
1533 1130 1623 1152 more
1643 1119 1816 1153 bestiarum
1835 1119 1988 1152 detrude-

1250 1175 1377 1214 bantur,
1396 1174 1555 1206 Parisisiis
1574 1178 1605 1206 et
1630 1173 1786 1206 Massiliae
1805 1173 1898 1206 enixe
1914 1183 1989 1216 pro-

1251 1232 1383 1260 curante
1413 1228 1500 1269 regia
1528 1227 1723 1259 liberalitate
1745 1231 1931 1258 constructa
1958 1231 1990 1258 et

1251 1281 1358 1313 dotata
1377 1280 1478 1321 fuere,
1496 1280 1527 1312 in
1548 1290 1628 1322 quae
1648 1279 1754 1312 miseri
1782 1278 1826 1311 illi
1848 1279 1989 1321 aegritu-

1251 1334 1325 1367 dine
1352 1333 1538 1366 laborantes
1567 1333 1731 1372 translati,
1755 1337 1786 1365 et
1810 1331 1988 1375 spirituali-

1249 1388 1307 1420 bus
1325 1393 1355 1420 et
1373 1387 1596 1429 corporalibus
1614 1386 1765 1419 subsidiis
1784 1390 1985 1418 recreantur.

1293 1441 1308 1484 ἓ
1333 1440 1386 1473 46.
1414 1440 1535 1473 Eximia
1553 1440 1639 1472 enim
1658 1438 1817 1472 vincentii
1843 1438 2178 1490 probitaslaeffidsshirciffifflfl

1250 1493 1399 1537 vitaeque
1436 1493 1602 1535 integritas
1628 1503 1667 1526 eo
1693 1491 1793 1534 magis
1819 1491 2119 1535 magisque÷nn=ne÷us
2130 1501 2178 1520 ⁰1¹¹·-
2212 1508 2215 1515 ·

1999 1523 2023 1542 ra
2048 1524 2069 1542 et
2091 1521 2178 1542 comitio

1250 1546 1283 1578 in
1309 1546 1394 1579 diem
1422 1546 1564 1586 elucens,
1584 1556 1648 1588 quo
1670 1544 1843 1577 studiosius
1861 1545 1900 1577 ab
1918 1544 1988 1588 ipso
2000 1548 2120 1578 ulit-umal
2135 1551 2179 1568 ¹¹¹⁰·
2210 1556 2214 1572 :

2000 1577 2063 1596 rit-uti
2078 1574 2166 1595 adstitit.

1251 1600 1493 1637 occultabatur,
1529 1600 1634 1631 clarae
1669 1599 1845 1631 memoriae
1877 1597 1987 1631 Ludo-

1253 1652 1322 1685 vico
1356 1652 1421 1684 Xlll
1458 1651 1633 1684 Galliarum
1670 1651 1739 1693 regi
1776 1651 1987 1690 innotuerat;

1252 1705 1405 1749 ideoque*³
1419 1706 1527 1738 vivens
1543 1705 1611 1737 eius
1627 1707 1725 1747 opera
1739 1704 1777 1737 ad
1796 1704 1990 1737 distribuen-

1252 1760 1309 1792 das
1335 1759 1475 1792 occultas
1502 1759 1725 1800 eleemosynas
1762 1757 1894 1800 eiusque
1919 1767 1992 1790 con-

1252 1812 1327 1844 silio
1352 1811 1384 1843 in
1410 1811 1615 1845 nominandis
1648 1810 1776 1843 clericis
1802 1810 1841 1843 ad
1866 1810 1991 1852 episco-

1251 1866 1342 1908 pales
1372 1864 1540 1898 cathedras
1577 1869 1608 1896 et
1641 1863 1859 1896 ecclesiastica
1894 1863 1991 1896 bene-

1252 1918 1324 1951 ficia
1347 1918 1518 1958 utebatur,
1546 1917 1690 1949 moriens
1728 1916 1760 1948 in
1795 1916 1908 1948 ultimo
1933 1915 1990 1948 illo

1252 1981 1356 2013 agone
1391 1970 1595 2004 vincentium
1621 1969 1682 2002 sibi
1707 1969 1890 2002 adiutorem
1915 1978 1991 2001 con-

1251 2025 1490 2067 solatoremque
1516 2033 1585 2056 esse
1610 2023 1723 2056 voluit.

1296 2079 1312 2119 ξ
1338 2077 1389 2110 17.
1415 2077 1487 2110 Post
1513 2087 1588 2109 vero
1614 2076 1701 2109 illius
1727 2075 1862 2116 obitum,
1882 2076 1988 2108 clarae

1999 2157 2052 2178 ctus,
2061 2155 2146 2180 eiusque
2157 2152 2177 2174 iu

1250 2184 1423 2217 Galliarum
1439 2184 1561 2226 regina,
1576 2194 1660 2222 eum,
1678 2183 1754 2216 licet
1772 2182 1988 2215 reluctantem
1999 2181 2176 2202 h⁰⁰¹¹¹¹¹¹¹¹¹³⁸¹··
2212 2202 2220 2220 ς

2015 2207 2084 2228 nendo
2132 2209 2176 2226 cw-

1251 2243 1282 2270 et
1307 2237 1451 2277 invitum,
1465 2238 1497 2269 in
1515 2236 1658 2269 sanctius
1676 2235 1894 2269 conscientiae
1916 2214 2087 2268 con-3²³”ff‘1-

1250 2291 1359 2324 silium
1377 2291 1522 2323 adscivit.
1543 2290 1614 2333 Ipse
1636 2295 1744 2322 autem
1762 2289 1892 2332 ubique,
1908 2294 1939 2321 et
1957 2289 1988 2320 in

1251 2344 1372 2387 palatio
1391 2343 1476 2377 inter
1494 2344 1616 2376 aulicos
1630 2370 1638 2384 ,
1661 2348 1693 2375 et
1711 2342 1796 2375 domi
1816 2342 1899 2374 inter
1916 2351 1988 2374 suos

1249 2397 1408 2430 Missionis
1433 2398 1598 2437 alumnos,
1627 2401 1659 2429 et
1683 2396 1717 2428 in
1743 2395 1811 2428 foro
1838 2395 1922 2428 inter
1946 2394 1990 2431 ci<

1250 2461 1310 2491 ves,
1330 2455 1361 2483 et
1379 2451 1411 2483 in
1429 2450 1561 2494 privatis
1580 2449 1727 2482 domibus
1748 2448 1834 2481 inter
1854 2452 1988 2490 egentes

1286 2524 1294 2547 t
1314 2521 1345 2548 Ni
1362 2521 1455 2549 forsan
1474 2520 1619 2556 legendum
1641 2519 1675 2546 sit
1696 2519 1863 2547 laborarent
1884 2525 1932 2553 pro
1950 2517 1990 2545 la-

1248 2566 1385 2594 berentur
1403 2568 1444 2601 (n.
1461 2567 1510 2600 T.).

1282 2610 1299 2638 2
1318 2610 1347 2637 Ni
1369 2609 1513 2646 tegendum
1533 2610 1583 2638 sit:
1606 2609 1681 2645 ideo,
1705 2610 1755 2644 qui
1772 2610 1812 2646 (a.
1831 2610 1882 2645 τ.),

2045 2073 2177 2095 consiliat-iu·
2220 2083 2221 2091 κ

2000 2102 2086 2126 reginae
2108 2100 2176 2122 Anna·
2203 2110 2221 2130 Ιι

1251 2130 1427 2164 memoriae
1445 2131 1537 2162 Anna
1558 2129 1735 2168 Austriaca,
1751 2129 1839 2162 illius
1857 2138 1938 2161 uxor
1958 2129 2106 2162 etff'uffln'
2128 2125 2176 2147 ὕπ’·
2218 2144 2221 2150 -
