<?xml version="1.0" encoding="UTF-8"?>
<!DOCTYPE html PUBLIC "-//W3C//DTD XHTML 1.0 Transitional//EN"
    "http://www.w3.org/TR/xhtml1/DTD/xhtml1-transitional.dtd">
<html xmlns="http://www.w3.org/1999/xhtml" xml:lang="en" lang="en">
 <head>
  <title>
</title>
<meta http-equiv="Content-Type" content="text/html;charset=utf-8" />
  <meta name='ocr-system' content='tesseract 3.04.00' />
  <meta name='ocr-capabilities' content='ocr_page ocr_carea ocr_par ocr_line ocrx_word'/>
</head>
<body>
  <div class='ocr_page' id='page_1' title='image "./bullarumdiplomat24cath_0145.png"; bbox 0 0 2232 3178; ppageno 0'>
   <div class='ocr_carea' id='block_1_1' title="bbox 0 243 179 273">
    <p class='ocr_par' dir='ltr' id='par_1_1' title="bbox 0 243 179 273">
     <span class='ocr_line' id='line_1_1' title="bbox 0 243 179 273; baseline -0.017 0"><span class='ocrx_word' id='word_1_1' title='bbox 0 246 42 273; x_wconf 54' lang='lat' dir='ltr'>tn.</span> <span class='ocrx_word' id='word_1_2' title='bbox 61 243 92 271; x_wconf 86' lang='lat' dir='ltr'>C.</span> <span class='ocrx_word' id='word_1_3' title='bbox 111 243 179 271; x_wconf 77' lang='lat'>1736</span> 
     </span>
    </p>
   </div>
   <div class='ocr_carea' id='block_1_2' title="bbox 21 464 160 486">
    <p class='ocr_par' dir='ltr' id='par_1_2' title="bbox 21 464 160 486">
     <span class='ocr_line' id='line_1_2' title="bbox 21 464 160 486; baseline -0.029 0"><span class='ocrx_word' id='word_1_4' title='bbox 21 464 160 486; x_wconf 62' lang='lat' dir='ltr'>Proeeiuiuun.</span> 
     </span>
    </p>
   </div>
   <div class='ocr_carea' id='block_1_3' title="bbox 0 1365 173 1446">
    <p class='ocr_par' dir='ltr' id='par_1_3' title="bbox 0 1365 173 1446">
     <span class='ocr_line' id='line_1_3' title="bbox 15 1365 172 1395; baseline 0 -9"><span class='ocrx_word' id='word_1_5' title='bbox 15 1366 94 1386; x_wconf 67' lang='lat' dir='ltr'>Causae</span> <span class='ocrx_word' id='word_1_6' title='bbox 105 1365 172 1395; x_wconf 70' lang='lat' dir='ltr'>litum</span> 
     </span>
     <span class='ocr_line' id='line_1_4' title="bbox 0 1393 173 1414; baseline -0.012 0"><span class='ocrx_word' id='word_1_7' title='bbox 0 1393 116 1414; x_wconf 63' lang='lat' dir='ltr'>terrentium</span> <span class='ocrx_word' id='word_1_8' title='bbox 141 1398 173 1413; x_wconf 84' lang='lat' dir='ltr'>iu-</span> 
     </span>
     <span class='ocr_line' id='line_1_5' title="bbox 0 1421 113 1446; baseline 0 -6"><span class='ocrx_word' id='word_1_9' title='bbox 0 1425 26 1441; x_wconf 64' lang='lat' dir='ltr'>,nr</span> <span class='ocrx_word' id='word_1_10' title='bbox 34 1421 113 1446; x_wconf 71' lang='lat' dir='ltr'>partes,</span> 
     </span>
    </p>
   </div>
   <div class='ocr_carea' id='block_1_4' title="bbox 804 240 945 265">
    <p class='ocr_par' dir='ltr' id='par_1_4' title="bbox 804 240 945 265">
     <span class='ocr_line' id='line_1_6' title="bbox 804 240 945 265; baseline -0.007 0"><span class='ocrx_word' id='word_1_11' title='bbox 804 240 945 265; x_wconf 76' lang='lat' dir='ltr'>CLEMENS</span> 
     </span>
    </p>
   </div>
   <div class='ocr_carea' id='block_1_5' title="bbox 306 290 811 414">
    <p class='ocr_par' dir='ltr' id='par_1_5' title="bbox 306 290 811 414">
     <span class='ocr_line' id='line_1_7' title="bbox 394 290 726 325; baseline 0.003 -8"><span class='ocrx_word' id='word_1_12' title='bbox 394 290 530 318; x_wconf 78' lang='lat' dir='ltr'>clemens</span> <span class='ocrx_word' id='word_1_13' title='bbox 551 290 726 325; x_wconf 77' lang='lat' dir='ltr'>episcopus,</span> 
     </span>
     <span class='ocr_line' id='line_1_8' title="bbox 376 335 740 366; baseline 0 -4"><span class='ocrx_word' id='word_1_14' title='bbox 376 342 484 362; x_wconf 84' lang='lat' dir='ltr'>servus</span> <span class='ocrx_word' id='word_1_15' title='bbox 506 343 661 362; x_wconf 83' lang='lat' dir='ltr'>servorum</span> <span class='ocrx_word' id='word_1_16' title='bbox 676 335 740 366; x_wconf 84' lang='lat' dir='ltr'>Dei,</span> 
     </span>
     <span class='ocr_line' id='line_1_9' title="bbox 306 379 811 414; baseline -0.002 -7"><span class='ocrx_word' id='word_1_17' title='bbox 306 381 343 408; x_wconf 84' lang='lat' dir='ltr'>ad</span> <span class='ocrx_word' id='word_1_18' title='bbox 362 382 540 414; x_wconf 81' lang='lat' dir='ltr'>perpetuam</span> <span class='ocrx_word' id='word_1_19' title='bbox 561 380 607 407; x_wconf 84' lang='lat' dir='ltr'>rei</span> <span class='ocrx_word' id='word_1_20' title='bbox 626 379 811 407; x_wconf 83' lang='lat' dir='ltr'>memoriam.</span> 
     </span>
    </p>
   </div>
   <div class='ocr_carea' id='block_1_6' title="bbox 182 450 932 2684">
    <p class='ocr_par' dir='ltr' id='par_1_6' title="bbox 182 450 932 1345">
     <span class='ocr_line' id='line_1_10' title="bbox 230 450 932 495; baseline -0.003 -10"><span class='ocrx_word' id='word_1_21' title='bbox 230 453 264 485; x_wconf 90' lang='lat' dir='ltr'>ln</span> <span class='ocrx_word' id='word_1_22' title='bbox 292 451 494 495; x_wconf 86' lang='lat' dir='ltr'>apostolicae</span> <span class='ocrx_word' id='word_1_23' title='bbox 520 451 688 493; x_wconf 73' lang='lat' dir='ltr'>dignitatis</span> <span class='ocrx_word' id='word_1_24' title='bbox 714 450 805 490; x_wconf 86' lang='lat' dir='ltr'>solio,</span> <span class='ocrx_word' id='word_1_25' title='bbox 824 450 932 483; x_wconf 74' lang='lat' dir='ltr'>diviua</span> 
     </span>
     <span class='ocr_line' id='line_1_11' title="bbox 186 504 931 548; baseline -0.003 -10"><span class='ocrx_word' id='word_1_26' title='bbox 186 505 383 548; x_wconf 68' lang='lat' dir='ltr'>disponente</span> <span class='ocrx_word' id='word_1_27' title='bbox 408 504 594 544; x_wconf 79' lang='lat' dir='ltr'>clementia,</span> <span class='ocrx_word' id='word_1_28' title='bbox 622 504 747 536; x_wconf 88' lang='lat' dir='ltr'>meritis</span> <span class='ocrx_word' id='word_1_29' title='bbox 774 504 851 537; x_wconf 89' lang='lat' dir='ltr'>licet</span> <span class='ocrx_word' id='word_1_30' title='bbox 877 504 931 536; x_wconf 90' lang='lat' dir='ltr'>im-</span> 
     </span>
     <span class='ocr_line' id='line_1_12' title="bbox 188 556 931 602; baseline 0 -12"><span class='ocrx_word' id='word_1_31' title='bbox 188 557 340 602; x_wconf 80' lang='lat' dir='ltr'>paribus,</span> <span class='ocrx_word' id='word_1_32' title='bbox 367 556 558 597; x_wconf 89' lang='lat' dir='ltr'>constituti,</span> <span class='ocrx_word' id='word_1_33' title='bbox 587 563 618 590; x_wconf 90' lang='lat' dir='ltr'>et</span> <span class='ocrx_word' id='word_1_34' title='bbox 642 567 700 601; x_wconf 86' lang='lat' dir='ltr'>per</span> <span class='ocrx_word' id='word_1_35' title='bbox 723 557 931 591; x_wconf 86' lang='lat' dir='ltr'>immaculata</span> 
     </span>
     <span class='ocr_line' id='line_1_13' title="bbox 184 610 928 654; baseline -0.001 -10"><span class='ocrx_word' id='word_1_36' title='bbox 184 611 319 654; x_wconf 86' lang='lat' dir='ltr'>vestigia</span> <span class='ocrx_word' id='word_1_37' title='bbox 344 611 438 650; x_wconf 88' lang='lat' dir='ltr'>Eius,</span> <span class='ocrx_word' id='word_1_38' title='bbox 466 610 521 654; x_wconf 89' lang='lat' dir='ltr'>qui</span> <span class='ocrx_word' id='word_1_39' title='bbox 548 621 647 654; x_wconf 87' lang='lat' dir='ltr'>supra</span> <span class='ocrx_word' id='word_1_40' title='bbox 671 616 795 654; x_wconf 86' lang='lat' dir='ltr'>petram</span> <span class='ocrx_word' id='word_1_41' title='bbox 822 611 928 644; x_wconf 84' lang='lat' dir='ltr'>aedili-</span> 
     </span>
     <span class='ocr_line' id='line_1_14' title="bbox 184 663 930 707; baseline 0 -10"><span class='ocrx_word' id='word_1_42' title='bbox 184 664 266 697; x_wconf 89' lang='lat' dir='ltr'>cavit</span> <span class='ocrx_word' id='word_1_43' title='bbox 282 664 470 704; x_wconf 82' lang='lat' dir='ltr'>Ecclesiam,</span> <span class='ocrx_word' id='word_1_44' title='bbox 491 663 643 697; x_wconf 78' lang='lat' dir='ltr'>incedere</span> <span class='ocrx_word' id='word_1_45' title='bbox 660 669 859 706; x_wconf 70' lang='lat' dir='ltr'>satagentes,</span> <span class='ocrx_word' id='word_1_46' title='bbox 876 675 930 707; x_wconf 87' lang='lat' dir='ltr'>pa-</span> 
     </span>
     <span class='ocr_line' id='line_1_15' title="bbox 184 716 929 762; baseline -0.001 -11"><span class='ocrx_word' id='word_1_47' title='bbox 184 728 320 762; x_wconf 89' lang='lat' dir='ltr'>cemque</span> <span class='ocrx_word' id='word_1_48' title='bbox 347 718 432 751; x_wconf 88' lang='lat' dir='ltr'>inter</span> <span class='ocrx_word' id='word_1_49' title='bbox 446 716 677 750; x_wconf 82' lang='lat' dir='ltr'>christifideles</span> <span class='ocrx_word' id='word_1_50' title='bbox 697 718 864 760; x_wconf 89' lang='lat' dir='ltr'>quoslibet</span> <span class='ocrx_word' id='word_1_51' title='bbox 882 717 929 750; x_wconf 89' lang='lat' dir='ltr'>in-</span> 
     </span>
     <span class='ocr_line' id='line_1_16' title="bbox 184 771 927 814; baseline 0 -10"><span class='ocrx_word' id='word_1_52' title='bbox 184 772 301 804; x_wconf 83' lang='lat' dir='ltr'>ducere</span> <span class='ocrx_word' id='word_1_53' title='bbox 326 771 556 814; x_wconf 73' lang='lat' dir='ltr'>indoctamque</span> <span class='ocrx_word' id='word_1_54' title='bbox 582 771 757 804; x_wconf 77' lang='lat' dir='ltr'>confovere</span> <span class='ocrx_word' id='word_1_55' title='bbox 783 771 927 813; x_wconf 79' lang='lat' dir='ltr'>vigilanti</span> 
     </span>
     <span class='ocr_line' id='line_1_17' title="bbox 183 823 929 864; baseline -0.001 -6"><span class='ocrx_word' id='word_1_56' title='bbox 183 824 402 858; x_wconf 87' lang='lat' dir='ltr'>sollicitudine</span> <span class='ocrx_word' id='word_1_57' title='bbox 428 824 634 864; x_wconf 56' lang='lat' dir='ltr'>meditantes</span> <span class='ocrx_word' id='word_1_58' title='bbox 661 823 700 857; x_wconf 86' lang='lat' dir='ltr'>ad</span> <span class='ocrx_word' id='word_1_59' title='bbox 726 834 762 857; x_wconf 86' lang='lat' dir='ltr'>ea</span> <span class='ocrx_word' id='word_1_60' title='bbox 786 824 929 858; x_wconf 82' lang='lat' dir='ltr'>libenter</span> 
     </span>
     <span class='ocr_line' id='line_1_18' title="bbox 182 877 928 921; baseline 0.001 -11"><span class='ocrx_word' id='word_1_61' title='bbox 182 877 395 918; x_wconf 83' lang='lat' dir='ltr'>intendimus,</span> <span class='ocrx_word' id='word_1_62' title='bbox 415 887 473 921; x_wconf 87' lang='lat' dir='ltr'>per</span> <span class='ocrx_word' id='word_1_63' title='bbox 490 888 574 921; x_wconf 84' lang='lat' dir='ltr'>quae</span> <span class='ocrx_word' id='word_1_64' title='bbox 601 877 714 911; x_wconf 88' lang='lat' dir='ltr'>litibus</span> <span class='ocrx_word' id='word_1_65' title='bbox 740 883 772 910; x_wconf 88' lang='lat' dir='ltr'>et</span> <span class='ocrx_word' id='word_1_66' title='bbox 797 883 928 911; x_wconf 88' lang='lat' dir='ltr'>contro-</span> 
     </span>
     <span class='ocr_line' id='line_1_19' title="bbox 182 930 929 974; baseline 0.001 -10"><span class='ocrx_word' id='word_1_67' title='bbox 182 930 295 964; x_wconf 86' lang='lat' dir='ltr'>versiis</span> <span class='ocrx_word' id='word_1_68' title='bbox 320 931 406 964; x_wconf 87' lang='lat' dir='ltr'>inter</span> <span class='ocrx_word' id='word_1_69' title='bbox 431 930 565 964; x_wconf 90' lang='lat' dir='ltr'>eosdem</span> <span class='ocrx_word' id='word_1_70' title='bbox 592 930 929 974; x_wconf 78' lang='lat' dir='ltr'>cliristisidelesprae·</span> 
     </span>
     <span class='ocr_line' id='line_1_20' title="bbox 182 982 928 1027; baseline 0.001 -11"><span class='ocrx_word' id='word_1_71' title='bbox 182 984 292 1017; x_wconf 84' lang='lat' dir='ltr'>sertim</span> <span class='ocrx_word' id='word_1_72' title='bbox 319 982 498 1027; x_wconf 81' lang='lat' dir='ltr'>pontificali</span> <span class='ocrx_word' id='word_1_73' title='bbox 513 983 671 1026; x_wconf 81' lang='lat' dir='ltr'>dignitate</span> <span class='ocrx_word' id='word_1_74' title='bbox 687 983 856 1027; x_wconf 85' lang='lat' dir='ltr'>praeditos</span> <span class='ocrx_word' id='word_1_75' title='bbox 875 994 928 1017; x_wconf 87' lang='lat' dir='ltr'>oe-</span> 
     </span>
     <span class='ocr_line' id='line_1_21' title="bbox 182 1037 925 1080; baseline 0 -10"><span class='ocrx_word' id='word_1_76' title='bbox 182 1037 331 1079; x_wconf 84' lang='lat' dir='ltr'>curritur,</span> <span class='ocrx_word' id='word_1_77' title='bbox 350 1047 476 1070; x_wconf 89' lang='lat' dir='ltr'>necnon</span> <span class='ocrx_word' id='word_1_78' title='bbox 497 1047 546 1078; x_wconf 87' lang='lat' dir='ltr'>ea,</span> <span class='ocrx_word' id='word_1_79' title='bbox 569 1048 650 1080; x_wconf 88' lang='lat' dir='ltr'>quae</span> <span class='ocrx_word' id='word_1_80' title='bbox 671 1037 834 1070; x_wconf 84' lang='lat' dir='ltr'>communi</span> <span class='ocrx_word' id='word_1_81' title='bbox 852 1048 925 1070; x_wconf 31' lang='lat' dir='ltr'>conr</span> 
     </span>
     <span class='ocr_line' id='line_1_22' title="bbox 183 1089 927 1129; baseline 0 -8"><span class='ocrx_word' id='word_1_82' title='bbox 183 1089 293 1122; x_wconf 76' lang='lat' dir='ltr'>cordia</span> <span class='ocrx_word' id='word_1_83' title='bbox 319 1089 492 1122; x_wconf 85' lang='lat' dir='ltr'>terminata</span> <span class='ocrx_word' id='word_1_84' title='bbox 518 1094 610 1129; x_wconf 92' lang='lat' dir='ltr'>sunt,</span> <span class='ocrx_word' id='word_1_85' title='bbox 636 1099 676 1122; x_wconf 91' lang='lat' dir='ltr'>ne</span> <span class='ocrx_word' id='word_1_86' title='bbox 706 1089 738 1122; x_wconf 89' lang='lat' dir='ltr'>in</span> <span class='ocrx_word' id='word_1_87' title='bbox 764 1089 927 1122; x_wconf 80' lang='lat' dir='ltr'>recidivae</span> 
     </span>
     <span class='ocr_line' id='line_1_23' title="bbox 183 1141 928 1186; baseline 0.001 -11"><span class='ocrx_word' id='word_1_88' title='bbox 183 1141 404 1175; x_wconf 87' lang='lat' dir='ltr'>contentionis</span> <span class='ocrx_word' id='word_1_89' title='bbox 418 1142 591 1185; x_wconf 86' lang='lat' dir='ltr'>scopulum</span> <span class='ocrx_word' id='word_1_90' title='bbox 604 1142 802 1183; x_wconf 84' lang='lat' dir='ltr'>relabantur,</span> <span class='ocrx_word' id='word_1_91' title='bbox 814 1153 928 1186; x_wconf 83' lang='lat' dir='ltr'>appro-</span> 
     </span>
     <span class='ocr_line' id='line_1_24' title="bbox 182 1195 927 1239; baseline 0.003 -12"><span class='ocrx_word' id='word_1_92' title='bbox 182 1195 314 1235; x_wconf 81' lang='lat' dir='ltr'>bamus,</span> <span class='ocrx_word' id='word_1_93' title='bbox 342 1195 473 1238; x_wconf 87' lang='lat' dir='ltr'>illisque</span> <span class='ocrx_word' id='word_1_94' title='bbox 500 1195 698 1228; x_wconf 88' lang='lat' dir='ltr'>inviolabilis</span> <span class='ocrx_word' id='word_1_95' title='bbox 726 1196 927 1239; x_wconf 78' lang='lat' dir='ltr'>apostolicae</span> 
     </span>
     <span class='ocr_line' id='line_1_25' title="bbox 183 1247 929 1291; baseline 0.001 -11"><span class='ocrx_word' id='word_1_96' title='bbox 183 1247 344 1280; x_wconf 77' lang='lat' dir='ltr'>firmitatis</span> <span class='ocrx_word' id='word_1_97' title='bbox 370 1247 469 1280; x_wconf 87' lang='lat' dir='ltr'>robur</span> <span class='ocrx_word' id='word_1_98' title='bbox 495 1247 703 1287; x_wconf 68' lang='lat' dir='ltr'>adducimus,</span> <span class='ocrx_word' id='word_1_99' title='bbox 727 1254 825 1291; x_wconf 85' lang='lat' dir='ltr'>prout</span> <span class='ocrx_word' id='word_1_100' title='bbox 851 1259 929 1281; x_wconf 82' lang='lat' dir='ltr'>con-</span> 
     </span>
     <span class='ocr_line' id='line_1_26' title="bbox 183 1301 927 1345; baseline 0.003 -11"><span class='ocrx_word' id='word_1_101' title='bbox 183 1301 340 1345; x_wconf 84' lang='lat' dir='ltr'>spicimus</span> <span class='ocrx_word' id='word_1_102' title='bbox 360 1302 392 1334; x_wconf 91' lang='lat' dir='ltr'>in</span> <span class='ocrx_word' id='word_1_103' title='bbox 412 1302 548 1335; x_wconf 87' lang='lat' dir='ltr'>Domino</span> <span class='ocrx_word' id='word_1_104' title='bbox 567 1302 741 1335; x_wconf 78' lang='lat' dir='ltr'>salubriter</span> <span class='ocrx_word' id='word_1_105' title='bbox 762 1303 927 1345; x_wconf 84' lang='lat' dir='ltr'>expedire.</span> 
     </span>
    </p>

    <p class='ocr_par' dir='ltr' id='par_1_7' title="bbox 185 1355 932 2684">
     <span class='ocr_line' id='line_1_27' title="bbox 228 1355 927 1399; baseline 0.001 -11"><span class='ocrx_word' id='word_1_106' title='bbox 228 1356 242 1399; x_wconf 65' lang='grc' dir='ltr'><strong>ἓ</strong></span> <span class='ocrx_word' id='word_1_107' title='bbox 280 1355 312 1388; x_wconf 81' lang='grc'>’1.</span> <span class='ocrx_word' id='word_1_108' title='bbox 346 1355 430 1388; x_wconf 79' lang='lat' dir='ltr'>Sane</span> <span class='ocrx_word' id='word_1_109' title='bbox 463 1366 523 1399; x_wconf 85' lang='lat' dir='ltr'>pro</span> <span class='ocrx_word' id='word_1_110' title='bbox 561 1361 653 1398; x_wconf 82' lang='lat' dir='ltr'>parte</span> <span class='ocrx_word' id='word_1_111' title='bbox 691 1356 927 1389; x_wconf 83' lang='lat' dir='ltr'>venerabilium</span> 
     </span>
     <span class='ocr_line' id='line_1_28' title="bbox 185 1409 930 1444; baseline 0.003 -3"><span class='ocrx_word' id='word_1_112' title='bbox 185 1410 320 1442; x_wconf 77' lang='lat' dir='ltr'>fratrum</span> <span class='ocrx_word' id='word_1_113' title='bbox 347 1414 535 1442; x_wconf 87' lang='lat' dir='ltr'>nostrorum</span> <span class='ocrx_word' id='word_1_114' title='bbox 556 1409 699 1442; x_wconf 84' lang='lat' dir='ltr'>Thomae</span> <span class='ocrx_word' id='word_1_115' title='bbox 726 1410 765 1443; x_wconf 88' lang='lat' dir='ltr'>dc</span> <span class='ocrx_word' id='word_1_116' title='bbox 783 1410 872 1443; x_wconf 84' lang='lat' dir='ltr'>Vidal</span> <span class='ocrx_word' id='word_1_117' title='bbox 899 1416 930 1444; x_wconf 88' lang='lat' dir='ltr'>et</span> 
     </span>
     <span class='ocr_line' id='line_1_29' title="bbox 185 1462 929 1508; baseline 0 -12"><span class='ocrx_word' id='word_1_118' title='bbox 185 1464 225 1496; x_wconf 90' lang='lat' dir='ltr'>de</span> <span class='ocrx_word' id='word_1_119' title='bbox 250 1462 330 1502; x_wconf 90' lang='lat' dir='ltr'>Nin,</span> <span class='ocrx_word' id='word_1_120' title='bbox 363 1463 513 1496; x_wconf 90' lang='lat' dir='ltr'>moderni</span> <span class='ocrx_word' id='word_1_121' title='bbox 541 1463 786 1508; x_wconf 83' lang='lat' dir='ltr'>archiepiscopi</span> <span class='ocrx_word' id='word_1_122' title='bbox 812 1464 929 1497; x_wconf 80' lang='lat' dir='ltr'>Messa-</span> 
     </span>
     <span class='ocr_line' id='line_1_30' title="bbox 185 1516 930 1560; baseline 0.003 -11"><span class='ocrx_word' id='word_1_123' title='bbox 185 1516 304 1556; x_wconf 82' lang='lat' dir='ltr'>nensis,</span> <span class='ocrx_word' id='word_1_124' title='bbox 332 1521 364 1549; x_wconf 89' lang='lat' dir='ltr'>et</span> <span class='ocrx_word' id='word_1_125' title='bbox 388 1516 476 1549; x_wconf 86' lang='lat' dir='ltr'>Silvii</span> <span class='ocrx_word' id='word_1_126' title='bbox 504 1516 668 1550; x_wconf 84' lang='lat' dir='ltr'>Valentini</span> <span class='ocrx_word' id='word_1_127' title='bbox 684 1517 843 1560; x_wconf 78' lang='lat' dir='ltr'>Gonzaga,</span> <span class='ocrx_word' id='word_1_128' title='bbox 865 1529 930 1551; x_wconf 88' lang='lat' dir='ltr'>mo-</span> 
     </span>
     <span class='ocr_line' id='line_1_31' title="bbox 185 1569 930 1613; baseline 0.003 -11"><span class='ocrx_word' id='word_1_129' title='bbox 185 1569 275 1602; x_wconf 90' lang='lat' dir='ltr'>derni</span> <span class='ocrx_word' id='word_1_130' title='bbox 302 1569 541 1613; x_wconf 86' lang='lat' dir='ltr'>archiepiscopi</span> <span class='ocrx_word' id='word_1_131' title='bbox 566 1569 697 1602; x_wconf 86' lang='lat' dir='ltr'>Nicaeni</span> <span class='ocrx_word' id='word_1_132' title='bbox 725 1581 760 1603; x_wconf 79' lang='lat' dir='ltr'>ac</span> <span class='ocrx_word' id='word_1_133' title='bbox 778 1572 880 1604; x_wconf 87' lang='lat' dir='ltr'>nostri</span> <span class='ocrx_word' id='word_1_134' title='bbox 899 1578 930 1604; x_wconf 88' lang='lat' dir='ltr'>et</span> 
     </span>
     <span class='ocr_line' id='line_1_32' title="bbox 186 1623 930 1666; baseline 0.001 -10"><span class='ocrx_word' id='word_1_135' title='bbox 186 1623 276 1656; x_wconf 84' lang='lat' dir='ltr'>Sedis</span> <span class='ocrx_word' id='word_1_136' title='bbox 296 1623 502 1666; x_wconf 83' lang='lat' dir='ltr'>Apostolicae</span> <span class='ocrx_word' id='word_1_137' title='bbox 527 1623 637 1656; x_wconf 78' lang='lat' dir='ltr'>nuncii</span> <span class='ocrx_word' id='word_1_138' title='bbox 665 1624 823 1657; x_wconf 82' lang='lat' dir='ltr'>Bruxellis</span> <span class='ocrx_word' id='word_1_139' title='bbox 845 1636 930 1657; x_wconf 88' lang='lat' dir='ltr'>com-</span> 
     </span>
     <span class='ocr_line' id='line_1_33' title="bbox 186 1676 928 1720; baseline 0 -10"><span class='ocrx_word' id='word_1_140' title='bbox 186 1678 343 1710; x_wconf 83' lang='lat' dir='ltr'>morantis</span> <span class='ocrx_word' id='word_1_141' title='bbox 361 1676 577 1720; x_wconf 87' lang='lat' dir='ltr'>modernique</span> <span class='ocrx_word' id='word_1_142' title='bbox 596 1678 866 1711; x_wconf 87' lang='lat' dir='ltr'>commendatarii</span> <span class='ocrx_word' id='word_1_143' title='bbox 885 1689 928 1712; x_wconf 84' lang='lat' dir='ltr'>ar-</span> 
     </span>
     <span class='ocr_line' id='line_1_34' title="bbox 186 1730 930 1773; baseline 0.001 -10"><span class='ocrx_word' id='word_1_144' title='bbox 186 1730 426 1764; x_wconf 86' lang='lat' dir='ltr'>chimandritae</span> <span class='ocrx_word' id='word_1_145' title='bbox 454 1730 632 1773; x_wconf 84' lang='lat' dir='ltr'>nuncupati</span> <span class='ocrx_word' id='word_1_146' title='bbox 662 1732 851 1765; x_wconf 83' lang='lat' dir='ltr'>monasterii</span> <span class='ocrx_word' id='word_1_147' title='bbox 880 1743 930 1764; x_wconf 86' lang='lat' dir='ltr'>ar-</span> 
     </span>
     <span class='ocr_line' id='line_1_35' title="bbox 186 1784 928 1828; baseline 0.004 -12"><span class='ocrx_word' id='word_1_148' title='bbox 186 1784 446 1817; x_wconf 84' lang='lat' dir='ltr'>chimandriatus</span> <span class='ocrx_word' id='word_1_149' title='bbox 476 1784 652 1828; x_wconf 84' lang='lat' dir='ltr'>nuncupati</span> <span class='ocrx_word' id='word_1_150' title='bbox 679 1784 709 1817; x_wconf 82' lang='lat' dir='ltr'>S.</span> <span class='ocrx_word' id='word_1_151' title='bbox 752 1785 928 1819; x_wconf 77' lang='lat' dir='ltr'>Salvatoris</span> 
     </span>
     <span class='ocr_line' id='line_1_36' title="bbox 186 1837 928 1882; baseline 0 -11"><span class='ocrx_word' id='word_1_152' title='bbox 186 1838 226 1871; x_wconf 88' lang='lat' dir='ltr'>de</span> <span class='ocrx_word' id='word_1_153' title='bbox 245 1837 368 1880; x_wconf 78' lang='lat' dir='ltr'>Lingua</span> <span class='ocrx_word' id='word_1_154' title='bbox 386 1837 482 1871; x_wconf 81' lang='lat' dir='ltr'>Phari</span> <span class='ocrx_word' id='word_1_155' title='bbox 509 1839 684 1882; x_wconf 87' lang='lat' dir='ltr'>nuncupati</span> <span class='ocrx_word' id='word_1_156' title='bbox 701 1839 928 1881; x_wconf 80' lang='lat' dir='ltr'>Messanensis,</span> 
     </span>
     <span class='ocr_line' id='line_1_37' title="bbox 186 1891 931 1935; baseline 0.003 -11"><span class='ocrx_word' id='word_1_157' title='bbox 186 1891 315 1924; x_wconf 84' lang='lat' dir='ltr'>Ordinis</span> <span class='ocrx_word' id='word_1_158' title='bbox 339 1891 370 1924; x_wconf 89' lang='lat' dir='ltr'>S.</span> <span class='ocrx_word' id='word_1_159' title='bbox 399 1891 516 1931; x_wconf 85' lang='lat' dir='ltr'>Basilii,</span> <span class='ocrx_word' id='word_1_160' title='bbox 544 1892 637 1925; x_wconf 85' lang='lat' dir='ltr'>nobis</span> <span class='ocrx_word' id='word_1_161' title='bbox 664 1903 768 1935; x_wconf 83' lang='lat' dir='ltr'>nuper</span> <span class='ocrx_word' id='word_1_162' title='bbox 787 1893 931 1926; x_wconf 81' lang='lat' dir='ltr'>exhibita</span> 
     </span>
     <span class='ocr_line' id='line_1_38' title="bbox 186 1944 930 1988; baseline 0.003 -12"><span class='ocrx_word' id='word_1_163' title='bbox 186 1944 303 1988; x_wconf 87' lang='lat' dir='ltr'>petitio</span> <span class='ocrx_word' id='word_1_164' title='bbox 330 1944 541 1985; x_wconf 83' lang='lat' dir='ltr'>continebat,</span> <span class='ocrx_word' id='word_1_165' title='bbox 569 1945 657 1988; x_wconf 85' lang='lat' dir='ltr'>quod</span> <span class='ocrx_word' id='word_1_166' title='bbox 691 1945 769 1978; x_wconf 73' lang='lat' dir='ltr'>alias</span> <span class='ocrx_word' id='word_1_167' title='bbox 805 1952 930 1979; x_wconf 81' lang='lat' dir='ltr'>verten-</span> 
     </span>
     <span class='ocr_line' id='line_1_39' title="bbox 188 1997 929 2039; baseline 0.001 -9"><span class='ocrx_word' id='word_1_168' title='bbox 188 1997 274 2031; x_wconf 90' lang='lat' dir='ltr'>tibus</span> <span class='ocrx_word' id='word_1_169' title='bbox 298 1997 394 2030; x_wconf 85' lang='lat' dir='ltr'>variis</span> <span class='ocrx_word' id='word_1_170' title='bbox 420 1998 530 2031; x_wconf 86' lang='lat' dir='ltr'>litibus</span> <span class='ocrx_word' id='word_1_171' title='bbox 550 2004 580 2031; x_wconf 87' lang='lat' dir='ltr'>et</span> <span class='ocrx_word' id='word_1_172' title='bbox 602 1999 843 2039; x_wconf 70' lang='lat' dir='ltr'>controversiis,</span> <span class='ocrx_word' id='word_1_173' title='bbox 867 2004 929 2032; x_wconf 87' lang='lat' dir='ltr'>tam</span> 
     </span>
     <span class='ocr_line' id='line_1_40' title="bbox 189 2050 931 2095; baseline 0.004 -12"><span class='ocrx_word' id='word_1_174' title='bbox 189 2051 296 2083; x_wconf 85' lang='lat' dir='ltr'>forsan</span> <span class='ocrx_word' id='word_1_175' title='bbox 331 2050 362 2083; x_wconf 92' lang='lat' dir='ltr'>in</span> <span class='ocrx_word' id='word_1_176' title='bbox 389 2051 554 2094; x_wconf 81' lang='lat' dir='ltr'>partibus,</span> <span class='ocrx_word' id='word_1_177' title='bbox 584 2063 679 2095; x_wconf 87' lang='lat' dir='ltr'>quam</span> <span class='ocrx_word' id='word_1_178' title='bbox 716 2052 746 2084; x_wconf 91' lang='lat' dir='ltr'>in</span> <span class='ocrx_word' id='word_1_179' title='bbox 786 2053 931 2086; x_wconf 68' lang='lat' dir='ltr'>Romana</span> 
     </span>
     <span class='ocr_line' id='line_1_41' title="bbox 187 2104 931 2149; baseline 0.003 -12"><span class='ocrx_word' id='word_1_180' title='bbox 187 2104 290 2145; x_wconf 74' lang='lat' dir='ltr'>Curia,</span> <span class='ocrx_word' id='word_1_181' title='bbox 317 2115 426 2138; x_wconf 85' lang='lat' dir='ltr'>coram</span> <span class='ocrx_word' id='word_1_182' title='bbox 452 2105 550 2138; x_wconf 85' lang='lat' dir='ltr'>certis</span> <span class='ocrx_word' id='word_1_183' title='bbox 576 2106 716 2149; x_wconf 81' lang='lat' dir='ltr'>partium</span> <span class='ocrx_word' id='word_1_184' title='bbox 743 2107 873 2140; x_wconf 83' lang='lat' dir='ltr'>illarum</span> <span class='ocrx_word' id='word_1_185' title='bbox 901 2113 931 2140; x_wconf 92' lang='lat' dir='ltr'>et</span> 
     </span>
     <span class='ocr_line' id='line_1_42' title="bbox 188 2157 931 2203; baseline 0.003 -12"><span class='ocrx_word' id='word_1_186' title='bbox 188 2157 302 2191; x_wconf 85' lang='lat' dir='ltr'>Curiae</span> <span class='ocrx_word' id='word_1_187' title='bbox 328 2158 517 2192; x_wconf 85' lang='lat' dir='ltr'>huiusmodi</span> <span class='ocrx_word' id='word_1_188' title='bbox 544 2159 707 2192; x_wconf 83' lang='lat' dir='ltr'>iudicibus</span> <span class='ocrx_word' id='word_1_189' title='bbox 744 2167 931 2203; x_wconf 84' lang='lat' dir='ltr'>competen-</span> 
     </span>
     <span class='ocr_line' id='line_1_43' title="bbox 189 2211 930 2257; baseline 0.003 -13"><span class='ocrx_word' id='word_1_190' title='bbox 189 2211 289 2251; x_wconf 86' lang='lat' dir='ltr'>tibus,</span> <span class='ocrx_word' id='word_1_191' title='bbox 317 2211 402 2244; x_wconf 86' lang='lat' dir='ltr'>inter</span> <span class='ocrx_word' id='word_1_192' title='bbox 424 2212 528 2245; x_wconf 84' lang='lat' dir='ltr'>bonae</span> <span class='ocrx_word' id='word_1_193' title='bbox 555 2213 732 2246; x_wconf 76' lang='lat' dir='ltr'>memoriae</span> <span class='ocrx_word' id='word_1_194' title='bbox 757 2214 930 2257; x_wconf 82' lang='lat' dir='ltr'>losephum</span> 
     </span>
     <span class='ocr_line' id='line_1_44' title="bbox 187 2265 931 2311; baseline 0.004 -14"><span class='ocrx_word' id='word_1_195' title='bbox 187 2265 378 2308; x_wconf 82' lang='lat' dir='ltr'>Migliacci0‚</span> <span class='ocrx_word' id='word_1_196' title='bbox 397 2266 473 2298; x_wconf 88' lang='lat' dir='ltr'>dum</span> <span class='ocrx_word' id='word_1_197' title='bbox 494 2265 624 2307; x_wconf 85' lang='lat' dir='ltr'>viveret,</span> <span class='ocrx_word' id='word_1_198' title='bbox 645 2267 931 2311; x_wconf 85' lang='lat' dir='ltr'>archiepiscopum</span> 
     </span>
     <span class='ocr_line' id='line_1_45' title="bbox 187 2318 930 2360; baseline 0.003 -9"><span class='ocrx_word' id='word_1_199' title='bbox 187 2318 435 2358; x_wconf 82' lang='lat' dir='ltr'>Messanensem,</span> <span class='ocrx_word' id='word_1_200' title='bbox 456 2322 492 2351; x_wconf 67' lang='lat' dir='ltr'>eri</span> <span class='ocrx_word' id='word_1_201' title='bbox 514 2320 586 2360; x_wconf 73' lang='lat' dir='ltr'>una,</span> <span class='ocrx_word' id='word_1_202' title='bbox 614 2325 644 2351; x_wconf 88' lang='lat' dir='ltr'>et</span> <span class='ocrx_word' id='word_1_203' title='bbox 662 2319 780 2352; x_wconf 90' lang='lat' dir='ltr'>dictum</span> <span class='ocrx_word' id='word_1_204' title='bbox 799 2320 930 2353; x_wconf 81' lang='lat' dir='ltr'>Silvium</span> 
     </span>
     <span class='ocr_line' id='line_1_46' title="bbox 188 2371 930 2417; baseline 0.001 -12"><span class='ocrx_word' id='word_1_205' title='bbox 188 2371 471 2415; x_wconf 82' lang='lat' dir='ltr'>archiepiscopum</span> <span class='ocrx_word' id='word_1_206' title='bbox 486 2377 516 2405; x_wconf 88' lang='lat' dir='ltr'>et</span> <span class='ocrx_word' id='word_1_207' title='bbox 535 2373 856 2412; x_wconf 82' lang='lat' dir='ltr'>commendatarium,</span> <span class='ocrx_word' id='word_1_208' title='bbox 877 2374 930 2417; x_wconf 88' lang='lat' dir='ltr'>qui</span> 
     </span>
     <span class='ocr_line' id='line_1_47' title="bbox 188 2425 932 2469; baseline 0.004 -12"><span class='ocrx_word' id='word_1_209' title='bbox 188 2425 312 2458; x_wconf 86' lang='lat' dir='ltr'>ratione</span> <span class='ocrx_word' id='word_1_210' title='bbox 339 2425 415 2457; x_wconf 88' lang='lat' dir='ltr'>dicti</span> <span class='ocrx_word' id='word_1_211' title='bbox 442 2426 629 2458; x_wconf 84' lang='lat' dir='ltr'>monasterii</span> <span class='ocrx_word' id='word_1_212' title='bbox 666 2427 864 2469; x_wconf 78' lang='lat' dir='ltr'>particulare</span> <span class='ocrx_word' id='word_1_213' title='bbox 901 2434 932 2460; x_wconf 89' lang='lat' dir='ltr'>ct</span> 
     </span>
     <span class='ocr_line' id='line_1_48' title="bbox 189 2479 932 2522; baseline 0 -10"><span class='ocrx_word' id='word_1_214' title='bbox 189 2484 375 2522; x_wconf 86' lang='lat' dir='ltr'>separatum</span> <span class='ocrx_word' id='word_1_215' title='bbox 416 2479 613 2512; x_wconf 84' lang='lat' dir='ltr'>territorium</span> <span class='ocrx_word' id='word_1_216' title='bbox 651 2479 774 2513; x_wconf 89' lang='lat' dir='ltr'>habere</span> <span class='ocrx_word' id='word_1_217' title='bbox 815 2491 851 2513; x_wconf 91' lang='lat' dir='ltr'>ac</span> <span class='ocrx_word' id='word_1_218' title='bbox 887 2481 932 2513; x_wconf 90' lang='lat' dir='ltr'>iu-</span> 
     </span>
     <span class='ocr_line' id='line_1_49' title="bbox 188 2531 930 2576; baseline 0.003 -12"><span class='ocrx_word' id='word_1_219' title='bbox 188 2531 414 2565; x_wconf 84' lang='lat' dir='ltr'>risdictionem</span> <span class='ocrx_word' id='word_1_220' title='bbox 441 2532 531 2576; x_wconf 82' lang='lat' dir='ltr'>quasi</span> <span class='ocrx_word' id='word_1_221' title='bbox 559 2532 780 2575; x_wconf 83' lang='lat' dir='ltr'>episcopalem</span> <span class='ocrx_word' id='word_1_222' title='bbox 807 2533 837 2566; x_wconf 90' lang='lat' dir='ltr'>in</span> <span class='ocrx_word' id='word_1_223' title='bbox 871 2534 930 2566; x_wconf 86' lang='lat' dir='ltr'>sibi</span> 
     </span>
     <span class='ocr_line' id='line_1_50' title="bbox 189 2585 929 2630; baseline 0.003 -13"><span class='ocrx_word' id='word_1_224' title='bbox 189 2585 343 2618; x_wconf 86' lang='lat' dir='ltr'>subiectis</span> <span class='ocrx_word' id='word_1_225' title='bbox 384 2585 466 2618; x_wconf 89' lang='lat' dir='ltr'>locis</span> <span class='ocrx_word' id='word_1_226' title='bbox 504 2595 658 2618; x_wconf 76' lang='lat' dir='ltr'>exercere</span> <span class='ocrx_word' id='word_1_227' title='bbox 699 2596 735 2618; x_wconf 89' lang='lat' dir='ltr'>ac</span> <span class='ocrx_word' id='word_1_228' title='bbox 771 2587 929 2630; x_wconf 78' lang='lat' dir='ltr'>synodum</span> 
     </span>
     <span class='ocr_line' id='line_1_51' title="bbox 189 2637 930 2684; baseline 0.001 -13"><span class='ocrx_word' id='word_1_229' title='bbox 189 2648 369 2672; x_wconf 87' lang='lat' dir='ltr'>convocare</span> <span class='ocrx_word' id='word_1_230' title='bbox 395 2643 425 2672; x_wconf 89' lang='lat' dir='ltr'>et</span> <span class='ocrx_word' id='word_1_231' title='bbox 450 2637 483 2671; x_wconf 90' lang='lat' dir='ltr'>in</span> <span class='ocrx_word' id='word_1_232' title='bbox 510 2639 547 2671; x_wconf 75' lang='lat' dir='ltr'>ea</span> <span class='ocrx_word' id='word_1_233' title='bbox 573 2638 809 2672; x_wconf 77' lang='lat' dir='ltr'>examinatores</span> <span class='ocrx_word' id='word_1_234' title='bbox 829 2640 930 2684; x_wconf 87' lang='lat' dir='ltr'>depu-</span> 
     </span>
    </p>
   </div>
   <div class='ocr_carea' id='block_1_7' title="bbox 973 234 1720 2683">
    <p class='ocr_par' dir='ltr' id='par_1_8' title="bbox 973 234 1675 268">
     <span class='ocr_line' id='line_1_52' title="bbox 973 234 1675 268; baseline 0.007 -5"><span class='ocrx_word' id='word_1_235' title='bbox 973 239 1017 264; x_wconf 81' lang='lat' dir='ltr'>xu</span> <span class='ocrx_word' id='word_1_236' title='bbox 1043 241 1093 264; x_wconf 80' lang='lat' dir='ltr'>rr.</span> <span class='ocrx_word' id='word_1_237' title='bbox 1620 234 1675 268; x_wconf 86' lang='lat'>111</span> 
     </span>
    </p>

    <p class='ocr_par' dir='ltr' id='par_1_9' title="bbox 973 289 1720 2683">
     <span class='ocr_line' id='line_1_53' title="bbox 977 289 1719 336; baseline 0.007 -15"><span class='ocrx_word' id='word_1_238' title='bbox 977 294 1043 322; x_wconf 89' lang='lat' dir='ltr'>tare</span> <span class='ocrx_word' id='word_1_239' title='bbox 1066 289 1320 333; x_wconf 82' lang='lat' dir='ltr'>praetendebat,</span> <span class='ocrx_word' id='word_1_240' title='bbox 1349 301 1385 324; x_wconf 81' lang='lat' dir='ltr'>ex</span> <span class='ocrx_word' id='word_1_241' title='bbox 1424 292 1524 325; x_wconf 73' lang='lat' dir='ltr'>altera</span> <span class='ocrx_word' id='word_1_242' title='bbox 1549 292 1719 336; x_wconf 86' lang='lat' dir='ltr'>partibus,</span> 
     </span>
     <span class='ocr_line' id='line_1_54' title="bbox 975 343 1718 390; baseline 0.007 -16"><span class='ocrx_word' id='word_1_243' title='bbox 975 353 1074 386; x_wconf 90' lang='lat' dir='ltr'>super</span> <span class='ocrx_word' id='word_1_244' title='bbox 1099 343 1252 377; x_wconf 77' lang='lat' dir='ltr'>exercitio</span> <span class='ocrx_word' id='word_1_245' title='bbox 1278 344 1514 378; x_wconf 89' lang='lat' dir='ltr'>iurisdictionis</span> <span class='ocrx_word' id='word_1_246' title='bbox 1540 346 1632 389; x_wconf 85' lang='lat' dir='ltr'>quasi</span> <span class='ocrx_word' id='word_1_247' title='bbox 1651 347 1718 390; x_wconf 87' lang='lat' dir='ltr'>epi-</span> 
     </span>
     <span class='ocr_line' id='line_1_55' title="bbox 975 396 1718 443; baseline 0.004 -14"><span class='ocrx_word' id='word_1_248' title='bbox 975 396 1114 439; x_wconf 84' lang='lat' dir='ltr'>scopalis</span> <span class='ocrx_word' id='word_1_249' title='bbox 1140 398 1304 440; x_wconf 78' lang='lat' dir='ltr'>praefatae</span> <span class='ocrx_word' id='word_1_250' title='bbox 1330 409 1392 441; x_wconf 89' lang='lat' dir='ltr'>per</span> <span class='ocrx_word' id='word_1_251' title='bbox 1412 409 1471 442; x_wconf 89' lang='lat' dir='ltr'>pro</span> <span class='ocrx_word' id='word_1_252' title='bbox 1489 404 1636 443; x_wconf 87' lang='lat' dir='ltr'>tempore</span> <span class='ocrx_word' id='word_1_253' title='bbox 1653 400 1718 432; x_wconf 74' lang='lat' dir='ltr'>exi-</span> 
     </span>
     <span class='ocr_line' id='line_1_56' title="bbox 974 451 1718 486; baseline 0.004 -3"><span class='ocrx_word' id='word_1_254' title='bbox 974 454 1112 483; x_wconf 84' lang='lat' dir='ltr'>stentem</span> <span class='ocrx_word' id='word_1_255' title='bbox 1143 451 1218 483; x_wconf 85' lang='lat' dir='ltr'>dicti</span> <span class='ocrx_word' id='word_1_256' title='bbox 1257 453 1442 485; x_wconf 86' lang='lat' dir='ltr'>monasterii</span> <span class='ocrx_word' id='word_1_257' title='bbox 1479 453 1718 486; x_wconf 85' lang='lat' dir='ltr'>commendata-</span> 
     </span>
     <span class='ocr_line' id='line_1_57' title="bbox 976 503 1718 547; baseline 0.007 -12"><span class='ocrx_word' id='word_1_258' title='bbox 976 503 1092 536; x_wconf 88' lang='lat' dir='ltr'>tarium</span> <span class='ocrx_word' id='word_1_259' title='bbox 1110 505 1310 538; x_wconf 77' lang='lat' dir='ltr'>exercendae</span> <span class='ocrx_word' id='word_1_260' title='bbox 1329 505 1458 547; x_wconf 81' lang='lat' dir='ltr'>&lt;eodem</span> <span class='ocrx_word' id='word_1_261' title='bbox 1476 505 1574 539; x_wconf 85' lang='lat' dir='ltr'>Silvio</span> <span class='ocrx_word' id='word_1_262' title='bbox 1594 506 1718 540; x_wconf 88' lang='lat' dir='ltr'>archie-</span> 
     </span>
     <span class='ocr_line' id='line_1_58' title="bbox 974 557 1716 603; baseline 0.005 -14"><span class='ocrx_word' id='word_1_263' title='bbox 974 557 1110 600; x_wconf 87' lang='lat' dir='ltr'>piscopo</span> <span class='ocrx_word' id='word_1_264' title='bbox 1138 562 1170 590; x_wconf 86' lang='lat' dir='ltr'>et</span> <span class='ocrx_word' id='word_1_265' title='bbox 1195 559 1495 599; x_wconf 55' lang='lat' dir='ltr'>con‘imendatario,</span> <span class='ocrx_word' id='word_1_266' title='bbox 1524 560 1612 602; x_wconf 85' lang='lat' dir='ltr'>quod</span> <span class='ocrx_word' id='word_1_267' title='bbox 1644 560 1716 603; x_wconf 84' lang='lat' dir='ltr'>ipse</span> 
     </span>
     <span class='ocr_line' id='line_1_59' title="bbox 975 611 1717 656; baseline 0.007 -15"><span class='ocrx_word' id='word_1_268' title='bbox 975 615 1139 653; x_wconf 85' lang='lat' dir='ltr'>tamquam</span> <span class='ocrx_word' id='word_1_269' title='bbox 1161 621 1237 643; x_wconf 89' lang='lat' dir='ltr'>vere</span> <span class='ocrx_word' id='word_1_270' title='bbox 1256 611 1458 653; x_wconf 85' lang='lat' dir='ltr'>Ordinarius‚</span> <span class='ocrx_word' id='word_1_271' title='bbox 1479 623 1551 645; x_wconf 80' lang='lat' dir='ltr'>cuin</span> <span class='ocrx_word' id='word_1_272' title='bbox 1571 614 1628 645; x_wconf 78' lang='lat' dir='ltr'>sua</span> <span class='ocrx_word' id='word_1_273' title='bbox 1646 623 1717 656; x_wconf 87' lang='lat' dir='ltr'>pro-</span> 
     </span>
     <span class='ocr_line' id='line_1_60' title="bbox 974 663 1717 709; baseline 0.008 -14"><span class='ocrx_word' id='word_1_274' title='bbox 974 663 1046 706; x_wconf 73' lang='lat' dir='ltr'>pria</span> <span class='ocrx_word' id='word_1_275' title='bbox 1082 663 1224 696; x_wconf 89' lang='lat' dir='ltr'>dioecesi</span> <span class='ocrx_word' id='word_1_276' title='bbox 1259 664 1410 697; x_wconf 71' lang='lat' dir='ltr'>distincta</span> <span class='ocrx_word' id='word_1_277' title='bbox 1443 671 1474 698; x_wconf 89' lang='lat' dir='ltr'>et</span> <span class='ocrx_word' id='word_1_278' title='bbox 1507 668 1654 709; x_wconf 74' lang='lat' dir='ltr'>separata</span> <span class='ocrx_word' id='word_1_279' title='bbox 1680 678 1717 700; x_wconf 84' lang='lat' dir='ltr'>ac</span> 
     </span>
     <span class='ocr_line' id='line_1_61' title="bbox 974 716 1717 762; baseline 0.005 -14"><span class='ocrx_word' id='word_1_280' title='bbox 974 716 1235 759; x_wconf 84' lang='lat' dir='ltr'>independente‚</span> <span class='ocrx_word' id='word_1_281' title='bbox 1260 728 1332 749; x_wconf 81' lang='lat' dir='ltr'>cum</span> <span class='ocrx_word' id='word_1_282' title='bbox 1367 717 1592 751; x_wconf 62' lang='lat' dir='ltr'>iurisdictione</span> <span class='ocrx_word' id='word_1_283' title='bbox 1623 720 1717 762; x_wconf 88' lang='lat' dir='ltr'>spiri-</span> 
     </span>
     <span class='ocr_line' id='line_1_62' title="bbox 975 769 1715 814; baseline 0.005 -13"><span class='ocrx_word' id='word_1_284' title='bbox 975 769 1050 802; x_wconf 89' lang='lat' dir='ltr'>tuali</span> <span class='ocrx_word' id='word_1_285' title='bbox 1069 775 1101 802; x_wconf 92' lang='lat' dir='ltr'>et</span> <span class='ocrx_word' id='word_1_286' title='bbox 1118 770 1299 813; x_wconf 83' lang='lat' dir='ltr'>temporali,</span> <span class='ocrx_word' id='word_1_287' title='bbox 1317 776 1350 802; x_wconf 87' lang='lat' dir='ltr'>ut</span> <span class='ocrx_word' id='word_1_288' title='bbox 1369 770 1506 814; x_wconf 84' lang='lat' dir='ltr'>quilibet</span> <span class='ocrx_word' id='word_1_289' title='bbox 1526 771 1715 805; x_wconf 89' lang='lat' dir='ltr'>Ordinarius</span> 
     </span>
     <span class='ocr_line' id='line_1_63' title="bbox 974 823 1715 867; baseline 0.007 -13"><span class='ocrx_word' id='word_1_290' title='bbox 974 823 1004 855; x_wconf 89' lang='lat' dir='ltr'>in</span> <span class='ocrx_word' id='word_1_291' title='bbox 1033 825 1088 855; x_wconf 76' lang='lat' dir='ltr'>sua</span> <span class='ocrx_word' id='word_1_292' title='bbox 1114 823 1247 866; x_wconf 76' lang='lat' dir='ltr'>propria</span> <span class='ocrx_word' id='word_1_293' title='bbox 1273 824 1415 857; x_wconf 86' lang='lat' dir='ltr'>dioecesi</span> <span class='ocrx_word' id='word_1_294' title='bbox 1442 824 1555 867; x_wconf 82' lang='lat' dir='ltr'>habet,</span> <span class='ocrx_word' id='word_1_295' title='bbox 1583 831 1615 858; x_wconf 93' lang='lat' dir='ltr'>et</span> <span class='ocrx_word' id='word_1_296' title='bbox 1640 836 1715 859; x_wconf 84' lang='lat' dir='ltr'>vere</span> 
     </span>
     <span class='ocr_line' id='line_1_64' title="bbox 974 876 1716 921; baseline 0.004 -12"><span class='ocrx_word' id='word_1_297' title='bbox 974 887 1045 909; x_wconf 72' lang='lat' dir='ltr'>esse</span> <span class='ocrx_word' id='word_1_298' title='bbox 1071 876 1204 916; x_wconf 83' lang='lat' dir='ltr'>nullius,</span> <span class='ocrx_word' id='word_1_299' title='bbox 1223 888 1240 909; x_wconf 85' lang='lat' dir='ltr'>a</span> <span class='ocrx_word' id='word_1_300' title='bbox 1262 877 1408 920; x_wconf 77' lang='lat' dir='ltr'>praefato</span> <span class='ocrx_word' id='word_1_301' title='bbox 1435 878 1572 921; x_wconf 80' lang='lat' dir='ltr'>Ioseplio</span> <span class='ocrx_word' id='word_1_302' title='bbox 1590 879 1716 912; x_wconf 87' lang='lat' dir='ltr'>archie-</span> 
     </span>
     <span class='ocr_line' id='line_1_65' title="bbox 973 929 1716 973; baseline 0.005 -13"><span class='ocrx_word' id='word_1_303' title='bbox 973 929 1109 972; x_wconf 86' lang='lat' dir='ltr'>piscopo</span> <span class='ocrx_word' id='word_1_304' title='bbox 1137 929 1344 972; x_wconf 77' lang='lat' dir='ltr'>recognosci,</span> <span class='ocrx_word' id='word_1_305' title='bbox 1364 930 1519 973; x_wconf 87' lang='lat' dir='ltr'>quodque</span> <span class='ocrx_word' id='word_1_306' title='bbox 1538 941 1666 973; x_wconf 86' lang='lat' dir='ltr'>census,</span> <span class='ocrx_word' id='word_1_307' title='bbox 1684 931 1716 964; x_wconf 89' lang='lat' dir='ltr'>in</span> 
     </span>
     <span class='ocr_line' id='line_1_66' title="bbox 975 980 1716 1026; baseline 0.004 -14"><span class='ocrx_word' id='word_1_308' title='bbox 975 981 1165 1014; x_wconf 72' lang='lat' dir='ltr'>fundatione</span> <span class='ocrx_word' id='word_1_309' title='bbox 1192 980 1267 1014; x_wconf 87' lang='lat' dir='ltr'>dicti</span> <span class='ocrx_word' id='word_1_310' title='bbox 1295 981 1482 1014; x_wconf 84' lang='lat' dir='ltr'>monasterii</span> <span class='ocrx_word' id='word_1_311' title='bbox 1516 982 1624 1015; x_wconf 79' lang='lat' dir='ltr'>favore</span> <span class='ocrx_word' id='word_1_312' title='bbox 1657 993 1716 1026; x_wconf 85' lang='lat' dir='ltr'>pro</span> 
     </span>
     <span class='ocr_line' id='line_1_67' title="bbox 975 1034 1715 1079; baseline 0.001 -13"><span class='ocrx_word' id='word_1_313' title='bbox 975 1039 1121 1077; x_wconf 87' lang='lat' dir='ltr'>tempore</span> <span class='ocrx_word' id='word_1_314' title='bbox 1148 1034 1355 1067; x_wconf 79' lang='lat' dir='ltr'>existentium</span> <span class='ocrx_word' id='word_1_315' title='bbox 1390 1034 1715 1079; x_wconf 83' lang='lat' dir='ltr'>archiepiscoporum</span> 
     </span>
     <span class='ocr_line' id='line_1_68' title="bbox 975 1087 1716 1132; baseline 0.001 -13"><span class='ocrx_word' id='word_1_316' title='bbox 975 1087 1228 1120; x_wconf 82' lang='lat' dir='ltr'>Messanensium</span> <span class='ocrx_word' id='word_1_317' title='bbox 1247 1087 1448 1128; x_wconf 86' lang='lat' dir='ltr'>constitutus,</span> <span class='ocrx_word' id='word_1_318' title='bbox 1465 1099 1523 1132; x_wconf 87' lang='lat' dir='ltr'>pro</span> <span class='ocrx_word' id='word_1_319' title='bbox 1542 1088 1630 1121; x_wconf 91' lang='lat' dir='ltr'>omni</span> <span class='ocrx_word' id='word_1_320' title='bbox 1646 1088 1716 1122; x_wconf 90' lang='lat' dir='ltr'>iure</span> 
     </span>
     <span class='ocr_line' id='line_1_69' title="bbox 973 1140 1717 1184; baseline 0.003 -11"><span class='ocrx_word' id='word_1_321' title='bbox 973 1140 1120 1184; x_wconf 85' lang='lat' dir='ltr'>episcopi</span> <span class='ocrx_word' id='word_1_322' title='bbox 1147 1151 1208 1184; x_wconf 88' lang='lat' dir='ltr'>pro</span> <span class='ocrx_word' id='word_1_323' title='bbox 1235 1146 1384 1184; x_wconf 87' lang='lat' dir='ltr'>tempore</span> <span class='ocrx_word' id='word_1_324' title='bbox 1415 1141 1630 1175; x_wconf 83' lang='lat' dir='ltr'>existentibus</span> <span class='ocrx_word' id='word_1_325' title='bbox 1668 1152 1717 1175; x_wconf 89' lang='lat' dir='ltr'>ar-</span> 
     </span>
     <span class='ocr_line' id='line_1_70' title="bbox 974 1193 1719 1238; baseline 0.003 -13"><span class='ocrx_word' id='word_1_326' title='bbox 974 1193 1193 1237; x_wconf 85' lang='lat' dir='ltr'>chiepiscopis</span> <span class='ocrx_word' id='word_1_327' title='bbox 1209 1193 1484 1234; x_wconf 79' lang='lat' dir='ltr'>Messanensibus,</span> <span class='ocrx_word' id='word_1_328' title='bbox 1503 1194 1590 1227; x_wconf 78' lang='lat' dir='ltr'>iuxta</span> <span class='ocrx_word' id='word_1_329' title='bbox 1608 1206 1719 1238; x_wconf 83' lang='lat' dir='ltr'>quam-</span> 
     </span>
     <span class='ocr_line' id='line_1_71' title="bbox 974 1246 1717 1281; baseline 0.003 -2"><span class='ocrx_word' id='word_1_330' title='bbox 974 1247 1045 1279; x_wconf 85' lang='lat' dir='ltr'>dam</span> <span class='ocrx_word' id='word_1_331' title='bbox 1072 1246 1281 1280; x_wconf 86' lang='lat' dir='ltr'>concordiam</span> <span class='ocrx_word' id='word_1_332' title='bbox 1308 1248 1392 1280; x_wconf 86' lang='lat' dir='ltr'>inter</span> <span class='ocrx_word' id='word_1_333' title='bbox 1416 1248 1522 1280; x_wconf 87' lang='lat' dir='ltr'>bonae</span> <span class='ocrx_word' id='word_1_334' title='bbox 1537 1249 1717 1281; x_wconf 88' lang='lat' dir='ltr'>memoriae</span> 
     </span>
     <span class='ocr_line' id='line_1_72' title="bbox 974 1300 1720 1345; baseline 0.004 -12"><span class='ocrx_word' id='word_1_335' title='bbox 974 1300 1118 1344; x_wconf 81' lang='lat' dir='ltr'>Ugonem</span> <span class='ocrx_word' id='word_1_336' title='bbox 1146 1301 1219 1333; x_wconf 90' lang='lat' dir='ltr'>dum</span> <span class='ocrx_word' id='word_1_337' title='bbox 1247 1301 1344 1333; x_wconf 84' lang='lat' dir='ltr'>etiam</span> <span class='ocrx_word' id='word_1_338' title='bbox 1363 1301 1486 1334; x_wconf 83' lang='lat' dir='ltr'>viveret</span> <span class='ocrx_word' id='word_1_339' title='bbox 1503 1302 1720 1345; x_wconf 85' lang='lat' dir='ltr'>archiepisco-</span> 
     </span>
     <span class='ocr_line' id='line_1_73' title="bbox 974 1354 1717 1398; baseline 0.004 -12"><span class='ocrx_word' id='word_1_340' title='bbox 974 1365 1048 1398; x_wconf 89' lang='lat' dir='ltr'>pum</span> <span class='ocrx_word' id='word_1_341' title='bbox 1074 1354 1310 1387; x_wconf 86' lang='lat' dir='ltr'>Messanensem</span> <span class='ocrx_word' id='word_1_342' title='bbox 1348 1359 1379 1387; x_wconf 92' lang='lat' dir='ltr'>et</span> <span class='ocrx_word' id='word_1_343' title='bbox 1415 1360 1490 1388; x_wconf 90' lang='lat' dir='ltr'>tunc</span> <span class='ocrx_word' id='word_1_344' title='bbox 1527 1355 1717 1389; x_wconf 81' lang='lat' dir='ltr'>existentem</span> 
     </span>
     <span class='ocr_line' id='line_1_74' title="bbox 973 1407 1718 1452; baseline 0.004 -12"><span class='ocrx_word' id='word_1_345' title='bbox 973 1408 1100 1441; x_wconf 79' lang='lat' dir='ltr'>Siciliae</span> <span class='ocrx_word' id='word_1_346' title='bbox 1126 1418 1236 1450; x_wconf 84' lang='lat' dir='ltr'>regem</span> <span class='ocrx_word' id='word_1_347' title='bbox 1275 1407 1403 1446; x_wconf 86' lang='lat' dir='ltr'>initam,</span> <span class='ocrx_word' id='word_1_348' title='bbox 1429 1408 1508 1441; x_wconf 88' lang='lat' dir='ltr'>solvi</span> <span class='ocrx_word' id='word_1_349' title='bbox 1537 1410 1718 1452; x_wconf 84' lang='lat' dir='ltr'>respective</span> 
     </span>
     <span class='ocr_line' id='line_1_75' title="bbox 974 1461 1719 1504; baseline 0 -9"><span class='ocrx_word' id='word_1_350' title='bbox 974 1462 1101 1500; x_wconf 86' lang='lat' dir='ltr'>debeat,</span> <span class='ocrx_word' id='word_1_351' title='bbox 1126 1461 1281 1504; x_wconf 89' lang='lat' dir='ltr'>quodque</span> <span class='ocrx_word' id='word_1_352' title='bbox 1307 1461 1532 1504; x_wconf 78' lang='lat' dir='ltr'>confugientes</span> <span class='ocrx_word' id='word_1_353' title='bbox 1558 1462 1597 1495; x_wconf 86' lang='lat' dir='ltr'>ad</span> <span class='ocrx_word' id='word_1_354' title='bbox 1621 1463 1719 1496; x_wconf 83' lang='lat' dir='ltr'>eccle-</span> 
     </span>
     <span class='ocr_line' id='line_1_76' title="bbox 974 1515 1718 1560; baseline 0.004 -13"><span class='ocrx_word' id='word_1_355' title='bbox 974 1515 1036 1548; x_wconf 87' lang='lat' dir='ltr'>sias</span> <span class='ocrx_word' id='word_1_356' title='bbox 1062 1515 1206 1558; x_wconf 84' lang='lat' dir='ltr'>praesato</span> <span class='ocrx_word' id='word_1_357' title='bbox 1232 1516 1431 1548; x_wconf 83' lang='lat' dir='ltr'>monasterio</span> <span class='ocrx_word' id='word_1_358' title='bbox 1458 1516 1622 1549; x_wconf 89' lang='lat' dir='ltr'>subiectas</span> <span class='ocrx_word' id='word_1_359' title='bbox 1646 1528 1718 1560; x_wconf 86' lang='lat' dir='ltr'>pro-</span> 
     </span>
     <span class='ocr_line' id='line_1_77' title="bbox 973 1569 1719 1613; baseline 0.003 -12"><span class='ocrx_word' id='word_1_360' title='bbox 973 1569 1044 1613; x_wconf 78' lang='lat' dir='ltr'>pria</span> <span class='ocrx_word' id='word_1_361' title='bbox 1071 1569 1261 1602; x_wconf 87' lang='lat' dir='ltr'>auctoritate</span> <span class='ocrx_word' id='word_1_362' title='bbox 1297 1569 1490 1610; x_wconf 80' lang='lat' dir='ltr'>extrahere,</span> <span class='ocrx_word' id='word_1_363' title='bbox 1520 1576 1552 1603; x_wconf 88' lang='lat' dir='ltr'>et</span> <span class='ocrx_word' id='word_1_364' title='bbox 1586 1570 1618 1602; x_wconf 91' lang='lat' dir='ltr'>in</span> <span class='ocrx_word' id='word_1_365' title='bbox 1652 1580 1719 1603; x_wconf 85' lang='lat' dir='ltr'>car-</span> 
     </span>
     <span class='ocr_line' id='line_1_78' title="bbox 974 1623 1717 1658; baseline 0 -1"><span class='ocrx_word' id='word_1_366' title='bbox 974 1623 1104 1657; x_wconf 89' lang='lat' dir='ltr'>ceribus</span> <span class='ocrx_word' id='word_1_367' title='bbox 1141 1624 1179 1656; x_wconf 84' lang='lat' dir='ltr'>ad</span> <span class='ocrx_word' id='word_1_368' title='bbox 1222 1634 1340 1656; x_wconf 85' lang='lat' dir='ltr'>nomen</span> <span class='ocrx_word' id='word_1_369' title='bbox 1382 1624 1539 1657; x_wconf 87' lang='lat' dir='ltr'>ecclesiae</span> <span class='ocrx_word' id='word_1_370' title='bbox 1578 1624 1717 1658; x_wconf 88' lang='lat' dir='ltr'>detineri</span> 
     </span>
     <span class='ocr_line' id='line_1_79' title="bbox 975 1676 1718 1717; baseline 0.001 -8"><span class='ocrx_word' id='word_1_371' title='bbox 975 1678 1092 1717; x_wconf 77' lang='lat' dir='ltr'>tacere,</span> <span class='ocrx_word' id='word_1_372' title='bbox 1111 1687 1239 1709; x_wconf 85' lang='lat' dir='ltr'>necnon</span> <span class='ocrx_word' id='word_1_373' title='bbox 1258 1676 1381 1710; x_wconf 89' lang='lat' dir='ltr'>litteras</span> <span class='ocrx_word' id='word_1_374' title='bbox 1401 1677 1634 1710; x_wconf 86' lang='lat' dir='ltr'>dimissoriales</span> <span class='ocrx_word' id='word_1_375' title='bbox 1653 1678 1718 1711; x_wconf 81' lang='lat' dir='ltr'>suis</span> 
     </span>
     <span class='ocr_line' id='line_1_80' title="bbox 974 1729 1718 1769; baseline 0.001 -6"><span class='ocrx_word' id='word_1_376' title='bbox 974 1730 1112 1763; x_wconf 87' lang='lat' dir='ltr'>subditis</span> <span class='ocrx_word' id='word_1_377' title='bbox 1149 1729 1352 1769; x_wconf 85' lang='lat' dir='ltr'>concedere,</span> <span class='ocrx_word' id='word_1_378' title='bbox 1395 1735 1426 1762; x_wconf 91' lang='lat' dir='ltr'>et</span> <span class='ocrx_word' id='word_1_379' title='bbox 1466 1740 1644 1763; x_wconf 85' lang='lat' dir='ltr'>concursus</span> <span class='ocrx_word' id='word_1_380' title='bbox 1679 1731 1718 1764; x_wconf 88' lang='lat' dir='ltr'>ad</span> 
     </span>
     <span class='ocr_line' id='line_1_81' title="bbox 974 1784 1719 1818; baseline 0.001 -1"><span class='ocrx_word' id='word_1_381' title='bbox 974 1784 1132 1818; x_wconf 75' lang='lat' dir='ltr'>beneficia</span> <span class='ocrx_word' id='word_1_382' title='bbox 1157 1790 1271 1817; x_wconf 85' lang='lat' dir='ltr'>curata</span> <span class='ocrx_word' id='word_1_383' title='bbox 1297 1789 1407 1817; x_wconf 85' lang='lat' dir='ltr'>tenere</span> <span class='ocrx_word' id='word_1_384' title='bbox 1433 1790 1463 1817; x_wconf 91' lang='lat' dir='ltr'>ct</span> <span class='ocrx_word' id='word_1_385' title='bbox 1481 1784 1652 1818; x_wconf 89' lang='lat' dir='ltr'>instituere</span> <span class='ocrx_word' id='word_1_386' title='bbox 1673 1795 1719 1818; x_wconf 87' lang='lat' dir='ltr'>re-</span> 
     </span>
     <span class='ocr_line' id='line_1_82' title="bbox 975 1837 1719 1882; baseline 0.001 -12"><span class='ocrx_word' id='word_1_387' title='bbox 975 1838 1117 1882; x_wconf 83' lang='lat' dir='ltr'>spective</span> <span class='ocrx_word' id='word_1_388' title='bbox 1142 1838 1256 1877; x_wconf 80' lang='lat' dir='ltr'>valeat,</span> <span class='ocrx_word' id='word_1_389' title='bbox 1283 1837 1435 1880; x_wconf 83' lang='lat' dir='ltr'>quodque</span> <span class='ocrx_word' id='word_1_390' title='bbox 1456 1837 1719 1881; x_wconf 85' lang='lat' dir='ltr'>dispensationes</span> 
     </span>
     <span class='ocr_line' id='line_1_83' title="bbox 975 1890 1716 1934; baseline -0.001 -10"><span class='ocrx_word' id='word_1_391' title='bbox 975 1898 1006 1924; x_wconf 79' lang='lat' dir='ltr'>et</span> <span class='ocrx_word' id='word_1_392' title='bbox 1030 1891 1158 1925; x_wconf 84' lang='lat' dir='ltr'>litterae</span> <span class='ocrx_word' id='word_1_393' title='bbox 1183 1891 1382 1934; x_wconf 87' lang='lat' dir='ltr'>apostolicae</span> <span class='ocrx_word' id='word_1_394' title='bbox 1408 1890 1435 1923; x_wconf 91' lang='lat' dir='ltr'>ei</span> <span class='ocrx_word' id='word_1_395' title='bbox 1459 1891 1553 1933; x_wconf 83' lang='lat' dir='ltr'>dirigi</span> <span class='ocrx_word' id='word_1_396' title='bbox 1572 1891 1716 1934; x_wconf 84' lang='lat' dir='ltr'>possint;</span> 
     </span>
     <span class='ocr_line' id='line_1_84' title="bbox 974 1944 1718 1988; baseline 0 -10"><span class='ocrx_word' id='word_1_397' title='bbox 974 1945 1113 1988; x_wconf 77' lang='lat' dir='ltr'>losepho</span> <span class='ocrx_word' id='word_1_398' title='bbox 1141 1944 1388 1987; x_wconf 75' lang='lat' dir='ltr'>archiepiscopo</span> <span class='ocrx_word' id='word_1_399' title='bbox 1415 1944 1490 1976; x_wconf 80' lang='lat' dir='ltr'>vero</span> <span class='ocrx_word' id='word_1_400' title='bbox 1517 1945 1676 1987; x_wconf 78' lang='lat' dir='ltr'>praefato,</span> <span class='ocrx_word' id='word_1_401' title='bbox 1703 1956 1718 1978; x_wconf 89' lang='lat' dir='ltr'>e</span> 
     </span>
     <span class='ocr_line' id='line_1_85' title="bbox 976 1997 1719 2042; baseline -0.001 -10"><span class='ocrx_word' id='word_1_402' title='bbox 976 2004 1099 2038; x_wconf 78' lang='lat' dir='ltr'>contra,</span> <span class='ocrx_word' id='word_1_403' title='bbox 1122 1998 1208 2042; x_wconf 88' lang='lat' dir='ltr'>quod</span> <span class='ocrx_word' id='word_1_404' title='bbox 1233 1998 1399 2041; x_wconf 76' lang='lat' dir='ltr'>praefatus</span> <span class='ocrx_word' id='word_1_405' title='bbox 1418 1997 1533 2031; x_wconf 79' lang='lat' dir='ltr'>Silvius</span> <span class='ocrx_word' id='word_1_406' title='bbox 1559 1999 1719 2042; x_wconf 87' lang='lat' dir='ltr'>archicpi-</span> 
     </span>
     <span class='ocr_line' id='line_1_86' title="bbox 975 2051 1720 2095; baseline 0.003 -12"><span class='ocrx_word' id='word_1_407' title='bbox 975 2062 1091 2095; x_wconf 79' lang='lat' dir='ltr'>scopus</span> <span class='ocrx_word' id='word_1_408' title='bbox 1118 2057 1148 2084; x_wconf 90' lang='lat' dir='ltr'>et</span> <span class='ocrx_word' id='word_1_409' title='bbox 1178 2051 1471 2083; x_wconf 86' lang='lat' dir='ltr'>commendatarius</span> <span class='ocrx_word' id='word_1_410' title='bbox 1508 2051 1640 2084; x_wconf 87' lang='lat' dir='ltr'>minime</span> <span class='ocrx_word' id='word_1_411' title='bbox 1679 2052 1720 2085; x_wconf 81' lang='lat' dir='ltr'>sit</span> 
     </span>
     <span class='ocr_line' id='line_1_87' title="bbox 975 2105 1719 2148; baseline -0.003 -9"><span class='ocrx_word' id='word_1_412' title='bbox 975 2106 1164 2139; x_wconf 85' lang='lat' dir='ltr'>Ordinarius</span> <span class='ocrx_word' id='word_1_413' title='bbox 1189 2116 1260 2137; x_wconf 90' lang='lat' dir='ltr'>cum</span> <span class='ocrx_word' id='word_1_414' title='bbox 1288 2107 1436 2148; x_wconf 68' lang='lat' dir='ltr'>separata</span> <span class='ocrx_word' id='word_1_415' title='bbox 1461 2105 1603 2137; x_wconf 80' lang='lat' dir='ltr'>dioecesi</span> <span class='ocrx_word' id='word_1_416' title='bbox 1624 2110 1652 2138; x_wconf 88' lang='lat' dir='ltr'>et</span> <span class='ocrx_word' id='word_1_417' title='bbox 1673 2105 1719 2138; x_wconf 92' lang='lat' dir='ltr'>di-</span> 
     </span>
     <span class='ocr_line' id='line_1_88' title="bbox 975 2159 1719 2202; baseline 0.001 -10"><span class='ocrx_word' id='word_1_418' title='bbox 975 2160 1092 2193; x_wconf 86' lang='lat' dir='ltr'>stincto</span> <span class='ocrx_word' id='word_1_419' title='bbox 1120 2159 1285 2192; x_wconf 88' lang='lat' dir='ltr'>territorio</span> <span class='ocrx_word' id='word_1_420' title='bbox 1312 2164 1344 2192; x_wconf 88' lang='lat' dir='ltr'>et</span> <span class='ocrx_word' id='word_1_421' title='bbox 1368 2169 1443 2191; x_wconf 82' lang='lat' dir='ltr'>vere</span> <span class='ocrx_word' id='word_1_422' title='bbox 1468 2159 1600 2199; x_wconf 80' lang='lat' dir='ltr'>nullius,</span> <span class='ocrx_word' id='word_1_423' title='bbox 1617 2160 1719 2202; x_wconf 87' lang='lat' dir='ltr'>quod-</span> 
     </span>
     <span class='ocr_line' id='line_1_89' title="bbox 977 2211 1718 2256; baseline 0.003 -13"><span class='ocrx_word' id='word_1_424' title='bbox 977 2223 1037 2256; x_wconf 82' lang='lat' dir='ltr'>que</span> <span class='ocrx_word' id='word_1_425' title='bbox 1064 2222 1181 2245; x_wconf 81' lang='lat' dir='ltr'>census</span> <span class='ocrx_word' id='word_1_426' title='bbox 1206 2212 1370 2255; x_wconf 77' lang='lat' dir='ltr'>praefatus</span> <span class='ocrx_word' id='word_1_427' title='bbox 1390 2211 1499 2255; x_wconf 80' lang='lat' dir='ltr'>vigore</span> <span class='ocrx_word' id='word_1_428' title='bbox 1519 2213 1718 2246; x_wconf 74' lang='lat' dir='ltr'>hindationis</span> 
     </span>
     <span class='ocr_line' id='line_1_90' title="bbox 977 2265 1719 2310; baseline 0.003 -13"><span class='ocrx_word' id='word_1_429' title='bbox 977 2266 1112 2310; x_wconf 77' lang='lat' dir='ltr'>praefati</span> <span class='ocrx_word' id='word_1_430' title='bbox 1138 2265 1325 2298; x_wconf 82' lang='lat' dir='ltr'>monasterii</span> <span class='ocrx_word' id='word_1_431' title='bbox 1352 2271 1382 2298; x_wconf 91' lang='lat' dir='ltr'>et</span> <span class='ocrx_word' id='word_1_432' title='bbox 1416 2265 1580 2308; x_wconf 78' lang='lat' dir='ltr'>regiorum</span> <span class='ocrx_word' id='word_1_433' title='bbox 1617 2266 1719 2310; x_wconf 87' lang='lat' dir='ltr'>diplo-</span> 
     </span>
     <span class='ocr_line' id='line_1_91' title="bbox 977 2319 1717 2362; baseline 0 -10"><span class='ocrx_word' id='word_1_434' title='bbox 977 2326 1094 2353; x_wconf 85' lang='lat' dir='ltr'>matum</span> <span class='ocrx_word' id='word_1_435' title='bbox 1122 2331 1138 2352; x_wconf 89' lang='lat' dir='ltr'>a</span> <span class='ocrx_word' id='word_1_436' title='bbox 1164 2320 1310 2362; x_wconf 78' lang='lat' dir='ltr'>praefato</span> <span class='ocrx_word' id='word_1_437' title='bbox 1337 2319 1433 2351; x_wconf 82' lang='lat' dir='ltr'>Silvio</span> <span class='ocrx_word' id='word_1_438' title='bbox 1469 2319 1717 2362; x_wconf 74' lang='lat' dir='ltr'>archiepiscopo</span> 
     </span>
     <span class='ocr_line' id='line_1_92' title="bbox 976 2371 1718 2410; baseline -0.001 -4"><span class='ocrx_word' id='word_1_439' title='bbox 976 2379 1007 2406; x_wconf 87' lang='lat' dir='ltr'>ct</span> <span class='ocrx_word' id='word_1_440' title='bbox 1039 2371 1315 2405; x_wconf 86' lang='lat' dir='ltr'>commendatario</span> <span class='ocrx_word' id='word_1_441' title='bbox 1349 2371 1522 2410; x_wconf 84' lang='lat' dir='ltr'>debeatur,</span> <span class='ocrx_word' id='word_1_442' title='bbox 1555 2382 1591 2403; x_wconf 89' lang='lat' dir='ltr'>ac</span> <span class='ocrx_word' id='word_1_443' title='bbox 1628 2382 1718 2405; x_wconf 79' lang='lat' dir='ltr'>reco-</span> 
     </span>
     <span class='ocr_line' id='line_1_93' title="bbox 976 2424 1717 2469; baseline -0.003 -11"><span class='ocrx_word' id='word_1_444' title='bbox 976 2427 1078 2469; x_wconf 78' lang='lat' dir='ltr'>gnitio</span> <span class='ocrx_word' id='word_1_445' title='bbox 1105 2425 1316 2458; x_wconf 80' lang='lat' dir='ltr'>iinmunitatiS</span> <span class='ocrx_word' id='word_1_446' title='bbox 1354 2424 1591 2457; x_wconf 73' lang='lat' dir='ltr'>ecclcsiasticae</span> <span class='ocrx_word' id='word_1_447' title='bbox 1616 2424 1717 2458; x_wconf 84' lang='lat' dir='ltr'>illius-</span> 
     </span>
     <span class='ocr_line' id='line_1_94' title="bbox 976 2477 1717 2524; baseline -0.001 -12"><span class='ocrx_word' id='word_1_448' title='bbox 976 2491 1039 2524; x_wconf 88' lang='lat' dir='ltr'>que</span> <span class='ocrx_word' id='word_1_449' title='bbox 1073 2479 1248 2512; x_wconf 88' lang='lat' dir='ltr'>declaratio</span> <span class='ocrx_word' id='word_1_450' title='bbox 1285 2488 1345 2521; x_wconf 87' lang='lat' dir='ltr'>pro</span> <span class='ocrx_word' id='word_1_451' title='bbox 1383 2477 1642 2519; x_wconf 77' lang='lat' dir='ltr'>confugientibus</span> <span class='ocrx_word' id='word_1_452' title='bbox 1679 2479 1717 2511; x_wconf 90' lang='lat' dir='ltr'>ad</span> 
     </span>
     <span class='ocr_line' id='line_1_95' title="bbox 976 2530 1718 2574; baseline 0 -10"><span class='ocrx_word' id='word_1_453' title='bbox 976 2533 1129 2566; x_wconf 77' lang='lat' dir='ltr'>eeclesias</span> <span class='ocrx_word' id='word_1_454' title='bbox 1146 2532 1250 2564; x_wconf 85' lang='lat' dir='ltr'>eidem</span> <span class='ocrx_word' id='word_1_455' title='bbox 1269 2530 1470 2563; x_wconf 88' lang='lat' dir='ltr'>monasterio</span> <span class='ocrx_word' id='word_1_456' title='bbox 1488 2535 1519 2561; x_wconf 91' lang='lat' dir='ltr'>ut</span> <span class='ocrx_word' id='word_1_457' title='bbox 1534 2530 1718 2574; x_wconf 75' lang='lat' dir='ltr'>praefertur</span> 
     </span>
     <span class='ocr_line' id='line_1_96' title="bbox 975 2583 1717 2628; baseline 0 -10"><span class='ocrx_word' id='word_1_458' title='bbox 975 2586 1154 2626; x_wconf 86' lang='lat' dir='ltr'>subiectas,</span> <span class='ocrx_word' id='word_1_459' title='bbox 1181 2594 1360 2627; x_wconf 86' lang='lat' dir='ltr'>eorumque</span> <span class='ocrx_word' id='word_1_460' title='bbox 1387 2583 1557 2624; x_wconf 76' lang='lat' dir='ltr'>extractio,</span> <span class='ocrx_word' id='word_1_461' title='bbox 1584 2584 1622 2617; x_wconf 89' lang='lat' dir='ltr'>ad</span> <span class='ocrx_word' id='word_1_462' title='bbox 1657 2595 1717 2628; x_wconf 86' lang='lat' dir='ltr'>pro</span> 
     </span>
     <span class='ocr_line' id='line_1_97' title="bbox 977 2636 1717 2683; baseline -0.003 -11"><span class='ocrx_word' id='word_1_463' title='bbox 977 2644 1121 2683; x_wconf 86' lang='lat' dir='ltr'>tempore</span> <span class='ocrx_word' id='word_1_464' title='bbox 1137 2638 1331 2671; x_wconf 84' lang='lat' dir='ltr'>existentem</span> <span class='ocrx_word' id='word_1_465' title='bbox 1343 2636 1418 2670; x_wconf 89' lang='lat' dir='ltr'>dicti</span> <span class='ocrx_word' id='word_1_466' title='bbox 1431 2637 1619 2670; x_wconf 81' lang='lat' dir='ltr'>monasterii</span> <span class='ocrx_word' id='word_1_467' title='bbox 1635 2648 1717 2670; x_wconf 91' lang='lat' dir='ltr'>com-</span> 
     </span>
    </p>
   </div>
   <div class='ocr_carea' id='block_1_8' title="bbox 1726 244 1914 273">
    <p class='ocr_par' dir='ltr' id='par_1_10' title="bbox 1726 244 1914 273">
     <span class='ocr_line' id='line_1_98' title="bbox 1726 244 1914 273; baseline 0.005 -3"><span class='ocrx_word' id='word_1_468' title='bbox 1726 246 1775 271; x_wconf 72' lang='grc' dir='ltr'>ΛηΔ</span> <span class='ocrx_word' id='word_1_469' title='bbox 1798 244 1914 273; x_wconf 64' lang='lat' dir='ltr'><strong>0173ss</strong></span> 
     </span>
    </p>
   </div>
  </div>
 </body>
</html>
