2232 3178
904 177 1001 200 mnssx
1026 177 1227 202 RUBRICARUM
1725 174 1787 207 707

386 224 520 258 mediate
544 227 684 269 sequenti
701 226 739 259 ad
762 227 827 261 eius
847 228 1032 263 electionem

385 286 421 309 ac
445 278 657 320 provisionem
683 279 720 313 de
745 281 971 324 patriarchatu,
996 284 1034 315 ad

385 329 613 363 cardinalitiam
643 331 827 375 dignitatem
853 336 1033 377 promoveri

385 381 505 423 debeat,
530 383 604 416 213.

296 432 421 467 CCXVI.
448 435 595 469 Extensio
613 437 734 479 indulti,
763 440 920 482 magistris
945 451 1036 484 gene-

384 488 503 521 ralibus
528 488 653 522 Ordinis
673 491 704 524 B.
722 492 760 525 M.
781 492 816 525 V.
838 493 876 526 de
893 494 1036 528 Mercede

384 540 620 585 Redemptionis
668 544 868 588 Captivorum
904 557 920 579 a
957 547 1036 580 Sede

383 594 567 637 Apostolica
581 599 720 630 concessi
735 599 916 632 celebrandi
931 600 961 632 in
976 601 1037 644 pri-

383 647 461 681 vatis
486 649 632 682 oratoriis
654 657 864 685 conventuum
889 653 963 686 dicti
984 654 1037 688 Or-

384 699 467 733 dinis
485 701 516 733 in
532 702 646 745 quibus
671 714 724 737 eos
750 707 941 738 commorari
963 717 1037 740 con-

384 752 498 796 tigerit,
524 755 563 787 ad
587 758 789 798 exgenerales
813 758 954 792 eiusdem
980 760 1036 793 Or-

383 807 473 848 dinis,
498 807 573 841 315.

295 858 430 893 CCXVII.
456 860 658 895 Confirmatio
682 864 890 905 quarumdam
918 867 1036 900 resolu-

383 912 504 945 tionum
542 914 800 958 Congregationis
836 919 1035 962 particularis

382 976 439 1008 pro
465 967 615 1009 expositis
639 969 894 1013 arcliihospitalis
912 973 940 1006 S.
960 973 1032 1017 Spi-

383 1019 462 1053 ritus
488 1020 518 1052 in
543 1021 634 1054 Saxia
659 1022 697 1055 de
723 1023 817 1064 Urbe,
845 1024 922 1059 316.

249 1074 255 1077 ”
294 1069 446 1105 CCXVIII.
474 1072 589 1111 Quarta
613 1085 686 1117 pars
711 1076 908 1120 reddituum,
933 1089 950 1111 a
981 1090 1036 1123 pa-

383 1124 555 1167 triarchali,
579 1127 904 1173 archiepiscopalibus
924 1137 955 1164 et
970 1133 1036 1176 epi-

382 1179 564 1222 scopalibus
599 1181 740 1215 ecclesiis
770 1183 800 1215 in
826 1184 1036 1228 Portugalliae

383 1236 413 1263 et
436 1232 661 1275 Algarbiorum
697 1236 803 1278 regnis
833 1237 1036 1272 existentibus

382 1283 458 1317 alias
475 1285 700 1320 dismembrata
716 1288 823 1321 favore
837 1289 1035 1332 dignitatum,

382 1338 609 1372 canonicorum
639 1344 668 1372 et
692 1340 952 1376 beneficiatorum
981 1355 1035 1388 pa-

384 1389 561 1424 triarchalis
595 1393 745 1426 ecclesiae
781 1395 1035 1439 Ulyssiponensis

384 1443 588 1477 occidentalis
622 1456 639 1478 a
671 1447 770 1480 felicis
807 1449 1035 1484 recordationis

382 1496 542 1531 Clemente
559 1498 599 1531 XI
614 1503 643 1531 et
660 1500 842 1535 Innocentio
867 1503 934 1536 XIII
954 1515 1036 1537 sum-

382 1549 441 1582 mis
466 1550 693 1593 Pontificibus,
718 1554 889 1598 ampliatur
913 1557 951 1589 ad
976 1562 1035 1590 ter-

382 1602 456 1635 tiam
482 1604 640 1637 dictorum
675 1606 855 1640 reddituum
884 1615 1031 1652 partem,

380 1655 498 1700 aliique
516 1658 720 1693 ecclesiastici
746 1660 886 1695 redditus
911 1674 970 1706 pro
988 1674 1035 1697 ea-

380 1710 525 1743 rumdem
550 1711 738 1754 dignitatum
760 1719 790 1746 et
807 1716 1032 1749 canonicorum

381 1762 553 1797 decentiori
578 1765 829 1800 substentatione
848 1772 878 1802 et
893 1770 1030 1812 patriar-

381 1815 481 1849 chalis
517 1817 668 1851 ecclesiae
703 1822 942 1856 manutentione
966 1834 1035 1867 per-

380 1874 476 1912 petuo
501 1871 711 1915 applicantur,
736 1873 811 1908 317.

286 1920 415 1962 CCXIX.
454 1923 635 1958 Reservatio
672 1926 751 1960 iuris
786 1931 972 1971 patronatus
1004 1937 1034 1964 et

379 1978 601 2019 praesentandi
618 1979 656 2011 ad
681 1990 790 2013 omnes
814 1982 982 2025 dignitates
998 1995 1032 2018 ac

380 2029 581 2064 canonicatus
599 2036 628 2064 et
645 2033 840 2075 praebendas
865 2041 1033 2081 ceteraque

380 2080 532 2115 beneficia
565 2085 755 2119 cathedralis
780 2087 1032 2132 Ulyssiponensis

381 2135 541 2170 orientalis
565 2139 767 2173 serenissimo
791 2141 927 2186 principi
949 2143 1033 2177 loan-

379 2187 410 2219 ni
435 2189 566 2234 eiusque
598 2194 835 2227 successoribus
861 2196 1032 2239 Portugal-

379 2241 438 2274 liae
463 2246 492 2276 et
516 2243 737 2286 Algarbiorum
764 2248 901 2291 regibus,
927 2249 1000 2282 338.

291 2292 675 2338 CCXX.‘Cong1·egationi
701 2303 730 2333 et
755 2301 889 2344 collegio
924 2312 1032 2335 sacrae

377 2347 527 2383 Familiae
553 2351 622 2383 Iesu
647 2352 761 2385 Christi
786 2354 1031 2397 Neapolitanae,

379 2410 553 2446 eorumque
577 2405 739 2447 ecclesiae,
757 2407 949 2452 presbyteris
969 2419 1031 2441 sae-

379 2454 554 2496 cularibus,
579 2457 716 2492 alumnis
740 2464 770 2492 et
795 2461 1031 2495 convictoribus

379 2512 408 2538 et
432 2509 576 2550 personis
593 2537 601 2551 ,
625 2521 708 2545 nunc
744 2519 773 2546 et
805 2524 864 2557 pro
890 2520 1031 2558 tempore

379 2560 592 2604 existentibus,
614 2566 887 2600 communicantur
905 2568 1032 2611 privile-

1178 233 1238 275 gia,
1265 234 1514 276 praerogativae,
1539 235 1715 278 facultates,
1742 237 1832 270 savo-

1175 296 1235 327 res,
1262 286 1393 328 gratiae,
1412 286 1642 330 indulgentiae,
1662 290 1833 332 exemptio-

1174 348 1230 370 nes
1249 344 1278 371 et
1296 339 1414 371 indulta
1434 340 1742 383 Congrcgationibus
1762 343 1833 376 Ora·

1176 391 1247 423 torii
1283 391 1314 424 S.
1342 392 1479 435 Philippi
1510 394 1596 427 Nerii
1634 400 1664 427 et
1704 395 1831 429 Plorum

1175 442 1399 486 Operariorum
1426 456 1582 487 concessa,
1606 458 1641 480 ac
1667 459 1778 481 omnes
1803 456 1833 482 et

1175 496 1315 539 singulae
1334 497 1545 541 indulgentiae
1564 501 1714 534 ecclesiae
1729 502 1757 535 S.
1773 503 1833 535 Ma·

1176 549 1242 581 riae
1267 550 1306 582 ad
1337 551 1486 595 Martyres
1523 554 1618 596 vulgo
1650 554 1738 587 <tella
1763 556 1828 589 Ro-

1178 603 1286 642 tomla,
1314 603 1390 637 347.

1087 653 1212 688 CCXXI.
1238 655 1386 689 Extensio
1410 657 1533 699 indulti,
1558 659 1595 691 ab
1618 660 1743 694 Urbano
1766 662 1830 695 VIII

1176 718 1235 750 pro
1260 708 1394 742 alumnis
1418 714 1447 743 et
1472 712 1708 747 convictoribus
1733 715 1829 748 colle-

1176 761 1217 803 gii
1244 762 1469 805 propagandae
1494 765 1580 798 Fidei
1606 767 1767 808 concessi,
1791 768 1830 800 ad

1176 814 1322 847 alumnos
1347 819 1376 848 et
1401 817 1598 851 convictores
1628 830 1687 862 pro
1712 821 1830 854 Sinen-

1178 867 1264 900 sibus
1289 874 1318 900 et
1350 868 1446 902 Indiis
1482 871 1606 913 collegii
1637 872 1748 906 Sacrae
1773 875 1830 907 Fa—

1177 920 1281 952 miliae
1308 921 1376 954 Iesu
1412 922 1525 955 Christi
1552 924 1582 956 in
1607 925 1729 959 civitate
1754 927 1830 960 Nea-

1175 973 1316 1016 politana
1341 975 1449 1015 erecti,
1477 975 1551 1009 349.

1087 1025 1223 1059 CCXXII.
1249 1027 1413 1070 Impositio
1434 1028 1509 1060 datii
1535 1035 1695 1063 scutorum
1721 1032 1828 1066 decem

1176 1089 1235 1122 pro
1260 1080 1403 1122 quolibet
1428 1083 1609 1116 centenario
1626 1094 1722 1128 super
1747 1096 1830 1119 mer-

1176 1132 1265 1165 cibus
1290 1133 1420 1174 sericis,
1446 1145 1526 1177 quae
1551 1146 1587 1169 ex
1612 1137 1722 1171 alienis
1747 1139 1829 1172 intra

1175 1185 1295 1218 Statum
1307 1186 1559 1221 Ecclesiasticum
1571 1189 1747 1234 adsportari
1759 1203 1830 1226 con-

1175 1239 1284 1281 fingass
1309 1238 1386 1273 351.

1087 1290 1245 1325 CCXXIII.
1271 1292 1483 1336 Dignitatibus
1508 1300 1538 1328 et
1562 1297 1724 1330 canonicis
1747 1308 1830 1332 nunc

1175 1348 1205 1378 et
1227 1355 1286 1388 pro
1311 1351 1454 1390 tempore
1478 1348 1682 1382 existentibus
1699 1351 1830 1393 patriar-

1175 1397 1273 1431 chalis
1297 1400 1449 1434 ecclesiae
1480 1401 1731 1445 Ulyssiponensis
1756 1414 1830 1436 con-

1175 1451 1298 1485 ceditur
1322 1452 1447 1488 licentia
1473 1455 1652 1489 celebrandi
1677 1467 1733 1490 seu
1750 1458 1830 1491 cele-

1174 1504 1262 1537 brari
1296 1505 1430 1540 faciendi
1471 1509 1611 1551 quotidie
1648 1510 1741 1543 etiam
1772 1522 1829 1554 per

1174 1557 1285 1591 horam
1309 1565 1381 1592 ante
1405 1570 1554 1594 auroram
1580 1568 1610 1595 et
1633 1573 1691 1606 per
1715 1564 1828 1597 horam

1174 1616 1245 1654 post
1269 1611 1433 1646 meridiem
1451 1623 1546 1646 unam
1568 1615 1697 1648 missam
1715 1616 1746 1648 in
1764 1616 1829 1659 pri-

1175 1664 1253 1697 vatis
1277 1664 1447 1698 domorum
1472 1676 1603 1700 suarum
1622 1668 1829 1702 existentibus

1175 1718 1323 1751 oratoriis
1350 1718 1381 1751 in
1406 1719 1454 1752 sui
1471 1729 1507 1753 ac
1524 1720 1660 1754 familiae
1679 1732 1827 1765 praesen-

1173 1770 1227 1812 tia,
1252 1770 1327 1804 355.

1084 1823 1235 1857 CCXXIV.
1266 1824 1471 1859 Confirmatio
1503 1832 1533 1859 et
1557 1827 1715 1862 innovatio
1739 1829 1824 1862 litte-

1172 1888 1283 1911 rarum
1318 1878 1450 1921 Eugenii
1485 1879 1522 1912 IV
1557 1881 1641 1914 circa
1677 1883 1826 1915 transitus

1173 1931 1403 1964 monachorum
1449 1932 1573 1966 Ordinis
1613 1934 1826 1968 Cisterciensis

1172 1984 1434 2028 Congregationis
1460 1987 1672 2030 Portugalliae
1693 1989 1731 2022 ad
1750 1990 1826 2023 alios

1173 2036 1315 2080 Ordines,
1340 2038 1416 2072 356.

1084 2089 1222 2123 CCXXV.
1257 2091 1426 2124 Decretum
1451 2098 1485 2125 ut
1508 2104 1609 2127 novae
1641 2094 1754 2134 aedes,
1787 2094 1825 2126 ad

1172 2150 1358 2178 conventum
1385 2146 1417 2178 B.
1443 2147 1481 2179 M.
1510 2147 1542 2179 V.
1561 2147 1599 2179 de
1616 2148 1691 2181 *Nive
1712 2147 1750 2180 de
1770 2146 1826 2179 Pa-

1172 2197 1287 2230 lazzola
1311 2198 1436 2231 Ordinis
1456 2200 1590 2232 fratrum
1617 2200 1771 2232 Minorum
1788 2200 1826 2232 de

1171 2249 1375 2284 Observantia
1405 2257 1626 2293 constructae,
1650 2253 1728 2284 nulli
1764 2253 1825 2285 alio

1172 2304 1241 2335 usui
1265 2304 1418 2347 applicari
1452 2305 1573 2348 possint
1608 2305 1667 2337 nisi
1704 2305 1741 2337 ad
1768 2306 1825 2338 bo-

1170 2356 1299 2398 spitium
1317 2357 1554 2390 benefactorum
1574 2358 1712 2390 eiusdem
1738 2358 1825 2390 Ordi-

1171 2409 1232 2449 nis,
1260 2408 1334 2441 3238.

1083 2461 1232 2496 CCXXVI.
1259 2462 1445 2503 prohibitio,
1463 2474 1501 2496 ne
1523 2464 1707 2496 confessarii
1725 2464 1825 2497 absol-

1172 2526 1243 2547 vere
1268 2516 1390 2558 possint
1415 2506 1574 2550 ministros
1600 2518 1628 2550 S.
1655 2517 1755 2550 Oslicii
1780 2518 1825 2550 ln-

1173 2568 1351 2611 quisitionis
1390 2571 1565 2604 revelantes
1602 2576 1630 2604 ct
1654 2570 1818 2614 publicann
