2232 3178
224 244 260 270 An
290 243 318 270 c.
339 243 406 270 1735
452 235 493 269 02

237 2332 293 2356 idern
320 2335 394 2355 modus

212 2361 232 2382 ln
245 2363 293 2382 aliis
310 2367 393 2387 quoque

210 2388 316 2408 dotalibus
327 2388 394 2408 subsi-

211 2415 250 2435 diis
261 2415 385 2437 servandus.

416 294 571 327 ministris
598 295 637 328 de
663 300 768 328 cetero
795 295 979 335 visitentur,
1003 306 1062 329 nec
1081 307 1155 339 pro-

417 347 622 379 cessionibus
660 348 798 391 aliisquc
839 348 978 391 publicis
1018 349 1156 382 functio-

418 400 511 433 nibus
537 401 689 444 praefatis
709 401 866 435 interesse
887 407 1070 442 teneantur,
1084 403 1152 442 sed,

416 453 499 486 iutra
525 455 630 497 ipsum
662 455 964 496 consermtorium,
993 455 1152 488 sanctissi-

416 519 501 540 mum
523 508 744 541 Eucharistiae
760 516 996 542 sacramentum
1012 520 1152 549 sumere,

414 561 540 604 aliaque
566 562 618 604 pia
643 573 764 605 opera,
791 563 856 596 sive
882 574 898 595 a
925 564 1084 596 dictorum
1103 574 1154 596 ca-

414 613 507 656 pituli
539 620 571 646 ct
601 615 970 650 arctiinsonti-aternitatis
1007 619 1151 659 statutis,

414 666 480 699 sive
506 677 521 699 a
548 669 739 710 quorumvis
767 674 956 703 testatorum
975 675 1007 703 et
1023 671 1151 714 piorum

412 720 621 762 largitorum,
647 722 699 764 qui
733 723 845 755 eadem
877 724 1024 756 subsidia
1060 735 1153 767 prae·

412 774 488 806 stari
515 776 726 816 mandarunt,
753 777 1023 820 dispositionibus
1048 778 1153 811 iniun-

412 833 473 867 cta,
494 829 673 872 adimplere
700 831 823 873 possint
840 836 870 863 et
890 831 1044 872 debeant·,
1062 833 1153 875 puel-

412 881 525 924 laeque
552 882 598 915 sic
625 883 811 916 nominatae
838 895 875 918 ex
900 885 982 917 iusta
1003 891 1034 918 et
1054 886 1152 918 ratio-

410 934 509 967 nabili
525 937 617 968 causa
637 947 695 979 per
712 938 860 970 eumdem
880 938 1150 981 elcmosynarium

410 993 569 1020 secretum
595 989 710 1022 mutari
732 1000 789 1023 seu
812 990 928 1023 variari
953 992 1096 1032 valeaut;
1116 1002 1152 1024 ac

411 1040 554 1073 subsidia
579 1041 653 1083 illa,
681 1053 765 1085 quae
791 1044 831 1077 ob
857 1044 1070 1077 mutationem
1096 1055 1149 1077 seu

409 1092 620 1127 variationem
658 1095 835 1136 eiusmodi,
877 1098 927 1130 vel
967 1098 1150 1140 puellarum

410 1146 526 1188 quibus
559 1147 719 1182 destinata
753 1150 880 1183 fuerant
916 1150 1038 1183 obitum
1076 1156 1150 1183 ante

409 1200 652 1234 matrimonium
677 1204 726 1236 vel
749 1203 975 1237 monachatum
994 1210 1149 1240 secutum.

409 1253 474 1286 sive
500 1254 542 1287 ob
568 1256 750 1290 cessionem
777 1267 832 1290 seu
864 1257 1149 1291 renunciationem

409 1307 448 1339 ab
482 1309 528 1341 eis
566 1308 702 1351 saetam,
744 1321 781 1344 eo
818 1312 904 1355 quod
939 1323 955 1344 e
980 1312 1149 1356 praedicto

408 1363 651 1396 conservatorio
678 1364 848 1398 discedere
874 1366 1069 1407 noluerint,
1096 1372 1149 1399 aut

408 1414 498 1455 alias,
518 1415 665 1449 effectum
684 1428 777 1450 suun]
804 1418 918 1451 sortita
936 1430 999 1452 non
1019 1419 1149 1460 suerint,

408 1468 479 1501 aliis
505 1469 625 1512 puellis
650 1471 793 1505 ciusdem
821 1473 1052 1506 conservatorii
1092 1484 1150 1517 per

407 1521 496 1564 ipsos
523 1524 794 1567 elemosynarium
831 1532 992 1559 secretum
1025 1532 1057 1560 et
1093 1528 1149 1560 de-

406 1581 538 1617 putatos
570 1577 793 1620 parisormiter
830 1579 1038 1613 nominandis
1069 1580 1149 1613 assi-

407 1635 564 1671 gnentur3
601 1641 660 1663 nec
697 1632 756 1664 ista
788 1632 819 1664 in
845 1640 957 1666 corum
989 1644 1147 1674 numero,

406 1693 489 1725 quae
515 1683 637 1716 eisdem
663 1685 782 1728 puellis
804 1686 976 1729 quotannis
990 1687 1147 1729 assignari

407 1735 551 1777 debent,
577 1742 611 1769 ut
636 1739 840 1781 praefertur,
866 1740 1064 1783 computari,
1090 1740 1147 1773 sed

406 1789 469 1822 alia
504 1791 650 1825 subsidia
683 1802 852 1837 novaeque
877 1794 1012 1827 cedulae
1037 1804 1148 1828 eorum

405 1843 636 1886 promissoriae
669 1855 687 1878 a
723 1846 915 1889 supradictis
947 1847 1091 1890 capitulo
1118 1853 1148 1880 et

407 1897 573 1930 canonicis
607 1898 776 1943 dictaeque
808 1900 1148 1934 archiconsraternita-

408 1949 446 1982 tis
472 1950 664 1985 officialibus
689 1957 720 1986 et
743 1953 909 1995 ministris,
939 1954 978 1987 ad
1004 1955 1145 1988 savorem

407 2002 544 2037 aliarum
569 2006 750 2048 puellarum
772 2007 919 2041 eiusdem
938 2014 1147 2041 conservato-

407 2056 445 2089 rii
464 2067 522 2100 per
540 2059 672 2093 eosdem
689 2060 960 2105 elemosynarium
986 2068 1146 2095 secretum

407 2115 439 2143 et
474 2111 646 2156 deputatos
678 2114 759 2148 sicut
791 2115 1007 2159 praemittitur
1035 2117 1148 2150 subro-

407 2165 585 2206 gandarum
604 2177 659 2200 seu
687 2169 989 2209 nominandarum¹‚
1020 2169 1146 2213 ipsique

407 2217 653 2262 elemosynariO,
677 2222 773 2255 modo
792 2227 823 2255 et
840 2222 944 2255 forma
961 2223 1146 2266 praedictiS,

406 2272 592 2315 consignari
619 2274 770 2308 debeant.

449 2326 463 2368 ἓ
488 2325 518 2360 3.
544 2327 646 2361 Porro
672 2328 850 2371 praemissa
875 2329 983 2362 omnia
1015 2335 1046 2363 et
1083 2330 1147 2363 sin-

406 2381 481 2424 gula
506 2381 612 2414 locum
631 2392 760 2425 quoque
779 2382 910 2424 habere,
926 2394 962 2416 ac
980 2383 1145 2418 observari

404 2435 553 2467 volumus
572 2439 604 2468 et
628 2435 829 2476 mandamus,
851 2436 957 2479 quoad
977 2447 1147 2480 quaecum-

406 2499 469 2532 que
495 2488 557 2521 alia
583 2488 727 2522 subsidia
752 2489 873 2523 dotalia
903 2501 985 2534 quae
1018 2492 1146 2534 puellae

405 2542 592 2586 primodicti
619 2542 854 2576 conservatorii
887 2553 905 2576 a
937 2543 1080 2587 capitulo
1115 2549 1147 2577 et

442 2659 455 2687 1
472 2657 579 2689 t'taetur
593 2658 688 2689 deesse
702 2659 852 2695 assiqnari
866 2661 893 2690 et
908 2659 1044 2696 expediri
1057 2659 1145 2696 (uxr.)-

995 247 1181 272 BULLARIUM
1204 247 1365 272 Romnum

1199 296 1365 330 canonicis
1391 308 1426 330 ac
1453 298 1813 332 arieliiconsratcrnitate
1846 310 1939 343 prae-

1199 350 1280 391 fatis,
1300 351 1384 384 ultra
1402 351 1579 395 praefixum
1602 363 1768 386 numerum
1787 358 1939 397 septena-

1199 404 1280 437 rium
1315 405 1519 445 huiusmodi,
1545 407 1592 439 vel
1619 417 1636 439 a
1668 407 1832 450 quibusvis
1868 407 1938 440 aliis

1199 458 1639 499 arcliiconfraternitatibus,
1667 460 1938 494 confraternitati-

1200 512 1284 544 tibus
1304 539 1311 552 ,
1349 512 1561 546 societatibus
1582 539 1589 553 ,
1631 514 1934 555 communitatibus,

1198 565 1362 605 ecclesiis,
1397 566 1560 608 collegiis,
1587 566 1755 606 oratoriis,
1793 567 1938 610 hospita-

1198 619 1299 658 libus,
1333 619 1500 663 capitulis,
1535 620 1612 652 locis
1644 620 1729 662 piis,
1765 631 1802 653 ac
1839 621 1937 653 etiam

1197 672 1328 715 privatis
1353 673 1503 715 personis
1529 673 1776 716 quomodolibet
1800 673 1860 706 iam
1881 673 1938 706 ob-

1198 726 1387 766 tinuerunt,
1415 737 1471 759 seu
1498 726 1767 769 quandocumque
1792 727 1938 759 obtinue-

1196 780 1271 812 rint.
1299 779 1472 812 Praeterea
1497 781 1615 822 puellis
1640 779 1782 812 eiusdem
1808 790 1938 813 conser-

1197 833 1307 865 vatorii
1334 833 1381 866 Ss.
1409 833 1583 866 Clementis
1608 838 1639 866 et
1663 833 1874 873 Crescentini,
1890 839 1938 866 ut-

1195 892 1269 929 pote
1295 887 1326 919 in
1354 887 1485 929 regione
1517 887 1659 929 Regulae
1695 892 1730 919 ut
1753 887 1937 930 praefertur

1195 940 1300 983 positi,
1328 941 1414 983 quod
1441 941 1479 973 ad
1504 941 1648 973 subsidia
1674 941 1794 974 dotalia
1819 942 1937 984 puellis

1195 993 1298 1026 dictae
1338 993 1481 1035 regionis
1517 1003 1533 1025 a
1572 993 1778 1026 testatoribus
1808 993 1935 1037 piisque

1194 1046 1407 1089 largitoribus
1435 1047 1593 1079 destinata
1612 1057 1668 1080 seu
1694 1047 1818 1087 relicta,
1836 1047 1876 1080 ab
1897 1047 1936 1080 iis

1194 1100 1232 1132 ad
1255 1110 1338 1143 quos
1354 1110 1465 1133 eorum
1486 1100 1674 1133 distributio
1692 1100 1855 1144 pertinet,
1875 1102 1936 1133 una

1195 1164 1266 1186 cum
1292 1153 1361 1186 aliis
1388 1154 1505 1197 puellis
1532 1153 1674 1186 eiusdem
1702 1153 1847 1196 regionis
1881 1153 1937 1187 ad-

1194 1206 1276 1239 mitti
1307 1212 1338 1239 et
1375 1206 1579 1239 imbussulari
1617 1206 1777 1247 debeant,
1815 1207 1936 1250 illaque

1194 1259 1350 1303 consequi
1393 1265 1424 1292 et
1459 1260 1608 1293 obtinere
1645 1260 1747 1293 libere
1784 1266 1815 1293 et
1849 1260 1935 1294 licite

1194 1314 1319 1356 possint
1356 1318 1388 1346 et
1424 1314 1577 1354 valeant,
1612 1313 1751 1358 perinde
1787 1323 1823 1345 ac
1854 1314 1878 1346 si
1905 1314 1936 1346 in

1194 1367 1276 1399 dicta
1309 1366 1443 1409 regione
1477 1372 1588 1405 natae,
1621 1367 1804 1410 ceterisque
1835 1367 1936 1410 quali-

1194 1419 1314 1452 tatibus
1341 1420 1379 1452 ad
1407 1419 1461 1452 illa
1486 1420 1719 1463 consequenda
1744 1420 1934 1463 requisitis,

1193 1484 1271 1517 quas
1297 1475 1365 1507 sola
1390 1473 1618 1516 permanentia
1644 1474 1676 1506 in
1702 1473 1789 1506 dicto
1807 1484 1937 1507 conser-

1192 1526 1316 1560 vatorio
1343 1527 1497 1570 supplere
1522 1527 1634 1559 itidem
1650 1527 1828 1567 statuimus,
1843 1537 1937 1571 prae-

1192 1580 1278 1614 ditae
1305 1580 1421 1620 forent,
1448 1579 1640 1613 auctoritate
1666 1585 1697 1613 et
1714 1586 1826 1614 tenore
1844 1591 1936 1624 prae-

1192 1634 1265 1666 fatis
1290 1633 1501 1667 concedimus
1528 1638 1558 1666 et
1583 1633 1801 1676 indulgemus.

1236 1687 1250 1730 ξ,
1275 1686 1305 1719 4.
1331 1687 1571 1727 Decernentes,
1600 1687 1728 1720 easdem
1745 1692 1935 1730 praesentes

1192 1740 1318 1773 litteras
1344 1750 1474 1783 semper
1508 1739 1638 1780 firmas,
1664 1741 1785 1773 validas
1812 1746 1844 1773 et
1868 1741 1936 1774 essi-

1191 1804 1284 1827 caces
1301 1793 1439 1827 existere
1461 1798 1492 1826 et
1510 1794 1588 1834 sore,
1606 1804 1750 1837 suosque
1768 1794 1935 1837 plenarios

1191 1853 1222 1880 et
1247 1847 1393 1890 integros
1417 1846 1549 1880 effectus
1574 1847 1681 1880 sortiri
1709 1853 1740 1880 et
1765 1848 1933 1888 obtinere,

1191 1912 1227 1934 ac
1252 1901 1371 1944 puellis
1398 1901 1474 1934 dicti
1512 1901 1743 1934 conservatorii
1781 1901 1830 1934 Ss.
1866 1901 1936 1934 Cle·

1191 1955 1310 1988 mentis
1336 1960 1367 1987 et
1391 1954 1591 1988 Crescentini
1610 1954 1640 1986 in
1659 1954 1810 1987 omnibus
1827 1960 1859 1987 et
1874 1965 1935 1998 per

1192 2009 1300 2042 omnia
1325 2008 1516 2052 plenissime
1542 2007 1721 2051 suffragari,
1747 2013 1778 2041 et
1798 2009 1837 2041 ab
1855 2008 1932 2050 illis,

1191 2064 1229 2098 ad
1248 2074 1332 2107 quos
1353 2067 1482 2107 spectat
1508 2067 1539 2095 et
1564 2072 1624 2106 pro
1654 2066 1802 2105 tempore
1828 2072 1936 2105 quan-

1191 2118 1377 2161 documque
1402 2115 1581 2159 spectabit,
1608 2115 1843 2148 inviolabiliter
1878 2116 1937 2148 ob-

1190 2171 1332 2211 servari,
1359 2171 1470 2214 sicque
1496 2170 1528 2202 in
1554 2169 1742 2213 praemissis
1767 2179 1826 2212 per
1844 2179 1936 2213 quos-

1190 2235 1331 2268 cumque
1357 2224 1480 2257 iudices
1502 2222 1684 2257 ordinarios
1704 2227 1736 2256 et
1754 2223 1936 2266 delegatos,

1192 2279 1286 2312 etiam
1313 2288 1483 2310 causarum
1509 2277 1619 2320 palatii
1646 2276 1825 2320 apostolici
1844 2276 1936 2310 audi-

1191 2337 1300 2373 tores,
1339 2330 1475 2364 iudicari
1513 2335 1544 2363 ct
1580 2329 1708 2363 definiri
1735 2329 1876 2370 debere,
1899 2340 1935 2363 ac

1191 2385 1316 2418 irritum
1352 2389 1383 2418 et
1420 2384 1517 2417 inane
1548 2383 1574 2416 si
1600 2393 1692 2416 secus
1717 2393 1816 2427 super
1840 2383 1892 2416 his
1918 2393 1935 2417 a

1190 2449 1363 2482 quoquam,
1379 2437 1488 2482 quavis
1506 2436 1708 2477 auctoritate,
1726 2436 1867 2470 scienter
1883 2437 1934 2470 vet

1191 2491 1404 2535 ignoranter,
1440 2490 1616 2533 contigerit
1637 2489 1803 2523 attentari.

1234 2544 1248 2587 ξ,
1273 2543 1304 2577 5.
1331 2543 1402 2577 Non
1427 2543 1630 2577 obstantibus
1652 2553 1933 2587 quorumcumque

1191 2601 1383 2630 testatorum
1409 2607 1444 2630 ac
1469 2596 1599 2640 piorum
1624 2596 1817 2639 largitorum
1841 2605 1933 2640 prae-

1190 2650 1328 2686 fatorum
1363 2651 1460 2685 etiam
1497 2650 1620 2685 ultimis
1655 2649 1875 2684 voluntatibus
1901 2656 1934 2685 et

1941 251 1991 278 Αη.
2012 252 2041 280 C.
2063 253 2130 282 ¹735

2008 1697 2129 1719 Praesentis

1945 1726 2018 1745 statuti
2034 1725 2130 1747 tii-mita<-

1993 2548 2128 2573 obstantium

1943 2577 2064 2604 derogatio.
