2232 3178
217 227 268 253 An.
288 226 318 254 C.
338 226 408 253 1735
452 217 493 249 60

410 275 492 308 vitae
518 274 680 308 humanae
710 273 863 307 subsidiis
888 282 924 306 ac
948 271 1148 311 commodis,

411 327 523 370 quibus
549 327 601 360 diu
628 330 846 366 assueverunt,
865 329 1080 364 exuerentur,
1100 334 1150 356 eo-

410 391 548 423 rumque
562 380 617 413 filii
632 386 662 412 et
677 378 827 418 familiae,
842 379 985 420 congrua
1000 388 1036 410 ac
1053 377 1149 410 etiam

410 433 605 476 quandoque
630 431 811 464 necessaria
838 430 1074 463 sustentatione
1100 440 1150 462 ca-

410 491 526 525 rentes,
543 486 581 518 ad
600 485 742 527 inopiam
769 484 949 526 duramque
971 487 1150 525 egestatem

244 551 279 571 ms
297 551 331 571 1112
351 555 399 570 eon·
410 538 655 581 redigerentur:
671 537 755 570 idern
770 537 902 570 Carolus
917 536 1070 579 princeps
1091 536 1151 567 ele—

217 577 291 597 dnnari
314 577 367 603 polit
388 582 400 597 a

218 604 327 624 l‘outitice.

412 596 488 630 ct0r‚
510 590 772 622 animadvertens
798 589 896 632 quod,
921 589 946 621 si
965 587 1150 620 acatholicis

410 642 572 685 praefatis
592 648 762 685 postquam
778 642 816 674 ad
835 641 1028 683 religionem
1045 640 1152 673 catho-

410 695 503 728 licam
518 695 663 728 conversi
679 694 808 734 suerint,
827 695 912 727 bona
930 693 975 726 sic
993 697 1152 735 occupata

410 747 551 780 retinere
576 748 709 788 liceret,
740 747 823 780 sicut
858 757 924 780 non
957 746 1001 779 ita
1025 746 1151 789 pridem

411 801 565 834 similium
582 802 745 835 bonorum
772 800 1024 844 occupatoribus
1043 799 1075 832 in
1097 799 1153 832 du-

411 860 483 887 catu
510 854 667 888 Saxoniae
693 865 710 886 a
735 854 829 887 nobis
855 864 1042 887 concessum
1069 852 1127 885 suit
1143 879 1150 892 ,

410 906 525 940 merito
544 907 667 950 sperari
692 912 823 950 posset,
842 907 910 940 sore
929 911 964 938 ut
981 905 1150 938 acatholici

410 960 580 1003 praedicti,
602 960 656 993 tali
675 960 803 993 sublato
828 965 914 993 metu
940 969 995 992 seu
1015 963 1151 998 remoto,

411 1015 448 1046 ad
475 1014 680 1046 orthodoxae
705 1013 779 1046 fidei
807 1019 838 1046 et
862 1012 1024 1046 Ecclesiae
1047 1012 1152 1045 unita-

411 1072 486 1105 tem,
512 1066 645 1099 abiectis
672 1066 850 1106 erroribus,
871 1065 1149 1098 saciliusreverte-

409 1124 542 1159 rentur,
568 1119 662 1152 nobis
688 1125 862 1162 propterea
887 1118 1054 1151 humiliter
1079 1128 1153 1161 sup-

410 1171 523 1214 plicari
551 1172 634 1211 fecit,
656 1177 815 1214 quatenus
834 1171 866 1203 in
883 1171 1076 1214 praemissis
1099 1181 1152 1213 op-

409 1230 550 1267 portune
572 1224 745 1267 providere
764 1230 795 1257 et
824 1230 859 1256 ut
879 1224 961 1256 infra
978 1223 1152 1266 indulgere

996 221 1186 248 BULLARIUM
1212 221 1374 247 ROMANUM

1192 270 1372 303 Palatinatu
1398 270 1551 304 inferiore
1584 275 1615 305 et
1646 271 1762 305 ducatu
1789 257 1932 305 &cobur-

1194 323 1284 365 gensi
1299 323 1484 357 huiusmodi
1508 324 1728 365 consistentia,
1744 334 1826 368 quae
1845 334 1932 367 prae·

1195 375 1365 409 teritorum
1386 382 1571 420 temporum
1593 378 1778 411 calamitate
1795 388 1934 420 occupa-

1195 433 1235 468 ta,
1253 438 1313 461 nec
1332 429 1499 472 hucusque
1518 435 1710 472 recuperata
1727 434 1757 462 et
1775 429 1934 462 vindicata

1194 481 1342 520 suerunt,
1368 481 1423 514 sed
1450 492 1468 514 a
1494 481 1586 514 dictis
1613 481 1800 514 acatholicis
1827 482 1934 515 adhuc

1194 533 1239 564 uti
1265 543 1321 565 sua
1346 534 1480 576 propria
1507 533 1708 575 detinentur,
1729 534 1814 566 sicut
1839 544 1934 577 prae-

1195 585 1344 625 mittitur,
1363 586 1528 618 modernis
1551 597 1661 619 eorum
1687 587 1934 629 possessoribus

1195 649 1249 671 seu
1268 639 1502 680 detentoribus,
1522 639 1574 682 qui
1594 639 1632 672 ad
1652 640 1845 672 catholicam
1863 639 1934 672 reli·

1196 690 1325 734 gionem
1360 691 1513 735 deinceps
1549 691 1728 732 redierint,
1756 701 1934 734 eorumque

1196 744 1437 777 successoribus
1462 744 1717 788 quibuscumque
1751 744 1863 778 itidem
1883 755 1932 778 ca-

1195 797 1327 830 tholicis
1354 802 1386 830 et
1410 797 1442 830 in
1469 797 1655 830 sinceritate
1681 797 1882 830 orthodoxae
1900 796 1935 829 fi-

1196 851 1246 883 dei
1274 851 1567 894 perseverantibus,
1594 851 1658 883 una
1683 861 1754 884 cum
1781 850 1935 883 fructibus

1196 904 1369 946 perceptis,
1392 904 1432 936 de
1458 904 1656 947 apostolicae
1676 903 1847 947 potestatis
1866 904 1935 946 ple-

1195 955 1344 989 nitudine
1363 957 1480 989 harum
1506 956 1589 990 serie
1616 967 1652 989 ex
1678 956 1828 1000 specialis
1848 956 1934 989 dono

1196 1009 1318 1052 gratiae
1343 1010 1549 1050 remittimus,
1574 1011 1820 1050 condonamus,
1853 1010 1936 1043 cedi-

1196 1073 1266 1095 mus
1292 1069 1324 1096 et
1348 1065 1536 1104 relaxamus,
1559 1063 1718 1106 dictisque
1743 1062 1937 1106 possessori-

1196 1117 1254 1149 bus
1279 1127 1334 1149 seu
1360 1116 1598 1156 detentoribus,
1619 1127 1797 1159 eorumque
1815 1126 1936 1149 succes·

1196 1169 1338 1209 soi-ibus,
1363 1175 1397 1201 ut
1422 1169 1480 1213 ipsi
1507 1169 1547 1202 de
1573 1169 1667 1202 bonis
1692 1168 1846 1212 praefatis
1871 1173 1934 1201 tam

1195 1222 1278 1255 inter
1303 1223 1389 1255 vivos
1415 1233 1511 1266 quam
1538 1233 1574 1255 ex
1600 1223 1694 1254 causa
1719 1220 1832 1255 mortis
1848 1248 1856 1262 ‚
1880 1226 1936 1254 aut

1941 221 1990 249 An.
2010 220 2041 249 C.
2059 219 2128 249 ¹735

2203 1298 2205 1304 s
2197 1248 2205 1287 .„2
2187 749 2207 1234 QQQLsflisszsszaass-Q‘ssssb’r.
2201 718 2205 725 -
2193 693 2199 704 *⁴
2191 656 2201 667 ὃ

412 1278 450 1310 de
475 1277 677 1320 benignitate
715 1278 892 1320 apostolica
930 1277 1148 1319 dignaremur.

218 1365 229 1385 d
296 1337 335 1360 Qui
365 1343 400 1358 ea-
456 1330 470 1373 ἓ
494 1330 525 1362 02.
552 1329 615 1363 Nos
642 1330 753 1372 igitur,
774 1330 849 1362 dicti
869 1329 973 1362 Caroli
992 1329 1151 1372 principis

217 1371 273 1411 ῑιῖῗε
292 1371 401 1417 pporsaseessisss
412 1383 560 1416 electoris
579 1384 611 1416 in
630 1383 729 1416 Deum
750 1383 904 1426 pietatem
923 1388 955 1415 et
971 1382 1152 1415 catholicae

216 1418 281 1489 {2333
302 1420 401 1464 ssfssnssiil
412 1436 581 1479 religionis
607 1437 746 1469 tuendae
772 1440 803 1468 et
828 1435 1059 1479 propagandae
1085 1440 1153 1467 stu-

227 1476 251 1490 ea
262 1474 400 1496 recuperatis,

217 1498 400 1548 Ziaessfiquussiiffi
412 1490 499 1523 dium
523 1490 698 1533 plurimum
717 1490 750 1522 in
768 1489 904 1522 Domino
922 1489 1153 1522 commendan—

1196 1276 1273 1309 alias
1291 1276 1539 1319 quomodolibet
1555 1276 1656 1308 libere
1674 1275 1852 1318 disponere
1865 1284 1936 1318 pos-

1195 1328 1269 1368 sint,
1290 1330 1419 1371 plenam
1438 1334 1551 1362 tenore
1576 1328 1800 1372 praesentium
1829 1326 1936 1359 tribui-

1195 1392 1264 1414 mus
1293 1381 1492 1422 facultatem,
1519 1392 1625 1425 neque
1651 1381 1725 1414 illos
1751 1391 1811 1424 pro
1843 1384 1935 1424 parte

1196 1436 1298 1468 dictae
1325 1435 1415 1468 Sedis
1451 1435 1679 1478 Apostolicae,
1705 1434 1934 1474 ecclesiarum,

1196 1488 1465 1521 monasteriorum
1492 1494 1523 1521 et
1548 1488 1694 1521 locorum
1724 1487 1854 1531 piorum
1882 1491 1937 1519 aut

216 1548 470 1583 neceto-,sacmeles
488 1543 624 1586 eiusque
651 1542 814 1576 desiderio
839 1542 900 1574 hac
924 1542 958 1574 in
984 1552 1028 1581 re,
1056 1552 1153 1584 quan-

217 1580 273 1598 sum.

412 1602 477 1629 tum
502 1596 595 1629 nobis
623 1606 659 1628 ex
685 1596 750 1628 alto
777 1594 977 1635 conceditur,
995 1595 1153 1627 obsecun-

412 1650 488 1682 dare
506 1649 687 1692 cupientes,
705 1648 866 1691 simulque
893 1647 1150 1687 considerantes,

412 1703 548 1735 salutem
574 1701 764 1740 animarum,
785 1701 931 1744 pretioso
957 1700 1077 1733 domini
1097 1710 1153 1732 no-

412 1756 470 1788 stri
488 1755 557 1788 lesu
579 1754 696 1787 Christi
722 1753 881 1796 sanguine
898 1753 1151 1797 redemptarum,

411 1814 616 1841 terrenarum
653 1817 763 1839 rerum
794 1807 978 1849 ceterisque
1005 1805 1153 1838 humanis

411 1860 591 1893 rationibus
628 1859 851 1903 praecellere,
889 1859 1048 1891 eiusmodi
1084 1869 1154 1901 sup-

412 1912 644 1956 plicationibus
669 1911 839 1951 inclinati,
866 1910 968 1944 sirmis
994 1911 1153 1954 salvisque

412 1965 660 1999 remanentibus
698 1964 959 2008 quibuscumque
993 1964 1155 1997 fundatio-

413 2020 519 2061 nibus,
544 2017 830 2062 applicationibus,
860 2017 994 2060 aliisque
1021 2017 1155 2061 disposi-

415 2071 560 2104 tionibus
578 2071 616 2103 de
632 2070 725 2103 bonis
752 2069 796 2103 sic
822 2070 1021 2113 recuperatis
1039 2081 1056 2102 a
1073 2069 1154 2103 Sede

416 2124 602 2167 Apostolica
639 2134 675 2157 ac
710 2123 899 2166 praesertim
933 2135 949 2156 a
974 2128 1154 2156 memorato

415 2177 600 2210 Alexandro
627 2177 881 2219 praedecessore
908 2176 999 2209 sactis
1026 2187 1082 2209 seu
1102 2187 1155 2219 ap-

415 2230 564 2274 probatis
580 2257 587 2270 ,
611 2240 737 2262 necnon
772 2230 1052 2263 administratione
1078 2229 1156 2262 alio-

414 2293 486 2316 rum
511 2283 672 2316 bonorum
699 2282 883 2315 huiusmodi
910 2282 1015 2315 eidem
1041 2282 1155 2316 Carolo

415 2335 555 2379 principi
582 2335 717 2368 electori
743 2337 895 2368 concessa
921 2341 953 2367 et
977 2335 1131 2368 attributa
1147 2362 1154 2375 ,

415 2393 450 2422 ut
474 2389 680 2431 praefertur,
719 2388 834 2430 quibus
870 2398 930 2431 per
964 2393 1155 2431 praesentes

416 2443 601 2474 nullatenus
634 2442 794 2484 derogare
820 2447 873 2473 aut
905 2441 1075 2484 quicquam
1104 2441 1156 2474 dc-

417 2504 512 2538 super
549 2495 718 2528 immutare
743 2495 794 2527 vel
826 2494 981 2527 innovare
1018 2494 1156 2527 intendi-

1196 1552 1410 1585 personarum
1437 1541 1729 1574 ecclesiasticarum
1748 1541 1785 1573 ad
1807 1551 1886 1584 quas
1905 1545 1937 1573 et

1196 1605 1277 1638 quae
1303 1595 1387 1627 bona
1417 1594 1584 1637 praedicta
1612 1594 1687 1627 olim
1718 1593 1937 1636 pertinebant,

1196 1647 1321 1680 ratione
1348 1653 1378 1679 et
1402 1646 1570 1680 occasione
1603 1646 1856 1689 praemissorum
1885 1646 1938 1679 de-

1196 1710 1294 1742 super
1319 1699 1506 1738 molestari,
1533 1698 1707 1742 inquietari
1734 1703 1787 1731 aut
1812 1704 1938 1742 pertur-

1196 1753 1264 1786 bari
1290 1763 1385 1795 posse
1411 1752 1579 1785 statuimus
1604 1757 1638 1784 et
1662 1751 1878 1785 decernimus.

1241 1807 1255 1850 ἓ
1280 1806 1311 1840 3.
1337 1806 1409 1839 Non
1434 1806 1637 1839 obstantibus
1663 1807 1773 1839 nostra
1799 1810 1830 1838 et
1858 1804 1938 1839 Can-

1197 1859 1349 1892 cellariae
1364 1859 1570 1902 Apostolicae
1584 1858 1745 1901 regulade
1761 1858 1829 1891 iure
1844 1868 1938 1901 quae·

1197 1912 1260 1946 sito
1289 1923 1354 1945 non
1384 1912 1550 1952 tollendo,
1577 1911 1714 1954 aliisque
1739 1910 1936 1954 apostolicis,

1198 1977 1233 1999 ac
1250 1966 1282 1998 in
1307 1965 1547 1998 universalibus
1573 1964 1890 2008 provincialibusque
1908 1969 1939 1997 et

1197 2018 1408 2063 synodalibus
1433 2017 1579 2051 conciliis
1605 2018 1708 2060 editis,
1730 2017 1937 2060 generalibus

1197 2074 1248 2106 vel
1273 2072 1478 2116 specialibus,
1496 2071 1779 2105 constitutionibus
1797 2077 1827 2104 et
1851 2071 1938 2104 ordi-

1198 2125 1407 2166 nationibus,
1441 2135 1569 2158 necnon
1606 2124 1838 2165 ecclesiarum,
1872 2133 1938 2156 mo-

1199 2179 1412 2212 nasteriorum
1443 2183 1474 2211 et
1503 2179 1647 2211 locorum
1668 2177 1795 2220 piorum
1826 2176 1939 2209 huius-

1199 2231 1287 2265 modi
1314 2230 1566 2270 fundationibus,
1596 2240 1630 2262 ac
1651 2229 1816 2272 quibusvis
1841 2228 1939 2263 etiam

1200 2282 1482 2324 derogatoriarum
1501 2280 1728 2322 derogatoriis,
1746 2280 1881 2323 aliisque
1899 2279 1940 2312 es-

1200 2334 1402 2367 ficacioribus
1429 2339 1460 2366 et
1484 2333 1622 2365 insolitis
1647 2332 1818 2371 clausulis,
1843 2329 1940 2365 etiam

1200 2387 1389 2426 iuramento,
1411 2385 1657 2419 confirmatione
1684 2384 1872 2428 apostolica,
1890 2384 1939 2417 vel

1199 2440 1311 2483 quavis
1330 2439 1479 2472 firmitate
1501 2439 1564 2471 alia
1579 2438 1752 2478 roboratis,
1768 2437 1893 2470 statutis
1908 2441 1940 2469 et

1199 2492 1504 2532 consuetudinibus,
1527 2491 1704 2534 privilegiis
1730 2500 1870 2535 quoque,
1895 2490 1939 2522 in-

418 2558 490 2581 mus
507 2575 514 2588 ‚
540 2549 649 2581 omnia
674 2553 704 2581 et
735 2548 863 2590 singula
894 2547 979 2580 bona
1004 2546 1156 2580 ccclesia·
1199 2546 1298 2578 ‹lultis
1324 2550 1355 2578 et
1378 2545 1495 2578 litteris
1529 2544 1714 2589 apostolicis
1747 2544 1779 2577 in
1811 2549 1939 2577 contra*

420 2601 517 2642 stica,
544 2601 684 2635 cuiusvis
710 2600 872 2645 qualitatis
899 2605 929 2634 et
953 2599 1069 2634 valoris
1088 2627 1095 2640 ‚
1122 2599 1154 2632 in
1200 2599 1282 2632 rium
1312 2599 1565 2642 praemissorum
1592 2597 1838 2641 quomodolicet
1862 2607 1937 2630 con-

1993 1812 2132 1835 obstantibus
2198 1803 2199 1807 ¹
2209 1807 2210 1841 l

1946 1838 2044 1865 derogat.
