2232 3178
49 215 100 243 An.
115 212 145 239 C.
167 209 233 238 1737

16 774 20 829 l

24 1371 30 1594 l³

239 263 270 291 et
294 257 493 297 mandamus,
521 262 698 290 statuentes
724 262 759 290 ut
787 257 825 289 ab
851 256 978 288 univer-

238 310 294 345 sali
320 310 461 343 Ecclesia
487 310 519 343 in
541 310 609 343 eius
635 311 793 344 honorem
820 309 978 342 ecclesiae

239 370 269 397 et
293 363 412 403 altaria,
439 363 470 396 in
497 363 614 407 quibus
641 362 797 396 sacrificia
814 362 880 395 Deo
906 361 980 394 otre-

237 423 359 458 rantur,
385 416 544 450 aedificari
572 422 604 449 et
629 416 813 450 consecrari
840 415 976 458 possint,

239 475 271 503 et
295 470 431 513 singulis
457 470 549 502 annis
576 470 627 503 die
654 480 706 503 xix
732 468 854 502 mensis
880 468 976 507 iunii,

239 533 300 566 qua
324 522 362 555 ad
389 524 563 556 caelestem
602 523 738 565 gloriam
774 526 885 554 vocata
911 526 978 560 est,

238 575 323 608 inter
347 580 471 608 sanctas
495 575 638 618 virgines
663 585 726 608 non
751 579 908 617 martyres
929 573 978 616 pia

238 627 410 661 devotione
436 628 537 661 recoli
564 628 690 669 debeat,
719 628 900 670 eademque
926 638 981 659 au-

238 681 383 714 ctoritate
420 680 571 714 omnibus
598 680 867 714 christifidelibus
905 690 979 713 vere

238 735 480 778 poenitentibus
519 740 550 768 et
586 734 764 774 confessis,
800 733 853 777 qui
890 733 981 766 annis

239 788 373 831 singulis
391 789 506 821 eodem
527 788 608 821 sesto
631 788 681 820 dle
701 788 738 820 ad
757 787 981 831 sepulchrum,

239 841 271 874 in
297 852 362 885 quo
387 841 455 874 eius
482 852 599 884 corpus
633 841 829 884 requiescit,
853 841 984 873 visitan-

239 895 313 927 dum
339 895 557 936 accesserint,
585 899 709 937 septem
735 904 835 927 annos
861 900 893 927 et
918 894 984 927 toti-

240 948 312 981 dem
338 949 563 992 quadragenas
597 948 635 981 de
669 948 821 980 iniunctis
848 948 892 980 eis
930 953 984 980 aut

239 1001 317 1034 alias
342 1001 591 1044 quomodolibet
624 1001 743 1034 debitis
774 1001 983 1044 poenitentiis

239 1053 500 1087 misericorditer
532 1054 562 1086 in
597 1053 733 1087 Domino
771 1053 983 1086 relaxavimus

240 1117 276 1140 ac
300 1108 479 1141 relaxamus
505 1107 537 1140 in
571 1107 675 1140 form-a
706 1107 869 1140 Ecclesiae
907 1117 984 1140 con-

241 1161 345 1193 sueta.

285 1213 300 1257 §
325 1212 378 1247 98.
407 1213 462 1246 His
488 1214 639 1257 peractis,
661 1213 759 1247 Deum
786 1213 914 1246 Patrem
937 1223 984 1246 ae-

241 1272 380 1307 ternum,
399 1277 578 1310 regemque
597 1267 717 1310 gloriae
735 1266 899 1299 Christum
929 1267 986 1299 do-

241 1321 363 1354 minum
388 1321 489 1354 Patris
507 1321 698 1365 sempiterni
717 1321 843 1361 Filium,
862 1326 893 1354 et
911 1320 983 1354 San-

241 1379 327 1407 ctum
352 1374 545 1407 Paraclitum
571 1374 739 1418 Spiritum,
759 1384 858 1407 unum
885 1373 985 1407 Deum

241 1438 405 1471 unumque
431 1428 612 1469 Dominum,
630 1428 780 1461 laudibus
805 1431 835 1461 et
859 1428 986 1461 conses-

242 1480 389 1514 sionibus
415 1482 579 1521 venerati,
608 1491 766 1525 sacroque
793 1481 915 1524 hymno
946 1481 986 1514 Te

241 1533 339 1567 Deum
358 1534 547 1568 solemniter
565 1535 745 1575 decantato,
768 1534 984 1578 omnibusque

241 1587 506 1621 christifidelibus
540 1594 614 1620 tunc
654 1588 882 1631 praesentibus
919 1589 986 1631 plc-

242 1641 331 1674 naria
355 1641 502 1674 omnium
529 1646 736 1685 peccatorum
773 1651 907 1674 suorum
941 1642 986 1674 in-

243 1694 411 1737 dulgentia
435 1700 466 1727 et
491 1694 684 1728 remissione
721 1696 888 1734 concessa,
913 1705 987 1737 pro-

242 1752 315 1791 pter
339 1747 524 1791 corporales
556 1752 682 1781 nostras
708 1747 913 1781 infirmitates
946 1748 987 1780 as-

242 1802 425 1845 sectamque
451 1802 668 1835 valetudinem
705 1802 907 1846 senilemque
934 1812 987 1835 ae-

244 1860 339 1888 tatem
375 1855 414 1888 ab
452 1855 565 1888 eadem
604 1855 809 1889 Lateranensi
851 1855 987 1888 ecclesia

243 1909 445 1949 recessimus,
472 1909 719 1942 remanentibus
747 1908 778 1941 in
798 1909 834 1942 ea
856 1918 987 1942 venera-

242 1962 364 1996 bilibus
389 1963 540 1996 sratribus
566 1963 686 1996 nostris
713 1963 745 1996 S.
766 1962 803 1999 R,
824 1962 859 1995 E.
888 1962 987 1996 cardi·

243 2016 389 2057 nalibus,
415 2016 673 2060 archiepiscopis
698 2021 729 2050 et
754 2016 929 2060 episcopis,
955 2020 988 2049 et

243 2070 393 2103 universo
419 2071 506 2104 clero
533 2075 564 2103 et
587 2071 726 2114 populo;
747 2070 866 2113 quibus
893 2080 989 2113 prae-

245 2123 427 2164 sentibus‚a
442 2123 621 2157 venerabili
633 2123 730 2157 sratre
739 2128 852 2156 nostro
866 2123 990 2156 Thema

245 2175 277 2210 S.
295 2176 331 2210 R.
350 2176 383 2210 Ε.
411 2176 566 2210 cardinali
592 2177 748 2221 episcopo
777 2177 989 2211 Praenestino

246 2229 337 2264 Rutro
362 2236 559 2274 nuncupato,
581 2236 744 2274 tamquam
770 2230 924 2264 cardinali
959 2231 990 2263 in

248 2284 361 2318 ordine
387 2284 574 2328 antiquiori,
601 2284 634 2317 in
658 2286 713 2317 ara
738 2285 875 2318 maxima
901 2295 991 2328 prae-

247 2337 328 2370 fatae
352 2337 522 2378 basilicae,
549 2348 586 2371 ex
612 2337 739 2371 indulto
766 2343 797 2371 et
823 2338 862 2371 de
895 2338 993 2372 licen-

249 2390 291 2423 tia
315 2391 442 2430 nostr-¹⁴1,
468 2391 659 2424 solemniter
692 2392 790 2424 missa
815 2401 887 2424 cum
920 2401 992 2424 san-

249 2449 317 2476 ctae
360 2443 504 2477 eiusdem
554 2444 686 2487 virginis
733 2454 798 2477 non
843 2444 992 2488 martyris

249 2498 553 2531 commemoratione
595 2497 758 2531 celebrata
797 2502 858 2531 est.
896 2498 994 2531 Decet

250 2556 355 2583 autem
380 2555 415 2583 ut
439 2561 499 2594 pro
518 2556 580 2583 tam
603 2550 722 2593 insigni
741 2549 901 2584 beneficio
920 2561 991 2584 cum

251 2605 337 2638 omni
365 2604 549 2639 humilitate
585 2604 815 2639 benedicamus
840 2610 871 2639 et
896 2606 994 2648 glori·

863 207 1006 232 CLEMENS
1031 207 1075 231 ΧΠ
1099 207 1148 230 PP.

1662 195 1726 229 285
1772 203 1958 232 An.C.1737

1022 254 1154 287 ficemus
1180 254 1292 294 Deum,
1318 254 1368 287 cui
1395 254 1501 287 omnis
1522 253 1630 286 honor
1651 258 1682 286 et
1703 252 1767 295 glo-

1023 308 1069 340 ria
1092 313 1124 341 et
1148 313 1291 351 potestas
1318 307 1350 340 in
1375 309 1516 347 saecula,
1535 306 1672 339 assiduis
1698 317 1768 349 pre-

1023 361 1113 394 cibus
1138 362 1177 394 ab
1204 372 1242 394 eo
1268 362 1483 404 postulantes,
1511 365 1561 399 ut,
1587 370 1646 403 per
1672 360 1768 392 inter-

1024 414 1204 447 cessionem
1230 415 1353 447 electae
1379 425 1466 454 suae,
1491 425 1556 447 non
1584 413 1764 446 secundum

1023 473 1155 511 peccata
1180 474 1289 500 nostra
1316 468 1410 501 saciat
1431 468 1546 506 nobis,
1574 467 1630 501 sed
1665 466 1767 499 inlini-

1025 526 1087 553 tam
1112 521 1293 554 bonitatem
1320 533 1407 554 suam
1435 521 1635 565 respiciens,
1665 526 1695 553 et
1721 520 1769 552 in-

1025 574 1247 617 dignationem
1291 585 1380 608 suam
1421 580 1567 608 avertens
1607 586 1624 608 a
1664 573 1767 617 culpis

1025 628 1154 667 nostris,
1182 628 1330 660 ostendat
1350 627 1444 660 nobis
1463 629 1566 661 lucem
1587 627 1767 661 misericor-

1026 679 1150 712 diarum
1187 691 1340 721 suarum,
1370 686 1401 713 et
1437 681 1584 713 immittat
1619 680 1768 713 timorem

1026 744 1118 766 suum
1144 745 1242 777 super
1267 739 1378 776 gentes
1405 744 1486 777 quae
1517 744 1581 767 non
1608 743 1769 775 cognove-

1027 793 1100 819 runt
1125 798 1210 826 eum,
1229 786 1317 819 eum¹
1337 792 1369 819 ut
1395 793 1594 829 cognoscant
1612 787 1685 830 quia
1703 797 1767 819 non

1028 846 1076 874 est
1100 841 1181 874 alius
1208 841 1290 873 Deus
1316 840 1377 874 nisi
1403 841 1484 873 Deus
1509 846 1632 873 noster.

1071 894 1085 936 ἓ
1111 893 1164 926 ⁶29.
1191 893 1358 933 Ceterum,
1388 894 1462 937 quia
1498 893 1628 927 difficile
1667 894 1764 932 soret,

1028 952 1216 989 praesentes
1251 952 1374 979 nostras
1413 946 1535 979 litteras
1571 946 1609 978 ad
1643 945 1768 988 singula

1027 1000 1110 1039 loca,
1140 999 1195 1032 ubi
1220 1010 1301 1043 opus
1327 1004 1425 1039 esset,
1453 999 1594 1039 deferri,
1620 999 1769 1031 volumus

1029 1057 1064 1084 ut
1099 1062 1208 1084 earum
1246 1052 1421 1095 exemplis,
1455 1052 1550 1084 etiam
1588 1051 1770 1094 impressis,

1026 1116 1124 1138 manu
1150 1111 1256 1138 tamen
1283 1104 1404 1148 publici
1424 1105 1538 1138 notarii
1562 1104 1768 1149 subscriptis,

1029 1165 1060 1192 et
1083 1158 1189 1200 sigillo
1208 1157 1342 1191 alicuius
1369 1168 1529 1201 personae
1555 1157 1587 1189 in
1614 1157 1770 1200 dignitate

1029 1212 1244 1245 ecclesiastica
1269 1211 1464 1244 constitutae
1491 1211 1633 1250 munitis,
1660 1210 1773 1243 eadem

1029 1265 1151 1308 ubique
1170 1265 1248 1298 sides
1266 1264 1564 1308 adliibeatur‚quae
1584 1263 1663 1307 ipsis
1682 1274 1773 1307 prae-

1029 1318 1173 1352 sentibus
1198 1318 1412 1351 adhiberetur
1444 1318 1470 1350 si
1504 1322 1613 1350 essent
1639 1316 1768 1350 exhibi-

1031 1378 1080 1405 tae
1107 1377 1139 1405 et
1163 1377 1327 1405 ostensae.

1073 1425 1087 1468 §
1112 1424 1166 1457 30.
1193 1423 1276 1458 Nulli
1296 1435 1372 1467 ergo
1391 1423 1523 1457 omnino
1541 1422 1710 1456 hominum
1735 1422 1770 1455 li·
1811 1443 1899 1463 gamm,
1917 1448 1969 1468 Μ,

1029 1484 1098 1511 ceat
1124 1479 1208 1511 hanc
1233 1478 1384 1521 paginam
1410 1477 1512 1510 nostri
1539 1477 1670 1517 decreti,
1697 1472 1845 1509 ἀεῐῖὖΠΜ

1030 1531 1178 1569 nitionis‚
1203 1531 1448 1574 adscriptionis,
1474 1529 1627 1570 mandati,
1652 1529 1773 1568 statuti,

1030 1584 1267 1625 concessionis,
1294 1583 1497 1627 elargitionis
1534 1588 1565 1616 et
1601 1583 1774 1617 voluntatis

1030 1637 1228 1680 infringere,
1255 1637 1305 1669 vel
1332 1637 1361 1669 ei
1386 1646 1463 1669 ausu
1491 1636 1663 1669 temerario
1690 1645 1772 1669 con-

1032 1691 1151 1730 traire;
1170 1690 1194 1723 si
1213 1690 1284 1734 quis
1303 1695 1410 1723 autem
1428 1690 1489 1723 hoe
1507 1694 1666 1723 attentare
1685 1699 1775 1732 prae-

1031 1744 1226 1787 sumpserit,
1252 1744 1509 1786 indignationem
1542 1742 1774 1786 omnipotentis

1031 1797 1087 1830 Dei
1112 1808 1149 1830 ac
1173 1798 1344 1830 beatorum
1371 1797 1459 1829 Petri
1482 1803 1513 1830 et
1530 1796 1620 1829 Pauli
1647 1801 1776 1840 aposto-

1032 1852 1138 1884 lorum
1165 1851 1235 1884 eius
1261 1860 1294 1883 se
1320 1850 1447 1883 noverit
1471 1850 1693 1883 incursurum.

1076 1905 1189 1937 Datum
1215 1904 1356 1944 Romae,
1384 1904 1469 1947 apud
1505 1903 1537 1936 S.
1565 1903 1718 1936 Ioannem
1745 1903 1776 1935 in

1032 1958 1206 1999 Laterano,
1223 1968 1308 1990 anno
1327 1956 1564 1990 Incarnationis
1591 1955 1776 1989 dominicae

1033 2021 1245 2051 unccxxxvu,
1271 2021 1323 2044 xvi
1349 2010 1503 2043 kalendas
1528 2009 1617 2050 iulii,
1648 2007 1778 2054 pontill-

1034 2071 1124 2100 catus
1150 2065 1251 2098 nostri
1278 2074 1363 2097 anno
1385 2074 1441 2097 vn.

1071 2127 1127 2154 Dat.
1149 2127 1193 2154 die
1216 2127 1247 2154 16
1267 2126 1334 2153 iunii
1356 2125 1435 2159 1737,
1457 2125 1553 2161 pontis.
1574 2133 1646 2153 auno
1667 2130 1712 2151 vu.

1821 900 1882 920 Vtiles
1908 903 1964 919 Ιωη·

1781 930 1916 952 ςυηφΙυιῚΗη.

1209 2224 1258 2275 ffl
1284 2224 1371 2261 EGO
1399 2224 1601 2260 CLEMENS

1098 2293 1296 2317 CATHOLICAE
1318 2292 1487 2316 ECCLESIAE
1511 2291 1681 2315 EPISCOI‘US
1691 2282 1711 2314 ².

1035 2356 1053 2392 †
1076 2354 1134 2393 Ego
1156 2353 1329 2384 Franciscus
1357 2353 1512 2392 episcopus
1541 2351 1683 2381 Ostiensis
1713 2359 1776 2380 car-

1116 2403 1222 2433 dinalis
1244 2402 1431 2432 Barberinus.

1036 2454 1054 2490 †
1078 2452 1135 2490 Ego
1158 2452 1260 2482 Petrus
1294 2451 1448 2490 episcopus
1481 2449 1651 2479 Portucnsis
1682 2447 1774 2478 cardi-

1119 2501 1193 2531 nalis
1216 2500 1391 2531 Ottobonus.

1074 2568 1084 2594 1
1108 2566 1164 2593 Vox
1183 2574 1247 2594 eum
1269 2565 1423 2593 redundare
1445 2565 1550 2592 videtur
1570 2565 1672 2599 (n.T.).

1072 2614 1087 2640 2
1109 2612 1210 2641 Eadem
1230 2611 1317 2640 foruna
1337 2610 1417 2645 sigilli
1438 2614 1466 2638 ut
1485 2618 1543 2645 sup.
1561 2618 1586 2645 p.
1603 2609 1655 2639 245
1674 2609 1773 2644 (11.1.)-
