2232 3178
39 238 87 266 An.
102 236 130 265 C.
153 235 220 264 ¹736

51 930 222 956 Quibuscumque

41 958 114 981 legatis
129 959 150 977 et
171 963 223 977 utin-

41 985 79 1005 ciis
99 984 223 1008 apostolicis

845 235 987 259 CLEMENS

234 283 471 318 deliberatione
497 285 629 327 nostris,
649 285 754 328 deque
775 284 974 329 apostolicae

233 337 401 380 potestatis
420 337 637 380 plenitudine,
657 339 894 381 praeinsertum
921 337 971 369 de-

234 396 358 423 cretum
383 391 422 423 ab
448 390 636 423 Innocentio
662 396 856 431 emanatuin,
885 400 974 433 prae-

233 444 377 486 ratasque
402 443 527 476 litteras
557 454 654 487 super
679 443 823 476 eiusdem
851 442 973 476 decreti

234 496 471 539 approbatione
508 502 540 529 et
565 496 811 529 confirmatione
837 496 877 528 ab
903 496 975 528 Ale-

231 549 357 582 xandro
394 549 703 592 praedecessoribus
741 549 866 589 editas,
891 549 976 581 sicut

232 602 473 646 praemittitur,
499 613 570 634 cum
598 602 750 634 omnibus
782 608 814 635 et
837 602 974 644 singulis

232 656 264 688 in
291 655 337 688 eis
363 654 540 698 respective
567 654 736 694 contentis,
756 655 870 687 harum
890 654 974 687 serie

233 708 451 752 approbamus
476 718 605 751 quoque
635 713 665 740 et
686 707 913 740 confirmamus
939 718 975 740 ac

232 762 444 801 innovamus,
471 761 601 804 illisque
627 761 823 794 inviolabilis
848 766 975 804 aposto-

232 816 314 849 licae
339 814 500 847 firmitatis
524 815 638 856 robur,
660 814 719 846 rim
742 820 774 847 et
799 813 974 848 efficaciam

233 868 451 911 adiungimus.

279 922 294 964 ᾗ
319 921 352 954 4.
380 921 552 954 Praeterea
577 921 700 954 eisdem
725 921 757 954 S.
777 921 815 953 R.
842 921 878 953 E.
906 930 976 954 ear-

235 974 416 1014 dinalibus,
444 974 539 1007 etiam
566 975 605 1007 de
630 974 733 1007 latere
758 974 894 1017 legatis,
920 984 977 1016 pa-

42 1017 67 1032 ae
85 1010 222 1030 ecclesiarum
268 1027 274 1032 ,

42 1036 143 1064 praelatis
168 1042 223 1056 coin-

42 1062 223 1085 mantuam-aecus

41 1095 80 1111 non
91 1089 156 1109 sotum
167 1089 224 1109 titte-

42 1122 76 1137 τις
102 1116 128 1136 ad
157 1121 225 1141 quiae-

43 1143 169 1163 tutationem
178 1147 223 1167 spu-

43 1171 121 1190 clames
135 1183 140 1192 ,
186 1167 223 1187 scd

45 1195 106 1215 onam
122 1199 223 1219 pecunias

44 1223 150 1248 quaesitas
179 1220 224 1241 adi-

43 1253 107 1269 mere.

236 1027 396 1066 mauronis,
422 1027 683 1070 archiepiscopis
699 1053 706 1066 ‚
735 1026 910 1069 episcopis,
928 1026 975 1059 di-

235 1085 371 1123 ctaeque
397 1080 488 1113 Sedis
515 1079 652 1119 nunciis,
671 1080 855 1119 abbatibus,
877 1090 913 1112 ac
934 1080 977 1112 lo-

235 1144 349 1166 corum
374 1133 553 1166 Ordinariis
575 1133 847 1176 quibuscumque,
864 1133 897 1165 in
914 1133 977 1164 vir-

237 1192 303 1219 tute
327 1192 458 1219 sanetae
485 1186 703 1223 obedientiae,
721 1197 757 1218 ac
781 1186 839 1219 sub
861 1186 975 1228 poenis

237 1246 348 1273 nostro
374 1250 409 1272 ac
443 1239 664 1272 Romanorum
690 1239 879 1272 Pontificum
907 1249 979 1271 suc-

235 1303 402 1326 eessorum
428 1297 615 1325 nostrorum
636 1292 769 1325 arbitrio
795 1292 976 1329 reservatis,

236 1350 338 1386 motu,
357 1345 491 1378 scientia
517 1355 552 1378 ac
576 1345 746 1389 potestatis
773 1344 977 1388 plenitudine

236 1398 387 1443 paribus,
419 1403 533 1431 tenore
555 1397 790 1441 praesentium,
818 1397 979 1441 praecipi-

237 1462 309 1485 mus
335 1457 365 1485 et
390 1452 594 1492 mandamus,
610 1457 644 1483 ut
662 1462 727 1484 non
745 1452 847 1484 solum
865 1460 978 1484 omnes

238 1510 270 1539 et
294 1505 439 1548 singulas
464 1505 589 1538 litteras
615 1509 772 1548 patentes,
799 1504 978 1542 facultates,

236 1559 397 1599 licentias,
423 1559 599 1602 scripturas
614 1563 645 1590 et
661 1558 867 1596 documenta,
886 1567 979 1600 quae-

237 1612 429 1644 stuationeni
466 1621 523 1644 seu
550 1611 719 1644 collectam
758 1611 980 1652 elcemosyna-

237 1675 306 1698 rum
326 1665 509 1697 huiusmodi
529 1664 761 1707 quoquomodo
783 1673 980 1696 concernen-

239 1718 300 1757 tia,
326 1728 408 1761 quae
434 1718 574 1750 Graecos
601 1718 765 1760 praefatos
792 1717 911 1749 habere
945 1726 980 1748 ac

239 1771 451 1804 circumferre
488 1770 729 1813 compererint,
754 1770 813 1802 sihi
839 1769 921 1802 tradi
946 1779 981 1801 ac

238 1823 423 1865 consignari
440 1823 566 1863 faciant,
578 1828 608 1855 et
625 1823 663 1856 ad
679 1828 890 1855 memoratam
902 1821 982 1855 Con-

239 1877 461 1920 gregationem
488 1876 700 1910 cardinalium
727 1875 888 1918 negociis¹
910 1875 982 1907 Pro-

238 1930 405 1974 pagandae
433 1930 520 1962 Fidei
544 1929 803 1973 praepositorum
824 1928 981 1961 transmit-

241 1989 316 2023 tant,
328 1988 362 2015 ut
377 1983 566 2026 praesertum
582 1994 690 2015 verum
707 1993 836 2015 omnem
851 1992 980 2025 quoque

240 2036 411 2080 pecuniam
426 2047 482 2070 seu
502 2038 739 2080 eleemosynas,
756 2046 834 2078 quas
850 2035 981 2068 eosdem

240 2090 380 2123 Graecos
407 2101 443 2122 ex
470 2092 619 2123 enarrata
641 2089 887 2132 quaestuatione
917 2087 981 2120 sive

241 2144 376 2176 collecta
393 2144 674 2186 eleemosynarum
691 2141 854 2184 accepisse
871 2141 983 2183 depre-

243 2196 441 2236 henderint,
467 2196 532 2228 sive
569 2206 669 2238 penes
706 2195 794 2238 ipsos
819 2194 983 2232 Graecos,

241 2249 307 2282 sive
333 2260 434 2292 penes
472 2249 549 2281 alias
576 2248 810 2290 cuiuscumque
838 2247 956 2289 gradus
973 2273 980 2286 ‚

242 2307 342 2334 status
369 2307 399 2334 et
423 2301 618 2334 conditionis
644 2311 811 2343 personas,
830 2301 925 2332 etiam
951 2299 982 2331 in

243 2356 342 2387 forma
368 2355 515 2398 depositi,
542 2355 721 2393 extiterint,
745 2353 853 2386 statim
873 2363 984 2396 seque-

243 2414 309 2440 stro
334 2413 542 2450 supponant,
568 2417 620 2445 ac,
648 2412 767 2449 quanto
794 2407 888 2439 citius
914 2405 982 2438 lieri

244 2460 372 2502 poterit,
398 2459 480 2491 mitti
508 2459 628 2501 pariter
662 2464 776 2491 curent
801 2459 838 2491 ad
872 2468 984 2501 supra-

243 2514 362 2546 dictam
400 2513 693 2555 Congregationem
720 2512 940 2552 cardinalium,
967 2524 982 2545 a

244 2578 306 2610 qua
323 2567 532 2610 postmodum
552 2566 689 2609 pecunia
704 2576 758 2598 seu
777 2566 983 2609 eleemosyna

283 2630 290 2659 t
314 2629 381 2656 tadu.
403 2629 485 2656 Main.
508 2628 571 2662 legit
591 2629 703 2663 nesso-‘it'
726 2635 760 2663 ιιε.
778 2634 828 2662 L).

1013 235 1057 260 311
1083 235 1134 259 rr.
1656 224 1718 260 183

1016 284 1180 327 praefatae
1218 283 1250 317 in
1289 284 1496 317 commodum
1530 289 1561 317 et
1587 284 1757 317 utilitatem

1017 336 1265 379 Propagationis
1280 338 1422 370 eiusdem
1438 337 1538 376 Fidei,
1554 337 1639 369 iuxta
1656 337 1757 379 ipsius

1018 390 1289 432 Congregationis
1310 402 1433 423 morem
1460 396 1491 423 et
1515 390 1711 429 institutum,
1728 395 1760 422 et

1017 453 1083 476 non
1109 443 1140 475 in
1167 443 1247 476 alios
1271 454 1355 482 usus,
1376 443 1502 485 integre
1528 448 1759 476 convertantur

1018 501 1049 528 et
1073 502 1262 537 erogentur.

1061 549 1077 589 S
1104 547 1134 580 5.
1163 548 1390 589 Decernentes,
1415 549 1544 581 easdem
1570 554 1781 591 praesentes,
1807 561 1951 590 tanqua-um

1018 600 1143 633 litteras
1169 612 1299 644 semper
1324 602 1431 634 firmas
1448 629 1455 641 ,
1482 602 1604 635 validas
1639 607 1669 634 et
1695 587 1885 634 effi-lxpffisarm„
1919 589 1953 606 '¹¹'

1018 664 1109 686 caces
1145 655 1283 687 existere
1309 660 1341 687 et
1366 656 1434 687 fore
1451 681 1458 694 ,
1483 665 1623 698 suosque
1649 656 1758 698 plena-

1018 707 1085 739 rios
1109 713 1139 740 et
1166 708 1312 750 integros
1338 708 1470 741 ell'ectus
1497 709 1605 741 sortiri
1628 714 1660 741 et
1680 709 1759 741 obti-

1018 771 1112 802 nere,
1139 771 1175 793 ac
1201 760 1285 800 illis,
1311 761 1349 794 ad
1376 772 1456 804 quos
1484 767 1608 805 spectat
1640 767 1671 794 et
1699 772 1758 804 pro

1019 819 1166 857 tempore
1199 815 1470 858 quandocumque
1507 815 1691 858 spectabit,
1728 815 1760 847 in

1018 867 1168 900 omnibus
1193 873 1225 900 et
1250 878 1308 910 per
1332 869 1441 901 omnia
1470 868 1659 911 plenissime
1697 868 1762 900 sus·

1019 919 1159 962 fragari,
1186 926 1217 953 et
1242 921 1281 953 ab
1308 921 1353 953 eis
1380 921 1558 964 respective
1591 921 1761 958 inviolabi-

1019 973 1094 1005 liter
1120 973 1304 1012 observari,
1325 974 1435 1017 sicque
1462 979 1494 1006 et
1518 985 1583 1007 non
1610 974 1703 1007 aliter
1728 974 1760 1006 in

1019 1026 1206 1068 praemissis
1233 1037 1292 1069 per
1318 1037 1540 1070 quoscumque
1559 1027 1683 1059 iudices
1708 1037 1761 1059 or-

1020 1078 1164 1110 dinarios
1190 1084 1220 1110 et
1249 1079 1437 1121 delegatos,
1466 1085 1562 1112 etiam
1592 1089 1759 1111 causarum

1019 1131 1131 1174 palatii
1158 1132 1327 1174 apostolici
1353 1132 1528 1171 auditores,
1548 1142 1584 1164 ac
1608 1132 1640 1164 S.
1671 1133 1705 1164 R.
1723 1131 1757 1164 E.

1019 1185 1185 1227 praefatae
1222 1184 1428 1223 cardinales,
1454 1185 1549 1217 etiam
1586 1184 1625 1217 de
1661 1185 1762 1217 latere

1021 1239 1157 1279 legatos,
1186 1237 1357 1280 dictaeque
1382 1238 1473 1270 Sedis
1499 1238 1651 1277 nuntios,
1672 1238 1764 1270 alios-

1021 1301 1083 1333 que
1109 1290 1274 1333 quoslibet
1310 1300 1514 1333 quacumque
1551 1290 1706 1332 dignitate
1731 1295 1763 1323 et

1021 1348 1182 1386 potestate
1209 1343 1381 1386 fungentes
1397 1349 1429 1376 et
1446 1344 1621 1385 func-turos,
1639 1344 1764 1377 sublata

1022 1396 1067 1429 eis
1092 1402 1124 1429 et
1148 1406 1261 1429 eorum
1287 1396 1422 1429 cuilibet
1455 1396 1565 1440 quavis
1598 1396 1691 1429 aliter
1716 1396 1764 1428 iu-

1022 1449 1149 1482 dicandi
1169 1456 1200 1483 et
1216 1449 1454 1492 interpretandi
1489 1450 1635 1483 facultate
1653 1454 1683 1483 et
1708 1460 1764 1482 au-

1021 1503 1190 1543 ctoritate,
1212 1503 1345 1536 iudicari
1373 1509 1404 1536 et
1429 1502 1556 1536 definiri
1576 1503 1707 1541 debere,
1725 1513 1762 1536 ao

1022 1557 1147 1589 irritum
1177 1562 1209 1590 et
1238 1557 1333 1589 inane
1358 1557 1383 1589 si
1409 1567 1501 1589 secus
1537 1567 1634 1600 super
1671 1556 1721 1588 his
1746 1567 1763 1588 a

1022 1621 1208 1654 quoquam,
1235 1610 1347 1653 quavis
1384 1610 1596 1650 auctoritate,
1622 1611 1764 1643 scienter

1022 1665 1070 1696 vel
1090 1664 1290 1705 ignoranter,
1313 1664 1487 1705 contigerit
1505 1663 1671 1695 attentari.

1067 1717 1082 1759 ξ
1108 1716 1139 1748 ss.
1167 1715 1234 1749 Non
1262 1717 1466 1748 obstantibus
1493 1716 1701 1758 praemissis,
1728 1726 1764 1748 ac

1023 1770 1306 1803 constitutionibus
1332 1775 1363 1803 et
1399 1769 1658 1802 ordinationibus
1688 1780 1763 1812 apo-

1023 1824 1166 1863 stolicis,
1194 1834 1321 1856 necnon
1348 1823 1530 1866 quibusvis,
1559 1823 1653 1855 etiam
1679 1823 1763 1855 iura-

1025 1883 1136 1909 mento
1156 1904 1163 1917 ,
1198 1876 1446 1909 confirmatione
1478 1876 1680 1919 apostolica,
1713 1876 1762 1908 vol

1020 1930 1136 1973 quavis
1163 1930 1312 1962 firmitate
1334 1930 1394 1962 alia
1413 1929 1589 1967 roboratis,
1614 1928 1740 1961 statutis
1757 1955 1764 1966 ,

1025 1983 1145 2022 usibus,
1168 1983 1258 2025 stylis
1285 1987 1316 2015 et
1341 1982 1644 2021 consuetudiniluis,
1673 1981 1763 2024 privi-

1026 2037 1118 2079 legiis
1134 2036 1192 2068 sub
1209 2036 1466 2079 quibuscumque
1484 2035 1653 2068 verborum
1673 2040 1764 2067 teno-

1026 2090 1114 2122 rilius
1132 2095 1162 2122 ct
1181 2089 1306 2129 formis,
1323 2100 1358 2121 ac
1376 2100 1447 2121 cum
1466 2088 1648 2132 quibusvis'
1669 2088 1763 2121 ctiam

1026 2142 1304 2184 derogatoriarum
1324 2141 1550 2183 derogatoriis,
1568 2141 1705 2183 aliisque
1725 2141 1765 2173 cf-

1027 2196 1254 2233 ficaeioribus,
1293 2195 1523 2227 efficacissimis
1558 2199 1589 2226 ct
1625 2193 1764 2226 insolitis

1027 2249 1194 2287 clausulis,
1222 2247 1488 2290 irritantibusqns
1510 2252 1541 2279 et
1565 2247 1634 2279 aliis
1660 2247 1765 2279 decre-

1028 2303 1079 2341 tis,
1099 2302 1130 2334 in
1150 2312 1270 2343 genere
1289 2303 1336 2333 vel
1356 2301 1386 2332 in
1405 2300 1528 2343 speeie,
1550 2306 1602 2331 aut
1628 2300 1706 2332 alias
1733 2299 1763 2331 in

1027 2355 1224 2387 conti-arium
1247 2353 1499 2396 praemissorum
1519 2352 1766 2394 quomodolibet

1027 2408 1206 2443 concessis:
1228 2406 1424 2439 confirmatis
1446 2411 1477 2437 et
1498 2405 1678 2444 innovatis3
1696 2405 1765 2448 qui-

1028 2461 1087 2492 hus
1113 2460 1263 2492 omnibus
1289 2464 1320 2491 et
1345 2458 1491 2496 singulis,
1511 2457 1631 2490 etiamsi
1654 2468 1713 2501 pro
1732 2457 1765 2489 il-

1028 2515 1132 2546 lorum
1172 2511 1342 2545 sufficienti
1380 2511 1591 2552 derogatione
1629 2511 1667 2543 de
1702 2511 1764 2543 illis

1027 2576 1207 2609 eorumque
1227 2565 1299 2597 totis
1327 2563 1490 2596 tenoribus
1517 2563 1679 2606 specialis,
1697 2574 1766 2607 spe-

1066 2632 1072 2655 1
1098 2628 1167 2655 L'dit.
1192 2627 1257 2653 ,llain
1291 2626 1353 2661 legit
1374 2626 1475 2661 :suibus
1495 2626 1534 2659 (n.
1552 2625 1599 2659 ¹13).

1764 234 1814 260 An.
1832 234 1860 260 C.
1884 233 1950 261 1736

1844 1721 1957 1744 Iter-ugnus·

1774 1751 1854 1768 contrat
1862 1754 1936 1767 torum.
