2232 3178
10 220 58 248 An.
73 219 103 245 C.
125 216 191 244 1739

60 644 187 666 Conni-mans

11 674 80 698 itaquo
119 671 185 692 Urha-

9 701 28 722 1ιί
42 698 84 719 vm
99 698 186 721 littei-as,

9 727 79 748 statuit
114 725 186 745 liuius-

9 754 63 774 mod·
81 757 186 771 recursum

10 779 124 800 faciendum
141 783 186 797 esse

9 812 45 832 per
65 807 186 831 procurato-

9 838 50 853 rem
62 831 187 856 generalem,

10 861 126 880 nontamen
138 863 187 877 con-

11 884 125 906 dedendam
165 885 187 904 ῃ.

11 912 97 932 centiam
117 910 189 930 buius·

11 937 64 960 modi
80 943 188 959 accessus,

818 214 958 239 CLEMENS
984 212 1028 236 XII
1052 212 1103 236 Pr.

197 275 269 297 rum
295 264 513 305 detrimento,
541 263 712 307 religionis
749 263 934 301 dedecore,

198 318 476 362 saeculariumque
490 318 653 358 scandalo,
672 316 847 360 cupiebant
866 325 937 358 pro-

198 378 310 414 pterea
336 377 383 405 tot
407 372 500 405 malis
519 381 700 411 occurrere,
721 376 752 403 et
777 368 935 412 spirituali

198 435 328 457 suorum
354 425 558 457 subditorum
584 423 676 457 saluti
703 422 887 466 providere,
908 427 938 454 et

197 487 464 520 unumquemque
485 477 633 519 ipsorum
649 476 681 508 in
696 485 791 507 manu
811 474 936 508 consilii

199 530 246 562 sui
272 536 370 573 atque
395 531 427 562 in
454 528 519 562 tota
548 531 604 562 sua
634 529 803 567 libertate,
830 527 936 570 quoad

198 583 366 616 transitum
393 583 431 615 ad
458 583 539 616 alios
556 582 711 622 Ordines,
730 581 936 624 relinquere:

241 637 256 679 ἓ
280 636 312 669 4.
339 636 425 675 Nos,
461 637 514 679 qui
540 635 769 678 religiosorum
794 634 937 667 omnium

199 689 349 722 decorem
375 689 510 722 sinceris
536 688 803 722 desiderabamus
820 686 939 720 affecti-

197 742 275 782 bus,
303 747 334 776 et
359 752 573 786 personarum
600 741 813 774 saecularium
839 750 936 773 scan-

199 796 278 829 dalis
301 796 445 836 obviare,
466 800 562 838 atque
589 795 768 828 animarum
795 794 938 827 omnium

198 849 293 883 saluti
314 849 486 893 providere
505 848 732 892 cupiebamus,
752 846 938 880 huiusmodi

200 902 496 946 supplicationibus
522 901 682 943 inclinati,
701 912 759 944 per
784 901 939 944 quasdam

199 961 328 989 nostras
348 956 407 989 sub
428 955 565 999 plumbo
579 966 618 988 xv
633 955 789 988 kalendas
803 960 940 998 septem-

199 1009 282 1049 bris,
309 1008 519 1052 pontificatus
546 1008 649 1041 nostri
672 1018 758 1041 anno
784 1019 825 1048 lv,
854 1017 939 1040 anno

200 1061 438 1095 lncarnationis
468 1061 649 1095 dominicae
674 1071 861 1094 muccxxxm
886 1071 940 1093 ex-

199 1114 328 1158 peditas
354 1114 501 1154 litteras,
526 1124 591 1146 non
617 1115 723 1146 solum
748 1118 941 1147 memoratas

200 1168 323 1201 litteras
349 1167 468 1200 Urbani
487 1167 749 1210 praedecessoris
773 1167 940 1210 praedicti,

200 1231 237 1253 ac
261 1220 371 1254 omnia
404 1225 435 1252 et
467 1220 595 1262 singula
631 1220 664 1252 in
690 1220 736 1252 eis
763 1225 939 1259 contenta,

200 1274 394 1307 auctoritate
429 1273 609 1316 apostolica
633 1273 883 1316 approbavimus
909 1277 941 1305 et

201 1326 471 1366 confirmavimus,
490 1326 622 1369 illisque
648 1326 845 1359 inviolabilis
863 1336 941 1370 apo-

202 1380 337 1413 stolicae
363 1379 523 1413 firmitatis
554 1379 656 1412 robur
680 1379 878 1420 adiecimus,
904 1391 941 1413 ac

200 1433 348 1477 insuper,
363 1433 548 1476 praedictas
562 1432 686 1466 litteras
704 1432 788 1466 dicta
805 1433 942 1466 auctori-

202 1492 265 1520 tate
283 1486 489 1520 extendendo
512 1491 543 1519 et
559 1486 756 1530 ampliando,
774 1486 941 1519 interdixi-

201 1552 273 1574 mus
299 1546 330 1574 et
354 1540 582 1584 prohibuimus
604 1551 644 1573 ne
670 1540 709 1573 de
730 1545 839 1574 cetero
856 1542 941 1574 ullus

202 1605 240 1628 ex
264 1594 418 1627 fratribus
450 1593 578 1627 Ordinis
611 1599 642 1627 et
673 1593 941 1636 Congregationis

202 1647 389 1681 huiusmodi
415 1647 647 1690 cuiuscumque
671 1648 789 1690 gradus
815 1653 846 1680 et
866 1658 941 1681 con-

203 1701 345 1742 ditionis,
371 1701 424 1744 qui
446 1700 485 1734 ad
510 1701 610 1734 alium
635 1700 788 1734 Ordinem
814 1702 943 1743 regula-

202 1764 272 1787 rem
299 1753 438 1787 transire
473 1754 593 1795 vellet,
618 1754 752 1786 Romam
786 1754 942 1787 accedere

203 1806 264 1839 sub
282 1811 450 1849 praetextu
470 1806 695 1849 expostulandi
713 1817 730 1839 a
746 1806 829 1839 Sede
847 1817 942 1849 prae-

202 1860 288 1893 dicta
304 1859 465 1892 indultum
483 1865 718 1903 praesumeret,
736 1860 803 1901 sed,
820 1860 942 1903 absque

203 1923 242 1947 eo
280 1913 365 1956 quod
400 1924 436 1946 ex
473 1919 635 1947 conventu
667 1924 684 1946 a
717 1914 943 1957 superioribus

202 1967 269 2000 suis
285 1967 452 2009 designato
471 1977 530 1999 seu
556 1966 758 2009 designando
777 1977 835 2010 pro
855 1967 944 2000 adin-

201 2020 363 2053 veniendo
388 2019 548 2053 benevolo
574 2025 746 2063 receptore
769 2020 943 2062 egredere-

203 2079 263 2113 tur,
290 2083 350 2116 per
374 2078 618 2116 procuratorem
644 2072 771 2106 Ordinis
798 2080 827 2106 et
853 2073 939 2107 Con-

203 2126 401 2169 gregationis
426 2126 612 2159 huiusmodi
631 2126 662 2159 in
680 2127 827 2159 Romana
849 2126 943 2160 Curia

203 2180 389 2223 degentem,
405 2180 456 2212 vel
472 2190 648 2223 personam
668 2180 729 2212 sibi
747 2180 942 2221 bcnevisam,

204 2233 340 2266 deberet
364 2243 492 2272 curare,
512 2233 765 2276 diligentiasque
785 2233 944 2267 adhibere

203 2297 264 2330 pro
290 2286 470 2319 obtinendo
496 2285 535 2318 ab
562 2286 673 2319 eedem
707 2286 788 2319 Sede
818 2287 944 2319 indulto

202 2339 398 2383 praedicto,
425 2349 461 2371 ac
486 2339 617 2371 insimul
644 2344 814 2372 teneretur
838 2339 943 2372 statim

205 2393 309 2425 dictus
335 2396 530 2435 procurator
555 2391 716 2434 generalis
732 2418 739 2431 ‚
764 2391 790 2424 si
817 2392 855 2424 ad
883 2392 946 2424 hoc

204 2445 318 2479 suisset
344 2445 529 2488 requisitus,
557 2445 677 2477 dictum
703 2445 874 2485 indultum,
901 2445 946 2478 sic

205 2499 384 2539 obtentum,
409 2498 628 2542 quantocitius
645 2498 683 2531 ad
706 2498 836 2531 eosdem
854 2508 946 2541 supe-

204 2553 308 2586 riores
335 2552 565 2591 transmittere,
585 2551 638 2594 qui
658 2551 811 2594 religioso
831 2552 945 2584 transi-

206 2611 271 2640 tum
287 2605 512 2650 praetendenti
528 2604 678 2648 protinus
696 2604 791 2638 etiam
807 2605 945 2648 tradere,

982 267 1022 301 et,
1043 261 1067 293 si
1087 270 1170 304 quae
1196 270 1256 304 pro
1278 259 1329 293 his
1348 259 1501 294 omnibus
1526 258 1722 302 peragendis

982 325 1142 357 expensae
1168 313 1372 347 necessariae
1391 319 1422 347 et
1445 318 1650 356 opportunae
1676 311 1723 344 in-

983 366 1200 406 tervenerint,
1227 377 1280 400 eas
1314 378 1426 400 omnes
1452 366 1634 409 superiores
1660 364 1722 407 ipsi

982 421 1110 453 solvere
1136 420 1311 460 deberent;
1333 420 1357 452 si
1379 420 1449 462 quis
1469 425 1586 457 autem,
1610 424 1723 451 contra

983 473 1166 506 huiusmodi
1188 484 1308 505 novum
1333 473 1532 511 mandatum,
1553 471 1722 504 transitum

983 526 1182 568 praedictum
1198 526 1290 558 aliter
1303 536 1336 559 se
1355 536 1470 568 gerere
1488 525 1724 568 praesumpsis-

983 584 1039 618 set,
1054 589 1179 621 poenae
1193 578 1340 618 carceris,
1355 579 1490 611 arbitrio
1506 577 1723 621 superiorum,

983 642 1018 664 ac
1044 632 1237 675 privationis
1261 632 1348 664 vocis
1377 632 1499 664 activae
1517 637 1548 664 et
1565 631 1723 674 passivae,

983 685 1194 728 omniumque
1219 684 1398 718 officiorum
1415 711 1422 724 ,
1450 690 1481 717 ct
1508 683 1723 716 inhabilitatis

983 743 1159 781 perpetuae
1177 738 1217 770 ad
1235 737 1290 771 illa
1309 737 1485 770 obtinenda
1505 736 1633 780 penitus
1654 736 1726 768 sub-

983 790 1159 824 iiceretur:
1186 795 1218 823 et
1243 789 1341 829 alias,
1367 794 1466 833 prout
1491 790 1523 822 in
1548 789 1725 831 praedictis

984 844 1074 878 Pauli
1101 849 1133 877 et
1157 843 1278 876 Urbani
1305 843 1608 886 praedecessorum,
1628 853 1724 886 quam

983 899 1016 931 in
1033 898 1153 932 nostris
1179 897 1307 937 litteris,
1326 907 1459 940 quarum
1481 901 1613 929 tenores
1638 907 1727 939 prae-

984 953 1131 986 sentibus
1156 963 1216 996 pro
1243 952 1403 995 expressis
1429 951 1545 984 haberi
1568 952 1726 991 volumus,

983 1007 1115 1040 uberius
1141 1005 1260 1039 dicitur
1284 1005 1457 1038 contineri.

1620 200 1683 234 547
1730 210 1782 235 An.
1800 210 1829 236 c.
1850 209 1917 237 1739

1028 1061 1042 1103 ἓ
1068 1060 1098 1092 5.
1126 1058 1203 1092 Cum
1228 1064 1345 1098 autem,
1370 1058 1454 1091 sicut
1478 1058 1615 1091 dilectus
1641 1057 1726 1090 silius
1750 1066 1921 1092 lterumexponit

1737 1096 1862 1118 procurator
1886 1098 1921 1118 ge-

984 1113 1172 1146 Vincentius
1189 1123 1208 1145 a
1226 1111 1442 1155 Conceptione
1457 1111 1633 1144 modernus
1650 1121 1727 1154 pro·
1737 1120 1815 1140 uorans
1846 1119 1921 1139 fratres

1738 1149 1760 1166 ut
1775 1146 1869 1166 habeant
1890 1146 1922 1165 di-

986 1172 1112 1200 curator
1137 1165 1298 1208 generalis
1324 1165 1514 1198 eorumdem
1540 1164 1670 1197 Ordinis
1696 1171 1830 1197 eti-agamii
1858 1172 1921 1191 sanut-

1705 1217 1710 1222 ,
1739 1202 1802 1219 tatem
1812 1204 1921 1219 recurrere

984 1218 1253 1262 Congregationis
1271 1218 1365 1251 nobis
1386 1228 1490 1260 nuper
1511 1218 1628 1260 exponi
1652 1218 1886 1278 secitfflspffldrum

984 1273 1071 1316 quod
1097 1271 1247 1304 nonnulli
1285 1281 1322 1304 ex
1360 1270 1513 1303 fratribus
1539 1270 1669 1303 Ordinis
1696 1276 1728 1303 et

984 1323 1252 1367 Congregationis
1266 1323 1463 1362 huiusmodi,
1479 1323 1517 1356 ad
1533 1328 1728 1356 memoratas

984 1384 1110 1412 nostras
1137 1388 1173 1411 ac
1202 1377 1291 1410 Pauli
1323 1382 1355 1410 et
1387 1376 1506 1409 Urbani
1540 1377 1730 1420 praedeces-

985 1443 1095 1466 sorum
1136 1432 1260 1464 litteras
1298 1431 1471 1464 elcvandas
1503 1430 1730 1463 declinandas-

985 1498 1058 1531 que,
1079 1496 1137 1530 per
1156 1485 1371 1518 mediatorum
1390 1485 1456 1517 sive
1475 1484 1728 1517 intercessorum

986 1551 1117 1584 operam
1135 1540 1175 1573 ad
1192 1544 1339 1572 nostrum
1366 1543 1398 1572 et
1419 1537 1512 1572 Sedis
1538 1538 1728 1582 praedictae

985 1594 1017 1627 in
1043 1592 1273 1637 Hispaniarum
1302 1591 1412 1634 regnis
1438 1591 1592 1624 nuncium
1618 1591 1729 1625 consu-

986 1647 1090 1690 giunt,
1111 1652 1145 1679 ut
1163 1646 1201 1679 ad
1228 1646 1417 1679 eorumdem
1443 1645 1569 1677 libitum
1591 1654 1730 1677 conven-

987 1706 1054 1733 tum
1079 1700 1171 1733 valde
1196 1710 1214 1732 a
1237 1699 1303 1732 suis
1339 1698 1517 1741 respective
1552 1696 1729 1741 provinciis

987 1754 1160 1786 distantem
1187 1752 1246 1785 sibi
1273 1752 1421 1794 seligant,
1442 1757 1539 1794 atque
1565 1751 1608 1783 ita
1633 1760 1730 1793 supe-

987 1807 1090 1840 riores
1116 1806 1165 1839 sui
1191 1805 1310 1838 nullam
1337 1805 1551 1837 sufficientem
1579 1804 1651 1836 illos
1678 1813 1729 1835 re-

987 1859 1138 1893 movendi
1158 1857 1384 1891 auctoritatem
1403 1857 1564 1897 habeant,
1590 1856 1676 1889 unde
1695 1855 1730 1887 fit

987 1918 1022 1945 ut
1047 1911 1231 1955 supradicta
1255 1909 1372 1953 opera¹
1397 1910 1492 1943 etiam
1518 1910 1551 1942 in
1577 1908 1727 1942 domibus

987 1965 1201 1999 saecularium
1238 1965 1354 1997 fratres
1387 1963 1547 2007 praedicti
1573 1963 1729 2005 degentes

988 2019 1172 2062 exemplum
1209 2018 1317 2051 eidem
1353 2015 1602 2059 Congregationi
1635 2015 1729 2047 valde

988 2083 1128 2113 nocens,
1152 2072 1241 2115 pacis
1267 2070 1548 2114 perturbationem
1573 2074 1604 2102 et
1627 2068 1726 2112 spiri-

988 2126 1074 2158 tuale
1101 2124 1256 2158 damnum
1275 2123 1391 2157 ceteris
1414 2123 1570 2156 fratribus
1587 2122 1732 2164 Congre-

988 2178 1127 2222 gationis
1163 2183 1194 2211 et
1217 2177 1348 2211 Ordinis
1380 2177 1620 2220 praedictorum
1647 2174 1727 2208 atl'c-

989 2238 1079 2275 rant,
1105 2244 1145 2266 eo
1175 2232 1279 2275 inagis
1312 2232 1398 2275 quod
1430 2231 1514 2274 ipsi,
1540 2241 1604 2263 non
1632 2235 1666 2262 ut
1691 2230 1730 2262 ad

988 2286 1084 2319 aliam
1111 2285 1298 2318 transeundi
1325 2284 1530 2327 religionem,
1548 2284 1604 2316 scd
1626 2288 1660 2315 ut
1680 2294 1731 2315 va-

989 2339 1085 2381 gandi
1107 2339 1289 2372 libertatem
1308 2338 1461 2377 habeant,
1477 2347 1567 2369 suum
1587 2337 1625 2369 ad
1648 2346 1730 2368 cum·

990 2393 1061 2425 dem
1088 2391 1235 2424 nuntium
1262 2389 1433 2423 obtinendi
1452 2391 1545 2421 causa
1571 2389 1730 2421 indultum

990 2444 1175 2478 huiusmodi
1202 2454 1370 2477 aceessum
1404 2442 1607 2481 obtendant,
1636 2448 1731 2484 atque

990 2499 1070 2532 adeo
1096 2499 1216 2531 evitent
1253 2506 1420 2529 recursum
1441 2522 1447 2536 ,
1482 2506 1578 2538 quem
1604 2506 1620 2527 a
1646 2495 1730 2527 aicta

989 2550 1069 2584 Sede
1086 2578 1093 2591 ,
1126 2550 1178 2583 cui
1203 2550 1298 2582 unice
1324 2549 1356 2580 in
1381 2548 1444 2580 vim
1476 2553 1730 2581 iiieinorataium

1026 2615 1034 2639 1
1061 2613 1160 2639 Forsan
1181 2613 1328 2646 operantes
1347 2611 1383 2644 (a,
1400 2610 1449 2643 r),

1821 1231 1920 1245 nunClUss]
