2232 3178
252 215 298 240 Aa.
317 212 346 240 C.
359 212 438 239 -1737

289 1225 434 1251 'l‘ransuuiplis

253 1252 313 1272 Ildum
330 1252 398 1273 mitta.

485 203 548 237 2⁹20

445 261 530 294 inine
545 262 640 295 nobis
653 272 751 305 super
766 262 828 294 boe
840 261 1009 294 humiliter
1025 261 1182 304 porrectis

444 314 600 355 inclinati,
619 315 797 358 plenariam
814 315 956 347 omnium
978 320 1182 357 peccatorum

445 368 678 409 indulgentiam
706 374 738 401 et
764 368 986 400 remissionem
1013 379 1030 400 a
1066 378 1184 400 meino-

446 427 514 454 rato
527 422 701 454 Benedicto
714 422 970 464 praedecessore
984 432 1182 459 concessam,

444 480 479 506 ut
504 476 645 518 petitur,
672 475 709 507 ad
736 484 847 507 omnes
884 474 1052 517 utriusque
1090 484 1183 506 sexus

445 527 689 567 christifideles,
716 528 770 570 qui
798 538 871 559 vere
898 527 1047 559 similiter
1072 527 1184 570 poeni-

446 586 549 613 tentes
574 588 604 613 et
629 581 767 614 confessi
795 592 830 613 ae
852 582 941 613 sacra
959 580 1183 613 communione

445 634 557 667 refecti
584 635 723 677 aliquam
757 645 792 667 ex
827 634 973 667 ecclesiis
1005 634 1185 676 Congrega-

445 686 541 719 tionis
569 687 752 719 huiusmodi
779 688 830 719 die
858 687 938 719 festo
964 687 994 719 S.
1022 686 1183 719 Francisci

444 739 555 772 Salesii
583 751 599 772 a
625 740 737 782 priniis
763 740 906 783 vesperis
933 750 1036 782 usque
1062 740 1100 772 ad
1137 750 1186 772 oc-

443 803 552 825 casum
580 793 656 826 solis
684 793 746 826 diei
773 794 960 826 huiusmodi
980 793 1117 834 singulis
1133 803 1185 824 an<

443 846 494 879 nis
520 846 632 879 devote
658 846 868 888 visitaverint,
894 846 1028 889 ibique',
1052 852 1086 878 ut
1106 845 1186 889 peti-

446 906 507 939 tur,
526 900 696 939 oraverint,
713 901 861 933 eamden]
884 899 1066 943 plenariam
1084 899 1187 932 indul-

445 953 587 995 gentiam
615 959 647 985 et
675 952 902 985 remissionem
925 957 1184 995 consequantur,

445 1006 638 1039 auctoritate
662 1006 863 1049 apostolica,
891 1011 1001 1038 tenore
1039 1015 1187 1049 praesen-

445 1059 543 1099 tium,
570 1065 730 1102 perpetuo
756 1059 961 1092 extendimus
988 1064 1020 1091 et
1045 1059 1183 1102 amplia-

444 1123 527 1145 mus.
549 1113 582 1145 ln
602 1113 800 1146 contrarium
827 1112 1021 1145 facientibus
1047 1122 1109 1144 non
1130 1113 1186 1145 ob-

444 1166 602 1198 stantibus
629 1166 898 1209 quibuscumque.

490 1218 561 1262 §3
591 1218 745 1252 Volumus
783 1224 890 1251 autem
930 1224 965 1251 ut
1001 1218 1186 1251 earumdem

446 1272 667 1316 praesentium
690 1273 872 1305 litterarum
893 1272 1112 1315 transumptis,
1132 1282 1186 1304 seu

446 1325 614 1369 exemplis,
631 1326 727 1358 etiam
743 1326 920 1369 impressis,
936 1336 1033 1358 manu
1052 1325 1188 1358 alicuius

447 1379 564 1412 notarii
586 1379 707 1421 publici
726 1378 928 1422 subscriptis,
948 1384 980 1411 et
995 1379 1102 1421 sigillo
1120 1388 1189 1421 per—

447 1442 544 1465 sonae
571 1433 603 1464 in
629 1432 850 1465 ecclesiastica
883 1432 1041 1474 dignitate
1074 1431 1190 1464 consti-

449 1490 534 1518 tutae
560 1496 614 1519 seu
641 1485 863 1528 procuratoris
889 1484 1052 1528 generalis
1087 1484 1189 1518 dictae

448 1538 719 1581 Congregationis
758 1538 913 1581 munitis,
947 1538 1060 1571 eadem
1096 1547 1189 1581 pror-

447 1602 502 1624 sus
526 1591 607 1625 fides
633 1591 840 1630 adhibeatur,
868 1602 949 1634 quae
976 1591 1190 1623 adhiberetur

448 1644 528 1688 ipsis
546 1645 774 1688 praesentibus
792 1644 816 1677 si
836 1644 943 1677 forent
960 1644 1121 1677 exhibitae
1140 1644 1188 1677 vel

448 1703 611 1732 ostensae.

491 1751 606 1785 Datum
626 1751 759 1793 Romae,
780 1752 865 1795 apud
889 1751 921 1785 S.
938 1751 1068 1784 Mariam
1094 1751 1191 1784 Maio-

448 1817 539 1847 rem,
559 1806 619 1839 sub
645 1806 764 1839 annulo
791 1805 965 1838 piscatoris
985 1833 992 1846 ‚
1018 1806 1069 1838 die
1094 1815 1190 1838 xxvui

448 1860 555 1893 martii
588 1869 806 1900 mccxxxvu,
838 1858 1054 1903 pontificatus
1086 1858 1190 1892 nostri

449 1923 535 1947 anno
560 1923 614 1947 vu.

485 1975 546 2003 Dat.
569 1976 615 2003 die
635 1975 670 2003 28
690 1975 780 2003 martii
802 1975 881 2010 1737,
903 1975 1008 2010 pontif.
1030 1983 1102 2001 anno
1122 1980 1168 2001 vu.

778 2030 813 2062 F.
841 2029 930 2062 card.
958 2028 1144 2062 Otivaaius.

750 2190 889 2224 CXCVII.

452 2279 663 2324 Confirmatio
689 2279 807 2313 decreti
832 2278 1099 2323 Corzyreyaliom's
1125 2279 1193 2322 epi-

494 2345 660 2378 scoporum
685 2338 713 2367 ec
738 2333 957 2377 reyularz'um,
978 2343 1041 2376 quo
1065 2342 1194 2365 monas-

497 2389 613 2421 terium
639 2388 671 2421 S.
700 2387 826 2420 Mariae
849 2386 1027 2429 Saqz'tlarz'i
1057 2385 1193 2419 Ordinis

498 2442 717 2475 cislerciensis
741 2441 876 2473 unitum.
908 2439 1095 2472 declaratur
1123 2449 1195 2482 pro-

495 2496 621 2528 vinciae
648 2494 807 2528 Tlcuscz'ae
831 2493 975 2527 eiusdem
1001 2493 1146 2527 Ordinis.

489 2612 500 2638 1
521 2609 588 2639 Male
609 2609 674 2639 edit.
699 2609 782 2638 Main.
804 2609 871 2646 legit
889 2609 995 2645 ubique
1015 2608 1055 2644 (a.
1072 2607 1122 2643 T.).

1025 212 1210 236 BULLARIUM
1236 212 1392 236 ROMANUM

1439 261 1574 288 Clemens
1595 261 1674 295 Papa
1693 261 1756 293 ΧΠ,

1370 307 1405 332 ad
1429 307 1563 333 futuram
1585 307 1630 333 rei
1653 306 1839 333 memoriam.

1272 369 1286 411 ἓ
1314 368 1344 400 l.
1368 367 1535 400 Emanavit
1554 378 1658 411 nuper
1675 379 1690 400 a
1708 368 1968 411 Congregatione
1991 377 2162 408 munumentu-

1229 421 1461 454 ven··rabiliuni
1480 422 1616 453 fratrum
1634 428 1816 454 nostrorum
1832 422 1864 454 S.
1878 421 1915 454 R.
1932 421 1966 454 E.
1981 405 2162 457 iiiieff‘ilimr‘iiiir'ie‘iff

1229 474 1440 507 cardinalium
1467 474 1610 516 negociis
1628 480 1659 507 et
1672 473 1967 507 consultationilms

1228 528 1458 571 episcoporum
1486 533 1516 560 et
1542 527 1738 569 regularium
1770 527 1969 571 praeposito·

1230 592 1309 621 runi,
1323 581 1352 613 in
1364 583 1457 613 causa
1469 580 1767 613 dismembraliouis
1780 581 1967 613 monasterii

1228 634 1259 667 S.
1280 634 1397 667 Mariae
1413 634 1573 676 Sagittarii
1593 635 1768 678 nuncupati
1784 634 1968 678 provinciae

1229 687 1382 719 Thusciae
1409 687 1629 729 Augloneusis
1656 688 1816 720 dioecesis
1840 686 1969 720 Ordinis

1229 739 1453 772 Cisterciensis
1494 740 1594 771 sancti
1633 739 1785 772 Bernardi
1823 746 1855 773 et
1891 750 1967 773 reu-

1231 793 1335 825 nionis
1355 793 1540 835 provinciae
1558 793 1726 826 Calabriae
1749 793 1892 826 eiusdem
1913 793 1971 826 Or-

1230 846 1313 878 dinis
1340 846 1425 878 inter
1450 846 1583 878 dilectos
1611 845 1693 878 filios
1719 846 1904 888 superiores
1938 857 1970 877 u-

1231 899 1373 941 triusque
1399 899 1584 941 provinciae
1622 910 1718 942 super
1755 899 1969 942 infrascriptis

1231 952 1337 984 dubiis
1368 957 1535 991 vertente,
1563 953 1727 985 decretum
1757 953 1878 986 tenoris
1915 952 1970 996 qui

1230 1005 1397 1047 sequitur,
1424 1005 1594 1040 videlicet:

1270 1075 1454 1113 Anyloaensc's
1475 1086 1521 1104 seu
1546 1075 1660 1105 Ordinis
1686 1076 1883 1106 cisterciensis.
1914 1077 1972 1106 An-

1232 1124 1429 1162 tiquissimum
1454 1129 1481 1154 et
1504 1124 1618 1162 insigne
1640 1125 1849 1155 monasterium
1868 1125 1897 1155 S.
1915 1125 1973 1154 Ma-

1232 1173 1291 1202 riae
1314 1172 1462 1210 Sagittarii
1481 1172 1598 1203 Ordinis
1615 1173 1818 1203 Cisterciensis
1837 1174 1923 1203 situm
1942 1174 1970 1203 in

1233 1222 1381 1261 provincia
1403 1222 1574 1252 Basilicatae
1588 1232 1639 1252 seu
1664 1223 1806 1252 Lucaniae
1832 1222 1972 1252 dioecesis

1231 1271 1428 1308 Anglonensis
1450 1271 1477 1300 iu
1502 1280 1591 1309 regno
1614 1271 1748 1310 Neapolis
1765 1295 1772 1308 ,
1797 1272 1873 1310 quod
1906 1277 1972 1301 ante

1231 1329 1340 1349 annum
1363 1328 1512 1349 nncxxxin
1542 1330 1556 1349 a
1581 1330 1632 1350 suo
1662 1321 1815 1359 superiore
1845 1320 1972 1358 regulari

1231 1369 1265 1398 de
1289 1379 1339 1408 per
1362 1378 1392 1398 se
1422 1369 1594 1407 regebatur,
1618 1368 1673 1398 fuit
1695 1369 1728 1398 ad
1762 1378 1863 1408 preces
1885 1378 1973 1408 supe-

1233 1418 1344 1447 riorum
1367 1417 1515 1448 Calabriae
1539 1427 1553 1447 a
1577 1422 1693 1447 sanctae
1727 1418 1885 1447 memoriae
1918 1417 1972 1447 Ur-

1233 1466 1308 1496 bano
1324 1466 1396 1503 vill,
1414 1467 1463 1506 qni
1486 1467 1583 1496 omnia
1607 1466 1782 1496 monasteria
1801 1466 1973 1496 Cistercien-

1233 1517 1308 1546 sium
1332 1521 1466 1545 erexerat
1489 1516 1517 1545 in
1542 1516 1722 1554 provincias,
1746 1516 1780 1545 de
1803 1515 1878 1545 dicto
1897 1524 1973 1545 anno

1234 1574 1385 1595 iincxxxni
1414 1565 1527 1594 unitum
1560 1564 1728 1603 provinciae
1760 1564 1911 1594 Calabriae
1943 1569 1972 1595 et

1234 1614 1387 1644 Lucaniae.
1412 1613 1467 1644 Sed
1490 1613 1557 1652 quia
1582 1613 1694 1642 modico
1716 1622 1859 1642 annorum
1882 1614 1975 1643 inter-

1236 1663 1308 1693 vallo
1332 1662 1385 1693 sub
1408 1662 1551 1701 regimine
1574 1662 1722 1692 Calabriae
1755 1662 1785 1692 in
1817 1662 1975 1701 disciplina

1234 1712 1361 1750 regulari
1391 1716 1418 1741 et
1451 1711 1622 1741 substantns
1650 1710 1818 1740 notabiliter
1839 1710 1974 1740 decreve-

1235 1766 1297 1800 rat,
1316 1761 1433 1801 provide
1446 1765 1562 1790 sanctae
1576 1760 1733 1790 memoriae
1747 1760 1911 1790 Alexander
1925 1759 1974 1790 VII

1235 1811 1270 1841 ad
1294 1811 1472 1841 obviandum
1496 1814 1537 1840 tot
1559 1810 1642 1840 malis
1665 1809 1780 1848 (audito
1796 1813 1861 1840 voto
1878 1810 1974 1840 clarae

1236 1860 1393 1889 memoriae
1415 1858 1572 1889 cardinalis
1594 1858 1754 1888 Franciotti
1769 1882 1776 1896 ,
1802 1862 1869 1888 tunc
1898 1858 1976 1888 eius-

1235 1909 1300 1939 dem
1323 1909 1440 1939 Ordinis
1463 1908 1634 1948 protectoris
1651 1931 1658 1945 ‚
1693 1907 1785 1938 bonae
1817 1907 1975 1938 memoriae

1236 1958 1388 1988 reverendi
1412 1957 1501 1997 patris
1524 1957 1635 1987 domini
1657 1956 1804 1995 Fagnani,
1828 1956 1906 1986 etde
1926 1956 1976 1986 Al-

1236 2007 1327 2045 teriis,
1338 2006 1424 2036 huius
1434 2015 1532 2036 sacrae
1541 2005 1777 2044 Congregationis
1794 2009 1863 2035 tunc
1879 2013 1976 2035 seere-

1237 2055 1332 2090 tarii1,
1347 2059 1444 2094 postea
1458 2058 1575 2084 sanctae
1588 2054 1744 2084 memoriae
1756 2053 1913 2084 Clementis
1927 2053 1974 2093 X),

1238 2109 1315 2134 motu
1339 2103 1456 2144 proprio
1479 2108 1507 2133 et
1526 2105 1641 2133 matur-a
1656 2103 1866 2133 deliberatione
1879 2111 1976 2140 segre-

1236 2153 1315 2192 gavit
1336 2162 1351 2183 a
1375 2152 1527 2192 provincia
1549 2152 1696 2183 Calabriae
1711 2177 1718 2190 ‚
1742 2156 1769 2182 et
1802 2152 1854 2182 sub
1887 2152 1934 2182 die
1965 2159 1974 2180 1

1237 2202 1365 2233 octobris
1387 2210 1516 2232 MDCLmv
1538 2201 1632 2231 univit
1655 2205 1683 2231 et
1705 2201 1873 2240 aggregavit
1901 2200 1978 2239 regi-

1238 2252 1310 2282 mini
1341 2251 1578 2282 Cisterciensium
1611 2250 1778 2290 provinciae
1810 2250 1976 2288 Tliusciae‚

1237 2301 1290 2331 sub
1313 2311 1369 2340 quo
1392 2300 1535 2339 gubernio
1568 2300 1689 2339 pacifice
1721 2304 1749 2330 et
1781 2309 1847 2330 cum
1880 2299 1976 2329 incre-

1239 2355 1334 2380 mento
1350 2350 1494 2389 spirituali
1509 2353 1536 2379 et
1553 2349 1703 2389 temporali
1716 2353 1812 2388 patres
1826 2350 1975 2386 vixerunt,

1237 2399 1426 2438 regnantibus
1448 2403 1563 2429 sanctae
1577 2399 1734 2429 memoriae
1747 2398 1916 2428 Alexandro
1930 2397 1979 2428 Vll

1237 2453 1265 2480 et
1287 2449 1438 2479 Clemente
1457 2447 1508 2486 IX,
1532 2452 1560 2478 et
1586 2448 1768 2478 solummodo
1790 2447 1825 2478 ad
1848 2452 1978 2478 sanctam

1238 2498 1408 2528 memoriani
1439 2497 1599 2528 Clementis
1622 2497 1644 2526 X
1676 2496 1903 2527 reclamantibus
1931 2506 1980 2536 pa-

1239 2547 1332 2578 tribus
1354 2546 1506 2585 regiminis
1533 2546 1704 2585 Calabriae,
1728 2546 1846 2576 suerunt
1877 2554 1980 2576 eorum

1274 2606 1285 2632 1
1304 2604 1372 2633 Male
1388 2604 1453 2634 edit.
1474 2603 1557 2633 Maia.
1577 2604 1641 2641 legit
1660 2603 1826 2633 secretariis
1843 2603 1937 2640 (ἥκῃ).

1976 209 2029 236 Αη.
2045 209 2073 237 C.
2093 210 2163 239 1737*
