2232 3178
286 218 335 243 Λη.
353 217 381 243 c.
405 217 472 245 ¹740
495 208 580 255 >652

480 265 599 303 iungere
616 264 733 304 poterit.
752 263 930 301 Secundum,
947 267 978 293 ut
994 273 1084 303 poena
1101 264 1216 302 gravior

479 318 505 342 et
527 313 698 351 gravissima
732 312 848 342 nonnisi
881 321 946 341 cum
974 312 1125 341 maturiori
1148 322 1216 342 con-

478 361 542 391 silio
565 365 679 400 patrum
703 361 852 390 seniorum
875 360 910 390 ab
926 360 1029 390 abbate
1052 361 1213 399 infligatur,

478 418 569 447 eaque
598 409 627 438 in
650 409 786 447 scriptis,
811 412 839 438 et
873 413 1023 448 postquam
1057 410 1092 439 de
1127 409 1214 449 culpa

477 458 639 488 constiterit
667 468 716 497 per
745 459 957 488 confessionem
991 460 1048 497 rei,
1085 460 1128 489 vel
1162 469 1214 498 per

476 506 670 545 competentia
703 507 879 544 testimonia3
904 512 947 543 et,
972 507 995 537 si
1026 508 1053 537 id
1087 508 1128 538 rei
1150 517 1214 546 gra-

477 555 549 583 vitas
571 559 720 593 exposcat,
744 554 858 584 abbatis
874 557 962 585 etiam
986 556 1130 593 generalis
1149 565 1214 585 sen-

477 602 565 632 tentia
589 606 718 640 rogetur.
741 602 890 641 Tertium,
915 607 946 633 ut
975 603 1114 633 fratribus
1148 614 1212 643 pro-

477 653 574 679 vectae
596 651 716 688 aetatis,
740 651 835 689 quoad
858 652 971 690 aliquas
995 661 1102 693 poenas
1125 653 1213 682 aetati

476 697 595 727 minime
629 699 856 737 convenientes,
881 699 970 729 abbas
994 700 1030 729 ita
1054 700 1212 738 dispenset,

476 750 507 775 ut
530 746 601 775 alias
624 746 710 776 simul
734 746 825 784 magis
848 752 1041 785 congruentes
1067 747 1212 786 iniungat:

476 793 504 822 in
527 793 654 832 graviori
675 803 743 824 vero
765 799 793 824 et
815 796 987 832 gravissima
1009 796 1111 835 culpa,
1135 800 1213 826 taxa-

476 846 532 871 tam
556 843 584 872 in
609 843 870 873 constitutionibus
899 854 1022 883 poenam
1046 844 1213 874 nullatenus

475 894 589 929 mutet,
613 891 670 921 uisi
693 901 778 922 causa
802 893 1000 923 commutandi
1023 893 1060 923 sit
1082 894 1213 932 legitime

475 939 595 978 probata
628 950 723 970 coram
757 941 861 971 abbate
894 942 1036 980 generali.
1060 942 1212 981 Quartum,

474 992 506 1018 ut
528 988 626 1027 abbas,
649 989 716 1019 dum
741 990 868 1020 alicuius
890 991 1005 1029 culpam
1039 991 1211 1029 redarguit,

474 1040 524 1066 aut
546 1046 667 1076 poenam
691 1039 716 1068 ei
740 1038 879 1077 iniungit,
899 1043 999 1068 caveat
1016 1048 1211 1079 summopere,

474 1095 509 1115 ne
532 1086 559 1115 id
583 1096 616 1115 ex
639 1087 683 1116 ira
705 1091 754 1116 aut
775 1088 840 1117 odio
862 1092 912 1117 aut
934 1088 1099 1118 vehementi
1123 1088 1213 1118 animi

474 1134 690 1172 perturbatione
723 1135 830 1172 saciat,
866 1136 1015 1175 multoque
1047 1137 1144 1166 minus
1177 1146 1213 1166 ne

472 1182 621 1212 iniuriosis
644 1183 740 1213 verbis
758 1189 807 1214 aut
822 1185 1008 1215 contumeliis
1025 1185 1086 1215 sive
1105 1186 1214 1224 impre-

473 1232 637 1262 cationibus
659 1241 740 1262 reum
773 1233 915 1272 excipiat:
941 1234 1018 1273 quod
1042 1234 1065 1263 si
1087 1234 1115 1264 id
1139 1235 1213 1264 sece-

474 1280 523 1317 rit,
548 1290 562 1310 a
585 1282 699 1311 seniore
723 1282 893 1311 monasterii
926 1287 1080 1312 moneatur
1112 1282 1212 1320 semel,

473 1326 529 1367 bis,
554 1330 657 1367 tertio,
682 1330 765 1370 sique
787 1331 959 1361 emendatus
982 1342 1039 1361 non
1063 1332 1161 1370 suerit,
1179 1332 1214 1362 ad

473 1376 606 1408 abbatem
630 1379 798 1417 generalem
828 1380 988 1418 deseratur,
1012 1380 1062 1420 qui
1085 1380 1111 1410 ei
1133 1379 1214 1410 debi-

474 1430 531 1456 tam
554 1427 656 1467 culpae
679 1437 801 1468 poenam
817 1428 937 1458 omnino
960 1429 1106 1467 iniungat.

514 1484 540 1504 v.
565 1475 595 1505 Si
628 1476 693 1514 quis
727 1485 764 1506 ex
797 1476 939 1506 fratribus
968 1477 1128 1507 iniunctam
1157 1476 1213 1508 sibi

473 1524 679 1563 poenitentiam
709 1535 745 1556 ex
779 1526 923 1564 protervia
959 1530 1008 1555 aut
1036 1526 1095 1556 alia,
1123 1526 1212 1556 animi

472 1572 691 1612 perturbatione
713 1573 811 1603 subire
827 1574 1043 1613 detrectaverit,
1062 1575 1091 1604 in
1109 1575 1212 1605 cellam

471 1622 585 1652 includi
608 1631 691 1652 reum
714 1622 813 1653 iubeat
831 1622 941 1660 abhas3
959 1627 986 1653 et
1003 1628 1099 1663 postea
1119 1624 1214 1654 mittat

471 1671 506 1700 ad
529 1680 594 1700 eum
618 1671 748 1701 seniores
771 1676 878 1710 patres,
896 1672 945 1710 qui
967 1672 1051 1702 illum
1074 1678 1213 1703 moneant

472 1718 507 1748 ad
527 1719 735 1758 poenitentiam
751 1724 780 1749 et
795 1720 935 1750 inducant
950 1720 986 1750 ad
1002 1720 1209 1750 obedientiam:

472 1776 559 1806 quam
582 1768 606 1797 si
629 1768 740 1807 fecerit,
763 1767 837 1798 bene
859 1769 936 1806 erit3
955 1769 978 1798 si
996 1774 1093 1799 autem
1117 1770 1212 1800 adhuc

472 1816 501 1846 in
525 1817 711 1847 contumacia
734 1818 977 1856 perseveraverit,
1008 1818 1106 1848 triduo
1128 1819 1211 1848 illum

471 1865 583 1896 includi
606 1866 636 1896 in
659 1865 734 1896 cella
756 1865 881 1904 iubebit,
905 1871 933 1897 et
956 1876 1030 1906 pane
1053 1871 1163 1897 tantum
1185 1872 1213 1898 et

472 1915 549 1954 aqua
585 1914 674 1944 vesci.
712 1913 801 1954 quue
837 1924 903 1945 cum
939 1915 1036 1955 culpa,
1061 1915 1096 1945 ob
1126 1925 1212 1956 qnam

472 1971 563 2001 poena
587 1962 763 2001 iniungitur,
788 1972 845 1993 non
869 1963 906 1993 sit
927 1963 1044 2002 gravior
1071 1969 1121 1995 aut
1149 1974 1213 2003 gra-

472 2011 612 2041 vissima:
637 2021 702 2041 nam
727 2011 755 2041 in
778 2021 811 2041 eo
834 2021 903 2042 casu
926 2013 1057 2051 augenda
1075 2013 1131 2043 erit
1146 2023 1213 2053 poe-

471 2060 594 2090 nitentia
627 2060 708 2090 iuxta
743 2061 912 2100 qualitatem
942 2062 1052 2100 delicti,
1076 2063 1213 2102 quemad-

472 2108 589 2138 modum
612 2108 686 2138 infra
710 2109 822 2139 dicetur
844 2119 908 2149 cap.
930 2119 987 2147 xiv,
1011 2120 1092 2140 num.
1110 2120 1128 2140 ι.

512 2166 549 2187 νι.
573 2157 642 2188 Cum
675 2158 777 2198 eulpae
809 2158 882 2188 aliae
916 2159 974 2189 sint
1008 2159 1103 2197 leves,
1139 2160 1211 2189 aliae

471 2215 586 2244 graves,
610 2206 759 2244 graviores
781 2211 809 2236 et
830 2207 1032 2246 gravissimae,
1055 2208 1140 2238 debet
1162 2208 1210 2237 ab·

471 2255 523 2285 bas
546 2255 738 2294 poenitentias
761 2256 841 2285 iuxta
864 2257 1016 2295 culparum
1039 2257 1210 2296 qualitatem

470 2303 645 2342 iniungere,
680 2308 711 2334 ut
747 2304 819 2334 infra
853 2304 1076 2343 praescribitur.
1101 2305 1211 2334 Poenas

472 2361 539 2381 vero
562 2356 753 2389 commutare,
778 2356 808 2381 et
831 2361 882 2391 pro
906 2352 1044 2390 gravibus
1066 2352 1144 2382 leves
1167 2353 1211 2382 in-

471 2401 603 2440 iungere,
628 2405 677 2431 aut
700 2401 851 2430 viceversa
882 2410 935 2440 pro
968 2400 1080 2431 levibus
1109 2411 1211 2439 graves

470 2451 632 2489 imponere,
656 2459 714 2480 non
738 2450 844 2490 poterit
867 2450 929 2480 sine
951 2451 1074 2481 consilio
1096 2455 1124 2481 et
1143 2462 1212 2481 con-

470 2499 638 2537 gregatione
669 2499 891 2529 monachorum.
924 2498 1003 2534 Quae
1032 2504 1130 2530 autem
1164 2500 1210 2530 hic

472 2552 583 2578 taxatae
606 2557 663 2578 non
686 2552 754 2579 sunt
777 2558 904 2588 poenae,
929 2557 995 2578 cum
1018 2549 1141 2579 consilio
1164 2559 1210 2579 eo-

471 2596 603 2627 rumdem
619 2597 827 2628 monachorum
845 2597 873 2627 in
890 2597 1012 2628 Domino
1028 2597 1147 2628 taxabit.

1059 216 1239 240 BULLARIUM
1259 216 1419 240 ROMANUM

1299 264 1415 294 Levium
1439 265 1591 304 culparum
1620 274 1678 295 non
1705 268 1748 295 est
1777 274 1929 295 numerus.
1954 264 1994 295 Ex

1258 313 1302 343 his
1324 317 1432 351 autem,
1451 322 1524 352 quae
1547 314 1593 343 liic
1617 318 1815 353 apponuntur,
1832 315 1868 345 de
1890 314 1995 344 ceteris

1258 362 1388 392 iudicare
1413 371 1537 401 pronum
1557 363 1625 392 erit.
1651 363 1732 392 Levis
1755 363 1839 402 culpa
1862 367 1927 394 est:

1298 421 1315 441 1.
1340 411 1368 441 Si
1401 412 1467 450 quis
1500 412 1534 441 ad
1568 412 1785 442 inchoationem
1819 412 1925 451 officii,
1949 412 1993 443 vel

1257 460 1504 497 congregationis,
1518 460 1562 489 vel
1579 460 1743 490 collationis
1758 460 1921 500 spiritualis
1936 471 1993 491 non

1256 508 1401 544 adsuerit;

1297 564 1325 584 11.
1361 556 1390 585 Si
1424 556 1489 594 quis
1521 556 1631 595 aliquid
1665 556 1771 586 dixerit
1804 557 1848 586 vel
1882 557 1992 594 fecerit,

1256 605 1333 634 unde
1356 605 1461 634 fratres
1483 605 1679 642 offendantur,

1296 662 1337 682 111.
1360 653 1389 683 Si
1412 653 1478 692 quis
1500 653 1650 692 quidpiam
1669 654 1838 684 utensilium
1862 664 1897 683 ex
1920 653 1993 683 desi-

1256 701 1304 730 dia
1320 701 1438 739 fregerit
1461 706 1509 730 aut
1532 701 1702 740 perdiderit,
1727 703 1771 732 vel
1794 702 1850 732 cibi
1874 707 1994 741 potusve

1255 749 1365 788 aliquid
1386 749 1541 787 effuderim
1784 756 1787 759 ’

1299 807 1337 828 lv.
1361 798 1391 828 Si
1414 799 1479 838 quis
1501 799 1647 829 communi
1681 799 1834 830 refectioni
1863 808 1919 829 non
1949 799 1993 829 in-

1256 847 1399 883 tersuerit,

1295 904 1322 925 v.
1347 895 1375 925 Si
1399 895 1464 934 quis
1487 895 1652 926 constitutis
1671 896 1751 926 horis
1774 895 1921 925 silentium
1938 895 1993 925 sre-

1256 944 1332 983 gerit
1351 955 1358 979 3

1296 1000 1334 1021 vr.
1357 991 1385 1022 Si
1409 992 1474 1031 quis
1491 1002 1542 1031 pro
1559 993 1648 1030 victu,
1667 997 1715 1022 aut
1733 993 1927 1029 vestimentis,
1944 995 1993 1022 aut

1256 1041 1314 1069 alia
1337 1049 1368 1070 re
1391 1040 1639 1077 murmuraverit3

1298 1097 1345 1118 vn.
1369 1088 1397 1118 Si
1422 1088 1487 1127 quis
1510 1098 1610 1118 eorum
1625 1112 1632 1126 ,
1657 1089 1706 1128 qui
1729 1088 1933 1118 communibus
1955 1089 1995 1118 os-

1257 1137 1330 1166 ficiis
1352 1137 1480 1176 deputati
1504 1142 1582 1172 sunt,
1607 1147 1713 1167 munus
1736 1146 1821 1167 suum
1844 1137 1874 1167 in
1895 1146 1925 1167 re
1943 1136 1994 1166 ali-

1256 1187 1311 1224 qua
1332 1185 1492 1222 neglexerit
1507 1195 1514 1222 3

1295 1242 1353 1263 vm.
1378 1233 1407 1263 Si
1430 1234 1496 1272 quis
1530 1238 1628 1272 potum
1662 1234 1704 1263 vel
1737 1232 1834 1263 cibum
1869 1233 1932 1263 sine
1961 1233 1994 1262 li-

1256 1282 1353 1312 centia
1376 1282 1534 1320 sumpserit
1549 1292 1556 1320 3

1294 1340 1334 1361 1x.
1359 1330 1387 1361 Si
1410 1331 1505 1361 officio
1524 1331 1552 1360 in
1577 1331 1676 1361 tabula.
1691 1331 1838 1369 assignato
1856 1330 1992 1368 defuerit,

1297 1389 1325 1409 x.
1349 1380 1377 1410 Si
1401 1381 1466 1419 quis
1489 1380 1518 1410 iu
1541 1381 1732 1410 caeremoniis
1756 1381 1860 1410 missae
1883 1379 1994 1410 divino-

1256 1439 1381 1469 rumque
1410 1429 1572 1459 osficiorum
1598 1429 1692 1459 minus
1715 1429 1852 1459 decenter
1880 1438 1910 1458 se
1932 1437 1995 1466 ges-

1256 1479 1344 1516 serit,
1369 1482 1418 1508 aut
1441 1478 1550 1517 aliquid
1574 1478 1724 1513 omiserit,
1749 1478 1793 1508 vel
1815 1478 1850 1508 de
1872 1487 1924 1508 suo
1946 1477 1994 1507 ad-

1255 1527 1380 1563 diderit·,

1296 1576 1385 1606 x1.Si
1418 1576 1482 1615 quis
1515 1576 1614 1606 oculos
1647 1585 1734 1614 vagos
1766 1576 1801 1606 ad
1835 1575 1993 1606 vanitatem

1255 1626 1395 1655 direxerit
1413 1636 1420 1661 3

1295 1684 1343 1704 xn.
1368 1674 1398 1704 Si
1421 1674 1486 1713 quis
1515 1675 1669 1714 strepitum
1692 1674 1721 1703 in
1744 1674 1817 1704 cella
1834 1697 1841 1711 ‚
1865 1673 1910 1703 vel
1933 1682 1994 1702 mo-

1254 1723 1393 1760 nasterio,
1418 1726 1466 1752 aut
1489 1723 1625 1760 ecclesia,
1649 1723 1836 1762 sonitumque
1859 1722 1972 1752 fecerit.

1294 1771 1477 1810 Quicumque
1494 1771 1523 1800 in
1540 1771 1683 1810 praefatos
1698 1776 1726 1801 et
1742 1771 1851 1800 similes
1863 1770 1993 1800 desectus

1255 1820 1403 1857 inciderit,
1428 1824 1455 1849 et
1477 1819 1511 1849 de
1533 1819 1591 1848 illis
1614 1820 1809 1858 proclamatus
1827 1819 1924 1856 suerit,
1949 1818 1994 1848 vel

1254 1868 1315 1908 ipse
1349 1877 1379 1898 se
1412 1872 1516 1907 sponte
1550 1868 1783 1907 proclamaverit,
1809 1867 1854 1897 vel
1876 1866 1993 1897 aliunde

1254 1917 1308 1947 hoc
1331 1917 1426 1957 ipsum
1449 1916 1614 1946 constiterit
1629 1940 1636 1953 ,
1660 1916 1748 1946 abbas
1771 1916 1906 1954 iniungat
1928 1925 1994 1955 pec-

1254 1966 1331 1996 canti
1356 1975 1446 1995 unum
1470 1965 1626 2004 psalmum,
1649 1965 1691 1995 vel
1714 1965 1825 2004 aliquot
1846 1964 1993 1994 orationes

1254 2014 1426 2051 dominicas,
1457 2013 1500 2043 vel
1535 2014 1659 2054 psalmos
1692 2023 1743 2043 seu
1774 2012 1993 2051 genuflexiones

1254 2064 1283 2093 in
1303 2063 1458 2093 refectorio
1474 2067 1522 2092 aut
1541 2062 1676 2097 ecclesia,
1695 2062 1775 2092 iuxta
1795 2062 1912 2091 modum
1936 2070 1993 2100 quo

1254 2111 1391 2147 excessit,
1417 2115 1445 2140 et
1467 2111 1635 2150 qualitatem
1659 2120 1810 2150 personae.

1335 2159 1459 2189 Gravem
1483 2159 1597 2198 culpam
1620 2168 1795 2189 censemus:

1293 2217 1311 2238 1.
1337 2208 1367 2238 Si
1390 2208 1455 2247 quis
1483 2208 1572 2238 frater
1593 2217 1659 2237 cum
1684 2208 1771 2237 fratre
1794 2207 1836 2237 vel
1860 2212 1992 2245 externo,

1253 2257 1332 2287 intus
1356 2257 1399 2286 vel
1421 2257 1502 2295 soris,
1526 2257 1603 2286 rixas
1626 2256 1779 2293 habuerit,
1806 2256 1830 2286 si
1849 2257 1915 2296 quis
1937 2257 1993 2286 fra-

1254 2306 1290 2336 tri
1319 2306 1362 2335 vel
1385 2305 1529 2335 saeculari
1563 2304 1769 2335 contumeliam
1798 2305 1924 2342 dixerit,
1948 2305 1993 2334 vel

1253 2355 1347 2384 minas
1370 2359 1397 2384 et
1421 2354 1572 2384 maledicta
1595 2354 1625 2383 in
1648 2354 1764 2383 eosdem
1788 2353 1961 2393 protulerit;

1294 2412 1324 2432 ιι.
1348 2402 1376 2433 Si
1400 2402 1465 2441 quis
1487 2402 1564 2432 inter
1586 2403 1690 2432 fratres
1710 2401 1898 2439 discordiam,
1914 2402 1992 2432 dicta

1252 2451 1340 2481 unius
1363 2451 1448 2480 alteri
1470 2451 1633 2490 referendo,
1654 2451 1696 2480 vel
1720 2451 1777 2481 alio
1799 2450 1893 2489 modo,
1908 2450 1994 2481 semi-

1252 2499 1383 2536 naverit3

1292 2557 1331 2578 ιιι.
1357 2548 1386 2578 Si
1416 2548 1491 2587 quis·
1509 2548 1623 2587 iurare,
1653 2548 1794 2587 mentiri,
1829 2548 1923 2588 turpia
1946 2548 1991 2579 vel

1252 2597 1386 2627 scurrilia
1411 2597 1520 2635 dicere,
1539 2598 1572 2627 ad
1596 2597 1686 2628 risum
1709 2597 1780 2629 alios
1803 2598 1910 2638 ineptis
1925 2607 1990 2638 gar-

2002 216 2053 244 An.
2069 211 2097 244 C.
2120 217 2186 244 1740

2049 279 2097 299 Car.
2113 279 2145 300 ΙΙΙ.

2033 306 2062 326 De
2074 306 2114 326 levi
2125 307 2187 333 culpa

2006 334 2025 353 el
2041 334 2117 358 poena.

2223 1444 2225 1446 .
2196 1152 2227 1415 efflffixmg-fiv.
2200 1093 2222 1136 (ν.-
2212 1058 2225 1078 22
2200 962 2230 973 j

2192 1651 2230 1846 maweu&
2227 1605 2229 1614 -

2196 1844 2225 1864 ΜΓ

2190 1978 2203 2007 v.
2219 1975 2229 2003 'i

2206 2104 2225 2141 's-

2198 2138 2229 2170 i‘:

2043 2177 2094 2198 CAP.
2108 2176 2143 2198 lv.
2188 2178 2222 2207 ⁸¹1?

2016 2203 2047 2224 Da
2056 2203 2180 2235 graviculpl
2195 2211 2207 2235 j
2225 2210 2228 2215 ·

2004 2232 2024 2250 et
2039 2235 2113 2256 poena.
2188 2240 2215 2248 w

2190 2283 2219 2302 Γ.

2192 2312 2229 2348 ,ὅ

2188 2372 2191 2374 ’
2208 2375 2222 2394 '5

2182 2411 2214 2450 ''fl-¹

2192 2453 2196 2462 .
