2232 3178
47 238 98 265 An.
113 235 142 264 C.
165 233 236 263 ¹735

75 403 197 426 Exordium.

91 987 158 1008 nosce
179 985 236 1007 euhi-

56 1013 147 1035 cularios
176 1013 238 1035 Sedis

56 1041 191 1066 apostoticae
203 1048 228 1062 no

56 1068 121 1088 uarios
136 1070 194 1088 creat
218 1070 239 1087 et

56 1094 132 1121 palatii
144 1095 239 1118 comites,

57 1127 103 1142 cum
123 1121 239 1142 honoribus

57 1150 78 1177 et
107 1151 241 1174 praerogat-

59 1179 95 1195 m.

861 228 1002 254 CLEMENS
1029 227 1075 252 ΧΠ
1100 227 1149 251 ΡΡ.

275 281 361 316 stris,
379 281 511 309 satutem
527 282 559 308 et
579 278 777 314 apostoticam
796 277 984 306 benedictio-

276 333 355 354 nem.

286 388 527 431 Circumspecta
552 385 708 420 Romani¹
734 383 900 418 Pontifi‹·is
921 394 988 426 gra·

245 442 361 475 tiarum
388 440 621 484 dispensatoris
636 438 841 482 providentia
855 437 987 470 devotos

243 500 276 529 et
300 494 414 527 fideles
451 504 551 532 suos,
589 493 663 526 illos
703 491 897 534 praesertim
934 489 988 532 qui

244 553 334 591 grata
358 546 588 580 familiaritatis
614 544 775 587 obsequia
811 543 928 585 iugiter
960 542 988 575 ei

244 600 448 645 impendunt,
474 610 509 632 ac
535 609 614 643 quos
640 598 678 631 ad
705 598 735 631 id
759 597 838 630 alias
856 595 990 639 propria

243 654 397 687 virtutum
422 653 536 686 merita
561 651 816 690 commendant,
855 648 991 683 lionoris

245 713 277 741 et
294 708 396 741 famae
411 707 625 750 amplioribus
645 704 829 749 praeconiis
848 714 883 737 ac
902 713 991 746 prae-

246 761 340 794 claris
367 761 559 803 dignitatum
586 759 687 797 titulis
714 759 870 792 decorare
896 762 926 790 et
944 767 993 789 or-

246 824 349 854 nare,
391 824 517 847 necnon
555 812 707 856 specialis
742 809 991 844 benevolentiae

248 868 407 902 favoribus
433 867 586 911 amplecti
613 867 716 906 solet,
743 870 844 909 prout
879 873 993 907 perso-

248 932 361 954 narum
388 920 597 964 qualitatibus
623 918 784 962 conspicit
801 917 990 950 convenire.

292 975 307 1019 ἓ
334 974 363 1007 l.
391 974 474 1007 Hinc
498 978 546 1006 est
571 973 658 1017 quod
684 982 755 1011 nos,
782 971 821 1004 ad
838 975 928 1013 grata
947 970 992 1002 sa-

249 1028 446 1061 miliaritatis
483 1026 664 1070 obsequia,
704 1036 787 1069 quae
827 1035 905 1065 vos,
939 1023 993 1067 qui

250 1083 347 1116 etiam
373 1081 518 1115 continui
544 1081 782 1114 commensales
809 1079 910 1112 nostri
930 1078 995 1111 exi-

251 1136 355 1176 stitis,
383 1141 414 1169 et
438 1135 576 1179 quilibet
601 1140 744 1168 vestrum
769 1133 864 1166 nobis
892 1133 996 1166 hacte-

252 1200 311 1223 nus
338 1188 557 1233 impendistis,
584 1192 616 1221 et
632 1188 740 1221 adbuc
757 1186 909 1219 sollicitis
932 1192 996 1218 stu-

253 1243 314 1275 diis
340 1242 534 1285 impendere
567 1251 634 1274 non
660 1240 812 1273 desistitis
829 1267 836 1280 ‚
867 1249 996 1272 necnon

253 1297 293 1330 ad
308 1297 390 1329 vitae
409 1306 445 1329 ac
471 1305 597 1328 morum
623 1295 844 1333 honestatem,
867 1294 996 1336 aliaque

254 1350 421 1384 laudibilia
446 1349 619 1393 probitatis
644 1355 675 1382 et
692 1348 845 1382 virtutum
871 1347 996 1386 merita,

255 1404 372 1448 quibus
397 1413 552 1447 personas
570 1408 696 1436 vestras
724 1402 820 1435 etiam
849 1401 998 1434 familiari

254 1457 456 1502 experientia
489 1456 590 1490 iuvari
627 1455 858 1499 percepimus,
889 1454 1001 1487 eondi-

255 1522 350 1555 gnam
377 1510 536 1544 rationem
563 1509 739 1549 babentes,
767 1519 803 1541 ae
824 1512 1000 1551 propterea

255 1565 385 1599 easdem
413 1574 572 1608 personas
598 1568 719 1596 vestras
746 1561 921 1605 peculiaris
957 1562 1000 1594 sa-

255 1630 333 1653 vore
358 1619 481 1661 gratiae
507 1628 542 1650 ac
563 1616 714 1661 specialis
739 1616 874 1649 honoris
895 1621 927 1649 et
948 1626 1001 1648 ex-

257 1672 427 1707 cellentiae
454 1671 621 1715 dignitatis
647 1671 740 1703 titulo
758 1669 932 1703 sublimare
950 1680 1001 1702 vo-

257 1727 381 1767 lentes,
408 1736 531 1769 vosque
558 1729 590 1757 et
615 1723 796 1768 quemlibet
820 1726 958 1756 vestrum
985 1734 1002 1756 a

259 1780 425 1824 quibusvis
457 1777 828 1817 excommunicationis,
867 1787 1002 1819 suspen-

259 1833 360 1868 sionis
374 1838 405 1866 et
423 1832 598 1873 interdicti,
615 1831 752 1875 aliisque
771 1830 1002 1864 ecclesiasticis

260 1886 443 1926 sententiis,
460 1885 609 1920 censuris
629 1889 661 1918 et
682 1883 807 1928 poenis,
826 1894 843 1916 a
862 1883 930 1916 iure
952 1885 1002 1917 vel

261 1941 301 1974 ab
324 1940 468 1980 homine,
496 1938 608 1983 quavis
638 1938 809 1972 occasione
836 1939 885 1971 vel
907 1939 1004 1970 causa

261 1994 358 2034 latis,
392 1993 417 2026 si
442 1992 561 2037 quibus
587 1991 835 2036 quomodolibet
858 1990 1003 2024 innodati

263 2047 409 2089 existitis,
436 2047 476 2080 ad
501 2045 652 2079 ell'ectum
671 2044 896 2088 praesentium
915 2045 1006 2077 dum-

265 2106 351 2135 taxat
370 2100 646 2143 eonsequendum,
666 2099 781 2131 haruin
800 2098 882 2131 serie
904 2098 1006 2131 absol-

265 2159 376 2187 ventes
399 2159 431 2187 et
455 2154 622 2187 absolutos
648 2153 716 2186 sore
734 2157 919 2193 censentes,
939 2162 1005 2185 mo-

269 2211 302 2239 tu
326 2207 470 2251 proprio,
492 2218 556 2241 non
582 2207 621 2240 ad
646 2212 784 2240 vestram
801 2206 851 2239 vel
871 2205 1005 2238 alterius

269 2269 329 2302 pro
354 2260 444 2293 vobis
468 2271 568 2304 super
593 2261 657 2294 lioe
682 2260 810 2293 oblatae
836 2258 1004 2303 petitionis

271 2311 478 2352 instantiam,
503 2314 559 2346 sed
585 2314 624 2347 de
650 2315 738 2346 mera
762 2313 957 2346 liberalitate
975 2317 1007 2345 et

270 2367 358 2398 certa
382 2365 519 2399 scientia
544 2367 676 2407 nostris,
694 2378 729 2400 ac
750 2367 789 2400 de
808 2367 1007 2410 apostolicae

271 2418 439 2462 potestatis
464 2419 675 2461 plenitudine,
694 2430 748 2453 vos
773 2425 804 2453 et
829 2419 1009 2463 quemlibet

271 2477 413 2505 vestrum
435 2473 614 2516 respective
642 2472 674 2505 in
703 2479 831 2507 nostros
860 2479 892 2507 et
915 2473 1007 2507 Sedis

271 2526 490 2569 Apostolicae,
505 2526 648 2560 notarios
663 2527 746 2570 (sine
762 2532 868 2561 tamen
885 2527 1011 2571 praeiu-

271 2579 356 2614 dicio
374 2579 567 2613 dilectorum
585 2579 726 2614 filiorum
745 2582 947 2615 notariorum
970 2581 1010 2614 de

308 2644 317 2671 t
341 2642 409 2670 Edit.
431 2642 511 2672 Maia.
534 2642 597 2679 legit
618 2643 756 2672 Romanis
775 2644 814 2679 (a.
835 2646 884 2677 T.).

1028 285 1164 309 numero
1194 274 1474 318 participantium)
1500 272 1677 316 apostolica
1713 282 1767 304 au-

1028 330 1184 369 ctoritate,
1205 333 1315 362 tenore
1337 327 1558 372 praesentium
1581 326 1766 369 recipimus,

1030 395 1066 417 ac
1099 383 1180 416 sacri
1215 383 1322 426 palatii
1359 388 1391 416 et
1426 382 1518 415 aulae
1543 379 1768 414 Lateranensis

1031 438 1164 472 comites
1181 465 1188 477 ,
1214 448 1341 471 necnon
1367 442 1500 470 auratae
1526 435 1658 468 militiae
1684 433 1771 476 equi-

1033 497 1100 531 tes,
1126 503 1162 525 ae
1188 491 1316 525 nobiles
1340 501 1491 524 romanos
1507 518 1514 531 ,
1543 495 1575 522 et
1598 488 1694 521 Urbis
1713 487 1772 519 Ro-

1033 557 1103 579 mae
1129 557 1165 579 ae
1199 546 1363 578 civitatum
1390 543 1645 581 Avenionensis,
1672 542 1773 575 Bono-

1034 599 1170 639 niensis,
1196 598 1414 631 Ferrariensis
1449 602 1480 630 et
1514 597 1773 633 Beneventanac‚

1034 652 1242 695 omniumque
1269 657 1300 683 et
1323 651 1522 693 singularum
1549 649 1683 682 aliarum
1698 647 1774 680 civi-

1036 710 1157 745 tatum,
1187 710 1346 738 terrarum
1373 709 1404 736 et
1427 703 1574 736 locorum
1608 702 1773 734 Romanae

1035 759 1197 792 Ecclesiae
1223 758 1365 790 mediate
1391 757 1440 790 vel
1467 756 1650 789 immediate
1669 754 1776 787 subie-

1036 818 1162 846 ctorum
1198 812 1306 852 cives,
1338 822 1409 844 eum
1445 810 1596 844 omnibus
1631 808 1776 849 iuribus,

1036 866 1333 904 iurisdietionilms‚
1359 863 1593 908 praerogativis
1630 867 1661 895 et
1697 862 1777 894 insi-

1037 920 1155 963 gnibus
1181 919 1299 953 debitis
1326 924 1357 952 et
1381 917 1556 957 consuetis,
1574 926 1719 949 creamus
1747 920 1778 948 et

1037 973 1288 1013 constituimus,
1315 983 1351 1005 ac
1376 972 1407 1004 in
1434 981 1603 1005 numerum
1637 974 1668 1002 et
1704 979 1778 1002 con-

1039 1028 1174 1061 sortium
1202 1027 1338 1060 aliorum
1364 1030 1548 1058 nostrorum
1578 1029 1609 1056 et
1633 1022 1779 1056 eiusdem

1038 1080 1130 1114 Sedis
1155 1080 1367 1119 notariorum,
1394 1088 1519 1112 necnon
1545 1076 1654 1121 palatii
1682 1081 1713 1109 et
1727 1086 1780 1108 au-

1040 1136 1089 1168 lae
1115 1133 1302 1167 huiusmodi
1324 1133 1490 1171 comitum,
1512 1131 1657 1174 equitum
1677 1135 1709 1162 et
1725 1140 1781 1162 no-

1040 1187 1152 1220 bilium
1178 1196 1409 1225 romanorum,
1436 1185 1638 1226 aliorumque
1665 1182 1781 1215 civium

1041 1241 1206 1273 civitatum
1218 1246 1251 1273 et
1267 1245 1423 1272 terrarum
1440 1237 1688 1282 praedictarum,
1704 1235 1783 1268 rese-

1043 1294 1144 1327 rimus
1164 1299 1196 1326 et
1212 1292 1458 1326 conscribimus.
1481 1290 1655 1334 Vobisque,
1676 1289 1784 1321 etiam-

1042 1349 1067 1381 si
1108 1348 1255 1381 habitum
1292 1353 1324 1380 et
1349 1346 1550 1380 roecliettum
1584 1343 1783 1377 notariorum

1044 1401 1148 1435 dietae
1174 1401 1265 1434 Sedis
1291 1401 1377 1433 iuxta
1403 1400 1535 1432 decreta
1556 1395 1783 1430 Lateranensis

1043 1455 1178 1489 Concilii
1205 1454 1380 1488 novissime
1406 1451 1563 1486 celebrati
1598 1462 1661 1484 non
1700 1450 1783 1483 desc-

1045 1510 1140 1550 ratis,
1167 1514 1223 1541 aut
1247 1508 1393 1542 civitates
1420 1505 1609 1540 huiusmodi
1636 1514 1701 1537 non
1737 1504 1784 1535 in-

1044 1562 1226 1599 colueritis,
1251 1572 1312 1594 nee
1335 1570 1477 1604 unquam
1504 1559 1535 1591 in
1563 1557 1685 1591 eisdem
1711 1556 1786 1588 civi-

1045 1616 1164 1649 tatibus
1201 1614 1400 1648 domicilium
1438 1611 1640 1650 habueritis,
1678 1615 1712 1642 ut
1745 1620 1781 1642 o-

1044 1669 1174 1702 mnibus
1200 1673 1230 1701 et
1256 1667 1513 1711 quibuscumque
1540 1663 1718 1708 privilegiis
1756 1668 1787 1695 et

1045 1721 1272 1761 facultatibus,
1298 1719 1577 1764 exemptionibus,
1604 1715 1788 1749 immunita-

1046 1776 1150 1816 tibus,
1176 1773 1394 1813 libertatibus,
1422 1771 1602 1811 favoribus,
1627 1769 1738 1812 gratiis
1757 1774 1789 1801 et

1046 1829 1204 1869 indultis,
1231 1828 1347 1872 quibus
1383 1826 1482 1860 ceteri
1521 1834 1633 1858 omnes
1669 1822 1787 1856 notarii

1047 1882 1160 1922 nostri,
1185 1882 1282 1914 etiam
1300 1881 1338 1914 de
1360 1889 1494 1912 numero
1512 1876 1788 1921 participantium,

1047 1947 1084 1969 ae
1107 1935 1240 1969 comites
1259 1962 1267 1976 ,
1294 1933 1419 1978 equites
1445 1937 1476 1966 et
1513 1931 1640 1964 nobiles
1678 1930 1788 1972 (citra

1049 1997 1155 2023 tamen
1173 1988 1395 2031 exemptiones
1414 1998 1430 2019 a
1447 1996 1537 2019 sacro
1558 1983 1703 2018 Concilio
1720 1982 1788 2014 Tri-

1049 2043 1181 2077 dentino
1207 2042 1369 2082 sublatas,
1407 2040 1487 2073 itaut
1522 2038 1640 2072 nedum
1681 2036 1788 2080 quoad

1049 2096 1240 2135 criminalia,
1263 2095 1318 2128 sed
1346 2094 1441 2128 etiam
1463 2092 1570 2137 quoad
1594 2091 1700 2124 civilia
1718 2090 1790 2122 sub-

1049 2150 1180 2183 iaceatis
1212 2148 1392 2182 Ordinariis
1411 2174 1418 2187 ,
1451 2157 1486 2180 ac
1512 2146 1590 2179 citra
1622 2145 1791 2177 facultates

1049 2202 1265 2248 legitimandi,
1292 2202 1332 2235 ad
1358 2201 1476 2244 gradus
1495 2198 1717 2243 promovendi,
1735 2208 1791 2230 no-

1051 2258 1151 2291 tarios
1177 2268 1233 2290 seu
1259 2256 1452 2289 tabelliones
1477 2253 1606 2287 creandi
1628 2278 1634 2292 ‚
1664 2252 1789 2294 aliaque

1051 2311 1239 2345 huiusmodi
1264 2309 1434 2354 privilegia
1460 2320 1476 2341 a
1503 2306 1637 2340 notariis
1673 2308 1703 2338 et
1738 2315 1792 2336 ro-

1051 2366 1183 2399 mitibns
1210 2363 1363 2408 praefatis
1388 2368 1586 2405 praetensa,
1612 2359 1692 2391 itant
1728 2357 1791 2390 illis

1052 2419 1168 2453 nullibi
1194 2418 1238 2450 uti
1265 2416 1415 2455 valeatis,
1450 2427 1485 2448 ac
1516 2413 1642 2446 irritum
1670 2417 1701 2444 et
1722 2410 1792 2442 ina-

1052 2484 1092 2507 ne
1117 2472 1232 2506 existat
1264 2469 1420 2514 quidquid
1448 2478 1540 2500 secus
1574 2476 1633 2510 per
1658 2475 1714 2497 vos
1740 2468 1793 2496 aut

1052 2526 1231 2572 quemlibet
1256 2529 1394 2558 vestrum
1425 2519 1605 2564 respective
1638 2517 1792 2551 attentari

1053 2578 1264 2622 contigerit),
1305 2585 1432 2610 necnon
1473 2574 1557 2606 vives
1598 2570 1790 2615 originarii,

1055 2633 1150 2668 etiam
1171 2633 1201 2666 in
1221 2630 1422 2674 dignitatum,
1442 2626 1677 2661 lwuetivinrtuu
1702 2631 1729 2655 vt
1751 2625 1795 2656 ‹tt-

1686 214 1728 248 75
1774 224 1822 250 An.
1841 223 1869 251 c.
1893 224 1961 251 1735
