2232 3178
30 204 79 232 An.
99 204 129 231 C.
152 203 219 231 ¹739

34 1108 148 1129 lubilaeum
161 1115 207 1129 uni-

25 1136 107 1155 versale
133 1135 208 1156 indicit

27 1161 47 1183 in
64 1162 127 1183 Urbe.

839 203 982 228 CLEMENS
1008 203 1051 227 ΧΗ
1075 203 1125 227 Pr.

222 251 294 295 pius
319 256 350 285 et
374 251 558 286 misericors
577 258 637 293 est,
657 257 689 286 et
705 252 902 296 propitiatur
922 252 965 284 in-

223 304 414 337 vocantibus
440 316 473 338 se
499 305 532 338 in
558 306 705 346 veritate,
730 305 813 339 Deus
839 310 961 345 noster,

223 362 263 397 et,
289 368 356 390 non
382 358 561 391 secundum
582 369 747 392 armorum
773 358 963 402 potentiam,

220 410 276 443 sed
302 416 400 453 prout
424 411 486 454 ipsi
513 412 628 454 placet,
658 413 710 445 dat
735 411 842 454 dignis
867 411 964 444 victo-

221 464 314 504 riam,
332 464 508 497 benedicat
525 475 584 498 nos
609 476 644 498 ac
671 471 811 505 tueatur,
842 470 873 498 et
895 475 963 497 me-

220 520 312 548 tuant
338 526 412 549 eum
438 517 614 550 adversarii
640 517 753 558 nostri,
775 523 807 550 et
830 518 963 550 consun-

220 569 339 601 dantur
359 574 390 602 et
416 569 615 613 dispereant,
637 576 668 604 et
692 571 746 604 fiat
764 581 823 613 pax
845 570 876 603 in
896 570 962 603 die-

220 621 278 654 bus
303 623 432 662 nostris,
452 628 484 655 et
508 624 667 656 laetemur
684 624 715 656 in
731 623 861 657 salutari
888 634 958 657 suo.

220 673 335 707 Verum
351 701 360 716 ,
386 681 421 708 ut
445 676 628 710 orationum
654 676 805 719 suffragia
829 682 961 720 accepta

218 727 282 761 sint
306 727 339 760 in
365 735 542 773 conspectu
561 730 616 762 Dei
641 730 758 770 nostri,
777 735 808 762 et
824 729 961 763 fructuo—

218 781 284 814 sius
304 781 414 814 omnia
438 788 645 826 peragantur,
665 793 702 816 ex
720 783 827 826 prisco
845 782 961 816 Roma-

219 844 278 867 nae
304 834 466 868 Ecclesiae
492 835 638 869 omninm
662 836 776 869 matris
802 841 835 869 et
859 836 961 879 magi-

218 892 305 920 strae
331 898 442 929 more,
469 889 657 922 caelestium
687 899 857 922 munerum
883 889 958 923 the-

218 949 340 981 sauros,
361 950 499 983 quorum
517 940 800 984 dispensationem
819 941 893 974 [idei
908 951 962 975 no-

218 998 304 1026 strae
328 993 490 1026 commisit
515 994 623 1027 divina
645 995 807 1038 dignatio,
831 995 961 1038 aperire

219 1051 251 1078 et
274 1045 402 1079 liberali
427 1057 525 1080 manu
547 1057 684 1090 erogare
710 1047 926 1081 decrevimus.

263 1098 277 1141 ξ
302 1098 334 1131 4.
355 1099 480 1143 Itaque,
501 1100 540 1133 de
566 1100 802 1144 omnipotentis
828 1100 883 1133 Dei
905 1100 962 1133 mi-

218 1151 398 1184 sericordia
430 1162 467 1185 ac
491 1153 666 1185 beatorum
705 1153 790 1186 Petri
817 1159 848 1186 et
872 1153 961 1187 Pauli

218 1206 440 1247 apostolorum
467 1205 535 1239 eius
561 1207 754 1239 auctoritate
780 1206 905 1247 confisi,
926 1217 961 1239 ac

218 1257 273 1291 illa
298 1259 421 1300 ligandi
458 1265 556 1302 atque
593 1259 742 1292 solvendi
778 1265 958 1302 potestate,

218 1322 315 1354 quam
333 1311 429 1345 nobis
444 1312 612 1353 Dominus,
626 1312 702 1346 licet
715 1312 869 1356 indignis,
883 1324 961 1346 con-

220 1364 300 1404 tulit,
327 1365 477 1398 omnibus
503 1371 533 1398 et
558 1365 695 1408 singulis
719 1365 890 1409 utriusque
915 1377 961 1399 se-

217 1428 274 1450 xus
300 1418 590 1457 christifidelibus,
617 1424 680 1451 tam
717 1419 750 1451 in
785 1419 846 1452 hac
877 1420 960 1453 alma

218 1470 302 1503 Urbe
327 1472 447 1511 nostra,
468 1482 565 1514 quarn
590 1471 623 1504 in
650 1472 799 1505 universa
820 1472 910 1506 ltalia
929 1478 961 1505 et

217 1524 330 1557 insulis
347 1524 375 1558 ei
390 1524 614 1557 adiacentibus
634 1525 821 1559 huiusmodi
841 1527 960 1568 degen-

218 1577 318 1618 tibus,
337 1588 478 1620 quorum
497 1578 535 1610 iis
554 1578 608 1621 qui
631 1578 663 1611 in
688 1579 856 1622 praedicta
876 1579 959 1613 Urbe

216 1632 330 1663 nostra
347 1631 484 1664 solemni
500 1631 700 1674 processioni
718 1632 881 1665 dominica
897 1634 960 1676 pri-

217 1685 269 1716 ma
286 1683 408 1716 mensis
429 1684 502 1716 maii
519 1684 666 1727 proxime
686 1685 823 1725 venturi,
843 1686 873 1717 in
897 1697 960 1729 qua

215 1737 414 1771 inventionis
431 1737 653 1771 sanctissimae
669 1738 778 1772 Crucis
797 1739 830 1771 D.
842 1739 875 1772 N.
892 1740 912 1772 Ι.
927 1740 957 1773 C.

216 1791 332 1823 festum
353 1790 549 1832 celebratur,
571 1791 610 1824 ab
633 1793 770 1825 ecclesia
787 1792 819 1826 S.
843 1793 958 1827 Mariae

215 1844 249 1876 in
275 1844 438 1877 Vallicella
464 1846 651 1888 nuncupata
676 1846 715 1879 de
742 1846 855 1879 eadem
875 1846 958 1879 Urbe

216 1897 255 1930 ad
280 1897 446 1930 basilicam
484 1897 644 1941 Principis
676 1901 900 1942 apostolorum
925 1901 958 1933 in

214 1949 365 1984 Vaticano
382 1977 389 1991 ,
418 1950 569 1984 universo
603 1951 842 1985 interveniente
869 1954 957 1986 clero

214 2010 246 2037 et
270 2005 403 2048 populo,
425 2004 572 2047 agendae
598 2005 714 2038 devote
740 2005 957 2048 interfuerint,

215 2058 264 2091 vel
279 2057 310 2091 S.
327 2058 454 2091 Ioannis
472 2058 504 2090 in
523 2058 691 2099 Laterano,
711 2059 854 2093 eiusdem
870 2060 959 2093 Prin-

214 2110 294 2154 cipis
320 2111 571 2154 Apostolorum,
598 2116 630 2144 et
660 2111 690 2145 S.
719 2112 835 2145 Mariae
861 2112 958 2146 Maio-

214 2164 259 2197 ris
285 2163 390 2196 dictae
416 2163 511 2197 Urbis
538 2164 691 2197 ecclesias
712 2175 770 2198 seu
796 2165 956 2206 basilicasy

214 2217 263 2250 vel
291 2227 401 2250 earum
428 2218 586 2261 aliquam,
608 2218 693 2250 intra
717 2218 856 2262 spatium
883 2218 958 2252 dua·

213 2281 285 2303 rum
322 2271 604 2304 hebdomadarum
637 2282 653 2304 a
679 2273 866 2315 supradicta
899 2273 956 2306 do-

214 2324 333 2357 minica
358 2324 627 2363 inchoandarum,
655 2331 686 2358 et
710 2335 814 2368 usque
839 2326 878 2358 ad
905 2326 957 2359 do-

214 2377 366 2411 minicam
395 2378 605 2410 Pentecostes
642 2377 797 2411 inclusive
834 2378 952 2412 decur-

214 2431 409 2471 rendarum,
434 2431 550 2464 saltem
577 2431 677 2463 semel
709 2431 823 2465 devote
849 2431 956 2466 visita-

213 2484 330 2525 verint,
350 2484 461 2527 ibique
487 2494 545 2527 per
570 2484 698 2527 aliquod
718 2485 869 2529 temporis
888 2496 955 2529 spa-

214 2537 291 2571 tium
331 2538 398 2582 pias
433 2538 471 2570 ad
505 2538 603 2572 Deum
644 2548 754 2582 preces
792 2544 825 2572 ut
860 2549 955 2583 supra

1008 251 1138 284 sabbato
1164 251 1293 284 alterius
1318 261 1353 284 ex
1380 250 1550 294 praedictis
1576 249 1749 282 hebdoma-

1008 304 1055 337 dis
1080 304 1303 344 ieiunaverint,
1329 308 1358 338 ct
1382 309 1510 347 peccata
1535 313 1590 336 sua
1614 303 1747 336 confessi

1007 358 1241 390 sanctissimum
1274 357 1489 390 Eucharistiae
1515 362 1746 390 sacramentum

1007 410 1038 442 in
1063 410 1222 443 dominica
1247 410 1297 443 die
1322 410 1503 443 immediate
1533 410 1674 453 sequenti
1700 410 1748 442 vel

1006 462 1066 494 alia
1091 462 1142 495 die
1167 463 1249 495 intra
1274 463 1416 496 eamdem
1442 462 1673 495 hebdomadam
1698 473 1749 495 re-

1007 521 1152 548 verenter
1177 516 1388 559 sumpserint,
1414 527 1449 548 ac
1474 516 1668 559 pauperibus
1692 516 1747 548 ali-

1005 578 1100 610 quam
1118 568 1361 612 eleemosynam,
1376 575 1472 612 prout
1489 569 1660 612 unicuique
1675 578 1748 611 sug-

1005 626 1095 663 geret
1120 621 1265 661 devotio,
1292 623 1512 664 erogaverint3

1049 674 1063 717 ς
1089 674 1118 707 5.
1144 674 1264 707 Ceteris
1289 685 1364 708 vero
1399 681 1486 708 extra
1519 676 1634 708 L'rbem
1660 685 1749 720 prae-

1004 726 1130 767 dictam,
1156 732 1190 760 ut
1214 727 1438 770 praemittitur,
1463 728 1663 771 degentibus,
1694 729 1747 772 qui

1005 781 1160 814 ecclesias
1185 781 1224 814 ab
1250 780 1426 814 Ordinariis
1451 782 1596 815 locorum
1622 782 1669 815 vel
1693 793 1748 816 eo-

1005 844 1076 866 rum
1101 833 1228 867 vicariis
1254 844 1311 867 seu
1337 834 1540 875 officialibus,
1561 840 1613 867 aut
1634 835 1673 868 de
1695 846 1748 868 eo-

1005 897 1076 919 rum
1096 887 1256 927 mandato,
1275 892 1315 926 et,
1334 887 1414 930 ipsis
1432 887 1667 928 deficientibus,
1690 898 1750 932 per

1006 950 1062 973 eos
1090 940 1144 983 qui
1170 940 1216 972 ibi
1241 950 1351 973 curam
1377 941 1558 974 animarum
1584 947 1746 981 exercent,

1005 997 1176 1037 postquam
1201 993 1241 1026 ad
1268 1003 1380 1026 eorum
1409 994 1555 1027 notitiam
1593 994 1656 1027 hae
1690 1005 1749 1027 no-

1005 1050 1089 1079 strae
1115 1046 1333 1089 pervenerint,
1368 1046 1591 1089 designandas
1623 1049 1671 1081 vel
1698 1059 1748 1080 ec-

1004 1099 1177 1132 clesiarum
1218 1100 1407 1133 huiusmodi
1449 1101 1606 1144 aliquam,
1644 1101 1747 1144 spatio

1005 1151 1141 1184 duarum
1166 1152 1318 1185 similiter
1342 1153 1623 1187 hebdomadarum
1649 1166 1665 1187 a
1690 1166 1748 1198 pu-

1004 1204 1179 1238 blicatione
1205 1205 1434 1247 designationis
1471 1217 1529 1250 per
1561 1206 1746 1240 Ordinarios

1004 1258 1053 1290 vel
1092 1267 1204 1290 eorum
1228 1257 1375 1299 vicarios,
1403 1269 1460 1291 seu
1497 1259 1672 1300 officiales,
1696 1261 1747 1293 vel

1005 1310 1085 1343 alios
1111 1315 1144 1342 ut
1168 1310 1353 1353 praesertur
1379 1311 1546 1345 faciendae
1574 1313 1747 1346 decurren-

1005 1363 1130 1404 darum,
1148 1365 1263 1397 saltem
1285 1365 1387 1397 semel
1405 1364 1613 1406 visitaverint,
1635 1365 1747 1409 ibique

1005 1421 1037 1449 ut
1061 1427 1158 1460 supra
1196 1417 1375 1458 oraverint,
1402 1428 1438 1450 ac
1463 1420 1577 1462 quarta
1602 1424 1634 1452 et
1658 1421 1747 1452 sexta

1004 1470 1093 1502 seriis
1131 1480 1166 1502 ac
1202 1470 1337 1503 sabbato
1379 1472 1513 1504 alterius
1550 1482 1586 1504 ex
1619 1472 1746 1505 hebdo—

1004 1523 1106 1556 madis
1132 1523 1316 1556 huiusmodi
1348 1524 1575 1565 ieiunaverint,
1602 1526 1747 1568 partitcr-

1004 1587 1067 1619 que
1093 1583 1227 1620 peccata
1253 1587 1310 1609 sua
1335 1578 1482 1617 confessi,
1509 1590 1545 1611 ac
1570 1579 1602 1611 in
1621 1579 1673 1612 die
1695 1580 1746 1612 do-

1004 1629 1119 1662 minica
1144 1630 1330 1663 immediate
1348 1631 1513 1674 sequenti,
1535 1632 1582 1665 vel
1608 1632 1669 1665 alia
1694 1632 1745 1665 die

1003 1682 1085 1716 intra
1104 1684 1254 1716 camdem
1275 1684 1525 1724 hebdomadam,
1545 1685 1745 1719 sanctissima

1002 1737 1227 1770 communione
1254 1738 1366 1770 resecti
1393 1738 1521 1779 suerint,
1540 1743 1570 1771 et
1591 1739 1744 1782 pauperi-

1002 1792 1061 1823 bus
1086 1790 1225 1834 aliquam
1253 1792 1509 1835 eleemosynam,
1533 1797 1567 1824 ut
1591 1793 1744 1835 praemit-

1003 1843 1088 1883 titur,
1115 1844 1333 1886 erogaverint,
1357 1845 1578 1887 plenissimam
1599 1846 1743 1879 omnium

1002 1901 1208 1938 peccatorum
1226 1907 1359 1929 suorum
1379 1897 1616 1939 indulgentiam
1643 1904 1674 1931 et
1691 1910 1743 1932 re-

1002 1949 1208 1990 missionem,
1234 1950 1318 1982 sicut
1342 1950 1374 1982 in
1400 1960 1481 1983 anno
1515 1951 1647 1984 iubilaei
1674 1952 1743 1984 visi-

1003 2003 1143 2036 tantibus
1170 2007 1271 2036 certas
1298 2004 1449 2036 ecclesias
1475 2004 1561 2037 intra
1588 2010 1620 2038 ct
1652 2012 1743 2038 extra

1003 2057 1119 2090 Urbem
1156 2057 1355 2100 praedictam
1388 2058 1522 2091 concedi
1560 2059 1742 2099 consuevit,

1003 2116 1113 2143 tenore
1140 2110 1359 2153 praesentium
1385 2112 1593 2145 concedimus
1613 2118 1644 2145 et
1661 2114 1742 2146 clar-

1000 2164 1119 2207 gimur.

1045 2219 1059 2262 ἓ
1083 2220 1114 2251 (i.
1143 2218 1334 2261 Navigantes
1362 2230 1437 2253 vero
1465 2225 1495 2253 et
1516 2221 1576 2253 iter
1598 2225 1740 2264 agentes,

1001 2277 1043 2312 ut,
1070 2283 1142 2304 cum
1169 2272 1308 2314 primum
1334 2273 1371 2305 ad
1397 2283 1453 2305 sua
1478 2284 1549 2306 sese
1575 2273 1741 2306 domicilia

1000 2325 1194 2369 receperint,
1219 2326 1448 2370 suprascriptis
1474 2326 1623 2369 peractis,
1651 2331 1681 2359 ct
1700 2338 1741 2359 vi-

999 2378 1090 2411 sitata
1107 2378 1241 2412 ecclesia
1259 2379 1452 2419 cathedrali,
1474 2380 1523 2411 vel
1546 2379 1667 2419 maiori,
1688 2384 1741 2412 aut

999 2432 1174 2475 parochiali
1196 2432 1258 2465 loci
1277 2443 1390 2465 eorum
1411 2431 1573 2471 domicilii,
1592 2433 1740 2466 eamdem

998 2485 1228 2528 indulgentiam
1243 2485 1399 2529 consequi
1417 2485 1540 2528 possint
1558 2490 1588 2518 et
1602 2488 1738 2519 valeant:

998 2539 1201 2581 regularibus
1244 2544 1351 2572 autem
1387 2539 1534 2582 personis
1572 2539 1739 2584 utriusque

213 2590 399 2634 effuderint,
432 2602 467 2626 ac
500 2592 612 2636 quarta
644 2597 674 2624 et
704 2593 790 2627 sexta
813 2592 901 2626 scriis
926 2598 956 2627 et
998 2603 1114 2634 sexus,
1141 2593 1235 2626 ctiam
1260 2592 1292 2626 in
1317 2592 1465 2627 claustris
1491 2596 1649 2638 perpetuo
1683 2594 1739 2629 dc-

281 2655 359 2686 Ball.
379 2655 463 2685 Rom.
484 2671 518 2677 —
540 2654 600 2685 Vot.
620 2655 723 2686 XXIV.
872 2656 905 2684 70

1643 192 1706 226 553
1753 202 1806 229 An,
1822 201 1851 229 c.
1877 202 1942 230 1739

1785 687 1848 706 Extra
1865 686 1942 707 [rbem

1759 716 1891 739 praescripta
1903 716 1942 732 tul·-

1759 746 1791 759 uta
1809 740 1860 759 illud
1885 746 1942 760 assc-

1759 767 1846 792 quendi.

1765 2228 1818 2249 Quill
1835 2234 1934 2253 paragen-

1752 2254 1800 2273 dum
1816 2257 1841 2273 >it
1865 2260 1877 2274 a
1900 2262 1935 2274 ιιιιι

1754 2281 1872 2303 iurantibus
1894 2285 1935 2302 sta-

1721 2327 1725 2331 ,
1752 2309 1798 2328 tuit.
