2232 3178
29 236 82 264 An.
97 235 127 263 C.
151 234 219 262 1735

224 279 417 320 laicalibus,
444 288 650 322 quacumque
675 277 867 311 auctoritate
893 277 966 309 fun-

225 333 388 377 gentibus,
415 337 447 365 et
473 332 729 375 quibuscumque
755 330 825 364 aliis
850 340 965 374 perso-

224 387 284 426 nis,
306 387 365 419 sub
384 385 644 430 quibuscumque
667 384 834 417 tenoribus
853 391 884 417 et
902 384 967 416 sor-

225 439 296 478 mis,
323 449 358 472 ac
382 449 454 471 cum
481 438 648 482 quibusvis
675 438 770 470 etiam
796 437 967 479 derogato·

225 494 347 526 riarum
373 491 601 534 derogationis,
624 490 762 534 aliisque
781 489 966 523 efficaciori-

225 545 295 586 bus,
321 545 554 579 efficacissimis
579 549 611 577 et
635 543 774 577 insolitis
800 542 964 583 clausulis,

224 610 353 633 necnon
376 598 580 632 irritantibus
598 603 630 631 et
647 597 836 631 fortioribus
854 597 967 630 decre-

227 653 287 692 tis,
313 652 407 686 etiam
433 657 543 691 motu,
570 650 709 684 scientia
742 655 772 683 et
795 649 965 693 potestatis

223 705 429 749 plenitudine
453 704 624 746 similibus,
643 703 739 737 etiam
757 703 966 737 concistoria-

224 758 307 799 liter,
329 770 388 803 per
405 769 464 792 nos
485 769 541 792 seu
564 768 787 801 quoscumque
808 758 887 790 alios
907 757 967 790 Ro-

223 823 338 846 manos
358 811 530 845 Pontifices
545 812 817 855 praedecessores
837 816 965 844 nostros

223 866 256 899 in
277 866 479 899 contrarium
498 865 605 898 forsan
624 865 873 908 quomodolibet
889 875 966 898 con-

224 920 331 960 cessis,
344 920 542 954 confirmatis
557 925 589 953 et
601 919 801 963 approbatis,
817 930 854 952 ac
869 919 964 952 ctiam

223 973 349 1006 iteratis
367 973 489 1006 vicibus
504 972 675 1012 innovatis,
692 972 815 1005 etiamsi
837 978 964 1005 cautum

223 1026 267 1059 sit
291 1026 323 1058 in
350 1026 396 1059 eis
422 1037 576 1069 expresse
610 1026 699 1070 quod
736 1026 800 1059 illis
824 1027 965 1059 nullatc-

223 1091 306 1119 nus,
330 1080 382 1113 vel
414 1079 545 1113 nonnisi
578 1080 637 1112 sub
663 1079 760 1113 certis
797 1079 877 1112 inibi
910 1090 965 1113 ex-

223 1133 347 1178 pressis
382 1138 414 1166 et
449 1133 625 1166 nominatis
651 1133 756 1166 modis
795 1139 826 1166 et
852 1133 963 1166 formis

224 1186 374 1229 derogari
400 1197 456 1220 seu
478 1192 590 1219 contra
611 1186 668 1220 illa
694 1186 873 1230 quidquam
891 1196 965 1219 con-

223 1240 294 1273 cedi
312 1240 433 1284 possit;
461 1240 579 1283 quibus
597 1239 748 1273 omnibus
769 1246 800 1272 et
817 1239 964 1281 singulis,

223 1293 347 1326 etiamsi
375 1293 414 1326 de
440 1293 502 1325 illis
528 1292 658 1326 eorum¹
687 1293 759 1326 totis
793 1292 964 1326 tenoribus

222 1346 393 1390 specialis,
417 1345 587 1389 specifica,
616 1357 770 1389 expressa
796 1352 828 1379 et
852 1346 965 1379 indivi-

223 1400 299 1440 dua,
327 1411 364 1433 ac
389 1401 428 1433 de
454 1400 551 1433 verbo
577 1401 615 1433 ad
641 1400 787 1441 verbum,
816 1411 882 1433 non
908 1411 964 1433 au-

223 1460 287 1487 tem
313 1465 372 1497 per
386 1454 561 1487 'clausulas
586 1454 757 1497 generales
794 1454 881 1487 idem
907 1454 964 1487 im-

222 1513 411 1552 portantes,
437 1508 558 1541 mentio
582 1519 639 1541 seu
666 1508 799 1551 quaevis
825 1508 888 1541 alia
912 1519 964 1541 ex-

222 1561 350 1605 pressio
369 1561 519 1594 habenda
535 1567 588 1594 aut
606 1561 669 1594 alia
687 1561 846 1605 exquisita
863 1561 964 1595 forma

223 1615 263 1648 ad
288 1615 351 1648 hoc
372 1615 530 1648 servanda
556 1615 650 1654 soret,
669 1615 798 1648 illorum
821 1620 962 1655 tenores,

224 1679 260 1702 ac
285 1669 310 1702 si
338 1668 377 1702 de
403 1670 503 1702 verbo
529 1669 568 1702 ad
594 1669 727 1702 verbum
765 1669 847 1702 nihil
874 1669 964 1712 peni-

224 1728 274 1756 tus
313 1723 437 1756 omisso
473 1722 615 1756 inserti²
639 1729 670 1755 et
696 1723 798 1756 forma
831 1722 862 1755 in
900 1723 963 1757 illis

225 1775 344 1809 traditu
377 1776 548 1809 observata
579 1776 707 1816 forent,
734 1776 964 1819 praesentibus

222 1839 284 1872 pro
309 1830 406 1872 plene
439 1834 470 1862 et
502 1829 701 1862 sufficienter
731 1829 894 1872 expressis
930 1841 965 1863 ac

223 1882 263 1915 de
283 1883 381 1916 verbo
399 1883 437 1915 ad
461 1883 594 1916 verbum
617 1882 765 1916 insertis³
790 1883 963 1924 habentes,

223 1934 289 1968 illis
324 1937 403 1969 alias
439 1936 471 1968 in
495 1947 553 1969 suo
579 1937 698 1969 robore
725 1936 965 1980 permansuris,

223 1988 285 2022 hac
312 1989 378 2022 vice
405 1990 581 2030 dumtaxat,
608 1995 698 2023 motu
724 1989 908 2024 etscientia
927 1990 966 2022 si-

222 2043 363 2084 milibus,
390 2044 575 2087 specialiter
600 2049 631 2077 et
655 2055 807 2088 expresse
829 2044 966 2086 deroga-

221 2107 304 2138 mus,
323 2103 354 2131 et
377 2098 572 2140 derogatum
591 2108 674 2138 esse,
690 2108 749 2130 nec
765 2098 820 2130 illa
841 2098 965 2131 eisdem

222 2150 455 2194 praesentibus
481 2151 646 2184 adversari
672 2152 720 2184 vel
746 2151 888 2192 obstare,
911 2162 966 2185 vo-

222 2203 345 2244 lumus-⁷
365 2204 549 2248 ceterisque
569 2204 740 2238 contrariis
758 2205 967 2248 quibuscum-

223 2268 299 2301 que.
335 2258 488 2291 Volumus
520 2258 618 2292 etiam
653 2259 741 2302 quod
776 2259 965 2292 earumdem

223 2312 447 2354 praesentium
460 2312 670 2355 transumptis
685 2322 814 2355 semper
824 2318 855 2345 et
865 2323 967 2356 quau-

224 2364 407 2409 documquc
431 2370 533 2398 stetur
558 2370 589 2398 et
609 2365 755 2409 plenaria
774 2364 854 2399 fides
872 2365 966 2399 adbi—

222 2417 338 2451 beatur
364 2424 426 2451 tam
444 2418 476 2451 in
494 2418 615 2451 iudicio
640 2429 737 2462 quam
756 2424 845 2452 extra
863 2419 942 2452 illud
956 2446 963 2459 ,

223 2481 261 2505 ac
285 2471 313 2504 si
339 2472 472 2505 eaedem
498 2477 689 2515 praesentes
716 2472 877 2506 exhibitae
915 2472 965 2505 vel

260 2553 270 2579 ί
294 2551 386 2579 Potius
406 2553 467 2587 lege
486 2560 645 2587 eorumque
664 2554 702 2584 (a.
720 2554 769 2585 τ.).

258 2597 274 2624 2
294 2597 366 2624 Edit.
386 2596 467 2624 Main.
491 2597 560 2631 legit
578 2597 696 2625 insertis
716 2598 754 2632 (a.
769 2597 822 2632 Τ.).

258 2641 274 2671 3
294 2641 365 2669 Edit.
386 2641 470 2670 Maia.
490 2641 556 2677 legit
574 2641 679 2672 inserti
697 2642 736 2677 (a.
752 2641 801 2677 T.)-

849 227 991 254 CLEMENS
1018 228 1064 253 ΧΠ
1088 229 1139 253 ΡΡ.

1644 215 1704 249 tot
1755 225 1854 254 amc.
1876 225 1942 254 1735

1009 281 1162 310 ostensae
1187 276 1306 310 forent.
1329 275 1415 310 Nulli
1441 285 1519 319 ergo
1537 275 1672 309 omnino
1694 275 1748 307 bo-

1009 329 1134 361 minum
1170 329 1266 362 liceat
1302 329 1386 362 lianc
1424 328 1578 372 paginam
1615 334 1747 360 nostrae

1010 382 1288 425 reintegrationis,
1314 381 1538 422 restitutionis,
1565 381 1751 414 concessio-

1009 434 1078 473 nis,
1106 434 1246 475 indulti,
1274 435 1420 474 decreti,
1459 434 1681 477 derogationis
1718 438 1750 466 et

1008 488 1184 521 voluntatis
1210 488 1405 531 infringere,
1424 490 1473 522 vcl
1499 488 1527 520 ei
1554 499 1632 520 ausu
1656 493 1751 520 teme-

1010 541 1094 574 rario
1121 541 1302 581 contraire3
1331 542 1357 574 si
1383 541 1453 585 quis
1479 546 1586 573 autem
1619 541 1682 574 lioc
1707 545 1751 572 at-

1010 600 1137 628 tentare
1173 595 1452 638 praesumpserit,
1490 595 1749 637 indignationem

1009 648 1262 692 omnipotentis¹
1284 649 1339 681 Dei
1366 659 1401 681 ac
1426 649 1595 681 beatorum
1614 647 1697 680 Petri
1721 651 1751 680 et

1010 701 1099 734 Pauli
1126 702 1351 745 apostolorum
1388 702 1456 735 eius
1493 712 1526 734 se
1552 700 1678 734 noverit
1703 701 1750 733 in-

1009 766 1187 788 cursurum.
1212 755 1326 788 Datum
1352 755 1490 793 Romae,
1517 755 1601 798 apud
1628 754 1659 787 S.
1688 753 1751 786 Ma-

1009 809 1089 841 riam
1122 808 1291 848 Maiorem,
1318 819 1403 841 anno
1435 808 1666 841 lncarnationis
1692 808 1749 840 do-

1009 862 1148 895 minicae
1170 872 1338 901 iiocchIV,
1358 872 1412 895 xvt
1431 861 1585 894 kalendas
1602 867 1747 904 septem-

1009 915 1093 954 bris,
1118 914 1325 958 pontisicatus
1352 914 1455 947 nostri
1482 925 1565 947 anno
1591 924 1600 947 l
1627 926 1657 946 n.

1053 967 1164 1001 Eidem
1194 967 1329 1001 loanni²
1354 967 1495 1001 Antonio
1524 967 1680 1000 cardinali
1707 966 1751 1000 vi-
1782 977 1944 1003 suwposnum

1761 1002 1827 1023 Breve
1857 1009 1945 1023 innova-

1009 1021 1095 1054 cario
1113 1027 1232 1061 nostro,
1252 1026 1339 1054 motu
1366 1026 1397 1054 et
1422 1020 1612 1054 auctoritate
1631 1020 1839 1055 nostristurpro
1853 1037 1862 1050 e
1867 1037 1919 1049 ιιιιιι
1923 1037 1944 1059 η-

1008 1075 1188 1114 similibus,
1222 1074 1463 1118 approbamus,
1502 1058 1945 1114 confirm-ramus,{iiiimb'uaijsslff

1009 1128 1215 1170 innovamus,
1238 1128 1334 1171 eique
1360 1128 1400 1160 de
1425 1138 1508 1160 novo
1533 1127 1749 1166 concedimus,

1008 1192 1044 1215 ac
1076 1182 1148 1214 illas
1183 1191 1313 1225 semper
1342 1181 1495 1214 adversus
1523 1180 1750 1224 quodcumque

1008 1234 1089 1267 iuris
1116 1234 1384 1277 impedimentum
1414 1234 1474 1266 sibi
1501 1233 1671 1276 suffragari
1697 1233 1752 1266 de-

1008 1287 1102 1329 bere,
1132 1292 1182 1327 et,
1214 1287 1373 1331 quidquid
1402 1297 1494 1319 secus
1520 1286 1673 1320 adversus
1698 1296 1751 1319 eas

1008 1340 1184 1384 contigerit
1219 1340 1392 1380 attentari,
1424 1339 1551 1372 irritum
1588 1344 1619 1372 ct
1655 1339 1751 1372 inane

1007 1394 1225 1428 decernimus.

1051 1450 1066 1493 5
1091 1448 1142 1481 10.
1169 1449 1214 1482 Ac
1239 1448 1370 1482 demum
1396 1447 1502 1481 eidem
1523 1447 1635 1481 loanni
1653 1448 1752 1480 Anto·
1788 1455 1855 1482 Eune
1871 1461 1947 1476 conce-

1761 1482 1791 1503 dit
1809 1490 1834 1502 ca
1845 1485 1946 1506 statuero,

1007 1503 1062 1536 nio
1087 1502 1257 1542 cardinali,
1286 1502 1325 1535 dc
1352 1502 1443 1535 euius
1468 1501 1646 1545 praecipuo
1672 1511 1751 1543 erga
1763 1516 1817 1535 quae
1865 1515 1947 1535 vaure-

1763 1542 1806 1556 rum
1844 1536 1946 1556 indemut-

1008 1557 1135 1590 sclicem
1160 1555 1330 1590 tribunalis
1355 1555 1417 1588 sibi
1443 1554 1603 1588 commissi
1631 1554 1748 1587 liuius-
1763 1565 1800 1599 ¹³1}
1835 1562 1945 1583 consume

1008 1611 1095 1644 modi
1134 1620 1325 1644 successum
1363 1609 1470 1642 studio
1508 1608 1683 1652 plurimum
1719 1592 1856 1642 inpffium'

1008 1664 1145 1698 Domino
1171 1663 1385 1704 confidimns,
1411 1668 1446 1695 ut
1471 1662 1560 1706 ipse,
1589 1668 1752 1706 tamquam

1008 1724 1122 1751 noster
1147 1723 1180 1751 et
1203 1717 1294 1751 Sedis
1321 1716 1527 1761 Apostolicae
1561 1716 1729 1759 delegatus
1745 1742 1752 1756 ‚

1009 1771 1118 1804 omnia
1143 1776 1175 1804 et
1198 1771 1337 1812 singula⁷
1364 1781 1448 1814 qnae
1466 1769 1497 1802 in
1515 1769 1563 1802 sui
1581 1769 1752 1802 vicariatus

1008 1826 1127 1865 Curia,
1165 1825 1203 1857 ad
1238 1823 1357 1857 rectius
1384 1823 1577 1866 dirigendos
1612 1822 1751 1856 iustitiae

1011 1879 1180 1919 tramites,
1205 1884 1237 1911 et
1265 1878 1303 1911 ad
1340 1888 1521 1921 pauperum
1556 1876 1751 1920 litigantium

1009 1933 1111 1976 magis
1137 1931 1372 1965 consulendum
1398 1930 1617 1970 indemnitati,
1644 1940 1752 1963 rerum

1010 1987 1189 2020 necessitas
1226 1992 1258 2019 ct
1294 1991 1480 2029 temporum
1517 1984 1579 2016 sibi
1616 1984 1753 2017 suaserit

1010 2040 1259 2085 opportunitas,
1287 2039 1412 2078 facere,
1438 2038 1615 2078 innovare,
1643 2036 1754 2070 decer-

1010 2105 1089 2128 nere
1108 2100 1141 2127 et
1161 2099 1304 2127 statuere
1322 2093 1426 2125 libere
1444 2099 1476 2125 et
1492 2092 1580 2126 licite
1603 2091 1704 2135 possit
1723 2098 1755 2123 et

1011 2149 1132 2188 valcat,
1166 2149 1296 2191 plenam
1329 2146 1516 2186 licentiam,
1553 2146 1753 2188 plenamque

1010 2202 1214 2242 facultatem,
1252 2200 1442 2233 earumdem
1480 2199 1605 2242 pariter
1642 2204 1753 2231 tenore

1010 2254 1245 2298 praesentium,
1260 2253 1471 2287 concedimus
1490 2258 1520 2286 et
1534 2251 1750 2295 impartimur.

1052 2309 1067 2352 ἓ
1092 2308 1145 2341 Μ.
1172 2307 1238 2341 Nec
1258 2318 1323 2340 non
1349 2311 1549 2350 praesentes,
1574 2304 1945 2351 omniaquemammen„-

1010 2369 1042 2395 ct
1059 2362 1188 2405 singula
1213 2361 1245 2393 in
1272 2360 1316 2393 eis
1343 2364 1495 2393 contenta
1512 2341 1946 2401 (triticeamque,Ziliffii⁰nno¹¹¹¹p⁵iff

1009 2415 1105 2449 etiam
1139 2426 1175 2448 ex
1202 2425 1240 2448 eo
1265 2414 1353 2458 quod
1380 2412 1496 2446 notarii
1522 2411 1657 2455 praefati
1683 2398 1809 2443 atii-'⁰⁵¹'

1008 2479 1072 2512 que
1097 2469 1254 2502 interesse
1280 2467 1439 2500 habentes
1476 2465 1514 2498 ad
1552 2465 1615 2497 boe
1647 2463 1751 2497 vocati

1043 2551 1054 2577 1
1078 2549 1152 2576 Edit.
1171 2547 1254 2575 Main.
1275 2546 1339 2581 legit
1359 2544 1552 2580 omnipotenti
1571 2548 1609 2574 (n.
1624 2544 1675 2576 Τ.).

1041 2594 1058 2621 2
1079 2593 1232 2621 [lesumitur
1247 2595 1274 2619 et
1294 2590 1434 2618 continuat
1449 2588 1566 2625 syntaxis
1582 2590 1594 2623 ἓ
1610 2589 1625 2615 9
1641 2589 1749 2624 incepta

1007 2644 1069 2669 ante
1090 2639 1193 2668 bullam
1215 2638 1344 2665 insertam
1369 2634 1505 2664 Benedicti
1527 2634 1587 2662 Xlll
1609 2635 1646 2671 (a.
1663 2634 1711 2669 τ.).
