2232 3178
251 217 300 242 An.
321 215 350 241 r..
369 214 434 240 1734
481 205 500 235 Γ»

252 304 273 322 Π
292 283 324 297 1110
341 272 566 322 [(ῗιιιηιηιῑιεαῐ,
592 261 785 295 recolendae
822 258 998 292 memoriae
1032 256 1179 289 Clemens

279 310 361 323 am,
404 309 424 321 ...-

309 1917 331 1930 ar
351 1911 445 1937 expirato

339 1944 362 1994 ⁰>
390 1938 587 1985 '¹.¹,¹{[¹311101·um
607 1963 643 1984 ex
666 1951 853 1994 gentilitatis
873 1951 1018 1984 tenebris
1045 1957 1076 1983 et
1100 1962 1188 1984 erro-

304 1998 318 2036 ἷ
349 2005 355 2011 “
381 1991 445 2036 γ,νιῖἶξῖ
459 2005 547 2037 ribus
584 2005 622 2036 ad
658 2004 723 2036 veri
761 2004 890 2036 luminis
926 2003 1121 2046 agnitionem
1161 2009 1191 2036 et

428 313 504 347 ivr.
533 315 570 348 Χῖ
597 315 827 358 ρι’ῑιιηῐοι-ρςςοι·
864 312 958 345 etiam
996 316 1105 342 noster
1141 309 1178 340 ad

375 362 554 409 ''¹¹¹⁴‘'ri22iuti
583 379 684 400 anuos
712 373 787 399 tunc
819 366 983 408 proximos
1018 374 1077 407 per
1106 372 1179 394 suas

447 421 624 464 respective
650 421 680 452 in
708 420 818 452 eadem
847 419 944 450 forma
963 417 1072 449 Brevis
1098 416 1181 448 litte-

447 485 510 513 ras,
538 474 596 505 sub
622 472 716 505 certis
742 472 837 504 modo
863 476 895 502 et
920 471 1023 502 forma
1058 469 1088 500 in
1115 468 1179 500 illis

445 527 619 570 expressis,
639 527 721 557 inter
740 525 798 557 alia
818 523 1039 567 prorogaverit
1067 532 1121 554 seu
1142 521 1180 553 de

446 590 526 611 noro
545 578 752 617 concesserit·y
769 582 808 616 et,
824 577 904 608 sicut
918 586 977 618 pro
993 580 1083 618 parte
1099 574 1181 607 dile-

446 633 485 664 rti
501 631 782 674 tiliip1·or,ui·.¹doi·is
794 629 958 672 generalis
974 628 1118 660 eiusdem
1130 626 1181 659 So-

445 685 566 717 ‹·ietatis
588 685 653 716 lesu
673 684 765 716 nohis
786 693 889 725 nuper
907 681 1087 724 expositum
1110 680 1177 718 suit,

446 737 601 780 praedicti
629 736 741 779 viginti
771 736 856 775 anni,
882 734 918 767 ad
952 745 1032 777 quos
1062 744 1182 766 rnenio-

448 796 513 822 rata
541 790 671 822 facultas
697 800 712 821 a
740 789 903 821 Clemente
929 787 1181 830 praedecessore

446 850 618 886 prorogata
643 853 697 875 seu
725 843 763 875 de
789 852 871 874 novo
892 851 1045 874 concessa
1068 841 1180 879 suerat,

448 897 631 929 iamdudum
666 895 877 938 expiraverit,
910 894 1042 937 ipseque
1070 904 1184 936 Proru-

447 953 533 979 rator
569 946 728 987 generalis
768 945 910 983 dubitet,
938 955 977 976 ne
1009 944 1041 976 in
1068 944 1181 986 procul

447 999 568 1031 dissitis
587 999 649 1031 illis
667 997 856 1041 regionibus
875 997 975 1039 aliqui
993 1007 1046 1029 seu
1065 996 1183 1038 aliquis

447 1064 462 1082 ο
488 1051 714 1089 rnissionariis‚
743 1051 913 1083 eredentes
941 1050 1124 1083 facultatem
1153 1060 1183 1082 e-

447 1105 583 1138 iusmodi
611 1116 627 1137 a
650 1105 730 1137 Sede
757 1104 941 1147 Apostolica
967 1103 1062 1136 fuisse
1087 1113 1184 1135 reno-

448 1165 562 1198 vatam‚
583 1169 655 1190 cum
674 1157 845 1200 neophytis
871 1156 1022 1199 praefatis
1041 1156 1072 1188 in
1092 1156 1184 1189 dictis

448 1211 598 1253 gradibus
619 1211 703 1243 bona
720 1210 781 1242 lide
800 1208 1066 1252 dispensaverint,
1087 1214 1126 1247 et,
1149 1210 1183 1240 ea

449 1267 487 1297 de
513 1267 619 1303 causa,
646 1264 753 1306 aliqua
775 1263 838 1295 sint
863 1265 999 1295 censura
1024 1261 1183 1302 innodati;

449 1317 620 1360 cupiatque
646 1322 823 1360 propterea
857 1316 960 1348 dictus
993 1321 1186 1358 procurator

449 1371 608 1412 generalis
633 1371 751 1403 nedum
777 1370 922 1402 eamdem
941 1369 1124 1401 facultatem
1147 1369 1184 1400 ad

449 1424 535 1457 aliud
561 1424 654 1456 nobis
679 1423 761 1455 bene
787 1423 888 1454 visum
923 1427 1048 1464 tempus
1074 1432 1187 1464 proro-

450 1477 534 1518 gari,
560 1476 614 1509 sed
649 1476 743 1508 ctiam
777 1475 1030 1518 provincialibus
1057 1474 1185 1506 illarum

450 1529 589 1573 partium
624 1534 655 1560 et
688 1528 895 1561 confessariis
929 1529 968 1560 al]
994 1527 1074 1570 ipsis
1101 1527 1187 1559 dele-

450 1582 531 1624 gatis
553 1582 727 1623 indulgeri,
745 1586 904 1624 quatenus
921 1591 1032 1613 omnes
1047 1586 1076 1612 et
1095 1590 1188 1623 quos-

451 1645 600 1678 cumque,
628 1633 679 1677 qui
707 1633 789 1666 dicta
815 1633 980 1672 facultate,
1015 1638 1187 1676 postquam

451 1688 670 1730 expiraverat,
696 1687 743 1719 usi
781 1686 920 1726 suerint,
950 1687 982 1718 in
1008 1686 1076 1718 foro
1113 1696 1189 1718 con-

452 1740 605 1772 scientiae
642 1739 818 1778 absolvere‚
853 1749 890 1771 ac
926 1738 1189 1781 dispensationes

453 1793 537 1825 bona
562 1792 623 1824 tide
649 1802 818 1824 concessas
855 1797 938 1824 ratas
970 1791 1090 1823 habere
1116 1800 1188 1833 pos-

455 1845 534 1878 sint:

500 1899 514 1941 §
539 1898 568 1931 ⁹2.
595 1899 676 1931 llinc
700 1903 748 1930 est
773 1899 859 1941 quod
895 1909 969 1939 nos,
994 1898 1188 1941 populorum

458 2058 652 2091 christianae
700 2058 774 2090 fidei
815 2058 981 2090 veritatem
1021 2068 1191 2090 converso-

458 2122 527 2144 rum
553 2117 584 2144 ct
608 2111 646 2143 ab
673 2111 733 2144 hae
769 2111 884 2143 Sancta
909 2110 990 2143 Sede
1020 2111 1193 2143 remotissi-

458 2176 583 2198 morum
601 2165 779 2197 animarum
799 2165 891 2197 saluti
918 2170 948 2197 et
972 2164 1192 2207 spiritualibus

460 2218 704 2251 necessitatibus
729 2229 788 2261 pro
813 2217 985 2260 pastoralis
1015 2217 1110 2250 officii
1136 2228 1191 2250 no-

460 2272 516 2304 stri
544 2273 620 2303 eura
645 2276 852 2314 prospectum
871 2281 940 2303 esse
958 2270 1135 2313 cupientes,
1154 2271 1193 2303 de

460 2325 692 2357 venerabilium
718 2325 849 2356 fratrum
874 2329 1058 2356 nostrorum
1077 2323 1190 2355 S.R.t‹].

461 2377 672 2411 cardinalium
692 2377 722 2409 in
743 2379 807 2410 tota
825 2377 991 2420 republica
1017 2376 1195 2409 christiana

463 2431 658 2473 generalium
684 2430 915 2473 inquisitorum
940 2430 1092 2462 adversus
1119 2430 1195 2462 hac-

464 2484 595 2516 reticam
625 2483 814 2526 pravitatem
847 2482 1036 2515 auctoritate
1069 2487 1196 2526 aposto-

465 2538 525 2570 lica
553 2538 776 2580 deputatorum
801 2536 957 2577 consilio,
985 2542 1047 2569 tam
1072 2536 1197 2579 provin-

465 2591 599 2625 cialibus
624 2596 654 2623 et
678 2591 716 2622 ab
742 2591 786 2624 eis
812 2590 1005 2634 deputandis
1031 2590 1197 2634 presbyte-

1031 205 1215 232 minantum
1242 204 1399 229 Romnum

1224 254 1276 294 ris,
1303 263 1396 297 quarn
1423 253 1568 285 locorum
1594 251 1772 284 ordinariis
1796 249 1960 294 praefatis,

1225 318 1295 339 curn
1323 307 1415 339 dictis
1441 306 1612 350 neophytis
1631 306 1660 338 in
1678 315 1881 349 quocumque
1903 315 1960 336 seu

1225 360 1389 404 quibusvis
1416 360 1501 401 (non
1532 365 1637 391 tamen
1671 359 1702 392 in
1735 359 1863 402 primo)
1889 368 1961 390 con-

1225 413 1450 454 sanguinitatis
1477 414 1524 446 vel
1552 412 1713 445 affinitatis
1734 412 1887 455 gradibus
1912 411 1960 443 vel

1225 468 1303 499 alias
1328 466 1510 499 coniunctis
1536 477 1591 499 seu
1617 476 1650 498 se
1676 465 1899 505 attinentibus,
1928 470 1962 496 ut

1226 519 1465 552 matrimonium
1492 519 1576 552 inter
1607 530 1640 552 se
1673 519 1877 558 contrahere,
1904 528 1960 550 seu

1227 573 1255 604 in
1283 583 1320 605 eo
1341 572 1435 604 etiarn
1455 572 1594 605 scienter
1612 577 1776 605 contracto
1793 580 1962 603 remanere

1226 626 1372 664 valeant,
1400 625 1492 657 dictis
1529 625 1658 668 quidem
1693 623 1893 667 presbyteris
1930 624 1962 656 in

1227 678 1306 710 locis
1333 684 1364 710 et
1390 669 1597 721 regionibus,
1624 677 1678 710 ubi
1711 677 1872 710 Ordinarii
1899 687 1963 710 non

1226 731 1351 771 adsunt,
1370 732 1418 764 vel
1439 733 1522 764 ultra
1548 731 1626 764 duas
1652 731 1753 763 dietas
1778 730 1866 762 iuxta
1891 740 1964 762 con-

1226 784 1426 819 stitutionem
1442 784 1556 816 similis
1571 784 1745 817 memoriae
1756 783 1912 816 PauliPP.
1925 782 1964 815 Ill

1227 840 1320 872 etiam
1341 838 1602 882 praedecessoris
1628 837 1728 870 nostri
1754 837 1873 870 editam
1899 837 1965 869 exi-

1226 897 1325 932 stunt,
1344 890 1421 934 ipsis
1440 901 1516 924 vero
1535 890 1713 924 Ordinariis
1732 901 1747 923 e
1766 895 1892 930 eontra,
1908 889 1964 921 uhi

1227 944 1406 989 presbytcri
1444 944 1578 987 praefati
1605 944 1740 983 adsunt,
1772 943 1821 976 vel
1854 953 1964 976 eorum

1227 998 1398 1031 commode
1416 998 1528 1031 haberi
1547 1002 1658 1041 potest
1675 997 1779 1041 copia,
1797 997 1836 1030 de
1855 1007 1967 1030 eorum

1229 1055 1390 1094 tamquam
1417 1051 1600 1083 adiutorum
1631 1055 1663 1083 et
1680 1060 1878 1083 assessorum
1900 1059 1968 1082 suo-

1229 1115 1299 1137 rum
1325 1105 1481 1142 consilio,
1510 1109 1541 1136 et
1566 1114 1637 1136 cum
1664 1103 1752 1143 illis;
1779 1102 1833 1135 ubi
1859 1107 1968 1135 autem

1229 1167 1291 1190 non
1318 1158 1446 1197 adsunt,
1465 1168 1525 1190 nec
1544 1167 1655 1190 eorum
1680 1156 1850 1189 commode
1875 1154 1968 1198 copia

1230 1211 1344 1243 haberi
1372 1215 1488 1253 potest,
1514 1210 1609 1242 etiam
1636 1210 1705 1242 sine
1731 1209 1805 1248 illis,
1828 1209 1860 1241 in
1886 1213 1968 1241 utro·

1229 1273 1290 1305 que
1318 1264 1386 1295 soro
1412 1262 1510 1305 gratis
1535 1262 1757 1305 dispensandi,
1775 1267 1806 1294 et
1831 1271 1895 1300 eos,
1915 1261 1968 1303 qui

1230 1315 1260 1347 in
1288 1315 1441 1357 gradibus
1467 1314 1641 1357 prohibitis
1661 1313 1846 1346 huiusmodi
1873 1313 1969 1346 etiam

1230 1368 1371 1400 scienter
1396 1367 1637 1406 contraxerint,
1664 1367 1703 1399 ab
1729 1366 1912 1400 excessibus
1939 1370 1971 1398 et

1231 1421 1573 1454 excommunicationis
1619 1420 1755 1463 aliisque
1795 1419 1941 1452 censuris
1958 1445 1968 1459 ,

1231 1474 1346 1517 poenis
1380 1473 1628 1510 ecclesiasticis,
1655 1473 1686 1505 in
1723 1478 1864 1516 utroque
1902 1473 1971 1505 soro

1231 1528 1330 1570 gratis
1367 1527 1492 1570 pariter
1529 1526 1732 1565 absolvendi,
1771 1537 1807 1559 ac
1843 1526 1971 1569 prolem

1232 1581 1307 1613 inde
1334 1586 1513 1622 susceptam
1542 1579 1720 1621 legitimam
1746 1579 1970 1618 decernendi;

1233 1643 1359 1665 necnon
1378 1633 1500 1665 eisdem
1520 1632 1720 1675 presbyteris
1738 1636 1770 1664 et
1783 1631 1974 1669 ordinariis,

1233 1686 1365 1719 servatis
1391 1687 1538 1718 locorum
1564 1685 1815 1718 circumstantiis
1841 1689 1872 1717 et
1896 1683 1975 1717 limi-

1234 1739 1410 1772 tationibus
1436 1739 1635 1778 huiusmodi,
1656 1749 1727 1772 cum
1752 1738 1872 1771 eisdem
1898 1748 1976 1771 neo-

1233 1793 1341 1836 phytis
1368 1793 1399 1825 in
1425 1793 1528 1836 primo
1554 1793 1655 1835 gradu
1682 1792 1778 1825 etiam
1804 1796 1911 1824 rectae
1938 1791 1975 1823 li-

1234 1856 1315 1878 neae
1342 1845 1505 1878 assinitatis
1532 1855 1568 1878 ex
1594 1846 1712 1888 copula
1737 1844 1847 1878 illicita
1872 1844 1975 1877 resul-

1236 1899 1331 1932 tantis
1356 1909 1389 1932 se
1416 1898 1646 1938 attinentibus,
1673 1903 1708 1930 ut
1731 1897 1975 1930 matrimonium

1235 1963 1364 1996 quoque
1390 1953 1475 1985 inter
1499 1962 1532 1984 se
1558 1952 1765 1992 contrahere,
1788 1962 1843 1984 seu
1870 1950 1902 1983 in
1928 1956 1976 1984 et-

1237 2007 1297 2040 iam
1324 2006 1466 2040 scienter
1499 2010 1666 2039 contracto
1694 2015 1866 2038 remanere
1891 2005 1978 2037 simi-

1237 2062 1310 2094 liter
1347 2060 1489 2099 valeant,
1516 2059 1548 2091 in
1585 2058 1719 2092 occultis
1753 2063 1861 2091 tamen
1889 2062 1921 2090 et
1944 2058 1977 2089 in

1237 2115 1307 2147 soro
1333 2112 1554 2146 conscientiae
1580 2117 1711 2152 tantum,
1730 2122 1766 2144 ac
1785 2111 1977 2154 urgentibus

1237 2167 1328 2200 iustis
1354 2166 1469 2205 causis,
1495 2165 1596 2208 gratis
1623 2165 1718 2197 etiam
1753 2163 1976 2207 dispensandi,

1237 2225 1268 2253 et
1293 2230 1367 2259 eos,
1394 2218 1449 2262 qui
1475 2218 1508 2250 in
1540 2217 1646 2260 primo
1679 2216 1843 2249 affinitatis
1875 2217 1978 2259 gradu

1238 2271 1426 2305 huiusmodi
1454 2271 1549 2304 etiam
1575 2270 1717 2303 scienter
1742 2269 1976 2310 contraxerint,

1238 2326 1276 2358 ab
1315 2324 1501 2358 excessibus
1540 2328 1571 2356 et
1607 2322 1977 2362 excommunicationis,

1239 2379 1375 2421 aliisque
1400 2377 1549 2411 censuris
1569 2382 1600 2410 et
1616 2377 1732 2420 poenis
1752 2375 1979 2409 ecclesiasticis

1239 2432 1271 2464 in
1298 2432 1367 2465 soro
1393 2430 1613 2464 conscientiae
1633 2434 1757 2462 tantum
1775 2429 1872 2472 gratis
1890 2429 1980 2462 simi-

1239 2485 1314 2517 liter
1349 2483 1563 2524 absolvendi;
1603 2483 1763 2526 dictisque
1782 2481 1979 2521 ,Ordinariis

1239 2538 1320 2572 alios
1355 2537 1564 2582 presbyteros
1603 2536 1739 2570 idoneos
1775 2547 1792 2568 a
1823 2545 1857 2568 se
1890 2535 1980 2578 prius

1240 2590 1448 2634 approbatos,
1470 2590 1500 2622 in
1520 2589 1599 2622 loeis
1623 2589 1676 2621 ubi
1701 2599 1766 2622 non
1787 2588 1892 2622 adsint
1908 2588 1983 2622 mis-

1966 199 2020 226 An.
2040 198 2069 227 C.
2087 199 2153 227 ¹734
