2232 3178
293 217 342 244 Λη.
360 218 389 244 C.
414 218 477 245 17³7

526 208 590 242 ⁶210

485 268 589 298 vinciae
612 270 717 297 nostrae
737 266 911 304 Germaniae,
935 265 1049 296 salutern
1065 267 1094 296 in
1109 266 1223 297 Domino

485 317 689 355 sempiternam.
707 332 744 336 —
766 315 835 345 Cum
858 315 907 344 ‹liu
930 319 1060 354 optatum
1084 315 1121 345 sit
1143 325 1158 345 a
1178 324 1225 344 vo-

487 364 542 401 bis,
560 369 590 394 ut
612 365 640 393 in
664 364 765 393 nostra
789 363 939 402 provincia
961 363 1149 404 Germaniae,
1167 368 1222 393 tam

485 413 513 443 in
528 412 718 442 conventibus
732 412 956 450 distinguendis,
974 412 1135 452 iisdemque
1152 413 1224 442 bene

486 461 632 500 regendis,
657 470 742 499 quam
766 460 794 490 in
819 460 1018 500 superioribus
1041 461 1120 491 iuxta
1144 461 1225 491 iusti-

486 511 555 541 tiam
585 509 800 540 distributivam
825 510 988 548 eligendis,
1019 520 1051 540 ac
1078 511 1225 550 plerisque

472 560 562 604 raliis,
589 563 671 588 tenor
694 558 848 597 aequitatis
871 558 1063 595 observetur3
1089 559 1123 588 ad
1148 560 1225 590 hunc

349 1263 478 1283 Allernn'iva

311 1291 449 1314 pruvini-tali<

295 1318 383 1343 eiu—qne
404 1317 464 1338 socii.

312 1848 340 1868 Dr
354 1848 482 1868 (lciinitorio.

333 2335 485 2361 Superioribus

301 2363 405 2382 ltu—alitur<
434 2369 484 2383 cou—

302 2392 345 2409 vcnt
352 2395 408 2409 tinxu.

486 613 582 637 autem
613 607 699 637 finem
734 607 974 646 consequendum
1001 607 1075 637 ratio
1101 608 1226 638 alterna-

488 656 575 686 tionis
591 656 732 695 optimum
750 655 876 685 medium
893 665 956 686 esse
975 655 1123 693 videatur3
1148 666 1228 687 cum-

487 715 543 745 que
566 705 594 735 in
619 705 706 734 variis
728 705 956 743 congressibus,
982 714 1039 734 non
1069 705 1157 736 semel
1181 715 1228 736 co-

488 755 644 785 municatis
676 755 752 784 inter
788 764 836 784 vos
869 755 1023 793 consiliis,
1048 755 1163 785 tandem
1193 755 1227 785 ad

488 804 617 834 eamdem
641 803 864 833 alternationem
880 827 887 841 ,
911 803 1010 834 habito
1032 804 1118 833 etiam
1142 803 1228 834 bene-

489 853 595 893 placito
618 862 717 883 sacrae
750 862 903 883 caesareae
926 854 1082 892 regiaeque
1108 853 1229 884 catholi-

489 913 538 933 cae
563 902 722 932 maiestatis
737 926 744 939 ,
776 902 929 940 pervenire
951 902 1109 932 efficaciter
1132 903 1230 942 cupia-

489 956 557 989 tur,
582 954 694 980 mature
718 955 866 990 praeterea
891 951 977 980 dictis
1006 951 1137 981 consiliis
1163 961 1229 981 exa-

490 1000 619 1036 minatis,
634 1000 849 1029 communicata.
865 1000 985 1038 insuper
1000 1000 1083 1029 nobis
1104 1000 1230 1030 subscri-

489 1050 587 1089 ptione
611 1059 624 1078 a
647 1048 779 1089 partibus
801 1049 963 1088 respective
986 1049 1082 1087 sacta,
1106 1049 1230 1088 aliisque

489 1099 559 1129 visis
576 1099 769 1135 documentis,
787 1104 899 1128 necnon
918 1098 1073 1137 praecipue
1096 1098 1230 1137 capitulis

489 1158 540 1178 scu
570 1147 814 1177 conventionibus
847 1147 1049 1177 alternationis
1081 1156 1155 1186 quae
1187 1157 1230 1177 se-

490 1202 619 1237 quuntur
635 1207 641 1226 :

529 1256 548 1276 1.
576 1245 709 1281 Quolibet
746 1245 893 1283 triennio,
929 1255 986 1285 quo
1022 1245 1230 1275 celebrandum

462 1306 466 1314 ⁷
489 1296 546 1326 erit
577 1295 736 1335 capitulum
771 1295 948 1334 provinciale
963 1319 970 1332 ,
995 1295 1182 1334 provincialis
1204 1300 1231 1324 et

489 1345 585 1375 socius
618 1348 806 1374 assumantur
828 1344 1000 1373 alternative
1016 1368 1023 1381 ,
1048 1344 1139 1382 itaut,
1163 1344 1229 1373 dum

492 1392 679 1433 provincialis
691 1396 733 1422 est
747 1392 927 1428 Austriacus,
940 1392 1036 1421 socius
1049 1392 1085 1421 sit
1098 1401 1130 1421 ex
1144 1391 1231 1431 Tyro-

490 1441 633 1479 lensibus,
652 1446 679 1471 et
703 1441 844 1477 vicissim
866 1441 1000 1480 idemque
1016 1440 1092 1470 circa
1116 1441 1232 1480 provin-

489 1491 591 1521 cialem
606 1500 640 1520 ex
657 1490 818 1520 Austriacis
834 1490 1000 1527 eligendum
1019 1489 1231 1519 observandum

490 1541 545 1571 erit
567 1541 594 1570 in
620 1540 714 1579 primo
736 1539 865 1579 capitulo
890 1539 1074 1578 provinciali;
1091 1539 1118 1570 id
1136 1539 1231 1578 ipsum

491 1590 601 1630 pariter
625 1590 673 1619 liet
695 1589 724 1619 in
748 1598 816 1619 casu
839 1588 937 1619 obitus
963 1588 1162 1627 provincialiS,
1188 1589 1232 1618 vel

491 1638 578 1674 socii,
603 1639 639 1668 ita
665 1638 740 1677 quod
764 1637 936 1677 provinciali
959 1636 1095 1666 succedat
1118 1637 1145 1666 in
1170 1637 1231 1666 offi-

491 1687 536 1717 cio
560 1687 672 1726 primus
701 1686 837 1716 definitor
870 1685 999 1715 eiusdem
1035 1685 1182 1723 nationis,
1207 1689 1234 1715 et

492 1737 571 1767 socio
590 1736 734 1766 secundus
750 1735 887 1765 definitor
910 1735 1040 1765 eiusdem
1058 1735 1168 1776 pariter
1184 1744 1234 1764 na-

493 1785 593 1823 tionis,
617 1785 701 1814 euius
724 1784 812 1814 suerit
835 1784 882 1813 ille
905 1783 954 1823 qui
977 1783 1093 1814 obierit:

532 1842 562 1863 11.
587 1833 618 1863 ln
642 1833 773 1872 quolibet
807 1832 972 1862 definitorio
1006 1831 1064 1861 sint
1097 1831 1234 1870 aequales

494 1886 591 1922 patres
614 1881 727 1911 vocales
756 1880 929 1920 Tyrolenses
952 1889 986 1909 ex
1009 1881 1069 1909 una
1092 1885 1183 1919 parte,
1207 1884 1234 1910 et

494 1937 591 1971 patres
607 1930 754 1961 Austriaci
768 1940 800 1960 ex
819 1930 885 1959 alia.
899 1929 1023 1966 Negoeia
1041 1933 1147 1963 autem,
1163 1938 1235 1968 quae

494 1980 533 2011 ihi
564 1979 837 2020 pertractabuntur,
861 1978 1074 2009 concludantur
1104 1982 1133 2008 ct
1165 1978 1234 2008 defi-

494 2030 615 2060 niantur
632 2038 682 2067 per
700 2028 896 2068 pluralitatem
920 2027 1136 2067 suffragiorum.
1155 2027 1235 2063 Quod

494 2079 517 2108 si
532 2078 682 2116 contingat
695 2082 759 2107 vota
775 2083 830 2106 tam
845 2076 1012 2107 favorabilia
1025 2085 1110 2115 quam
1121 2081 1234 2106 contra-

494 2128 536 2157 ria
560 2136 642 2164 esse,
666 2126 771 2156 iterum
795 2130 823 2155 et
845 2126 931 2155 tertio
954 2135 1001 2156 res
1024 2128 1234 2165 preponantur3

496 2180 536 2213 et,
553 2176 576 2205 si
595 2175 690 2205 denuo
713 2174 850 2212 suffragia
868 2178 979 2204 secreta
996 2174 1089 2204 adhuc
1105 2173 1236 2213 aequalia

496 2229 596 2263 erunt,
612 2225 721 2254 decisio
737 2224 774 2254 sit
792 2233 880 2262 penes
897 2224 1056 2263 praesidem
1073 2223 1235 2252 definitorii

499 2283 549 2304 scu
573 2272 709 2313 capituli,
734 2273 812 2302 iuxta
836 2272 1062 2302 constitutiones
1085 2270 1213 2301 Ordinis:

535 2332 576 2354 111.
607 2322 676 2353 Cum
713 2326 872 2352 conventus
905 2322 1115 2351 constituentes
1151 2328 1237 2348 unam

496 2372 699 2402 alternationis
714 2375 837 2409 partem,
855 2380 928 2410 quae
945 2369 1097 2400 Austriaca
1112 2368 1236 2398 vocanda

496 2422 575 2455 erit,
601 2421 659 2450 sint
682 2420 723 2450 illi
759 2420 808 2460 qui
839 2420 867 2450 in
892 2419 1010 2450 Austria
1042 2423 1069 2448 ct
1092 2418 1237 2455 llungaria

499 2468 707 2508 reperiuntur;
736 2469 765 2498 in
799 2469 965 2508 superiores
998 2467 1103 2497 locales
1133 2467 1236 2496 horum

498 2523 694 2548 conventuum
713 2521 898 2547 assumantur
914 2516 1071 2553 Austriaci,
1090 2515 1133 2545 vel
1151 2516 1237 2545 etiam

499 2567 591 2597 eidem
616 2566 688 2606 parti
713 2566 903 2605 incorporati,
927 2574 1001 2605 quae
1025 2570 1120 2595 tamen
1143 2565 1237 2595 incor-

500 2615 612 2655 poratio
645 2620 850 2646 extraneorum
883 2619 998 2655 patrum
1028 2623 1079 2654 pro
1102 2614 1238 2644 Austriae

1080 215 1259 242 BULLARIUM
1284 216 1438 242 ROMANUM

2017 221 2067 247 An.
2083 220 2111 249 C.
2132 223 2194 254 1737

1265 269 1293 295 et
1315 265 1480 304 Hungariae
1502 267 1693 298 conventibus
1709 268 1744 298 ad
1760 268 1931 308 superiores
1947 277 2007 299 ma-

1266 315 1342 344 iores
1360 315 1486 345 nationis
1502 315 1671 346 Austriacae
1693 321 1814 358 spectet.
1831 318 1912 353 Quod
1928 317 2006 348 idem

1267 364 1386 393 omnino
1420 364 1547 394 vicissim
1581 365 1755 396 servandum
1788 366 1845 396 erit
1868 375 1901 396 ex
1925 370 2007 406 parte

1267 412 1489 450 Tyrolensium:

1307 470 1344 490 iv.
1370 462 1400 491 In
1434 464 1580 501 posterum
1615 461 1651 492 sit
1681 462 1839 493 novitiatus
1872 473 1947 494 unus
1977 464 2007 494 in

1268 510 1387 541 Austria
1417 521 1468 551 pro
1491 511 1654 542 candidatis
1677 512 1840 543 Austriacis
1868 517 1896 543 et
1930 514 2007 544 Hun-

1268 560 1356 598 garis,
1374 565 1401 590 et
1421 560 1493 590 alter
1516 560 1545 589 in
1568 560 1673 600 Tyrolo
1689 570 1740 601 pro
1756 562 1962 601 Tyrolensibus
1980 567 2008 593 et

1269 609 1435 638 eorumdem
1459 609 1663 649 incorporatis:

1309 666 1335 686 v.
1367 657 1538 687 Huiusmodi
1570 658 1716 688 candidati
1748 659 1947 699 suscipiantur
1978 659 2199 700 inberecipiendu

1269 706 1436 736 definitorio
1469 715 1483 735 a
1517 706 1717 745 superioribus
1750 708 1883 747 propriae
1917 703 2199 749 natio-{ioviii'eifamqffi

1271 755 1315 784 nis
1339 754 1499 794 respective
1520 755 1549 784 in
1573 755 1687 795 aequali
1710 756 1855 786 vocalium
1877 766 2010 796 numero,
2022 749 2178 776 ¹¹¹'⁰s⁰⁵⁵¹⁰¹¹‘¹¹²·

1273 807 1302 832 ut
1324 812 1411 842 supra
1434 802 1545 833 dictum
1569 808 1612 833 est
1628 827 1635 841 ‚
1659 803 1734 834 sicut
1756 804 1862 844 cuique
1885 805 1961 844 parti
1982 806 2013 836 in

1271 852 1392 882 Domino
1415 852 1613 882 necessarium
1642 862 1704 883 esse
1726 857 1754 883 et
1776 854 1913 893 expedire
1936 854 2015 885 vide-

1272 900 1393 930 buntur.
1418 901 1448 930 ln
1473 901 1621 940 praedicto
1650 906 1744 932 autem
1776 902 1942 933 definitorio
1965 912 2015 943 pa-

1273 954 1332 979 tres
1348 950 1500 989 utriusque
1523 950 1650 980 nationis
1673 950 1842 990 decernant,
1864 961 1900 982 ne
1917 951 2014 992 aliqua

1273 998 1352 1028 natio
1375 998 1520 1036 religiosis
1550 998 1705 1029 inutilibus
1737 999 1857 1030 alterius
1885 1000 2014 1031 nationis

1274 1046 1337 1086 plus
1358 1047 1435 1077 iusto
1458 1045 1615 1085 gravetur:

1314 1104 1350 1125 w.
1374 1095 1520 1125 AErarium
1554 1095 1703 1135 publicum
1739 1096 1907 1136 provinciae
1942 1097 2201 1134 divi-,zurtffinflan
2230 1093 2232 1133 J

1274 1144 1376 1182 datur,
1405 1148 1433 1173 et
1461 1144 1656 1174 haereditates
1678 1154 1711 1175 ac
1734 1145 1827 1184 legata
1849 1145 2015 1177 Austriaco-
2026 1138 2201 1183 ffinss'iiifffflm
2230 1139 2232 1149 ¹

1275 1203 1339 1223 rum
1364 1198 1414 1223 aut
1443 1194 1647 1232 llungarorum
1684 1199 1816 1234 spectent
1849 1195 1958 1234 pariter
1979 1196 2015 1227 ad
2230 1206 2232 1218 ¹

1276 1243 1422 1273 aerarium
1446 1243 1596 1273 dumtaxat
1626 1244 1715 1283 partis
1737 1244 1917 1279 Austriacae,
1940 1244 2016 1276 sicut
2230 1238 2232 1300 1

1276 1292 1405 1322 vicissim
1429 1293 1589 1331 spectantia
1613 1293 1647 1322 ad
1669 1293 1856 1332 Tyrolenses‚
1880 1293 1914 1324 ad
1936 1303 2018 1324 aera-
2230 1301 2232 1325 Ι

1275 1341 1349 1370 rium
1364 1341 1563 1380 Tyrolensium
1578 1341 1779 1371 devolvantur.
1794 1341 2016 1372 Administratio
2226 1330 2232 1412 4

1275 1394 1371 1420 autem
1395 1390 1501 1420 aerarii
1518 1390 1664 1420 Austriaci
1682 1390 1716 1420 ad
1736 1395 1832 1429 patres
1856 1390 2014 1421 definitorii

1276 1438 1456 1477 AustriacOS,
1471 1443 1497 1468 et
1510 1439 1615 1468 aerarii
1628 1438 1795 1477 Tyrolensis
1807 1439 1841 1468 ad
1855 1443 1953 1478 patres
1968 1439 2017 1469 de·
2226 1418 2232 1484 Ξ

1278 1488 1401 1518 finitorii
1419 1488 1590 1527 Tyrolenses
1619 1492 1729 1518 tantum
1754 1488 1907 1527 pertineat.
1926 1488 2016 1519 Porro
2228 1486 2232 1511 ³

1276 1537 1411 1576 capitalia
1436 1542 1492 1567 tam
1515 1542 1593 1567 certa
1616 1546 1703 1577 quam
1719 1537 1805 1567 dubia
1828 1537 1863 1567 ad
1886 1537 2015 1568 iustitiae
2224 1513 2232 1648 1

2051 472 2197 498 Novitiatibm.

1276 1590 1304 1616 et
1326 1586 1482 1625 aequitatis
1510 1586 1640 1623 regulam
1664 1587 1758 1625 aequa
1779 1586 1862 1616 lance
1884 1586 2017 1616 dividan-

1277 1638 1334 1664 tur.
1358 1634 1386 1665 Si
1409 1639 1504 1664 autem
1528 1634 1669 1673 quaedam
1692 1644 1726 1664 ex
1756 1634 1800 1664 his
1823 1634 2011 1674 capitalibus,

1277 1684 1350 1714 sacto
1374 1683 1461 1713 unius
1484 1684 1528 1713 vel
1551 1684 1672 1713 alterius
1693 1683 1831 1721 nationis,
1851 1683 1926 1714 male
1947 1683 2018 1714 suis-

1277 1737 1341 1762 sent
1363 1733 1472 1762 elocata
1496 1732 1540 1762 vel
1553 1732 1704 1770 distracta,
1721 1732 1759 1762 ita
1776 1732 1852 1772 quod
1865 1742 1911 1762 res
1924 1736 2016 1771 certa,
2221 1746 2222 1768 t

1277 1782 1386 1812 incerta
1409 1786 1438 1812 et
1459 1781 1545 1812 dubia
1578 1782 1748 1812 redderetur
1765 1805 1772 1818 ,
1803 1781 1879 1820 parti
1901 1782 2018 1812 nocenti

1278 1830 1464 1861 attribuatur.
1484 1831 1514 1860 ln
1540 1835 1758 1870 procuratorem
1781 1834 1878 1860 autem
1902 1831 2018 1870 provin·
2220 1836 2226 1861 ι·

1278 1879 1339 1909 ciae
1372 1884 1537 1909 assumatur
1571 1888 1692 1919 persona
1715 1879 1819 1909 idonea
1841 1888 1899 1910 non
1918 1878 2019 1909 habits

1279 1928 1391 1958 ratione
1414 1928 1552 1964 nationis,
1576 1937 1651 1967 quae
1681 1932 1780 1958 exacte
1809 1937 1839 1958 se
1857 1928 2019 1958 conformet

1279 1976 1539 2007 constitutionibus
1562 1976 1691 2007 Ordinis:

1318 2035 1366 2055 vn.
1391 2025 1493 2055 Nullus
1515 2025 1653 2064 deinceps
1676 2025 1829 2064 religiosus
1858 2025 1945 2055 unius
1968 2034 2019 2055 na·
2053 2036 2203 2066 nenena-aq·-
2227 2043 2232 2057 t

1279 2074 1366 2104 tionis
1388 2074 1422 2103 ad
1447 2078 1622 2104 conventum
1646 2074 1766 2103 alterius
1791 2074 1930 2108 nationis,
1955 2063 2204 2111 sine{?;⁰2L'⁵ffl,¹;⁸'.'21'
2222 2065 2232 2119 4

1280 2123 1398 2163 publica
1433 2127 1461 2153 et
1496 2123 1576 2162 gravi
1611 2123 1803 2158 necessitate,
1837 2132 1889 2163 per
1925 2117 2093 2162 patres³'³³¹¹²
2129 2115 2204 2143 ⁹¹⁰⁸*
2228 2122 2232 2147 l

2030 2143 2097 2167 ciani,
2112 2142 2148 2164 nisi
2169 2146 2202 2165 ιο·
2219 2150 2232 2168 2:

1281 2173 1489 2212 provincialem
1513 2177 1541 2202 et
1564 2172 1674 2202 socium
1698 2171 1899 2212 approbanda,
1924 2172 2020 2202 mitta·
2030 2170 2130 2222 ἓξζῖῑέῇῑθ
2173 2171 2203 2190 ⁰⁰·
2218 2175 2232 2202 ,t

1280 2227 1337 2257 tur,
1355 2226 1383 2251 et
1406 2222 1429 2251 si
1454 2222 1516 2251 sieri
1540 2222 1701 2260 contingat,
1718 2231 1843 2261 expensa
1866 2221 2019 2251 solvantur

1280 2271 1315 2300 ab
1338 2271 1450 2300 aerario
1473 2271 1552 2300 illius
1576 2271 1712 2307 nationis,
1735 2271 1764 2300 in
1787 2270 1869 2300 cuius
1892 2279 2019 2300 commo-

1280 2319 1349 2349 dum
1372 2319 1482 2349 similes
1504 2320 1680 2350 mutationes
1704 2319 1784 2349 fient:

1321 2377 1379 2398 vni.
1406 2368 1577 2398 lluiusmodi
1611 2368 1812 2399 alternationis
1833 2367 1949 2398 initium
1972 2367 2021 2398 de-

1283 2422 1329 2446 tur
1345 2417 1372 2446 in
1390 2417 1486 2447 sutura
1512 2417 1606 2448 diaeta
1630 2417 1808 2457 provinciae,
1825 2427 1909 2456 quae,
1930 2421 2023 2447 atten-

1282 2466 1317 2495 tis
1333 2466 1564 2496 circumstantiis
1586 2471 1614 2496 et
1638 2466 1861 2497 necessitatibus
1884 2475 2021 2506 praesen-

1282 2514 1369 2552 tibus,
1390 2515 1438 2545 siat
1453 2520 1559 2545 statuto
1579 2520 1708 2555 tempore
1724 2515 1853 2545 Viennae
1875 2514 2020 2551 Austriae‚

1281 2568 1368 2603 atque
1393 2565 1420 2594 in
1445 2564 1496 2595 illa
1518 2573 1564 2594 res
1580 2564 1773 2604 disponantur
1795 2564 1870 2594 circa
1893 2563 2022 2603 superio-

1281 2622 1327 2644 res
1350 2613 1499 2653 eligendos
1528 2622 1580 2654 pro
1612 2612 1805 2645 conventibus
1836 2611 1971 2644 Austriae
1992 2616 2022 2645 et

2070 2380 2130 2401 tutuo
2148 2379 2196 2402 ntur
2224 2382 2232 2421 ¹

2031 2409 2123 2428 nativae.
2140 2430 2143 2431 ⁷
2229 2428 2232 2429 γ
