2232 3178
262 267 353 294 Αη.(“.,
380 266 444 293 1738
490 258 554 292 484

451 320 482 348 et
506 315 703 347 sufficienter
728 315 890 357 expressis
922 324 959 347 ac
977 313 1016 345 de
1035 313 1131 346 verbo
1148 312 1186 344 ad

450 369 580 399 verbum
607 367 734 399 insertis
760 367 929 406 habentes,
959 365 1021 398 illis
1053 365 1132 397 alias
1155 364 1185 396 in

451 430 508 452 suo
528 421 643 452 robore
673 419 904 462 permansuris,
930 419 968 451 ad
995 418 1188 461 praemisso-

451 482 520 504 rum
535 472 691 511 effectum,
720 472 778 504 hac
796 472 863 505 vice
878 472 1049 510 dumtaxat,
1066 470 1189 513 specia-

450 526 524 558 liter
549 532 581 558 et
597 536 749 569 expresse
774 526 983 568 derogamus;
1002 525 1187 569 ceterisque

451 578 622 610 contrariis
647 578 917 620 quibuscumque.

494 630 607 662 Datum
634 630 754 663 Romae
768 658 775 670 ‚
801 631 887 673 apud
905 630 936 663 S.
954 630 1082 663 Mariam
1098 630 1189 663 Maio-

450 694 530 722 rem,
553 684 611 715 sub
636 684 758 716 annulo
782 683 975 723 Piscatoris,
1003 684 1055 716 die
1085 694 1107 717 11
1133 694 1188 715 au-

450 737 534 778 gusti
567 746 807 777 lttnccxxxxvlll,
837 737 1047 781 pontificatus
1083 736 1187 770 nostri

450 798 536 821 anno
566 798 607 822 ix.

484 849 547 876 Dat.
567 849 612 877 die
632 850 648 877 ΕΞ
667 851 780 886 augusti
802 851 881 885 1738,
902 851 1007 887 pontif.
1032 859 1105 877 anno
1127 857 1161 877 tx.

716 993 924 1027 ccxxxvtlt.

451 1071 656 1113 Confirmatio
692 1071 811 1103 decreti
850 1070 991 1114 capituli
1028 1069 1191 1113 generalis

493 1125 723 1156 canonicorum
745 1123 951 1166 reqularium
968 1121 1102 1155 Ordinis
1121 1132 1193 1154 san-

494 1177 537 1207 cti
552 1176 693 1208 Antonii
716 1176 916 1214 Viennensis,
944 1186 1000 1218 per
1023 1175 1108 1218 quod
1131 1179 1193 1206 sta-

495 1232 600 1261 tuitur
627 1228 712 1271 quod
743 1228 819 1261 laici
846 1228 925 1261 dicti
953 1228 1089 1262 Ordinis
1116 1238 1192 1270 pro-

492 1282 661 1324 fessionem
679 1286 750 1325 post
775 1286 916 1324 quatuor
933 1291 1036 1313 annos
1066 1285 1194 1313 tantum,

495 1335 638 1367 emiltere
665 1335 803 1377 possint.

659 1413 796 1440 clemens
818 1414 898 1447 Papa
919 1414 985 1445 xu,

593 1457 631 1484 ad
650 1457 786 1484 futuram
806 1457 852 1484 rei
873 1458 1060 1484 memoriam.

285 1541 343 1562 quta
358 1541 440 1566 renutat

328 1570 331 1571 ⁷
437 1568 440 1571 Δ
496 1530 512 1570 ξ
538 1528 569 1561 1.
597 1528 717 1571 Exponi
744 1528 841 1561 nobis
868 1539 972 1572 nuper
1007 1528 1079 1561 feeit
1114 1528 1194 1560 dile-

258 1568 362 1625 ffgffssissi'
391 1569 522 1620 'fissfiictus
547 1581 632 1614 filius
658 1582 833 1615 modernus
866 1587 1063 1625 procurator
1094 1591 1194 1624 gene-

258 1621 529 1677 2332”}'Z?{-¹.‘l}=³2iratis
565 1635 796 1667 canonicorum
834 1635 1031 1677 regularium
1065 1634 1192 1667 Ordinis

290 1673 554 1730 '‘'v'sIUSZ-nmssdsancti
567 1687 697 1721 Antonii
716 1688 917 1728 Viennensis,
936 1688 1023 1730 quod
1043 1698 1101 1730 per
1118 1698 1194 1720 con-

262 1731 390 1748 ''‘“⁰¹⁴L⁰“⁰¹'
453 1741 637 1774 stitutiones
664 1741 740 1774 dicti
766 1741 895 1774 Ordinis
926 1746 1010 1784 part.
1039 1751 1061 1774 11
1087 1752 1158 1784 cap.
1184 1751 1192 1774 1

453 1795 499 1828 De
521 1793 715 1837 recipiendis
749 1793 784 1826 in
820 1793 958 1834 Ordine,
984 1804 1015 1826 n.
1040 1803 1096 1832 vn,
1121 1804 1195 1826 cau-

454 1854 519 1880 tum
546 1847 727 1890 reperiatur
752 1857 792 1879 ne
818 1847 930 1879 fratres
950 1846 1022 1879 laici
1042 1857 1099 1879 seu
1119 1857 1195 1880 con-

453 1901 535 1933 versi
561 1901 637 1933 dieti
659 1900 788 1933 Ordinis
814 1900 853 1933 ad
880 1900 1118 1943 professionem
1137 1910 1195 1943 per

454 1953 585 1986 eosdem
607 1952 709 1985 emitti
728 1957 926 1992 consuetam,
945 1952 1007 1985 nisi
1025 1956 1194 1996 postquam

455 2007 569 2039 decem
587 2015 747 2038 annorum
766 2004 871 2047 spatio
886 2004 971 2037 dicto
992 2004 1103 2038 Ordini
1127 2011 1195 2038 tan-

456 2069 552 2102 quam
594 2058 703 2090 donati
747 2057 955 2091 inservierint
990 2062 1022 2090 et
1057 2058 1193 2091 subinde

454 2111 627 2145 novitiatus
653 2121 771 2144 annum
796 2110 996 2154 peregerint,
1023 2111 1194 2143 admittan-

456 2170 523 2205 tur·,
544 2169 590 2204 et,
610 2175 682 2197 oum
699 2164 848 2208 pluribus
874 2164 914 2196 ab
940 2164 1015 2196 hine
1040 2163 1131 2196 annis
1149 2174 1193 2195 su-

454 2218 600 2261 periores
636 2219 805 2261 generales
843 2217 973 2251 Ordinis
1009 2216 1193 2250 huiusmodi

455 2272 575 2305 malum
601 2271 760 2312 effectum,
782 2281 878 2314 quem
896 2271 1094 2314 praedictum
1114 2275 1193 2303 tem-

454 2336 515 2368 pus
542 2325 656 2359 afferre
674 2327 769 2366 solet,
791 2325 1009 2368 agnovissent,
1028 2334 1100 2357 nam
1123 2325 1193 2367 plu-

455 2379 526 2411 rimi
553 2390 590 2412 ex
616 2379 710 2412 dictis
727 2378 854 2411 donatis
872 2388 949 2420 erga
968 2378 1112 2410 divinum
1130 2388 1195 2410 ser-

452 2432 564 2464 vitium
590 2431 736 2470 desides,
763 2430 855 2464 alteri
881 2442 898 2463 a
924 2430 1031 2463 fallaci
1062 2431 1194 2464 licentia

453 2485 569 2523 illecti,
595 2490 627 2517 et
659 2484 711 2518 alii
738 2484 866 2516 demum
903 2494 921 2516 a
956 2484 1194 2516 cacodaemone

454 2538 607 2580 instigati,
622 2548 693 2570 cum
719 2543 846 2580 tempus
863 2536 1031 2570 emittendi
1051 2536 1194 2569 eamdem

453 2591 696 2634 professionem
727 2600 832 2634 prope
856 2589 1026 2623 imminere
1052 2588 1195 2622 animad-

454 2644 626 2685 verterint,
652 2654 669 2677 a
693 2643 862 2688 proposita
895 2641 993 2676 animi
1029 2641 1194 2676 sententia

1034 264 1215 288 mmmmm!
1239 263 1394 287 ROMANUM
1655 264 1682 288 Q

1980 263 2028 288 An.
2045 262 2072 289 C.
2091 252 2158 293 1738x

1233 311 1411 351 recedunt,
1439 321 1497 353 per
1523 311 1686 353 quoddam
1719 311 1884 344 decretum
1921 322 1969 343 ca-

1231 363 1323 405 pituli
1343 362 1503 405 generalis
1518 363 1593 395 dicti
1610 362 1739 395 Ordinis
1756 373 1866 396 mense
1885 362 1968 396 maio

1231 426 1335 459 nuper
1359 417 1472 459 elapso
1497 416 1650 448 celebrati
1679 421 1804 459 ternpus
1817 416 1968 449 undecim

1231 479 1387 501 annorum
1414 469 1599 501 huiusmodi
1626 469 1663 501 ad
1695 475 1834 512 quatuor
1869 479 1969 502 annos

1232 521 1395 554 dumtaxat
1419 521 1567 563 redigere
1592 522 1806 563 studuerunt,
1834 527 1865 554 et
1889 521 1968 555 alias

1232 579 1330 615 prout
1353 573 1386 605 in
1412 573 1556 606 eiusdem
1582 573 1714 616 capituli
1734 573 1894 615 generatis
1913 573 1968 606 de-

1232 631 1320 658 creto
1347 626 1466 658 tenoris
1493 625 1547 668 qui
1573 626 1731 669 sequitur,
1760 626 1933 659 videlicet:
2197 660 2198 667 χ

1271 680 1433 710 Extinctum
1456 691 1489 710 ev
1510 681 1578 710 actis
1599 680 1778 718 oriyiualz'bus
1795 680 1911 719 capituli
1924 690 1969 718 ye—
2013 690 2103 716 Capituli
2127 697 2160 718 ge.
2196 689 2198 703 ²

1979 717 2059 737 nei-atis
2076 718 2160 739 decreto
2197 719 2198 723 ¹

1231 729 1336 759 iteratis
1370 730 1436 759 anni
1468 737 1675 767 rinccxxxvni,
1705 739 1739 759 ez
1771 730 1887 758 sessione
1910 737 2099 763 xiv.11..i„,mffl‚;
2122 747 2158 765 m.

1232 777 1378 812 Quantum
1401 787 1438 807 ex
1461 778 1584 807 fratrum
1607 786 1816 807 conversorum
1839 777 1968 807 servitiis
1980 770 2098 816 'g‘jfflssssffln
2111 775 2162 818 ἵξῖ,

1233 835 1332 855 rerum
1366 827 1569 864 temporalium
1601 826 1852 856 administratores
1884 826 1914 855 in
1941 824 2049 855 o-²⁰‘⁰⁵⁴

1233 875 1350 904 mnibus
1373 874 1491 905 Ordinis
1513 875 1605 904 nostri
1629 874 1775 911 domibus,
1792 875 1841 904 sed
1863 874 1892 904 in
1916 874 1970 904 hac

1233 923 1334 952 inclita
1347 923 1516 961 praesertim
1530 923 1656 959 abbatia,
1671 923 1830 953 adiumenti
1843 923 1970 962 capiant,

1234 972 1343 1001 nemini
1366 981 1422 1001 non
1453 972 1637 1011 perspicuum
1670 976 1724 1002 est.
1759 972 1862 1002 Verum
1885 972 1972 1002 hodie

1235 1020 1402 1059 paucissimi
1424 1024 1493 1049 sunt
1515 1020 1611 1049 idonei
1634 1021 1765 1057 iuvenes,
1789 1021 1837 1060 qui
1861 1021 1890 1050 in
1923 1021 1973 1050 tali

1235 1072 1310 1097 statu
1334 1067 1389 1097 Deo
1412 1068 1537 1097 militare
1559 1068 1661 1106 velint,
1685 1060 1713 1097 et
1735 1069 1754 1098 ii
1776 1069 1843 1107 ipsi,
1867 1068 1973 1107 quibus

1235 1116 1317 1145 hunc
1336 1116 1475 1146 Dominus
1491 1116 1624 1145 effectum
1640 1116 1781 1155 inspirat,
1805 1117 1974 1155 longissimo

1236 1166 1375 1203 temporis
1398 1169 1492 1195 tractu
1507 1189 1513 1199 ,
1537 1175 1594 1204 quo
1617 1165 1777 1204 probantur
1799 1175 1849 1204 per
1871 1165 1974 1196 decem

1236 1223 1327 1243 annos
1350 1214 1379 1243 in
1403 1213 1502 1243 habitu
1525 1214 1717 1252 donatorum,
1741 1218 1769 1243 et
1792 1223 1843 1253 per
1865 1223 1974 1244 annum

1237 1262 1423 1292 undecimum
1447 1263 1475 1292 in
1499 1263 1652 1299 novitiatu,
1673 1263 1847 1302 plerumque
1870 1273 1884 1292 a
1908 1272 1974 1302 pro-

1238 1312 1329 1350 posito
1352 1311 1553 1341 deterrentur:
1578 1312 1666 1349 unde,
1689 1312 1734 1341 vel
1758 1311 1891 1342 habitum
1914 1322 1972 1343 non

1237 1360 1412 1399 suscipiunt,
1428 1360 1472 1389 vel
1488 1365 1668 1399 susceptum,
1683 1365 1805 1398 urgente
1821 1360 1972 1390 daemonis

1237 1409 1407 1446 tentatione,
1428 1408 1474 1438 cui
1493 1409 1602 1438 tamdiu
1619 1409 1756 1439 resistere
1779 1409 1897 1439 difficile
1917 1412 1971 1446 est,

1237 1457 1341 1486 leviter
1362 1457 1523 1486 dimittunt.
1549 1457 1641 1495 igitur
1664 1457 1839 1499 venerabilis
1862 1462 1972 1496 coetus,

1238 1505 1359 1544 cupiens
1382 1515 1588 1535 conversorum
1613 1506 1734 1536 fratrum
1752 1506 1903 1545 penuriam
1925 1510 1975 1536 aut

1239 1554 1356 1584 totalem
1380 1555 1466 1584 etiam
1490 1555 1698 1585 extinctionem
1715 1560 1858 1593 avertere,
1874 1555 1975 1585 statuit

1237 1612 1299 1633 esse
1322 1603 1517 1632 breviandum
1537 1612 1636 1633 eorum
1660 1602 1838 1642 probationis
1862 1607 1975 1642 tempus

1237 1661 1251 1681 a
1274 1652 1416 1681 decennio
1439 1652 1473 1681 ad
1496 1652 1676 1689 triennium3
1701 1652 1739 1682 ita
1763 1656 1795 1682 ut
1817 1656 1880 1691 post
1914 1656 1973 1682 tres

1237 1710 1329 1730 annos
1351 1701 1379 1730 in
1398 1705 1474 1731 statu
1490 1700 1660 1730 donatorum
1677 1709 1822 1737 emensos,
1840 1700 1976 1730 alterum-

1238 1758 1293 1788 que
1316 1749 1437 1788 insuper
1460 1749 1488 1778 in
1511 1749 1655 1779 novitiatu
1670 1773 1677 1786 ,
1701 1749 1725 1778 si
1758 1748 1869 1778 habiles
1901 1747 1975 1777 iudi-

1237 1800 1360 1833 centur,
1382 1796 1417 1825 ad
1439 1796 1605 1833 religiosam
1628 1795 1837 1834 professionem
1862 1793 1974 1824 admitti

1238 1843 1362 1872 valeant.
1404 1841 1587 1881 Quapropter
1626 1842 1807 1881 procuratori
1846 1841 1974 1880 generali

1238 1888 1267 1916 in
1290 1887 1376 1917 Curia
1397 1887 1582 1925 iniungitur,
1609 1891 1640 1916 ut
1666 1886 1863 1916 necessariam
1889 1895 1977 1925 super

1239 1934 1291 1964 hoc
1313 1943 1327 1963 a
1350 1934 1535 1963 sanctissima
1556 1933 1628 1964 Sede
1657 1934 1754 1972 legum
1785 1942 1835 1963 seu
1867 1933 1975 1963 consti-

1238 1980 1385 2010 tutionum
1412 1984 1579 2010 nostrarum
1604 1979 1852 2020 dispensationem
1880 1979 1978 2010 humi-

1238 2028 1305 2058 liter
1324 2028 1497 2067 expostulet.
1516 2045 1552 2050 --
1576 2028 1725 2058 Concor-dat
1746 2036 1807 2057 cum
1829 2026 1973 2064 ονὶρὶηαὶί.

1238 2094 1275 2098 -
1290 2075 1324 2105 N.
1342 2075 1503 2106 GAsrAnlxl
1519 2073 1630 2103 abbatis
1642 2075 1650 2090 ¹
1671 2073 1816 2112 generalis
1837 2075 1867 2103 S.
1885 2073 1976 2103 Anto-

1237 2122 1289 2152 nii.
1315 2140 1349 2144 —
1373 2122 1406 2151 A.
1430 2122 1565 2151 BorDELs
1588 2120 1760 2151 secretarii²
1781 2119 1900 2160 capituli
1926 2129 1976 2158 ge-

1238 2168 1357 2199 neralis.
1383 2168 1450 2198 Loco
1473 2170 1491 2204 ἦ·
1513 2167 1610 2206 sfyttlz'.

1277 2218 1291 2260 ἓ
1316 2217 1347 2250 02.
1375 2216 1450 2250 Cum
1478 2222 1601 2256 autem,
1633 2217 1716 2249 sicut
1739 2216 1840 2249 dictus
1866 2225 2165 2273 pr⁰m¹'n‘i=¹‡‚iss¹0⁰}³0⁶i{’0'r¹¹2¹ssi
2203 2227 2205 2230 ⁴

1240 2275 1327 2303 rator
1345 2270 1504 2313 generalis
1519 2269 1614 2303 nobis
1632 2280 1737 2312 nuper
1754 2269 1871 2312 exponi
1889 2269 1974 2309 fecit,
1987 2278 2066 2300 dicium
2078 2277 2165 2324 Πακκ-

1238 2323 1405 2356 decretum
1432 2323 1562 2365 capituli
1588 2323 1752 2365 generalis
1778 2321 1974 2363 huiusmodi,
1986 2307 2165 2380 :effagffissasn'ssnl

1238 2387 1301 2419 quo
1327 2376 1453 2409 firmius
1479 2376 1635 2409 subsistat
1661 2382 1692 2409 et
1716 2381 1865 2409 servetur
1897 2386 1974 2408 exa·

1238 2429 1340 2468 etius,
1365 2429 1559 2472 apostolicae
1577 2429 1833 2462 confirmationis
1846 2434 1976 2462 nostrae

1238 2481 1417 2525 patrocinio
1444 2482 1636 2515 communiri
1662 2491 1868 2525 summopere
1895 2481 1977 2514 desi-

1238 2535 1354 2568 deret:

1275 2606 1285 2631 1
1309 2604 1408 2631 Forsan
1429 2605 1516 2631 abbas
1537 2608 1574 2637 (tt.
1591 2604 1640 2636 in).

1273 2650 1288 2676 ⁰2
1308 2649 1405 2685 Aptius
1424 2649 1599 2678 secretarius
1619 2649 1656 2685 (n.
1673 2649 1721 2684 τη).
