2232 3178
474 190 539 224 680
1019 195 1198 221 sumamma
1224 195 1376 221 nomnen

518 263 538 285 av
563 255 592 284 et
616 260 690 293 seqs,
716 248 875 282 facultates
899 257 916 280 a
941 247 1079 281 Summis
1103 246 1307 280 Pontificibus
1333 247 1483 281 cardinali
1512 247 1604 281 Urbis
1633 247 1750 281 vicario
1774 257 1959 290 concessas,

518 314 553 336 ac
584 301 768 346 pracsertim
795 311 812 332 a
837 299 1004 333 Benedicto
1029 300 1308 346 mlh-confirmat
1332 301 1474 334 Clemens
1498 301 1567 341 xli,
1593 300 1634 334 96
1658 301 1692 341 b;
1719 301 1844 335 decreta
1868 302 1959 335 Inno-

517 355 609 388 centii
642 354 682 386 Xl
716 358 745 385 et
775 352 942 385 Alexandri
967 352 1031 385 VIII
1055 352 1093 385 dc
1118 353 1314 396 prohibenda
1338 354 1574 397 quaestuatione
1598 353 1792 387 Graecorum
1817 354 1961 395 innovat,

522 407 575 439 181
605 406 634 445 [13
658 406 823 438 confirmat
847 414 974 448 quoque
999 404 1213 448 chirographa
1236 406 1311 438 alias
1336 416 1485 439 concessa
1515 416 1611 449 super
1640 406 1859 440 distributione
1887 407 1960 440 salis

517 470 537 492 (ι
560 458 696 491 ιτανΙείἰιι
721 459 899 500 nuncupata
924 457 956 489 in
981 457 1104 490 civitate
1135 458 1328 492 Anconitana
1353 469 1389 491 ac
1414 459 1496 492 illius
1527 458 1676 492 comitatu
1706 458 1869 500 facienda,
1895 459 1960 493 296

516 523 535 544 α
565 517 595 543 et
622 521 699 553 seq.,·
718 510 846 543 innovat
863 515 892 542 et
909 509 1076 543 confirmat
1093 510 1213 543 litteras
1230 511 1360 553 Eugenii
1378 512 1415 544 IV
1433 511 1471 544 de
1487 521 1550 544 non
1567 511 1780 554 permittendo
1798 512 1960 545 monachis

517 562 778 597 Cisterciensibus
796 562 962 596 transitum
979 562 1016 594 ad
1033 562 1111 595 alios
1129 561 1265 597 Ordines
1290 569 1417 607 praeter
1435 563 1685 606 Carthusianum,
1701 563 1766 598 356
1791 563 1807 597 b
1831 569 1861 596 et
1883 575 1958 608 seq.;

516 616 590 648 item
616 615 713 648 Breve
738 614 856 647 Urbani
882 615 956 656 VIII,
982 625 1046 658 quo
1070 616 1287 648 communitati
1312 616 1445 649 civitatis
1463 617 1699 649 Beneventanae
1724 616 1907 650 conceditur
1927 622 1961 650 ut

517 678 631 701 causae
652 667 840 711 temporales
858 667 907 700 vel
932 667 1038 700 civiles
1063 667 1094 699 in
1118 667 1221 710 prima
1238 673 1268 700 et
1288 668 1425 701 secunda
1450 667 1595 701 instantia
1616 673 1703 700 extra
1723 667 1864 701 eamdem
1886 668 1961 701 civi-

516 725 611 754 tatem
632 720 780 763 cognosci
804 729 866 752 non
887 719 1018 763 possint,
1035 719 1099 752 369
1127 730 1148 752 a
1176 725 1206 752 et
1232 730 1307 763 seq.;
1333 720 1572 754 constitutiones
1596 729 1723 763 quoque
1746 720 1822 754 Sixti
1850 721 1874 752 V
1901 730 1961 764 pro

515 772 719 805 indemnitate
743 776 773 805 et
797 772 1069 805 administratione
1094 771 1305 805 bibliothecae
1329 773 1494 806 Vaticanae
1518 772 1663 813 innovat,
1688 771 1747 805 571
1776 782 1797 805 a
1815 777 1846 805 et
1868 782 1932 816 seq.

427 824 672 859 Constitutiones
696 824 887 868 apostolicae
911 824 1092 867 derogatae.
1122 843 1164 848 —-
1192 824 1278 857 Pauli
1305 825 1327 857 V
1352 825 1590 866 constitutioni,
1614 835 1675 869 qua
1699 824 1858 857 mandavit
1880 835 1959 858 con-

516 883 626 911 ventus
649 877 837 911 Peruntinos
861 882 892 910 et
916 876 1077 911 Chilenses
1103 876 1254 909 Ordinum
1279 877 1537 912 Praedicatorum
1563 882 1593 912 et
1621 878 1831 912 Eremitarum
1863 877 1962 911 sancti

515 930 702 973 Augustini,
727 929 758 962 in
782 929 898 973 quibus
922 934 994 963 octo
1019 929 1128 962 saltem
1154 929 1296 972 religiosi
1328 940 1392 964 non
1424 931 1604 971 alerentur,
1628 930 1802 974 supprimi,
1830 930 1964 973 derogat

516 983 671 1023 Clemens,
696 982 716 1015 ΕΖ
742 983 758 1015 b
783 987 813 1015 et
837 992 914 1026 seq.;
940 982 1195 1015 constitutionem
1224 993 1328 1025 suam,
1354 993 1416 1026 qua
1443 993 1581 1016 annuam
1610 982 1877 1017 contributionem
1904 993 1962 1026 per

516 1035 743 1068 monasterium
768 1034 796 1068 S.
822 1034 1034 1068 Scholasticae
1061 1034 1323 1078 Congregationis
1351 1035 1544 1069 Cassinensis
1568 1035 1745 1069 faciendam
1768 1035 1962 1069 monasterio

515 1088 601 1122 Sacri
620 1087 739 1131 Specus
756 1087 787 1120 in
807 1097 897 1131 pane,
913 1087 995 1127 vino,
1020 1092 1090 1127 etc,
1114 1087 1183 1119 fieri
1209 1097 1301 1130 posse
1325 1088 1554 1129 declaraverat,
1579 1088 1726 1131 abrogat,
1744 1088 1786 1121 37
1811 1088 1828 1121 b
1852 1093 1883 1121 et
1900 1099 1961 1133 seq.

429 1141 673 1175 Constitutiones
697 1140 888 1184 apostolicae
911 1139 1104 1173 moderatae.
1129 1159 1171 1164 —
1195 1140 1440 1174 Constitutiones
1471 1141 1518 1174 Pii
1551 1140 1587 1174 IV
1611 1146 1642 1173 et
1673 1140 1760 1175 Pauli
1784 1140 1808 1173 V
1838 1141 1877 1174 de
1899 1150 1963 1174 non

517 1194 744 1237 cognoscendis
768 1203 785 1226 a
810 1194 898 1226 sacra
918 1194 996 1226 Rota
1020 1192 1123 1226 causis
1147 1192 1339 1234 auditorum,
1365 1203 1540 1237 eorumque
1563 1193 1883 1236 consanguineorum,
1911 1194 1961 1227 af-

517 1247 627 1280 finium
653 1252 684 1280 et
710 1245 933 1286 familiarium,
952 1246 1117 1279 restrictae
1140 1246 1179 1279 ad
1203 1256 1312 1279 causas
1342 1246 1485 1290 ipsorum
1505 1246 1686 1279 auditorum
1714 1246 1963 1289 consanguineo-

516 1310 588 1333 rum
613 1299 644 1332 in
671 1299 775 1343 primo
797 1298 915 1342 gradu,
943 1309 1118 1342 eorumque
1142 1299 1197 1342 qui
1222 1298 1349 1332 illorum
1367 1298 1479 1332 studiis
1502 1298 1696 1339 inserviunt,
1720 1298 1763 1332 13
1787 1310 1824 1339 α;
1849 1299 1964 1342 Grego-

518 1352 555 1385 rii
569 1352 634 1386 XIV
649 1351 906 1386 constitutionem
917 1377 925 1392 ,
939 1361 1000 1394 qua
1016 1350 1185 1385 cavebatur
1199 1361 1237 1383 ne
1251 1351 1460 1384 saecularium
1476 1352 1688 1385 consessiones
1702 1351 1848 1385 audirent
1859 1357 1965 1396 patres

519 1405 698 1450 Capuccini,
716 1405 897 1438 moderatus
921 1409 968 1437 est
988 1404 1131 1438 Clemens
1151 1404 1227 1446 Vlll,
1245 1404 1472 1448 abrogavitque
1495 1404 1640 1438 Clemens
1665 1404 1730 1446 XII,
1747 1404 1789 1438 43
1809 1415 1830 1438 α
1849 1410 1879 1438 et
1900 1416 1962 1449 seq.

429 1458 674 1492 Constitutiones
698 1458 850 1492 Ordinum
887 1457 1080 1500 regularium
1106 1457 1330 1499 confirmatae,
1355 1458 1427 1491 vide
1461 1457 1598 1491 Ordines
1622 1459 1785 1501 requlares
1815 1459 1871 1492 sub
1890 1469 1963 1503 pro-

514 1513 599 1555 priis
623 1522 734 1544 eorum
759 1511 873 1544 titulis

429 1564 675 1598 Constitutiones
698 1563 907 1607 particulares
932 1568 961 1596 et
983 1567 1053 1596 acta
1076 1563 1214 1606 publica.
1244 1582 1283 1587 —
1316 1563 1561 1597 Constitutiones
1590 1564 1714 1607 collegii
1749 1564 1963 1607 parochorum

516 1617 555 1650 de
579 1617 680 1657 Urbe,
707 1616 771 1649 226
797 1617 813 1648 b
839 1621 868 1649 et
895 1626 973 1659 seq.;
994 1615 1254 1658 Congrcgationis
1278 1626 1333 1649 seu
1357 1616 1482 1659 collegii
1507 1617 1564 1649 sub
1589 1617 1679 1650 titulo
1703 1617 1867 1651 Familiae
1893 1618 1965 1651 Iesu

517 1671 636 1705 Christi
659 1679 717 1713 pro
741 1668 927 1702 educatione
951 1669 1152 1701 alumnorum
1177 1668 1354 1701 Sinensium
1387 1674 1417 1702 et
1447 1669 1597 1702 Indorum
1629 1670 1660 1702 in
1685 1670 1810 1703 civitate
1833 1671 1963 1714 Neapoli

516 1723 624 1763 erecti,
648 1722 714 1755 124
737 1732 771 1761 α;
796 1722 928 1764 regulae
953 1721 1078 1763 collegii
1103 1720 1225 1754 Corsini
1247 1721 1535 1756 Italo-Graecorum
1553 1723 1775 1756 Albanensium
1800 1724 1832 1756 in
1848 1724 1964 1768 oppido

517 1775 555 1808 de
573 1776 682 1808 Ullano
701 1773 838 1815 fundati,
857 1772 921 1806 186
946 1774 962 1806 b
987 1779 1017 1806 et
1039 1784 1119 1817 seq,
1145 1774 1316 1807 concordia
1333 1774 1409 1807 inita
1426 1775 1508 1808 inter
1524 1775 1798 1819 archiepiscopum
1818 1780 1848 1809 et
1865 1776 1965 1809 archi-

520 1829 707 1862 mandritam
725 1829 938 1861 Messanenses
955 1837 1052 1871 super
1070 1828 1230 1861 nonnullis
1246 1827 1372 1872 punctis
1392 1827 1704 1869 iurisdictionalibus‚
1725 1828 1784 1861 111
1805 1839 1824 1862 α
1842 1832 1872 1862 et
1887 1839 1964 1872 seq.;

518 1881 671 1916 sententia
696 1880 987 1914 commissariorum
1012 1880 1259 1924 apostolicorum
1285 1885 1315 1913 et
1338 1881 1422 1923 regis
1447 1880 1696 1914 christianissimi
1721 1891 1816 1924 super
1839 1887 1965 1915 contro-

518 1934 629 1966 versiis
643 1933 759 1966 civitati
774 1932 977 1966 Cavallicensi
993 1932 1085 1966 motis
1101 1933 1184 1965 circa
1198 1933 1427 1966 derivationem
1443 1943 1595 1977 aquarum
1613 1944 1629 1966 e
1642 1934 1772 1967 flumine
1787 1934 1964 1976 Druentiam,

517 1986 582 2020 0200
605 1996 625 2020 α
652 1989 682 2020 et
708 1997 784 2029 seq.;
813 1985 950 2018 edictum
987 1986 1224 2019 eminentissimi
1261 1986 1429 2019 cardinalis
1458 1986 1581 2020 Corsini
1612 1986 1793 2028 signaturae
1828 1986 1965 2019 iustitiae

518 2039 666 2083 praefecti
702 2049 797 2082 super
832 2039 985 2082 privativa
1020 2038 1246 2072 iurisdictionis
1280 2040 1377 2072 Rotae
1411 2039 1650 2079 Maceratensis‚
1682 2039 1747 2071 ⁶204
1778 2040 1794 2072 b
1824 2044 1855 2072 et
1883 2050 1963 2084 seq.;

520 2092 728 2125 resolutiones
752 2091 1006 2134 congregationis
1029 2091 1228 2135 particularis
1252 2102 1310 2134 pro
1334 2091 1482 2134 expositis
1499 2091 1753 2135 arcliihospitalis
1777 2092 1808 2125 S.
1828 2092 1964 2136 Spiritus

519 2146 549 2178 in
570 2145 659 2178 saxia
684 2145 722 2177 de
747 2145 848 2185 Urbe,
871 2144 935 2177 316
960 2155 980 2177 α
1010 2148 1040 2178 et
1062 2155 1141 2187 scq.;
1166 2145 1198 2176 in
1224 2146 1411 2188 unaquaque
1436 2145 1599 2188 provincia
1623 2145 1828 2178 stabiliendus
1852 2145 1964 2179 modus

519 2198 674 2231 educandi
704 2198 837 2230 infantes
867 2197 1040 2240 expositos,
1069 2198 1158 2237 ibid,
1187 2198 1272 2240 leges
1296 2198 1334 2229 ab
1359 2195 1598 2241 archiepiscopo
1623 2197 1855 2241 Salisburgensi
1886 2199 1964 2231 latas

518 2261 577 2294 pro
602 2250 808 2283 missionariis
831 2249 1016 2282 missionum
1041 2249 1079 2281 ab
1104 2249 1171 2292 ipso
1195 2249 1394 2281 fundatarum
1422 2249 1452 2281 in
1477 2249 1613 2282 dioecesi
1633 2249 1866 2293 Salisburg'ensi
1890 2260 1962 2284 con-

519 2304 642 2343 firmat,
668 2303 727 2336 511
757 2303 773 2335 b
798 2309 829 2336 et
851 2313 927 2346 seq.;
953 2302 1194 2335 constitutiones
1223 2301 1394 2334 servandae
1419 2312 1436 2335 a
1461 2303 1623 2335 monacbis
1655 2302 1782 2336 Graecis
1811 2303 1964 2336 Melchitis

519 2355 780 2400 Congregationis
805 2356 834 2389 S.
856 2355 979 2389 loannis
1004 2354 1160 2398 Baptistae
1184 2353 1215 2386 in
1239 2354 1360 2395 Soairo,
1385 2354 1415 2387 in
1441 2355 1633 2388 monasterio
1657 2355 1695 2387 ad
1725 2355 1754 2389 S.
1779 2355 1906 2388 Mariam
1931 2355 1964 2388 in

519 2410 670 2443 Domnica
689 2409 728 2442 de
752 2409 837 2443 Urbe
860 2408 1060 2451 degentibus,
1078 2407 1142 2441 579
1166 2418 1186 2440 α
1210 2412 1240 2440 ct
1262 2418 1325 2450 seq.
1601 2411 1603 2413 ’

431 2462 673 2503 Conventuales‚
697 2462 767 2495 victe
790 2462 925 2495 Minores
951 2461 1188 2495 Conventuales.

432 2516 609 2549 Conventus
633 2515 798 2558 regulares
822 2513 912 2558 parvi
937 2514 1043 2557 plures
1068 2513 1272 2557 reperiuntur
1297 2513 1328 2545 in
1352 2513 1536 2546 vastissimis
1560 2513 1724 2546 Americae
1748 2512 1964 2546 meridionalis

519 2568 720 2612 regionibus,
746 2568 761 2601 1
790 2567 824 2608 b;
850 2567 926 2601 olim
959 2566 1121 2612 suppressi
1145 2576 1163 2600 a
1187 2566 1283 2600 Paulo
1302 2566 1337 2608 V,
1361 2565 1382 2599 02
1405 2576 1441 2607 a,
1466 2569 1496 2601 et
1519 2565 1641 2601 litterae
1665 2576 1826 2611 nunquam
1850 2575 1963 2602 execu-
