2232 3178
269 256 319 281 An.
341 254 368 280 C.
388 253 454 281 1738
500 245 564 277 400

462 303 496 332 ad
519 303 748 342 redemptionem
777 301 991 341 pertinentibus
1007 325 1013 337 ,
1042 301 1121 330 illius
1143 301 1201 331 cla-

464 362 510 382 ves
536 352 657 381 babeant
683 351 822 390 praedicti
847 350 992 388 minister,
1017 350 1202 380 consiliarius

462 401 621 439 antiquior,
646 404 673 429 et
697 404 869 438 procurator
892 403 1053 428 conventus
1078 399 1122 428 vel
1145 399 1203 428 col-

463 450 547 487 legii;
572 458 720 487 nunquam
744 452 841 477 autem
865 449 1010 487 praefatae
1033 457 1117 477 arcae
1136 457 1203 487 ape-

463 498 574 526 riantur
597 497 659 526 sine
682 497 850 526 assistentia
873 496 960 525 trium
985 496 1179 525 clavariorum
1195 521 1202 533 ‚

462 546 510 584 qui
534 545 669 574 distincte
699 554 731 574 ac
762 545 914 584 perspicue
947 544 1077 573 scribant
1107 545 1202 574 onmia

462 604 535 633 quae
558 595 741 633 recipiuntur
764 598 791 623 et
820 594 848 623 in
878 593 1002 630 negotiis
1025 594 1205 632 redemptio-

463 643 507 672 nis
530 642 747 681 expenduntur.

502 699 559 720 vni.
585 691 793 730 Redemptores
815 691 999 730 captivorum
1023 690 1067 719 bis
1083 695 1205 729 quotan-

462 740 507 769 nis
535 739 609 778 patri
640 739 809 778 provinciali
843 740 986 769 rationem
1020 739 1143 769 reddant
1174 739 1202 768 in

462 787 578 826 scriptis
601 788 730 817 omnium
754 788 939 825 ingressuum
958 812 965 825 ‚
990 796 1203 826 expensarum,

463 845 616 866 causarum
636 859 643 873 ‚
668 836 764 866 litium
783 860 790 874 ‚
814 840 894 874 etc.,
927 836 1139 875 pertinentium
1170 836 1205 865 ad

462 885 535 914 bona
565 885 785 924 redemptionis.
820 885 917 914 Finito
950 888 1045 914 autem
1077 884 1204 913 triennio

463 933 698 973 praecedentium
727 933 898 971 rationum,
932 936 1019 972 atque
1052 932 1099 971 (si
1133 932 1204 961 sorte

459 981 598 1019 suerint)
632 981 796 1010 debitorum
830 981 952 1011 alicuius
975 984 1135 1010 conventus
1158 980 1204 1009 vel

462 1029 588 1067 collegii,
613 1034 673 1058 tum
697 1034 777 1068 pater
800 1029 1008 1069 provincialis,
1035 1033 1093 1058 tum
1116 1029 1203 1058 etiam

462 1082 490 1107 et
512 1078 629 1107 aliunde
653 1087 684 1107 ex
710 1078 771 1107 loco
795 1078 844 1107 ubi
868 1078 952 1116 deget
975 1081 1058 1117 pater
1092 1077 1205 1105 redem-

464 1132 538 1167 ptor,
562 1127 597 1157 ad
620 1136 705 1156 suum
728 1127 911 1166 superiorem
936 1126 1102 1164 generalem
1125 1130 1204 1155 tran-

462 1180 577 1214 sumpta
601 1176 696 1205 mittat
728 1180 794 1205 ante
822 1175 1048 1205 celebrationem
1081 1174 1125 1203 sui
1159 1183 1206 1203 ca-

462 1225 549 1264 pituli
572 1224 771 1264 provincialis.

502 1282 540 1303 ix.
571 1273 710 1312 Superior
742 1277 770 1303 et
803 1272 964 1303 consiliarii
993 1272 1204 1311 cuiuscumque

465 1327 626 1353 conventus
649 1327 677 1352 et
699 1322 815 1361 collegii
837 1322 872 1352 ad
899 1323 987 1352 finem
1021 1322 1204 1360 singulorum

466 1372 611 1402 mensium
634 1372 785 1401 conferant
815 1376 842 1401 et
874 1380 1017 1401 summam
1047 1371 1205 1400 conficiant

464 1421 595 1451 omnium
616 1421 813 1460 quantitatum
836 1421 870 1450 ad
893 1420 1124 1459 redemptionem
1142 1429 1206 1459 per-

463 1469 630 1507 tinentium,
652 1473 709 1499 tam
727 1479 761 1499 ex
777 1469 920 1509 separatis
938 1478 990 1508 pro
1006 1469 1093 1498 tertia
1110 1473 1203 1508 parte,

462 1528 549 1558 quam
572 1528 608 1547 ex
630 1518 744 1548 donatis
768 1518 962 1548 determinate
985 1518 1020 1547 ad
1045 1518 1136 1557 ipsam
1160 1528 1204 1549 re-

461 1567 681 1607 demptionem,
706 1568 785 1597 etin
818 1567 894 1596 libro
927 1567 1057 1597 eiusdem
1090 1567 1206 1597 redem-

463 1617 572 1657 ptionis
594 1615 642 1645 illa
665 1617 795 1646 scribant
817 1626 849 1646 ac
878 1616 1004 1655 propriis
1037 1616 1205 1646 nominibus

462 1665 660 1697 subscribant.

502 1725 529 1744 x.
566 1715 609 1744 Ad
641 1714 695 1744 hoc
726 1718 758 1744 ut
790 1713 913 1753 pecunia
946 1714 1129 1753 captivorum
1162 1715 1207 1744 in-

462 1770 542 1802 tegra
577 1768 605 1793 et
635 1764 664 1792 in
695 1763 772 1792 fideli
795 1772 827 1792 ac
850 1764 955 1792 secura
977 1763 1110 1793 custodia
1142 1773 1206 1802 per-

463 1817 596 1851 severet,
615 1812 813 1851 praecipimus
832 1812 861 1841 in
879 1812 985 1841 virtute
1002 1816 1119 1842 sanctae
1138 1812 1205 1842 obe-

463 1862 590 1892 dientiae
608 1885 615 1899 ‚
640 1865 667 1890 et
695 1860 750 1890 sub
784 1864 961 1899 praecepto,
995 1860 1130 1890 omnibus
1158 1871 1202 1891 re-

461 1910 574 1948 ligiosis
610 1914 668 1939 tam
704 1909 840 1948 praelatis
873 1918 959 1948 quam
992 1909 1141 1947 subditis,
1176 1915 1204 1940 et

462 1959 620 1997 unicuique
642 1958 672 1987 in
695 1957 861 1995 singulari,
885 1967 920 1987 ne
943 1958 1098 1988 extrahant
1115 1981 1122 1995 ‚
1150 1968 1204 1988 nec

461 2008 626 2047 expendant
657 2007 818 2046 (quamvis
848 2006 885 2035 sit
906 2006 1019 2036 ratione
1042 2008 1137 2038 mutui
1160 2008 1204 2038 vel

462 2056 661 2094 commodati,
685 2056 777 2085 aliove
801 2055 884 2085 titulo
908 2066 964 2086 non
988 2060 1136 2095 spectante
1167 2058 1203 2087 ad

461 2104 711 2143 redemptionem)
741 2104 833 2143 ipsam
858 2104 1089 2143 redemptionem
1112 2106 1203 2144 eapti-

461 2163 586 2192 vorum,
611 2153 675 2182 sine
707 2153 828 2183 licentia
858 2153 887 2182 in
920 2154 1036 2192 scriptis
1067 2154 1111 2183 sui
1135 2155 1205 2183 deti-

461 2203 560 2232 nitorii
585 2202 754 2240 generalis:
779 2202 976 2231 definitorium
1009 2207 1106 2232 autem
1140 2212 1202 2232 eam

461 2252 621 2282 concedere
644 2261 701 2280 non
726 2251 855 2289 poterit,
880 2251 936 2280 nisi
969 2251 1103 2281 omnibus
1134 2261 1202 2282 con-

461 2299 655 2330 sentientibus
678 2300 840 2338 suffragiis,
865 2304 892 2329 et
914 2299 948 2328 ad
973 2304 1087 2339 tempus
1109 2301 1204 2330 deter-

461 2350 602 2379 minatum
626 2358 678 2387 pro
701 2348 857 2378 solutione.
882 2349 1022 2388 Superior
1040 2354 1136 2379 autem
1153 2350 1203 2389 qui

461 2398 663 2429 constitutioni
686 2398 733 2427 isti
756 2398 996 2432 contravenerit,
1022 2408 1074 2428 suo
1107 2399 1202 2429 officio

461 2447 498 2476 sit
521 2447 651 2485 privatus
669 2471 676 2485 ,
700 2451 727 2476 et
749 2446 889 2476 inhabilis
912 2447 947 2476 ad
980 2446 1117 2477 ulteriora
1152 2450 1203 2477 ttr-

461 2495 539 2525 dinis
561 2495 655 2525 officia
679 2495 818 2534 praelati,
849 2505 881 2525 ac
913 2495 1048 2525 similiter
1079 2496 1202 2535 quilibet

460 2543 535 2573 alius
557 2543 711 2582 religiosus
735 2553 803 2574 voce
826 2549 853 2574 et
869 2543 932 2574 loco
949 2545 985 2574 sit
1002 2544 1133 2584 privatus
1151 2555 1202 2585 per

461 2593 622 2623 triennium
646 2597 674 2623 et
688 2593 723 2624 ad
736 2593 829 2624 officia
844 2593 966 2634 praelati
980 2598 1094 2624 maneat
1115 2594 1201 2625 inha-

461 2641 539 2672 bilis.

1051 253 1231 277 BULLARIUM
1257 253 1412 277 ROMANUM

1287 311 1325 331 xl.
1360 301 1482 341 Insuper
1519 303 1714 342 praecipimus
1750 303 1826 342 quod
1863 303 1987 342 quilibet

1248 351 1390 390 praelatus
1413 350 1580 389 expendens
1604 351 1646 380 vel
1671 351 1699 380 in
1724 355 1781 381 toto
1798 352 1842 381 vel
1862 352 1889 381 in
1907 357 1987 391 parte

1247 408 1293 428 res
1316 399 1344 428 in
1368 398 1464 437 specie
1488 399 1607 438 propria
1632 399 1714 437 vini,
1740 400 1850 437 tritici,
1883 401 1985 437 ordei,

1247 457 1279 477 ac
1302 448 1411 477 similes
1434 448 1489 476 iam
1513 448 1672 477 destinatas
1694 453 1721 478 et
1753 453 1901 488 separatas
1934 459 1985 489 pro

1248 497 1394 535 captivis,
1418 506 1576 535 suspensus
1605 497 1642 526 sit
1675 507 1689 526 a
1723 507 1775 527 suo
1806 498 1902 527 officio
1936 508 1988 537 per

1249 554 1377 573 mensem
1402 554 1502 581 unum,
1528 545 1573 574 vel
1596 546 1731 584 amplius,
1755 546 1835 575 iuxta
1865 546 1989 585 qualita-

1249 598 1304 622 tem
1327 594 1451 632 culpae3
1480 598 1507 623 et
1540 593 1673 623 visitator
1704 599 1785 623 curet
1819 598 1849 624 ut
1878 595 1987 634 absque

1249 643 1328 670 mora
1352 643 1548 679 reintegretur
1571 646 1599 671 et
1627 643 1800 672 restituatur
1832 644 1908 682 quod
1939 653 1988 674 ex-

1249 699 1371 728 pensum
1395 690 1437 719 vel
1461 690 1619 719 alienatum
1642 691 1732 720 fuisse
1755 692 1933 721 constiterit.

1290 748 1337 768 xn.
1363 739 1462 768 Patres
1485 739 1677 778 provinciales
1700 749 1750 770 seu
1773 740 1936 770 visitatores
1957 741 1987 770 in

1249 787 1309 816 suis
1333 787 1548 816 visitationibus
1570 787 1708 826 colligant
1730 797 1764 817 ex
1791 788 1866 818 arcis
1898 789 1989 828 capti-

1251 844 1353 864 vorum
1376 836 1452 874 quod
1476 845 1527 874 pro
1556 836 1686 875 ipsorum
1715 836 1915 876 redemptione
1945 837 1989 867 in-

1250 883 1382 912 venerint
1405 887 1569 922 separatum
1593 883 1670 912 iuxta
1694 884 1836 913 rationem
1860 884 1889 913 in
1913 883 1988 914 libro

1249 935 1409 960 conventus
1432 940 1483 960 seu
1506 931 1620 969 collegii
1645 932 1748 960 factam
1766 955 1773 967 ,
1807 935 1835 960 et
1866 932 1989 962 schedu-

1249 978 1305 1007 lam
1329 982 1477 1008 extractae
1499 984 1527 1009 et
1550 984 1683 1018 receptae
1708 979 1847 1018 pecuniae
1863 980 1923 1009 suis
1939 990 1989 1010 no-

1250 1027 1379 1056 minibus
1396 1025 1590 1066 subscriptam
1613 1027 1796 1067 relinquant3
1816 1028 1894 1067 quod
1912 1028 1987 1057 idem

1250 1076 1299 1105 siat
1322 1076 1437 1114 quando
1459 1076 1627 1114 redemptor
1654 1076 1697 1105 vel
1730 1076 1804 1105 alius
1834 1076 1989 1114 religiosus

1249 1124 1283 1153 de
1308 1133 1453 1153 consensu
1476 1128 1504 1153 et
1525 1124 1716 1162 dispositione
1739 1124 1807 1153 dicti
1826 1124 1989 1163 redempto-

1250 1173 1290 1202 ris
1314 1172 1357 1202 vel
1380 1172 1538 1202 delinitorii
1571 1173 1732 1203 extraxerit
1763 1183 1797 1202 ex
1830 1173 1905 1202 arcis
1937 1173 1990 1203 ali-

1250 1222 1318 1260 quid
1352 1221 1388 1251 ad
1421 1221 1650 1261 redemptionem
1683 1225 1828 1261 spectans.
1862 1221 1991 1257 Quilibet

1249 1274 1345 1299 autem
1368 1270 1500 1300 visitator
1522 1270 1631 1300 librum
1653 1270 1769 1308 habeat,
1792 1270 1822 1300 in
1845 1279 1902 1310 quo
1920 1271 1990 1302 scri-

1249 1319 1296 1348 bat
1318 1319 1395 1358 quod
1417 1319 1527 1357 colligit
1555 1324 1583 1349 et
1613 1319 1717 1359 recipit
1748 1320 1778 1349 in
1811 1329 1989 1362 unoquoque

1250 1377 1395 1402 conventu
1418 1382 1470 1402 seu
1492 1372 1614 1410 collegio
1643 1381 1677 1401 ex
1710 1371 1925 1411 pertinentibus
1954 1372 1990 1402 ad

1249 1422 1505 1462 redemptionem,
1530 1422 1558 1451 in
1583 1431 1639 1461 quo
1662 1425 1689 1451 et
1718 1420 1904 1451 subscribant
1937 1422 1990 1452 mi-

1250 1472 1343 1501 nister
1359 1475 1386 1501 et
1403 1471 1564 1501 consiliarii
1582 1471 1625 1500 vel
1642 1470 1762 1500 clavarii
1779 1480 1862 1500 arcae
1878 1470 1990 1501 redem-

1250 1520 1356 1560 ptionis
1378 1520 1553 1559 respective.

1289 1578 1347 1599 xin.
1370 1569 1494 1599 Praesati
1518 1573 1614 1598 autem
1638 1569 1832 1608 provinciales
1855 1578 1905 1599 seu
1921 1569 1990 1600 visi-

1250 1621 1356 1647 tatores
1379 1617 1542 1656 praedictas
1565 1618 1703 1657 pecunias
1726 1627 1777 1657 pro
1799 1618 1933 1657 captivis,
1958 1622 1989 1648 ut

1248 1667 1358 1696 dictum
1381 1670 1440 1703 est,
1464 1666 1498 1695 ab
1521 1666 1593 1705 ipsis
1616 1666 1762 1703 collectas,
1786 1671 1931 1705 reponant
1959 1667 1989 1697 in

1248 1717 1317 1746 arca
1338 1715 1468 1753 generali
1485 1725 1553 1745 suae
1571 1715 1740 1754 provinciae
1758 1719 1913 1755 antequam
1931 1716 1990 1746 dis-

1248 1766 1351 1795 cedant
1374 1774 1387 1793 a
1412 1769 1578 1802 conventu,
1603 1764 1653 1794 ubi
1676 1765 1742 1795 talis
1764 1769 1807 1795 est
1833 1774 1911 1801 arca,
1936 1764 1989 1795 sub

1248 1816 1343 1853 poena
1356 1813 1558 1853 suspensionis
1570 1813 1604 1842 ab
1617 1813 1712 1843 officio
1726 1822 1776 1852 per
1788 1818 1848 1843 tres
1861 1822 1987 1844 menses.

1288 1872 1345 1892 xiv.
1370 1862 1570 1901 Praecipimus
1593 1861 1725 1901 patribus
1754 1862 1989 1902 redemptoribus

1247 1913 1432 1952 captivorum
1450 1934 1457 1948 ,
1482 1920 1517 1941 ne
1541 1920 1592 1949 pro
1614 1911 1868 1949 redemptionibus
1889 1921 1938 1942 aes
1960 1922 1989 1942 a-

1247 1962 1357 1991 lienum
1381 1961 1444 1990 sine
1466 1960 1587 1990 licentia
1608 1960 1653 1989 sui
1669 1960 1828 1990 delinitorii
1845 1961 1989 1999 generalis

1247 2011 1442 2045 contrahant,
1468 2008 1516 2039 sed
1540 2008 1694 2038 observent
1715 2008 1938 2039 instructionem
1953 2009 1988 2040 ab

1247 2059 1310 2098 ipso
1333 2057 1501 2088 definitorio
1525 2057 1583 2087 illis
1607 2057 1769 2088 iniunctam
1787 2082 1794 2096 ,
1818 2058 1871 2088 sub
1897 2061 1989 2098 poena

1247 2106 1419 2147 privationis
1453 2105 1531 2135 vocis
1566 2105 1677 2135 activae
1712 2110 1739 2136 et
1772 2107 1904 2145 passivae
1937 2117 1989 2147 per

1246 2155 1418 2185 triennium.

1286 2213 1334 2233 xv.
1359 2204 1459 2234 Patres
1482 2203 1677 2243 provinciales
1700 2204 1734 2234 ad
1757 2205 1917 2244 capitulum
1940 2216 1989 2245 ge-

1247 2254 1346 2283 nerale
1370 2253 1503 2282 deferant
1527 2253 1729 2282 testimonium
1751 2253 1949 2293 subscriptum
1972 2265 1987 2285 a

1246 2301 1381 2331 clavariis
1404 2310 1488 2331 arcae
1520 2301 1666 2339 generalis
1698 2302 1908 2341 redemptionis
1940 2312 1989 2332 ca-

1247 2350 1416 2389 ptivorum,
1440 2350 1468 2379 in
1492 2359 1549 2389 quo
1572 2350 1680 2389 scripta
1703 2351 1762 2380 sint
1790 2351 1886 2381 omnia
1919 2355 1988 2381 tunc

1247 2399 1387 2438 temporis
1410 2399 1562 2428 existentia
1598 2408 1649 2438 pro
1681 2399 1803 2438 captivis
1832 2400 1862 2429 in
1896 2401 1988 2430 omni-

1246 2447 1300 2477 bus
1323 2447 1517 2477 conventibus
1550 2452 1578 2477 et
1610 2448 1741 2486 collegiis
1775 2457 1892 2478 suarum
1922 2458 1988 2489 pro-

1246 2496 1408 2525 vinciarum
1432 2496 1610 2536 respective:
1636 2497 1803 2536 superiores
1825 2502 1920 2527 autem
1939 2506 1988 2536 ge-

1245 2545 1359 2574 nerales
1383 2545 1470 2574 etiam
1494 2545 1606 2575 deferre
1628 2545 1737 2575 dehent
1759 2545 1795 2575 ad
1825 2545 1986 2585 capitulum

1244 2594 1381 2632 generale
1404 2598 1587 2633 transumpta
1610 2594 1646 2624 ad
1667 2594 1746 2634 ipsos
1765 2594 1852 2624 missa
1866 2598 1925 2624 toto
1936 2594 1986 2625 illo

1245 2644 1383 2675 sexennio
1405 2644 1612 2683 antecedenti,
1642 2648 1674 2675 ut
1706 2654 1741 2675 ex
1773 2645 1819 2675 his
1851 2644 1985 2677 omnibus

2183 0 2232 89 Π

1995 257 2042 284 An.
2064 256 2091 285 C.
2109 235 2190 288 ¹7³8ss
