2232 3178
43 219 90 249 An.
105 215 134 245 C.
155 215 223 243 ¹739

837 217 982 242 CLEMENS
1006 217 1055 241 XII
1079 218 1130 242 PP.

230 273 337 298 meum,
360 267 386 293 et
404 269 553 303 praecepta
574 274 633 294 mea
655 275 723 304 quae
749 266 878 295 mandavi
904 267 971 300 tibi,

232 313 354 342 scindam
385 323 499 351 regnum
532 317 610 343 tuum
636 325 652 344 a
681 319 724 349 te,
754 319 778 344 et
808 315 880 344 illud
908 316 973 345 dabo

231 371 308 391 servo
329 366 393 397 tuo:
417 367 571 402 postquam
594 373 645 403 pro
669 364 808 403 pastorali
831 364 973 394 sollicitu-

231 410 300 440 dine
331 413 433 441 nostra,
464 412 513 442 diu
536 413 719 452 multumque
746 413 971 452 exquisivimus,

232 459 338 498 quibus
373 460 477 490 mediis
511 462 624 500 magis,
648 466 679 491 ut
702 462 833 492 haeresis
856 463 972 501 penitus

231 507 405 547 extirpetur,
424 518 497 539 neve
519 514 606 549 caput
628 520 713 540 suum
737 510 907 540 herculeum
930 511 973 540 fu-

232 556 306 586 turis
334 557 517 596 temporibus
540 568 670 598 unquam
692 558 817 598 amplius
840 559 970 596 attollat,

231 603 316 634 nobis
337 609 366 635 et
393 606 534 636 ecclesiae
557 611 672 637 nostrae
695 607 786 646 possit
810 616 873 637 esse
903 616 971 637 con-

231 653 352 691 sultum,
367 664 457 684 unum
474 655 602 694 demum,
618 656 705 695 idque
722 656 904 686 tutissimum
921 666 972 686 no-

231 701 276 732 bis
297 702 453 742 inspiravit
475 704 607 734 divinum
627 705 751 743 Numen,
769 705 793 734 si
817 705 969 734 nimirum¹

231 759 283 790 per
305 754 347 781 tot
368 761 478 791 annos,
503 762 554 782 seu
587 753 706 783 aliunde
741 754 796 783 huc
819 758 970 791 evocatos,

231 808 282 829 seu
304 799 339 830 de
361 810 435 830 noro
457 811 471 830 a
495 801 579 831 nobis
596 801 756 840 ablegatos,
774 802 808 832 ad
828 807 968 842 perpetua

230 849 326 879 sutura
349 853 478 889 tempora
494 850 695 881 stabiliremus
711 852 886 891 apostolicos
902 853 972 883 mis-

231 897 384 935 sionari0s‚
408 898 458 938 qui
480 899 663 930 incessanter
686 900 721 930 de
737 902 921 940 praefectura
936 902 970 932 ad

231 947 460 985 praefecturam,
484 948 519 978 de
540 949 689 988 quarterio
712 950 746 980 ad
769 951 969 990 quarterium,

230 995 265 1025 de
286 995 350 1026 loco
373 996 407 1026 ad
430 996 538 1036 locum,
563 998 597 1028 (le
620 998 705 1028 domo
729 999 763 1029 ad
787 999 905 1030 domum
923 1010 971 1030 ex-

230 1049 395 1082 currentes,
419 1046 506 1076 rudes
528 1046 565 1076 in.
575 1046 663 1077 rebus
679 1047 745 1078 fidei
765 1048 923 1086 instruant,
941 1049 970 1079 in

230 1092 394 1123 haereticos
430 1094 474 1125 vel
497 1095 532 1125 de
554 1095 667 1126 haeresi
692 1101 842 1136 suspectos
865 1098 972 1128 acriter

229 1145 259 1172 et
281 1142 419 1173 alacriter
441 1143 609 1183 inquirant,
636 1155 719 1182 neve,
743 1146 812 1176 dum
835 1147 971 1177 evellitur

230 1190 352 1229 zizania,
376 1192 544 1222 eradicetur
565 1193 718 1232 triticum,
743 1195 799 1232 vel,
817 1196 852 1225 ea
868 1195 972 1225 relicta

230 1243 258 1269 et
281 1249 337 1270 non
361 1241 472 1280 evulsa,
496 1247 524 1272 et
545 1242 599 1272 hoc
621 1243 791 1282 degeneret,
815 1244 901 1283 longa
923 1245 971 1274 de-

230 1297 310 1318 mum
343 1290 527 1329 experientia
559 1291 711 1322 addiscant
743 1301 832 1322 unum
856 1292 892 1322 ab
915 1293 972 1323 alio

229 1346 384 1368 secernere
407 1343 435 1369 et
455 1348 611 1378 segregare
626 1364 633 1378 ,
657 1345 685 1371 et
708 1345 886 1379 cognoscant
908 1345 973 1371 tan-

230 1385 296 1416 dem
319 1387 389 1417 ficta
403 1387 546 1426 religione
562 1388 677 1428 piorum
696 1395 809 1420 mentes
825 1390 970 1428 ludentes,

230 1439 375 1475 notosque
397 1435 523 1467 habeant
545 1438 606 1477 qui,
631 1438 742 1469 alienas
765 1449 822 1470 non
845 1449 912 1470 suas
929 1449 972 1470 re-

230 1489 451 1523 praesentantes
463 1495 612 1526 personas,
622 1487 732 1518 faciunt
745 1489 822 1528 quod
835 1499 893 1519 non
907 1499 973 1519 sen-

230 1533 320 1571 tiunt,
343 1535 477 1565 sentiunt
499 1536 575 1575 quod
599 1546 657 1567 non
680 1537 798 1575 dicunt,
823 1542 851 1568 et
872 1539 973 1569 volunt

230 1591 372 1622 apparere
394 1584 471 1623 quod
494 1594 557 1615 esse
579 1586 701 1623 nolunt,
725 1586 971 1627 experianturque

230 1635 377 1670 postremo
391 1656 398 1670 ,
429 1637 457 1662 et
480 1632 535 1662 sibi
559 1633 686 1664 habeant
708 1644 722 1663 a
745 1634 830 1665 nobis
852 1645 972 1674 persua-

230 1688 312 1718 sum,
335 1680 406 1719 cito,
429 1681 480 1711 ubi
501 1691 560 1712 non
582 1683 749 1714 eradicatur
771 1684 862 1723 pestis
885 1685 972 1715 huius

229 1729 316 1759 radix
331 1753 338 1767 ,
363 1734 451 1760 totam
476 1730 590 1770 plebem
613 1736 692 1762 certo
725 1733 833 1763 certius
865 1734 971 1764 iterum

229 1777 396 1818 iterumque
428 1779 656 1810 contaminatam
680 1781 739 1819 iri,
763 1791 896 1822 quaeque
918 1793 971 1813 nos

229 1825 261 1856 in
283 1828 366 1856 tanta
388 1828 542 1867 pastoralis
558 1829 648 1859 animi
667 1830 759 1860 nostri
776 1831 971 1862 amaritudine

230 1884 331 1905 sumus
363 1876 436 1915 proh
470 1877 573 1907 dolor!
597 1879 722 1917 experti,
745 1883 774 1909 et
805 1879 972 1919 inexpertos

230 1927 364 1962 posteros
386 1925 589 1956 indubitanter
612 1936 740 1957 manere.

269 1972 341 2008 Quia
365 1982 472 2013 porr0,
496 1974 573 2005 sicut
604 1975 635 2005 in
668 1976 756 2006 huius
786 1986 874 2007 curae
907 1987 972 2017 par-

231 2024 289 2051 tem
311 2031 409 2052 sacras
425 2023 583 2061 religiones
599 2024 628 2054 in
645 2025 854 2055 archidioeeesi
870 2027 972 2056 nostra

231 2069 281 2100 diu
304 2070 361 2100 iam
384 2071 528 2102 stabilitas
544 2073 707 2104 evocandas
723 2074 913 2114 credidimus,
933 2076 970 2105 ita

230 2122 259 2148 et
273 2120 483 2159 aequissimum
500 2121 705 2160 iudicavimus,
720 2127 751 2153 ut
767 2124 972 2163 antiquissimo

230 2167 332 2198 Ordini
355 2170 447 2200 sancti
463 2171 625 2208 Benedicti,
642 2180 656 2201 a
678 2181 746 2210 quo,
764 2172 839 2202 sicut
855 2173 973 2203 univer-

230 2225 279 2246 sae
302 2226 391 2257 prope
413 2218 604 2257 Germaniae,
629 2220 667 2249 ita
697 2220 884 2259 singulariter
906 2231 972 2261 pro-

230 2266 345 2296 vinciae
367 2267 436 2297 huic
459 2272 577 2298 nostrae
600 2278 685 2299 verae
708 2270 774 2299 fidei
790 2270 889 2300 lumen
905 2275 971 2301 ante

231 2316 380 2355 complura
404 2316 461 2346 iam
483 2317 611 2354 saecula,
635 2321 663 2347 et
686 2318 719 2348 ad
742 2318 804 2358 ipsa
828 2319 972 2359 archiepi-

230 2369 365 2403 scopatus
387 2366 480 2395 nostri
502 2365 585 2396 initia
608 2366 721 2397 illatum
744 2372 799 2403 est,
823 2372 910 2407 atque
927 2378 971 2398 as-

230 2413 315 2443 siduo
339 2418 398 2443 tum
422 2414 587 2454 probitatis,
612 2424 677 2445 cum
701 2420 729 2445 et
751 2416 900 2446 doctrinae
917 2417 972 2447 ful-

230 2469 300 2498 gore
322 2463 507 2500 coruscavit,
538 2462 566 2492 id
590 2464 745 2502 pastoralis
768 2464 856 2494 oflicii
879 2474 970 2503 genus

230 2517 265 2539 eo
286 2509 530 2541 demandaremus
553 2511 708 2550 libentius,
734 2522 790 2552 quo
814 2514 906 2552 magis
929 2514 972 2553 ip-

264 2568 277 2594 1
302 2568 420 2596 Pessime
436 2569 480 2596 ed.
497 2569 575 2596 Main.
588 2570 654 2605 legit
669 2571 798 2598 nimium
815 2579 863 2606 pro
879 2571 970 2598 nimi-

230 2620 294 2641 rum
314 2613 410 2649 (n.T.).

1015 276 1078 296 sum
1112 276 1227 297 sacrum
1260 266 1419 306 Ordinem,
1448 277 1481 298 ac
1511 269 1666 308 praecipue
1689 269 1754 300 uni-

1016 315 1185 345 versitatem
1211 320 1340 346 nostram
1364 316 1458 346 eidem
1482 317 1677 354 commissam,
1695 318 1753 348 cle-

1015 364 1200 394 mentissima
1218 365 1409 395 inclinatione
1432 375 1581 405 nunquam
1605 376 1662 396 non
1688 376 1754 406 pro-

1014 413 1118 450 secuti,
1143 413 1177 443 ad
1199 413 1296 452 ipsum
1319 414 1503 444 incessanter
1526 415 1701 453 fovendum,
1726 420 1754 445 et

1014 461 1174 498 gratiarum
1197 467 1365 492 nostrarum
1394 463 1543 493 favoribus
1574 473 1754 503 prosequen-

1014 508 1102 545 dum,
1127 514 1206 539 tanto
1230 520 1423 550 provocamur
1447 512 1614 550 ardentius,
1645 517 1754 551 quanto

1014 557 1195 596 frequentius
1217 560 1381 590 evoluimus
1399 560 1484 590 nores
1505 561 1571 591 illos
1589 561 1708 591 honoris
1727 566 1755 591 et

1015 606 1175 637 honestatis
1198 608 1321 646 fructus,
1342 610 1404 648 qui,
1424 619 1524 640 eorum
1547 611 1653 640 sudore
1676 611 1754 640 hunc

1014 658 1147 684 nostrum
1170 656 1382 695 plantationum
1406 658 1522 688 bortum
1545 658 1696 697 irrigante,
1721 669 1754 688 u-

1014 702 1117 733 bertim
1141 711 1364 735 succreverunt.

1053 751 1172 783 Noverit
1202 759 1357 794 eapropter
1390 765 1528 794 praesens
1551 761 1630 787 aetas
1655 761 1683 787 et
1709 757 1754 786 su-

1015 805 1097 838 tura,
1123 802 1199 841 quod
1228 803 1440 833 venerabilium
1471 805 1500 834 in
1530 805 1642 836 Christo
1664 806 1755 837 hono-

1014 850 1150 881 rabilium
1177 851 1261 882 nobis
1287 853 1431 883 dictorum
1465 854 1602 885 abbatum
1632 855 1755 894 praefati

1015 900 1198 930 universitati
1233 906 1349 932 nostrae
1378 903 1461 933 nobis
1484 913 1535 943 per
1568 905 1663 934 omnia
1687 904 1756 934 sub-

1014 948 1106 979 iectae
1140 949 1412 981 confoederatorum
1450 952 1602 991 precibus,
1637 962 1755 992 operam

1014 1006 1108 1036 suam,
1128 998 1282 1038 omnisque
1305 1001 1547 1040 promptitudinis
1570 1001 1753 1041 obsequium,

1015 1055 1072 1075 non
1095 1047 1159 1077 sine
1182 1051 1281 1078 nostro
1300 1048 1415 1086 solatiO,
1433 1049 1509 1089 quod
1525 1059 1560 1079 ex
1576 1050 1637 1079 zelo
1653 1059 1754 1080 eorum

1015 1095 1211 1134 concepimus,
1237 1095 1434 1133 offerentium,
1458 1106 1491 1127 ac
1514 1098 1666 1128 humiliter
1689 1107 1756 1137 sup-

1015 1143 1186 1183 plicantium
1219 1149 1251 1174 ut
1286 1149 1314 1175 et
1346 1146 1400 1184 ipsi
1433 1146 1463 1176 in
1495 1147 1662 1177 societatem
1697 1151 1756 1176 tam

1014 1193 1150 1223 salutaris
1174 1194 1261 1224 huius
1295 1195 1389 1225 nostri
1422 1195 1519 1234 operis
1552 1196 1754 1234 admittantur,

1015 1241 1104 1281 inque
1127 1247 1185 1272 tam
1208 1242 1326 1281 gloriosi
1350 1243 1460 1273 laboris
1483 1244 1669 1284 participium
1693 1254 1756 1284 pos-

1015 1291 1093 1321 sint¹
1118 1292 1237 1329 venire,
1262 1293 1422 1322 clementer
1446 1298 1632 1332 annuentes,
1657 1294 1755 1324 habito

1015 1340 1141 1379 desuper
1165 1341 1339 1371 venerabilis
1358 1342 1451 1372 nostri
1475 1343 1595 1382 capituli
1619 1343 1753 1380 consilio,

1014 1388 1219 1427 decrevimus,
1244 1394 1329 1429 prout
1362 1394 1461 1421 tenore
1485 1392 1682 1430 praesentium
1705 1401 1756 1421 au-

1014 1438 1146 1468 ctoritate
1169 1440 1271 1468 nostra
1293 1439 1536 1479 archiepiscopali
1553 1444 1581 1470 et
1600 1440 1755 1480 principali

1015 1486 1203 1518 decernimus
1226 1493 1254 1519 et
1271 1489 1435 1525 statuimus,
1453 1490 1622 1529 praerelatis
1637 1490 1755 1520 univer-

1015 1536 1094 1566 sitati
1116 1541 1232 1567 nostrae
1259 1538 1470 1568 confoederatis
1492 1538 1645 1568 abbatibus
1667 1548 1754 1569 unam

1014 1585 1090 1615 intra
1114 1585 1278 1624 Pongoviae
1301 1591 1414 1616 montes
1436 1596 1470 1616 ex
1493 1587 1682 1617 missionibus
1705 1597 1755 1617 no-

1015 1634 1084 1664 stris
1108 1635 1269 1674 perpetuis,
1286 1635 1338 1665 sub
1359 1635 1471 1674 legibus
1494 1640 1522 1666 et
1537 1636 1754 1666 conditionibus

1014 1682 1212 1722 infrascriptis
1231 1707 1238 1721 ,
1269 1688 1297 1713 et
1329 1684 1447 1722 quidem
1479 1684 1509 1714 in
1533 1685 1595 1714 loco
1624 1685 1755 1715 Schwaz-

1014 1731 1083 1761 zach
1100 1731 1179 1762 dicto
1195 1732 1390 1770 committere,
1405 1737 1605 1773 perpetuoque
1622 1733 1751 1771 firmare,

1014 1780 1227 1810 Schwazzachii
1250 1781 1374 1810 dicimus
1389 1805 1396 1819 ,
1426 1786 1457 1811 ut
1478 1782 1556 1812 unde
1578 1791 1656 1812 mors
1678 1783 1754 1812 orie-

1014 1829 1111 1868 batur,
1129 1830 1196 1860 inde
1212 1831 1268 1861 vita
1285 1837 1468 1869 resurgeret,
1486 1836 1514 1862 et
1532 1841 1605 1872 quae
1621 1833 1754 1862 Schwaz-

1014 1879 1106 1908 zachii
1125 1889 1176 1919 per
1192 1880 1480 1910 rustico-haereticae
1496 1881 1647 1911 seditionis
1663 1882 1751 1911 comi-

1016 1927 1054 1957 tia
1071 1927 1204 1957 vincebat
1227 1928 1366 1967 haeresis,
1385 1929 1425 1959 ibi
1442 1939 1556 1969 quoque
1572 1930 1750 1960 vinceretur.

1055 1986 1073 2006 1.
1099 1976 1209 2016 ltaque,
1234 1978 1361 2017 propriis
1394 1987 1495 2008 eorum
1527 1978 1693 2018 sumptibus
1726 1983 1754 2008 et

1015 2025 1173 2065 expensis,
1200 2025 1229 2055 in
1253 2035 1319 2056 mox
1353 2026 1430 2056 dicto
1453 2027 1668 2057 Schwazzachii
1692 2028 1755 2058 loco

1015 2075 1136 2114 praefati
1172 2075 1356 2106 venerabiles
1399 2076 1596 2106 confoederati
1636 2077 1756 2108 abbates

1015 2124 1162 2154 aedificari
1196 2125 1341 2156 curabunt
1374 2126 1522 2156 missionis
1556 2126 1674 2156 domum
1704 2136 1755 2157 seu

1015 2173 1174 2212 hospitium
1207 2178 1332 2213 quatuor
1356 2179 1469 2214 patrum
1502 2175 1755 2205 missionariorum

1015 2222 1193 2252 habitatione
1209 2223 1218 2239 ²
1241 2233 1401 2261 congruum
1432 2228 1459 2254 et
1492 2228 1607 2263 aptum,
1632 2229 1756 2263 quatuor

1015 2271 1154 2301 nimirum
1180 2281 1232 2311 pro
1255 2272 1300 2301 his
1316 2273 1492 2302 instructum
1510 2272 1668 2309 cubilibus,
1686 2273 1756 2303 duo-

1015 2320 1068 2350 bus
1091 2330 1143 2359 pro
1166 2320 1341 2360 hospitibus,
1366 2331 1424 2351 uno
1447 2330 1499 2360 pro
1518 2321 1652 2356 infirmis,
1677 2322 1756 2351 aliis-

1014 2377 1070 2407 que
1094 2378 1145 2408 pro
1168 2368 1298 2406 famulis,
1323 2373 1439 2408 praeter
1461 2369 1659 2407 refectorium,
1684 2369 1754 2398 culi-

1014 2425 1081 2446 nam
1104 2426 1169 2447 cum
1193 2427 1280 2456 penu,
1305 2417 1408 2446 cellam
1433 2417 1587 2455 vinariam,
1617 2417 1755 2456 aliudque

1014 2465 1112 2495 cubile
1135 2465 1329 2496 bibliothecae
1359 2466 1581 2505 inserviturum,
1606 2476 1670 2496 cum
1689 2467 1757 2496 lior-

1015 2514 1085 2551 tulo,
1111 2514 1224 2544 stabulo
1241 2524 1272 2544 ae
1291 2514 1390 2552 senile,
1408 2514 1482 2544 ultra
1501 2524 1568 2545 vero
1591 2515 1755 2545 aediticium

1053 2575 1061 2598 1
1086 2573 1157 2599 Edit.
1179 2573 1262 2600 Main.
1285 2574 1351 2607 legit
1367 2574 1457 2607 possit
1477 2577 1518 2606 (n.
1534 2577 1582 2607 L).

1049 2617 1064 2643 2
1085 2617 1178 2652 Aptius
1198 2618 1256 2653 lege
1276 2618 1455 2646 habitationi
1475 2618 1515 2653 (n.
1532 2619 1577 2652 τ.),

1654 209 1719 243 5023
1764 219 1813 247 An.
1831 219 1859 248 c.
1879 221 1948 249 1739

1786 1992 1852 2018 Leges
1864 1999 1951 2014 servan·

1767 2019 1815 2040 dae.
