2232 3178
279 196 327 221 An.
345 195 373 223 c.
396 195 463 222 ¹738
509 187 574 220 362

277 1841 451 1857 spn,u'1dnnueu

475 245 677 287 designatam
702 255 761 288 pro
788 244 918 288 capituli
946 245 1109 287 generalis
1133 246 1213 279 cele-

475 298 623 330 bratione
659 298 837 337 accedere,
875 303 905 330 et
942 297 1022 330 inibi
1052 298 1212 332 interesse

476 356 682 389 tenerentur,
709 356 740 383 et
765 350 923 392 praedicti
950 361 1064 384 ornnes
1090 358 1163 385 voto
1183 357 1213 384 et

474 402 624 445 suffragio
650 402 682 435 in
708 403 867 436 electione
887 403 1032 446 magistri
1050 404 1212 446 generalis

475 455 617 487 eiusdem
644 454 772 487 Ordinis
796 454 991 496 gauderent:
1010 458 1119 489 secuta
1138 466 1213 490 vero

474 507 535 539 rite
570 511 602 539 et
638 507 796 540 canonice
824 508 985 541 electione
1012 508 1212 548 huiusmodi,

474 560 512 592 de
544 570 705 592 consensu
739 561 884 603 magistri
918 561 1080 603 generalis
1116 562 1211 595 electi

473 618 503 644 et
528 613 672 655 capituli,
697 618 889 656 procurator
903 614 952 646 vel
971 620 1211 657 procuratores,

472 665 524 708 qui
551 666 742 699 electionem
770 666 952 700 huiusmodi
975 678 1033 710 pro
1052 667 1137 701 illius
1158 678 1213 711 ap-

472 719 665 761 probatione
691 724 721 752 et
754 719 1001 753 confirmatione
1038 720 1213 754 obtinenda

473 771 548 803 huic
572 771 708 805 Sanctae
733 772 808 805 Sedi
835 772 1023 813 exhibeant,
1041 774 1213 807 constitue-

471 829 604 857 rentur:
630 826 715 858 etin
752 826 864 858 eadem
901 826 1103 869 expositione
1138 827 1212 860 sub-

472 878 592 918 iuncto,
618 879 720 921 quod,
747 890 818 912 cum
844 890 879 912 ex
906 880 999 913 Sedis
1026 881 1212 923 praedictae

472 931 673 973 benignitate
699 932 766 965 sere
792 933 942 966 omnibus
967 933 1141 977 Ordinibus
1162 945 1213 968 re-

472 985 655 1027 gularibus,
682 991 713 1018 et
738 986 927 1028 praesertim
946 987 1212 1029 Mendicantibus,

472 1038 556 1070 inter
574 1039 661 1081 quod
681 1049 716 1071 ex
737 1038 880 1071 eiusdem
898 1038 989 1072 Sedis
1009 1040 1110 1082 gratia
1127 1040 1212 1074 Ordo

472 1092 506 1124 B.
534 1092 649 1124 Mariae
674 1092 816 1135 Virginis
850 1093 890 1125 de
926 1092 1072 1126 Mercede
1103 1094 1212 1127 huius-

472 1144 560 1177 modi
599 1151 795 1185 numeratur,
828 1145 990 1178 indultum
1026 1146 1143 1187 suerit,
1180 1153 1214 1180 ut

473 1199 661 1231 eorumdem
679 1198 832 1231 Ordinum
858 1200 1039 1242 generales,
1057 1200 1212 1234 canonice

472 1251 578 1291 electi,
604 1251 676 1294 ipso
691 1252 774 1285 sacto
792 1253 969 1285 confirmati
985 1253 1212 1296 intelligeren-

473 1309 534 1344 tur,
560 1314 620 1336 nec
645 1304 791 1337 ulteriori
817 1305 1060 1339 confirmatione
1087 1306 1212 1348 indige-

472 1363 568 1389 rent:
596 1357 699 1389 dictus
736 1363 929 1400 procurator
963 1359 1124 1400 generalis
1151 1365 1212 1391 tam

473 1420 532 1441 suo
559 1420 654 1452 quam
681 1411 780 1443 totius
806 1411 974 1444 memorati
1000 1412 1129 1444 Ordinis
1157 1423 1212 1445 no-

471 1461 559 1494 mine
600 1462 770 1505 cupiebat,
811 1468 970 1506 quatenus
1010 1465 1212 1507 praedictum

472 1514 692 1557 privilegium,
719 1520 766 1548 tot
791 1516 954 1559 religiosis
981 1517 1111 1550 familiis
1137 1528 1213 1550 con-

471 1577 617 1608 cessum,
644 1568 739 1601 etiam
766 1569 851 1602 dicto
877 1580 935 1602 suo
961 1570 1072 1603 Ordini
1098 1581 1213 1604 conce-

473 1620 549 1653 dere
575 1621 809 1664 dignaremur:
838 1622 998 1655 emanavit
1027 1623 1066 1655 ab
1100 1624 1212 1656 eadem

473 1673 733 1716 Congregatione
751 1675 966 1708 cardinalium
986 1676 1152 1709 decretum
1172 1683 1213 1710 te-

473 1727 561 1760 noris
588 1727 640 1771 qui
667 1727 833 1771 sequitur,
860 1728 1028 1762 videlicet:

320 1809 460 1833 c2··n·„⁷r02.›m0
511 1797 598 1827 Sacra
631 1798 822 1836 Congregatio
850 1799 1152 1829 eminentissimorum
1182 1806 1212 1831 et

454 1847 785 1877 'reverendissimorum
800 1849 829 1878 S.
847 1848 883 1878 R.
899 1848 932 1878 E.
953 1849 1145 1879 cardinalium
1161 1860 1211 1880 ne-

471 1896 557 1933 gotiis
590 1900 618 1925 et
650 1895 915 1926 consultationibus
947 1897 1150 1937 episcoporum
1184 1903 1211 1929 et

471 1944 651 1982 regularium
668 1945 844 1984 praeposita,
857 1945 892 1975 ad
908 1954 995 1984 quam
1010 1947 1212 1977 sanctissimus

471 1993 606 2023 dominus
629 1997 730 2023 noster
752 1993 915 2033 supplicem
931 1994 1061 2024 libellum
1084 1995 1210 2033 remisit,

470 2042 617 2072 referente
649 2043 881 2073 eminentissimo
917 2043 1034 2074 domino
1070 2045 1211 2075 cardinali

472 2092 591 2130 Belluga
615 2096 753 2131 ponente,
778 2092 903 2130 censuit,
924 2092 948 2122 si
970 2093 1065 2123 eidem
1087 2094 1212 2124 sanctis-

471 2140 544 2170 simo
568 2140 685 2170 domino
707 2144 809 2170 nostro
828 2140 983 2179 placuerit,
1001 2142 1126 2172 oratoris
1146 2152 1210 2182 pre-

471 2188 553 2218 cibus
569 2188 714 2227 indulgeri
732 2198 814 2227 posse
838 2198 889 2228 pro
912 2189 1006 2227 gratia
1028 2190 1062 2219 ad
1087 2191 1209 2220 sormam

471 2238 594 2267 aliarum
618 2237 804 2275 religionum.
828 2254 868 2260 —
890 2238 1017 2276 Romae,
1042 2247 1089 2268 xiv
1112 2239 1208 2268 martii

470 2295 670 2317 Mnecxxxvin.

509 2336 549 2365 Ex
573 2335 719 2365 audientia
738 2335 916 2364 sanctissimi
939 2334 1040 2365 habita
1062 2335 1097 2365 ab
1119 2335 1212 2366 infra-

470 2386 579 2423 scripto
601 2384 717 2413 domino
740 2383 896 2413 secretario
918 2383 971 2413 sub
988 2384 1033 2414 die
1051 2393 1117 2413 xxix
1134 2385 1211 2415 eius-

470 2434 537 2462 dem
559 2433 668 2463 mensis
701 2433 797 2462 martii
830 2440 1035 2470 moccxxxvin,
1065 2433 1210 2463 Sanctitas

471 2483 529 2511 Sua
545 2481 672 2521 benigne
687 2481 790 2512 annuit
805 2481 882 2512 iuxta
900 2486 999 2512 votum
1021 2491 1122 2512 sacrae
1138 2482 1210 2512 Con-

472 2531 663 2569 gregationis.
686 2549 724 2554 —-
746 2531 870 2569 Romae,
894 2535 949 2560 etc.
973 2531 1006 2560 F.
1030 2531 1110 2560 card.
1134 2531 1210 2561 BAR-

472 2589 608 2625 essniaus.
622 2597 646 2604 --
659 2581 692 2612 Ο.
708 2580 837 2620 archiep.
852 2580 1009 2618 Damiatae,
1023 2581 1207 2612 secretarius.

1051 197 1230 222 BULLARIUM
1254 198 1409 224 ROMAMJM

1300 247 1315 290 5
1340 247 1372 281 Ξ.
1398 247 1473 281 Cum
1504 253 1610 280 autem
1628 275 1635 288 ,
1672 248 1753 281 sicut
1779 248 1882 283 dictus
1918 260 1994 293 pro-

1255 404 1378 438 firmius
1403 406 1573 446 subsistat,
1598 407 1797 449 apostolicae
1823 398 2045 440 confirma-²⁰*

1256 457 1352 490 tionis
1368 464 1498 491 nostrae
1513 459 1691 501 patrocinio
1705 459 1897 492 communiri
1911 470 1993 493 sum-

1257 521 1392 554 mopere
1420 512 1598 545 desideret:
1619 523 1686 551 nos,
1713 513 1817 555 ipsum
1843 523 1995 556 procura-

1258 570 1356 597 torem
1383 566 1572 607 generalum
1598 565 1792 608 specialibus
1831 566 1995 600 favoribus

1256 622 1287 650 et
1312 617 1424 659 gratiis
1450 618 1605 661 prosequi
1632 619 1800 659 volentes,
1826 624 1858 651 et
1882 629 1899 651 a
1924 619 1994 663 qui-

1255 669 1362 702 busvis
1389 670 1743 710 excommunicationis,
1770 671 1995 714 suspensionis

1256 727 1288 755 et
1307 722 1485 762 interdicti,
1511 723 1650 766 aliisque
1668 724 1898 757 ecclesiasticis
1922 735 1996 758 sen-

1257 775 1385 815 tentiis,
1413 775 1561 808 censuris
1587 782 1619 808 et
1643 777 1782 819 poenis,
1808 787 1826 810 a
1850 776 1919 811 iure
1949 779 1997 812 vel

1255 828 1294 860 ab
1321 828 1462 868 homine,
1492 829 1603 872 (plavis
1629 829 1804 862 occasione
1829 831 1880 864 vel
1899 833 1999 864 causa

1255 880 1338 921 latis,
1359 881 1386 913 si
1413 881 1529 923 quibus
1555 881 1804 924 quomodolibet
1822 883 1998 916 innodatus

1255 933 1385 973 existit,
1413 934 1452 966 ad
1474 933 1622 967 effectum
1653 935 1875 978 praesentium
1906 936 1996 969 dum-

1258 992 1342 1019 taxat
1356 988 1633 1030 consequendum,
1656 988 1770 1020 harum
1789 989 1874 1021 serie
1893 989 1999 1023 ahsol-

1256 1046 1365 1074 ventes
1381 1046 1412 1073 et
1430 1041 1616 1073 absolutum
1640 1041 1709 1074 sore
1728 1047 1911 1082 censentes,
1928 1053 1998 1086 sup·

1255 1093 1484 1137 plicationibus
1512 1094 1581 1127 eius
1607 1094 1741 1127 nomine
1766 1095 1861 1128 nobis
1899 1106 1997 1139 super

1256 1147 1318 1179 hoc
1343 1147 1512 1180 humiliter
1541 1147 1700 1190 porrectis
1736 1147 1908 1188 inclinati,
1943 1148 1998 1181 de-

1255 1205 1379 1233 cretum
1393 1200 1640 1243 praeinsertum‚
1660 1200 1848 1234 auctoritate
1867 1207 1999 1244 aposto-

1256 1252 1332 1293 lica,
1359 1257 1473 1285 tenore
1499 1253 1739 1295 praesentium,
1766 1252 1998 1287 confirmamus

1256 1311 1288 1339 et
1313 1305 1545 1348 approbamus,
1572 1305 1686 1348 illique
1708 1305 1906 1339 inviolabilis
1923 1317 1999 1351 apo-

1255 1358 1392 1391 stolieae
1414 1357 1574 1390 firmitatis
1592 1358 1692 1391 robur
1709 1358 1896 1392 adiicimus:
1913 1361 1999 1393 salva

1256 1415 1364 1444 tamen
1399 1421 1529 1453 semper
1565 1410 1596 1442 in
1633 1411 1820 1453 praemissis
1855 1413 1997 1446 auctori-

1257 1470 1320 1497 tate
1355 1469 1553 1497 memoratae
1586 1463 1857 1508 Congregationis
1892 1466 1996 1500 cardi-

1256 1517 1392 1549 nalium.

1299 1571 1314 1613 ἓ
1338 1571 1368 1604 3.
1394 1571 1621 1612 Decernentes,
1648 1571 1779 1604 easdem
1807 1577 1996 1614 praesentes

1255 1623 1375 1656 litteras
1400 1623 1530 1663 sirmas,
1556 1624 1677 1657 validas
1703 1629 1734 1657 et
1759 1625 1906 1659 efficaces
1932 1626 1997 1658 exi-

1255 1682 1339 1710 stere
1365 1682 1396 1709 et
1420 1676 1506 1715 sore,
1540 1687 1680 1720 suosque
1706 1677 1872 1720 plenarios
1899 1683 1931 1711 et
1949 1679 1997 1710 in·

1256 1734 1363 1771 tegros
1389 1728 1522 1762 effectus
1555 1729 1663 1762 sortiri
1700 1734 1732 1762 et
1762 1730 1931 1771 obtinere,
1959 1741 1997 1764 ac

1255 1782 1341 1823 illis,
1367 1782 1406 1815 ad
1433 1793 1515 1825 quos
1541 1788 1670 1825 spectat
1694 1789 1725 1816 et
1749 1793 1809 1825 pro
1849 1788 1997 1827 ternpore

1254 1835 1426 1878 spectabit,
1454 1835 1644 1878 plenissime
1669 1835 1855 1878 suffragari,
1881 1836 1995 1880 sicque

1253 1887 1286 1920 in
1312 1888 1501 1931 praemissis
1528 1898 1585 1931 per
1617 1899 1838 1932 quoscumque
1873 1889 1996 1924 iudices

1253 1940 1436 1973 ordinarios
1452 1946 1484 1973 et
1501 1941 1678 1983 delegatos,
1706 1941 1802 1974 etiam
1826 1952 1996 1975 causarum

1252 1993 1364 2037 palatii
1396 1994 1566 2037 apostolici
1592 1994 1771 2035 auditores,
1803 1994 1936 2028 iudicari
1964 2001 1997 2028 et

1252 2046 1380 2079 definiri
1401 2046 1537 2086 debere,
1565 2057 1602 2079 ac
1633 2047 1762 2080 irritum
1787 2052 1819 2080 et
1851 2048 1946 2081 inane
1969 2049 1996 2082 si

1253 2110 1348 2132 secus
1363 2110 1460 2142 super
1478 2099 1528 2132 his
1543 2111 1560 2132 a
1578 2110 1751 2143 quoquam,
1765 2100 1874 2143 quavis
1891 2106 1995 2135 aucto-

1254 2152 1359 2193 ritate,
1377 2152 1521 2185 scienter
1538 2153 1585 2185 vel
1601 2152 1802 2195 ignoranter,
1820 2153 1995 2197 contigerit

1253 2204 1416 2237 attentari.

1296 2258 1310 2300 g
1336 2257 1367 2289 [ι.
1391 2257 1460 2290 Non
1486 2258 1690 2291 obstantibus
1708 2259 1995 2294 constitutionibus

1253 2316 1284 2343 et
1321 2310 1583 2344 ordinationibus
1620 2312 1829 2355 apostolicis,
1865 2323 1995 2347 necnon

1253 2363 1330 2397 dicti
1349 2363 1487 2404 Ordinis,
1505 2365 1600 2397 etiam
1621 2365 1810 2406 iuramento,
1829 2365 1996 2400 confirma·

1254 2417 1341 2449 tione
1360 2416 1545 2460 apostolica,
1561 2419 1610 2450 vel
1626 2417 1739 2461 quavis
1756 2417 1910 2452 firmitate
1931 2419 1994 2452 alia

1253 2470 1426 2510 roboratis,
1451 2471 1577 2503 statutis
1614 2476 1645 2504 et
1680 2471 1993 2513 consuetudinibus,

1252 2522 1432 2566 privilegiis
1469 2533 1622 2567 quoque,
1647 2523 1780 2557 indultis
1815 2530 1848 2557 et
1876 2524 1993 2558 litteris

1252 2577 1442 2621 apostolicis
1461 2576 1495 2610 in
1518 2577 1718 2611 contrarium
1735 2578 1993 2623 praemissorum

1995 202 2050 230 An.
2066 203 2096 230 e.
2117 205 2181 234 im

2075 264 2181 289 nectem-n
2207 260 2209 262 ¹

1256 306 1386 333 curator
1411 301 1574 343 generalis
1599 301 1693 334 nobis
1717 302 1854 335 subinde
1875 290 2214 346 exponisslissfflissi1s⁰⁰2tz

1255 352 1354 392 fecit,
1382 353 1452 396 ipse
1479 353 1647 386 decretum
1680 354 1889 395 huiusmodi,
1928 366 1992 398 quo
2004 341 2221 399 Filifflwiossffli’J

2033 1584 2153 1606 Clausulas.

2073 2269 2178 2295 Derngatlo
2190 2266 2193 2295 ᾗ

2006 2298 2160 2317 contrariorum.
