2232 3178
256 243 306 270 An.
326 243 355 270 C.
379 243 445 270 1738

492 234 554 267 500

446 293 518 334 prio
544 303 579 324 ac
604 293 642 325 de
669 293 868 335 apostolicae
895 292 1063 335 potestatis
1082 292 1185 334 pleni-

447 346 556 378 tudine
583 351 742 388 perpetuo
770 345 981 384 disiunxerat,
1020 354 1205 390 separave-¹

446 404 493 430 rat
519 404 549 431 et
574 398 882 437 dismembraverat‚
910 409 944 430 ac
970 403 1110 441 quatuor
1135 408 1205 429 ecm

446 452 616 484 clostat-um
655 462 711 482 seu
750 451 971 493 capellarum,
998 456 1052 482 aut
1087 452 1205 483 bene-¹

446 504 614 543 liciorum,
649 503 850 545 prioratuum
877 514 931 536 seu
959 503 1182 536 abbbatiarum

446 561 715 597 nuncnpatorum‚
742 566 800 598 per
836 556 955 588 dictum
985 555 1183 588 Clementem

446 609 732 649 praedecessorem
753 619 998 651 suppresserum
1026 614 1058 641 et
1083 608 1184 640 extin-

445 666 590 699 ctarum,
621 667 651 693 et
684 671 936 704 suppresserunt
970 667 1001 693 et
1029 661 1184 694 extincto-

446 724 525 752 rnm,
543 714 722 755 respective
743 714 870 752 fructus,
891 714 1039 746 redditus
1058 719 1088 745 et
1113 724 1183 756 pro·

446 770 571 805 ventus,
592 766 804 807 dignitatibus
831 776 867 798 ac
888 766 1134 798 canonicatibus
1153 770 1184 797 et

445 819 641 859 praebendis
674 828 710 851 ac
742 818 913 851 duodecim
939 818 1107 850 beneficiis
1133 829 1183 850 ec-

444 871 632 903 clesiasticis
650 871 874 913 patriarchalis
893 870 1048 903 ecclesiae
1068 870 1183 913 Ulyssi-

443 924 599 966 ponensis
627 924 847 963 occidentalis,
868 924 899 956 in
921 924 1047 956 illarum
1070 928 1100 955 et
1118 924 1183 955 illo·

445 988 513 1009 rum
541 977 718 1020 respective
745 977 827 1010 dotis
854 983 1097 1019 augumentum,
1123 977 1182 1008 sub

444 1030 539 1062 «exertis
565 1031 660 1062 modo
699 1035 730 1062 et
767 1030 868 1062 forma
893 1030 974 1062 inibi
1000 1030 1181 1073 expressis,

444 1089 533 1115 motu
571 1083 639 1126 pari
676 1083 853 1126 respective
895 1083 1116 1126 applicaverat
1152 1089 1184 1115 et

443 1137 717 1178 appropriaverat‚
741 1146 777 1167 ac
804 1136 982 1178 respective
1007 1141 1183 1168 annexerat

444 1195 476 1221 et
502 1190 794 1231 incorporaverat·‚
823 1194 853 1221 et
877 1195 911 1220 ut
936 1189 968 1220 in
995 1188 1104 1220 eadem
1130 1199 1183 1230 pa-

443 1242 610 1274 triarchali
648 1242 785 1274 ecclesia
820 1241 1062 1284 Ulyssiponensi
1100 1241 1183 1273 occi-

443 1295 564 1327 dentali
592 1295 698 1327 divina
717 1294 832 1332 officia,
853 1297 889 1326 ea
910 1304 974 1336 qua
995 1294 1086 1326 decet
1106 1294 1183 1325 assi-

443 1348 558 1380 stentia
578 1356 614 1379 ac
638 1347 863 1379 ministrorum
890 1347 1182 1379 ecclesiasticorum

442 1410 579 1432 numero
599 1405 629 1431 et
648 1399 848 1442 copiositate,
868 1404 964 1442 prout
989 1399 1184 1441 patriarcha-

442 1453 481 1485 lis
500 1453 657 1485 ecclesiae
685 1452 948 1495 Ulyssiponensis
970 1452 1182 1485 occidentalis

443 1506 542 1538 decus
579 1510 611 1536 et
643 1504 886 1547 magnificentia
911 1504 1072 1546 exposcit,
1098 1506 1182 1537 cele-

442 1560 628 1597 brarentur,
666 1564 697 1590 et
722 1557 864 1590 divinum
891 1557 1055 1590 servitium
1078 1559 1181 1590 nulla-

443 1618 535 1644 tcnus
571 1611 813 1653 negligeretur,
841 1611 898 1643 sed
936 1611 1110 1653 dignitates
1147 1620 1182 1643 ac

443 1665 651 1698 canonicatus
692 1669 724 1696 et
763 1664 968 1707 praebendas
1007 1670 1181 1707 ceteraque

442 1716 600 1750 beneficia
625 1716 844 1750 ecclesiastica
877 1717 909 1749 in
934 1717 971 1749 ea
998 1716 1181 1749 obtinentes

443 1771 567 1804 divinas
594 1771 708 1804 laudes
733 1771 799 1803 suis
834 1771 952 1803 debitis
982 1770 1183 1813 temporibus

443 1836 479 1857 ac
514 1824 619 1857 modis
661 1824 799 1857 maxima
834 1823 1097 1856 christifidelium
1138 1823 1182 1856 ibi

443 1877 664 1910 assistentium
699 1888 773 1910 cum
809 1876 1035 1910 aedificatione
1060 1879 1184 1919 persol-

442 1936 568 1972 verent,
589 1931 761 1974 quamdam
787 1930 925 1963 subinde
947 1940 1044 1973 super
1070 1940 1181 1963 eorum

443 1983 665 2017 celebratione
683 1994 831 2017 normam
856 1994 892 2016 ac
910 1989 1035 2016 certum
1057 1984 1182 2016 dierum

445 2043 476 2069 et
503 2037 703 2070 functionum
729 2038 950 2070 kalendarium
975 2042 1065 2070 motu
1085 2037 1182 2070 simili

443 2095 599 2124 statuerat
630 2096 726 2134 atque
759 2091 1038 2134 praescripseram
1071 2092 1184 2124 voluc—

443 2149 559 2186 ratque
595 2144 731 2186 insuper
757 2145 842 2187 quod
869 2144 1045 2187 applicatio
1072 2149 1103 2177 ct
1130 2155 1184 2187 ap-

444 2196 595 2239 probatio
616 2198 794 2239 praefatae,
815 2197 943 2240 aliaque
961 2198 993 2229 in
1011 2208 1184 2240 augumen-

447 2256 509 2283 tum
537 2252 800 2294 praebendarum
827 2257 859 2284 et
884 2243 1118 2285 beneficiorum
1150 2252 1182 2283 in

445 2304 530 2337 dicta
550 2305 756 2347 patriarchali
783 2304 918 2338 ecclesia
938 2304 1182 2348 Ulyssiponensi

445 2356 640 2389 occidentali
661 2357 867 2389 existentium
886 2358 1106 2400 praefatorum
1134 2368 1184 2390 re-

445 2411 586 2452 spective
613 2410 697 2442 (lotis
723 2420 877 2442 concessa
901 2416 932 2441 et
958 2410 1110 2452 elargita,
1138 2411 1184 2442 lo-

446 2474 517 2495 cum
543 2463 673 2495 minime
693 2463 812 2495 babere
830 2464 985 2502 valerent,
1003 2462 1063 2494 nisi
1083 2462 1182 2505 prius,

446 2526 528 2557 qnae
543 2526 601 2557 per
618 2526 689 2547 suas
707 2515 818 2548 itidem
836 2515 959 2548 litteras
978 2515 1063 2547 circa
1082 2515 1184 2547 dictae

444 2568 672 2611 patriarchalis
687 2568 844 2601 ccclesiae
860 2568 1118 2611 Ulyssiponensis
1137 2578 1185 2601 oc-

445 2621 614 2655 cidentalis
640 2621 763 2655 servitii
790 2622 927 2655 sormam
944 2621 1033 2654 iuxta
1049 2620 1185 2664 praefati

1026 243 1210 267 numanum
1236 244 1396 268 ROMANUM

1230 292 1408 324 kalendarii
1449 293 1597 325 ordinem
1639 298 1670 325 et
1699 293 1892 325 muletarum
1929 301 1964 323 ac

1227 355 1402 387 poenarum
1429 351 1541 378 contra
1559 345 1802 379 inobservantes
1820 345 1964 378 decreta-

1227 409 1295 430 rum
1323 398 1569 441 dispositionem
1589 399 1764 432 constituta
1781 399 1962 437 extiterant,

1227 452 1352 484 debitae
1379 453 1582 494 exequutioni
1603 453 1891 485 demanderentur:
1913 462 1964 484 su-

1227 514 1285 546 per
1307 504 1422 545 quibus
1442 515 1499 546 per
1516 504 1635 537 dietum
1653 504 1850 538 Clementem
1870 514 1966 547 prae-

1227 557 1447 596 decessorem,
1481 564 1514 590 ut
1549 559 1752 601 praefertur,
1782 557 1962 600 dispositis,

1229 620 1265 641 ex
1304 621 1342 643 eo
1379 611 1454 653 quia
1491 610 1559 643 eius
1595 611 1682 643 obitu
1717 610 1965 652 superveniente

1230 662 1359 694 litterae
1396 663 1593 705 apostolicae
1629 663 1797 696 consectae
1834 663 1965 696 minime

1228 715 1414 754 existerant‚
1435 726 1474 748 ne
1493 716 1532 748 de
1553 717 1685 749 illorum
1707 717 1870 750 validitate
1895 717 1965 750 liae-

1227 768 1387 806 sitarctur‚
1425 769 1543 811 illaque
1584 769 1692 802 debito
1734 770 1966 802 frustrarentur

1226 820 1354 860 effectu,
1382 820 1452 863 piae
1478 816 1651 854 memoriae
1676 822 1883 854 Innocentius
1908 822 1966 854 Pa-

1225 884 1264 916 pa
1292 873 1356 905 XIII
1384 873 1492 905 itidem
1512 870 1755 916 ‘praedecessor
1779 880 1890 906 noster
1906 885 1965 917 per

1226 926 1319 958 binas
1356 926 1387 958 in
1426 926 1526 958 forma
1552 927 1687 959 nationi
1719 927 1879 969 congruit,
1906 927 1964 959 suh

1227 979 1335 1011 datum
1360 979 1509 1011 videlicet
1532 989 1569 1011 xv
1597 979 1748 1012 kalendas
1773 979 1862 1019 iunii,
1884 990 1966 1022 pon-

1228 1032 1365 1063 tificatus
1392 1032 1440 1063 sui
1468 1042 1552 1064 anno
1578 1042 1610 1070 1,
1636 1032 1773 1074 desuper
1798 1032 1964 1074 expeditas

1227 1084 1365 1123 litteras,
1393 1084 1643 1127 applicationem
1670 1090 1701 1117 et
1726 1085 1966 1128 appropriatio-

1227 1147 1300 1169 nem
1334 1137 1508 1180 praesatas‚
1536 1143 1708 1180 ceteraque
1734 1148 1831 1181 super
1863 1137 1966 1171 dictae

1226 1190 1451 1232 patriarchalis
1465 1190 1622 1222 ecclesiae
1638 1190 1897 1234 Ulyssiponensis
1912 1202 1966 1224 oc-

1226 1242 1395 1275 cidentalis
1431 1243 1519 1276 chori
1552 1243 1685 1276 servitio
1722 1247 1753 1277 et
1784 1244 1965 1277 kalendarii

1226 1296 1450 1338 dispositione,
1475 1302 1510 1328 ut
1534 1307 1641 1339 supra,
1659 1307 1676 1329 a
1697 1297 1782 1329 dicto
1800 1297 1965 1330 Clemente

1225 1350 1476 1392 praedecessore
1503 1354 1621 1382 statuta
1647 1354 1678 1382 et
1703 1350 1859 1389 ordinata,
1887 1360 1965 1393 apo-

1226 1402 1356 1435 stolicae
1373 1402 1531 1434 firmttatis
1550 1403 1727 1435 munimine
1741 1403 1963 1436 roboraverat:

1268 1455 1337 1497 §2
1376 1455 1413 1486 Et
1449 1465 1484 1487 ex
1522 1466 1560 1488 eo
1596 1456 1680 1498 quod
1714 1456 2156 1518 ⁵0⁶U¹¹d0d¹⁶t³ss,332222233‘2

1226 1508 1372 1540 eiusdem
1391 1507 1570 1541 Clementis
1594 1508 1859 1551 praedecessoris
1883 1508 2032 1541 litte-dicto
2051 1518 2155 1540 cummis

1226 1571 1278 1593 rae
1315 1570 1352 1593 ex
1387 1560 1483 1593 certis
1520 1561 1768 1594 rationabilibus
1805 1568 1837 1595 et
1870 1561 2083 1594 nobiscum-mat
2112 1571 2155 1593 cte-

1225 1613 1309 1646 notis
1335 1612 1437 1645 causis
1455 1613 1665 1656 exequutioni
1686 1614 1817 1647 minime
1835 1615 1965 1647 deman-

1226 1667 1319 1699 datae
1361 1666 1509 1707 suerant;
1550 1672 1793 1711 proptereaque
1832 1674 1965 1711 quartae

1225 1719 1452 1762 patriarchalis
1466 1719 1726 1763 Ulyssiponensis
1741 1720 1964 1761 occidentalis,

1226 1772 1555 1816 archiepiscopalium
1589 1779 1620 1806 et
1656 1774 1887 1817 episcopalium
1920 1784 1966 1806 ec-

1226 1825 1399 1858 clesiarum
1439 1826 1669 1868 praefatarum,
1719 1832 1750 1860 et
1794 1833 1964 1870 quotarum

1226 1879 1409 1918 fructuum,
1451 1879 1637 1911 reddituum
1680 1885 1712 1912 et
1749 1885 1965 1923 proventuum

1226 1932 1442 1974 praefatorum
1462 1931 1652 1974 dignitatum
1669 1942 1704 1965 ac
1717 1932 1966 1966 canonicatuum

1227 1990 1258 2017 et
1282 1984 1560 2027 praebendarum,
1584 1995 1709 2018 necnon
1735 1990 1876 2028 quatuor
1907 1996 1963 2019 ec-

1226 2037 1401 2069 clesiarum
1438 2047 1493 2070 seu
1531 2038 1728 2080 capellarum
1760 2039 1810 2071 vel
1845 2038 1967 2071 beneti-

1226 2090 1349 2123 ciorum
1374 2091 1594 2133 praefatorum
1612 2101 1670 2133 per
1687 2091 1806 2124 dictum
1823 2091 1967 2124 Clemen-

1227 2148 1289 2175 tem
1307 2143 1595 2185 praedecessorem
1621 2149 1654 2176 ut
1678 2144 1863 2186 praefertur
1888 2155 1967 2188 sup-

1226 2206 1410 2238 pressorum
1436 2201 1466 2228 et
1491 2195 1717 2238 extinctorem,
1743 2208 1778 2230 ac
1807 2197 1967 2240 dignitati-

1226 2249 1284 2281 bus
1316 2255 1347 2282 et
1375 2249 1620 2282 canonicatibus
1646 2255 1677 2283 et
1710 2251 1905 2294 praebendis
1931 2261 1967 2284 ac

1226 2303 1395 2335 duodecim
1413 2302 1580 2336 beneficiis
1608 2303 1836 2337 ecclesiasticis
1862 2304 1966 2337 dictae

1226 2355 1451 2397 patriarchalis
1466 2357 1621 2389 ecclesiae
1637 2357 1897 2400 Ulyssiponensis
1913 2368 1966 2390 oc-

1227 2408 1399 2441 cidentalis
1424 2414 1458 2440 ut
1483 2411 1665 2452 praefertur
1690 2412 1872 2454 respective
1898 2410 1968 2443 uni-

1228 2462 1593 2504 torum,applicatorum
1619 2469 1650 2496 et
1674 2464 1966 2506 appropriatoruin,

1226 2514 1399 2557 applicatio
1425 2521 1456 2548 et
1472 2516 1691 2559 appropriatio
1707 2516 1853 2549 effectum
1872 2527 1965 2549 suum

1227 2568 1356 2600 sortitae
1382 2568 1513 2601 minime
1534 2569 1672 2612 fucrant)
1700 2580 1771 2609 nos,
1790 2579 1850 2612 per
1866 2569 1966 2602 infra-

1226 2621 1360 2663 scriptas
1384 2627 1515 2655 nostras
1541 2622 1676 2663 litteras,
1700 2622 1739 2656 ad
1765 2622 1966 2657 evellendam

1970 244 2016 270 Aa.
2037 243 2066 271 o.
2089 245 2153 274 ¹738
2197 246 2200 281 ἦ

1977 1546 1995 1565 ei
2040 1551 2140 1566 concessa
2149 1561 2154 1569 ,

1975 1604 2033 1618 mens
2048 1598 2091 1619 xil.
