2232 3178
2184 0 2232 133 ll

2187 135 2223 163 :l'

2189 164 2192 196 i

284 243 333 271 An.
351 244 380 271 c.
405 242 471 270 1738
516 233 581 269 418
1054 240 1236 266 normarum
1261 240 1417 266 normann

2005 242 2098 271 Aac.
2118 236 2193 277 naal

477 301 546 329 ces,
577 290 668 321 libros
701 291 744 321 vel
776 299 837 321 rem
867 289 975 328 aliam,
1007 289 1069 319 sine
1097 289 1216 319 licentia
1259 289 1308 329 qui
1330 293 1411 320 extra
1435 290 1644 320 monasterium
1677 290 1715 320 ita
1745 294 1939 330 separantur,
1963 295 1996 321 ut
2192 278 2193 292 ³

325 1497 353 1517 lm
381 1502 467 1521 egrestu

284 1524 370 1544 flatrum
390 1531 401 1544 a
417 1530 466 1544 uun-

285 1553 354 1570 ventu.

478 340 655 379 superioris,
680 340 728 379 qui
752 338 1020 370 contravenientem
1043 347 1142 368 severe
1165 347 1217 378 pu-

478 389 575 418 niatur
590 390 609 417 ¹.

516 445 554 466 1v.
579 434 746 465 Laudabilis
769 434 860 464 nostri
883 433 1002 465 Ordinis
1035 432 1216 463 consuetudo

478 485 659 522 observetur,
684 492 788 522 nempe
821 483 850 512 in
883 487 966 512 nocte
996 486 1062 521 post
1084 482 1215 511 litaniam

477 534 658 563 lauretanam
687 532 840 571 pulsentur
868 531 991 560 tabellae
1019 531 1048 560 in
1077 530 1218 559 dormito-

477 582 539 618 riis,
564 586 592 610 et
613 581 727 610 dicatur
758 580 902 609 sententia
931 579 1110 618 spiritualis,
1135 579 1217 608 cuius

478 630 666 659 meditatione
695 629 825 666 religiosi
857 628 887 658 in
916 628 1003 658 cellas
1035 627 1217 666 lectulosque

477 688 507 708 se
536 679 702 716 conserant,
733 687 764 706 ac
797 678 873 706 intra
906 676 1097 715 quadrantem
1130 676 1217 705 horae

478 728 571 756 lucem
591 727 784 764 extinguant3
818 725 868 764 qui
891 724 966 754 intra
989 724 1061 754 illud
1091 724 1217 763 spatium

477 785 535 805 non
558 775 725 811 extinxerit,
760 782 867 813 pronus
898 773 928 802 in
960 777 1068 802 terram
1099 772 1145 802 die
1176 781 1218 801 se-

478 824 578 863 quenti
602 823 742 853 comedat.

519 881 545 901 v.
571 872 756 912 StiperioreS‚
781 880 832 911 per
859 880 901 909 se,
926 870 971 900 vel
996 879 1046 910 per
1068 879 1153 900 suum
1177 870 1219 899 vi-

477 921 588 950 carium
607 944 614 957 ,
638 920 752 960 quando
788 919 926 959 expedire
962 919 1106 956 viderint,
1129 918 1218 948 cellas

476 973 622 999 nocturno
645 973 773 1007 tempore
797 968 937 1004 visitent;
961 967 1126 997 clausuram
1150 976 1218 996 vero

477 1018 601 1056 singulis
624 1017 777 1050 noctibus,
803 1021 902 1056 portas
925 1016 1031 1045 iterum
1057 1015 1219 1045 obserando

476 1066 619 1103 magistra
641 1065 726 1101 clavi,
752 1074 839 1104 quam
862 1073 977 1103 semper
999 1063 1075 1102 apud
1099 1073 1129 1093 se
1152 1064 1219 1093 reti-

477 1118 576 1144 neant.
601 1114 653 1149 Qui
677 1117 772 1143 autern
796 1113 946 1151 negligens
970 1113 999 1142 in
1023 1112 1119 1142 debita
1142 1112 1219 1142 clau-

477 1164 544 1191 sura
577 1161 758 1191 observanda
791 1161 898 1198 suerit,
926 1169 1085 1199 suspensus
1117 1160 1155 1190 sit
1184 1160 1219 1190 ab

477 1210 573 1239 officio
596 1219 648 1248 per
671 1214 729 1239 tres
752 1218 877 1238 menses.

518 1267 555 1288 vi.
580 1258 700 1293 Quando
717 1258 819 1287 solitae
836 1257 1037 1296 processiones
1054 1266 1105 1296 per
1120 1261 1217 1287 nostra

478 1308 551 1336 liunt
583 1307 723 1342 claustra,
757 1316 815 1335 non
850 1306 1037 1344 permittatur
1069 1306 1219 1343 ingressus

477 1355 634 1384 mulierum
657 1355 686 1384 in
709 1354 769 1384 illa.
788 1354 841 1389 Qui
858 1364 941 1383 secus
957 1354 1069 1391 fecerit,
1092 1354 1220 1393 graviter

478 1405 512 1433 ad
536 1403 691 1434 arbitrium
716 1403 905 1442 provincialis
925 1403 1073 1441 puniatur.

517 1462 536 1482 1.
571 1453 758 1492 Superiores,
790 1452 990 1490 redemptores
1020 1452 1217 1490 captivorum,

479 1505 692 1540 procuratores
706 1500 955 1538 eleemosynarum
975 1504 1155 1538 quaestores,
1174 1500 1218 1528 vel

479 1550 543 1579 loco
567 1549 764 1588 procuratoris
788 1550 949 1577 conventus
964 1548 1039 1577 alius
1055 1548 1219 1585 religiosus,

478 1608 544 1628 cum
566 1598 626 1627 suis
649 1597 747 1635 sociis,
771 1601 909 1636 poterunt
939 1597 1090 1626 dumtaxat
1113 1596 1146 1625 ad
1170 1606 1220 1635 op-

478 1647 579 1685 pidum
603 1646 702 1682 exire3
728 1649 756 1674 et
778 1645 993 1684 praedicatores
1025 1645 1161 1674 similiter
1184 1645 1219 1674 ad

478 1695 724 1731 concionandum,
749 1698 776 1723 et
810 1694 980 1723 confessarii
1003 1694 1037 1723 ad
1060 1694 1220 1723 audiendas

478 1743 686 1773 confessiones.
710 1742 790 1777 Quod
824 1742 848 1771 si
881 1743 910 1772 in
944 1742 1042 1781 aliquo
1074 1747 1220 1772 conventu

479 1793 589 1822 suerint
612 1792 710 1830 plures
734 1791 863 1829 hospites
886 1795 913 1820 et
937 1791 1066 1829 negotia,
1084 1795 1220 1829 poterunt

477 1841 527 1869 alii
550 1839 646 1878 egredi
670 1849 735 1868 cum
753 1839 873 1868 licentia
891 1839 1062 1868 definitorii.
1081 1839 1220 1877 Superior

478 1893 574 1918 autem
591 1887 758 1917 huiusmodi
775 1887 977 1917 constitutioni
997 1888 1220 1916 contraveniens

480 1940 574 1977 poena
601 1938 705 1975 culpae
733 1937 830 1975 gravis
860 1937 1011 1975 puniatur.
1035 1936 1157 1975 Ipseque
1180 1936 1220 1966 ita

478 1987 514 2016 sit
546 1986 681 2015 assiduus
713 1986 742 2015 in
775 1985 870 2022 domo,
909 1985 984 2024 quod
1018 1985 1126 2014 subditi
1158 1985 1220 2014 eius

479 2035 611 2073 exemplo
636 2034 761 2064 libenter
790 2035 884 2063 serant
906 2034 1100 2064 inclusionem
1124 2043 1218 2063 suam.

478 2083 536 2112 Nec
553 2092 608 2112 uno
625 2083 785 2121 eodemque
812 2087 943 2121 tempore
963 2082 1097 2111 minister
1113 2086 1141 2111 et
1157 2082 1220 2111 eius

479 2132 604 2161 vicarius
627 2136 709 2160 extra
734 2131 906 2160 coenobium
931 2140 1058 2170 unquam
1083 2131 1151 2160 sint.

520 2189 549 2209 11.
568 2180 669 2209 Nullus
685 2181 830 2219 superior,
848 2181 877 2209 in
895 2180 966 2210 locis
983 2181 1011 2209 in
1029 2180 1137 2219 quibus
1153 2184 1222 2209 sunt

481 2233 643 2258 conventus
666 2229 769 2262 nostri,
788 2228 956 2265 religiosum
980 2229 1118 2267 aliquem,
1132 2229 1219 2258 etiam

480 2277 680 2315 eleemosynae
703 2281 901 2315 quaestorem,
926 2277 988 2306 sine
1011 2277 1090 2307 socio
1112 2277 1146 2306 ad
1170 2286 1220 2316 op-

482 2325 581 2364 pidum
605 2325 710 2361 mittat,
728 2324 781 2354 sub
799 2327 893 2363 poena
908 2325 1011 2363 eulpae
1027 2325 1134 2363 gravis,
1153 2334 1222 2363 pru-

481 2374 643 2412 denterque
659 2382 688 2402 se
705 2378 787 2411 gerat
802 2373 829 2402 in
843 2374 1043 2411 assignatione
1059 2373 1220 2409 sociorum3

481 2431 554 2460 quos
577 2426 674 2450 autern
703 2421 921 2459 designaverit,
945 2422 1089 2460 recipiant
1111 2421 1221 2451 subditi

482 2470 590 2509 absque
614 2470 811 2506 excusatione,
829 2470 882 2499 sub
899 2471 993 2508 poena
1008 2471 1094 2499 etiam
1118 2471 1220 2508 culpae

481 2519 590 2556 gravis.
614 2518 674 2552 Qua
697 2519 784 2548 etiam
815 2519 909 2557 poene
937 2518 1103 2547 afficiantur
1126 2518 1219 2556 socii,

518 2619 529 2645 1
551 2617 647 2646 Potius
666 2617 725 2655 lege
739 2618 847 2655 puniat
867 2619 906 2654 (n.
924 2618 972 2654 Τ.).

1259 342 1360 367 mutuo
1382 347 1412 367 se
1435 347 1492 367 non
1526 339 1664 374 videant,
1694 339 1867 378 praesertim
1900 339 1995 369 dictae
2191 332 2194 368 i

1259 385 1458 426 eleemosynae
1481 391 1659 426 quaestores

1299 443 1339 463 111.
1373 434 1447 464 Ante
1481 434 1582 465 horam
1619 434 1761 464 orationis
1793 434 1954 464 matutinae
1979 444 1994 465 a

1259 482 1344 512 domo
1367 483 1464 512 nullus
1487 488 1569 513 exeat
1590 483 1700 522 absque
1728 483 1845 521 urgenti
1867 483 1996 513 necessi-

1261 534 1330 568 tate,
1354 530 1532 570 redeantque
1555 540 1656 560 omnes
1678 535 1744 560 ante
1766 535 1903 564 noctem;
1927 540 1996 561 con-

1261 579 1426 608 traveniens
1448 584 1546 609 autem
1577 589 1686 618 pronus
1708 580 1737 609 in
1761 583 1868 608 terram
1890 588 1995 618 panem

1260 631 1289 657 et
1310 637 1413 666 aquam
1437 628 1483 658 die
1503 629 1636 667 sequenti
1659 628 1802 658 comedat.
1819 628 1877 658 Nec
1892 631 1997 658 exeant

1261 675 1290 704 in
1313 675 1416 705 diebus
1439 676 1562 713 seriatis,
1579 680 1607 706 et
1628 677 1658 706 in
1682 676 1751 714 illis,
1768 676 1875 715 quibus
1897 685 1996 705 saecu-

1262 723 1336 753 lares
1360 723 1486 754 habeant
1517 724 1601 754 ludos
1635 729 1662 754 et
1691 724 1822 763 publicas
1849 724 1996 763 laetitias,

1261 773 1426 811 spectacula
1450 777 1477 802 et
1501 773 1608 802 similia
1622 796 1629 810 ,
1647 774 1769 812 excepta
1791 773 1879 802 causa
1901 773 1997 811 gravis

1262 825 1289 850 et
1311 822 1350 850 ita
1381 822 1514 859 urgentis
1541 823 1674 860 negotii,
1698 821 1774 861 quod
1801 821 1912 851 differri
1939 830 1997 851 non

1263 869 1367 899 valeat.
1392 869 1445 905 Qui
1468 880 1536 900 vero
1560 870 1669 910 absque
1696 871 1745 900 illa
1768 870 1915 900 licentiam
1939 870 1999 900 die-

1262 918 1315 947 bus
1338 919 1494 958 praedictis
1515 920 1629 958 petierit
1653 919 1697 948 vel
1720 919 1910 957 concesserit,
1931 928 1997 958 poe-

1263 976 1316 996 nae
1340 967 1442 1006 culpae
1464 968 1561 1005 gravis
1583 967 1743 998 subiaceat.

1302 1023 1340 1044 iv.
1365 1014 1484 1050 Quando
1517 1015 1646 1053 religiosi
1679 1015 1772 1045 nostri
1802 1015 1836 1045 ad
1859 1015 1998 1054 oppidum

1263 1067 1394 1097 exeunt,
1419 1063 1447 1092 in
1478 1063 1543 1093 illas
1573 1063 1774 1093 tantummodo
1797 1063 2000 1101 ingrediantur

1263 1113 1376 1149 domos,
1393 1111 1428 1141 ad
1443 1121 1514 1150 quas
1534 1121 1701 1151 expressam
1718 1112 1866 1141 licentiam
1879 1111 1998 1149 habent,

1263 1169 1316 1189 nec
1338 1161 1454 1198 negotia
1474 1161 1646 1199 suscipiant,
1661 1160 1719 1190 nisi
1731 1169 1746 1190 a
1759 1160 1908 1199 superiore
1924 1169 2001 1189 com-

1263 1209 1361 1245 missa3
1374 1209 1450 1248 quod
1464 1209 1487 1239 si
1501 1209 1618 1248 aliquod
1631 1209 1805 1247 occurrerit,
1820 1209 1849 1238 in
1863 1217 2001 1246 regressu

1262 1257 1298 1286 ad
1326 1261 1501 1287 conventum
1525 1257 1654 1296 praelato
1676 1261 1834 1296 exponant.
1856 1256 1911 1292 Qui
1933 1266 2001 1287 vero

1264 1305 1339 1344 parti
1361 1306 1450 1335 alicui
1469 1306 1557 1335 huius
1574 1306 1791 1335 constitutionis
1813 1310 2001 1336 contravene-

1263 1354 1313 1391 rit,
1339 1356 1432 1392 poena
1455 1354 1557 1393 culpae
1580 1354 1677 1392 gravis
1696 1354 1850 1392 afficiatur,
1875 1354 1919 1383 vel
1941 1363 2002 1383 ma-

1263 1403 1330 1439 iori,
1354 1403 1379 1432 si
1402 1403 1515 1432 ratione
1539 1403 1663 1433 alicuius
1686 1402 1925 1433 circumstantiae
1941 1403 2002 1433 cul-

1264 1461 1297 1491 pa
1321 1456 1471 1489 augeatur.

1303 1510 1329 1530 v.
1356 1501 1534 1538 Egressurus
1556 1510 1571 1530 a
1593 1504 1750 1538 conventu,
1768 1500 1887 1530 obtenta
1909 1500 2002 1530 licen-

1264 1549 1315 1586 tia,
1340 1549 1458 1578 indutus
1481 1549 1584 1587 cappa,
1609 1549 1695 1578 simul
1718 1557 1783 1577 cum
1806 1549 1896 1586 socio,
1913 1548 2003 1579 bene-

1263 1597 1418 1626 dictionem
1435 1597 1559 1636 accipiat
1575 1606 1588 1625 a
1610 1597 1749 1636 praelato,
1766 1601 1794 1626 et
1816 1597 2001 1627 sanctissimo

1264 1650 1447 1676 sacramento
1470 1645 1598 1674 breviter
1621 1654 1727 1683 oranS,
1755 1645 1890 1685 idemque
1917 1646 2002 1676 faciat

1264 1695 1293 1724 in
1318 1699 1465 1732 regressu.
1489 1695 1630 1733 Tempore
1653 1699 1750 1724 autem
1775 1694 1951 1724 visitationis
1973 1704 2003 1723 a-

1264 1743 1378 1781 ctualis,
1396 1752 1410 1772 a
1428 1743 1579 1773 visitatore
1595 1742 1826 1772 benedictionem
1843 1743 1999 1782 accipient.

1263 1791 1441 1830 Semperque
1473 1791 1602 1820 eamdem
1636 1791 1780 1830 accipient
1813 1791 1934 1830 praelati
1967 1791 2002 1822 ab

1264 1840 1331 1869 aliis
1353 1840 1408 1869 sibi
1431 1839 1632 1879 superioribus
1661 1839 1689 1869 in
1713 1840 1816 1869 eadem
1839 1839 1923 1869 domo
1941 1839 2003 1870 exi-

1264 1888 1420 1918 stentibus.

1304 1946 1342 1966 Vt.
1380 1937 1534 1976 Nunquam
1571 1937 1700 1975 religiosi
1732 1937 1825 1966 nostri
1856 1937 1943 1966 simul
1971 1936 2001 1966 in

1265 1987 1413 2016 communi
1432 1987 1620 2024 egrediantur
1633 1986 1666 2015 ad
1684 1986 1783 2016 funera
1801 1986 1845 2015 vel
1859 1986 2001 2016 cantanda

1264 2034 1449 2073 responsoria
1466 2058 1473 2072 ‚
1498 2034 1554 2064 nisi
1580 2034 1609 2063 in
1632 2034 1673 2063 eis
1696 2034 1767 2063 locis
1790 2034 1819 2063 in
1842 2034 1948 2073 quibus
1970 2043 2002 2064 u-

1264 2083 1347 2112 nicus
1370 2083 1457 2112 suerit
1479 2087 1638 2111 conventus
1662 2082 1705 2111 vel
1729 2082 1884 2120 collegium
1908 2083 2001 2112 nostri

1264 2131 1392 2168 Ordinis,
1417 2131 1461 2160 vel
1484 2130 1518 2159 ad
1542 2131 1643 2159 funera
1666 2134 1694 2159 et
1717 2131 1854 2169 exequias
1876 2140 1999 2169 regum,

1264 2180 1479 2218 episcoporum,
1505 2179 1700 2218 praelatorum
1724 2183 1752 2208 et
1774 2179 1913 2208 similium
1937 2188 2002 2217 gra-

1266 2228 1342 2257 vium
1368 2237 1579 2266 personarum,
1614 2227 1728 2266 quando
1751 2227 1824 2256 aliae
1846 2227 2001 2266 religiones

1264 2280 1449 2305 concurrant.
1474 2276 1504 2305 ln
1530 2276 1574 2304 his
1597 2280 1692 2305 autem
1716 2280 1743 2304 et
1765 2275 1918 2314 quibusvis
1936 2275 2001 2305 aliis

1265 2324 1481 2360 functionibus,
1505 2323 1646 2361 singulari
1670 2323 1814 2353 modestia
1835 2324 1926 2353 nostri
1954 2333 2001 2354 re-

1264 2372 1450 2411 splendeant,
1475 2381 1527 2401 nec
1550 2382 1564 2401 a
1588 2372 1796 2401 communitate
1818 2371 1924 2410 aliquis
1947 2381 2000 2402 un-

1265 2430 1351 2460 quam
1366 2425 1529 2459 separetur,
1544 2420 1597 2450 sub
1615 2422 1707 2459 poena
1721 2420 1823 2459 culpae
1837 2420 1934 2458 gravis
1950 2429 2001 2460 per

1265 2474 1324 2499 tres
1347 2469 1419 2498 dies.

1305 2526 1353 2547 vn.
1379 2518 1535 2547 Hortamur
1565 2521 1662 2556 patres
1693 2517 1852 2552 ministros,
1880 2527 1916 2547 ne
1938 2527 2002 2557 per-

1266 2566 1383 2596 mittant
1414 2570 1445 2596 ut
1474 2566 1623 2604 religiosi,
1648 2566 1697 2605 qui
1728 2575 1779 2605 pro
1808 2567 1862 2595 sua
1883 2566 2002 2596 infirma

1265 2615 1434 2646 valetudine
1460 2615 1599 2646 carnibus
1630 2619 1810 2653 vescuntur,
1833 2615 1917 2655 lino,
1940 2615 2001 2646 sive
