2232 3178
837 169 935 194 mnnx
960 169 1159 195 RUBRICARL'M
1666 162 1701 196 71
1714 164 1725 195 1

329 232 458 265 scopum
490 221 669 255 consecrari
706 221 859 262 faciendi,
885 232 984 266 eaque

330 275 496 308 exercendi
521 286 600 319 quae
625 280 697 309 sunt
721 275 856 316 Ordinis,
882 275 955 308 59⁴1.

240 327 391 362 CCLXIX.
417 328 455 361 Ut
471 329 614 361 Tertiarii
629 328 812 371 quorumvis
830 328 982 361 Ordinum

329 381 542 424 regularium,
559 382 663 414 Tertio
684 381 791 415 Ordiui
817 382 849 415 B.
869 382 982 415 Mariae

327 435 365 468 de
390 434 492 468 Monte
517 435 660 469 Carmelo
685 434 856 478 adscripti,
882 434 983 467 indul-

327 487 440 530 gentiis
470 493 500 520 et
523 488 633 530 gratiis
667 487 885 531 spiritualibus
909 498 982 530 pro-

329 541 449 573 miscue
473 541 518 572 uti
544 541 674 580 valeant,
699 539 772 573 593.

239 592 374 627 CCLXX.
400 593 558 626 Nonnulla
583 592 613 624 in
639 592 878 634 constitutione,
904 602 983 635 quae

329 644 441 688 incipit
463 645 505 678 In
530 655 680 689 supremo
711 645 858 678 iustitiae
882 645 979 685 solio,

330 702 440 730 contra
470 697 645 731 homicidas
681 708 740 741 pro
765 698 982 730 Ecclesiastica

325 751 450 783 Ditione
475 751 534 783 iam
561 750 663 792 edita,
690 751 727 783 ad
752 750 927 783 dominium
953 756 982 783 et

327 804 462 837 ditiones
487 809 548 836 tam
575 803 788 836 terraefirmae
823 815 916 847 quam
937 815 983 848 ref

327 857 379 899 gni
413 856 556 890 Corsicae
592 861 621 889 et
658 856 777 889 insulae
813 857 982 900 Caprariae

326 910 530 954 Reipublicae
555 910 716 943 Ianuensis
733 910 908 954 respective
929 921 981 944 ex-

326 963 506 1003 tenduntur,
531 963 605 996 594.

238 1015 384 1050 CCLXXI.
403 1016 479 1058 Regi
498 1015 758 1049 christianissimo
773 1016 902 1059 eiusque
916 1027 981 1049 suc-

326 1069 503 1101 cessoribus
533 1069 718 1102 conceditur
743 1069 898 1102 indultum
924 1067 980 1102 no'-

328 1121 465 1154 minandi
497 1121 534 1154 ad
560 1121 712 1154 beneficia
749 1122 779 1154 in
811 1122 981 1155 ditionibus

326 1175 548 1217 Lotharingiae
573 1179 603 1208 et
628 1175 709 1217 Bari,
728 1174 801 1208 600.

237 1227 397 1261 CCLXXII.
425 1228 627 1261 Confirmatio
652 1230 780 1270 regulae
806 1233 835 1260 et
866 1229 980 1261 consti-

324 1281 479 1314 tutionum
506 1281 736 1314 monachorum
753 1281 979 1314 Maronitarum

324 1334 449 1371 Ordinis
479 1334 576 1366 sancti
602 1334 726 1367 Antonii
755 1334 875 1366 abbatis
899 1334 978 1367 Con-

323 1387 518 1430 gregationis
561 1387 661 1420 sancti
705 1387 801 1420 Isaiae
844 1387 874 1419 in
918 1388 977 1431 Sy-

326 1441 389 1482 ria,
416 1440 489 1473 604.

235 1493 407 1527 CCLXXIII.
435 1495 533 1527 Breve
557 1494 726 1527 Alexandri
744 1494 806 1534 Vll,
825 1505 887 1537 quo
906 1505 979 1527 usus

324 1547 505 1579 transeundi
523 1547 560 1579 ad
579 1547 670 1579 aliam
689 1547 887 1589 religionem,
906 1558 979 1590 pro·

324 1599 432 1632 vinciis
460 1600 506 1633 Ss⁴
535 1600 657 1633 Ioannis
693 1600 847 1643 Baptistae
883 1605 912 1632 et
935 1600 979 1632 Io-

325 1652 414 1696 sephi
439 1653 570 1685 fratrum
597 1653 722 1686 Ordinis
739 1653 893 1686 Minorum
914 1663 980 1685 san-

325 1705 364 1738 cti
390 1705 546 1738 Francisci
572 1706 611 1738 de
635 1705 839 1739 observantia
863 1705 978 1738 Discal-

324 1764 485 1791 ceatorum
510 1764 763 1802 nuncupatorum
801 1769 978 1800 concessus,

324 1811 506 1854 abrogatur,
532 1811 710 1844 extenditur
726 1812 765 1844 ad
782 1812 976 1855 provinciam

323 1864 352 1897 S.
378 1865 503 1897 Antonii
535 1865 565 1897 in
590 1865 720 1897 Brasilia
756 1865 894 1898 ciusdem
920 1865 977 1898 Or-

325 1917 417 1958 dinis,
442 1917 515 1951 662.

234 1970 410 2004 CCLxle.
442 1971 604 2005 Damnatio
639 1977 668 2004 et
704 1972 874 2015 prohibitio
903 1972 977 2006 libri

323 2024 437 2066 gallico
463 2024 609 2057 idiomate
635 2025 778 2069 impressi
805 2026 862 2058 sub
889 2026 978 2059 titulo

323 2076 469 2110 Histoire
493 2078 537 2110 du
555 2078 634 2111 livre
651 2078 704 2111 des
721 2079 898 2121 reflections
915 2089 979 2112 mo-

324 2129 410 2162 rales
441 2140 498 2163 sur
528 2130 556 2164 le
586 2131 744 2165 Nouveau
780 2132 976 2173 Testamenti,

1125 228 1153 256 et
1177 224 1214 257 cle
1240 224 1273 257 la
1298 225 1515 260 Constitutione
1536 226 1729 270 Unigenitus.
1750 227 1774 260 A

1123 277 1332 319 Amsterdam,
1358 278 1431 312 664.

1034 329 1192 364 CCLXXV.
1218 331 1381 366 Damnatio
1405 338 1436 365 et
1467 333 1639 376 prohibitio
1671 334 1775 367 cuius-

1123 383 1194 416 dam
1220 384 1291 417 libri
1318 386 1431 428 gallico
1456 386 1604 420 idiomate
1628 387 1775 431 impressi

1123 437 1181 470 sub
1206 437 1295 471 titulo
1325 439 1470 473 Histoire
1505 441 1551 473 dn
1588 440 1714 475 Concile
1738 441 1776 474 de

1127 491 1241 524 Trente
1272 492 1367 525 ecrite
1402 503 1441 525 en
1473 494 1588 527 italien
1619 504 1681 537 par
1705 494 1775 527 Frs't

1121 544 1224 577 Paolo
1243 544 1343 588 Sarpi
1355 545 1392 578 (Ie
1413 545 1544 579 t'Ordre
1556 547 1608 579 cles
1621 547 1770 586 Servites,

1123 600 1152 629 et
1179 596 1321 629 tradente
1348 597 1386 630 de
1414 608 1561 632 nonveau
1579 609 1613 632 en
1631 600 1774 642 franceis

1122 659 1196 681 avec
1213 648 1266 681 des
1283 653 1370 682 noles
1390 650 1556 694 critiques,
1579 652 1775 695 historiques

1122 705 1150 733 et
1171 701 1391 745 theoloyiques
1407 713 1469 745 par
1485 703 1600 736 Pierre
1616 704 1774 743 Francois

1123 753 1151 786 le
1170 754 1344 797 Conrayer,
1362 754 1492 787 clocteur
1508 767 1547 788 en
1566 756 1721 800 theoloqie
1738 756 1775 789 de

1123 806 1321 839 t'wziversite
1352 807 1532 850 (fossorii,
1562 813 1590 841 et
1615 809 1774 842 clmnoine

1122 858 1266 901 re'yulier
1290 864 1317 892 et
1338 860 1453 892 ancien
1475 860 1718 894 bibliotlzecaire
1738 861 1775 895 de

1123 912 1269 955 l'abbaye
1286 913 1322 945 (Ie
1342 913 1375 946 S.
1405 913 1575 946 Gene'vicve
1603 914 1641 947 de
1662 915 1772 948 Paris.

1121 966 1144 997 A
1169 965 1365 998 Amsterdam
1382 992 1389 1005 ‚
1410 966 1485 998 chez
1510 967 1530 998 Ι,
1557 966 1720 1007 Wetstein,
1746 972 1776 1000 et

1121 1018 1154 1052 G.
1180 1019 1292 1059 Smith,
1317 1029 1508 1060 muccxxxvi,
1534 1019 1607 1053 665.

1032 1071 1203 1105 CCLXXVI.
1235 1072 1398 1105 Damnatio
1423 1078 1453 1105 et
1476 1072 1647 1116 pro'liibitio
1673 1075 1776 1108 cuius-

1122 1124 1192 1156 dam
1218 1125 1282 1157 solii
1307 1125 1422 1168 gallico
1446 1125 1598 1159 idiomate
1619 1126 1776 1170 impressi,

1123 1177 1172 1209 cui
1198 1176 1326 1210 titulus:
1352 1178 1466 1211 Arrest
1497 1178 1535 1211 de
1565 1179 1597 1211 la
1623 1179 1707 1213 Cour
1731 1181 1776 1213 dn

1120 1229 1318 1270 Par-lenient,
1329 1235 1462 1273 portant
1476 1232 1685 1275 suppression
1697 1233 1776 1266 d'nn

1122 1283 1275 1325 imprime
1307 1283 1441 1316 intitule‘
1476 1285 1597 1317 Lettres
1633 1285 1671 1318 de
1706 1286 1776 1329 plu-

1120 1334 1221 1367 sieurs
1245 1335 1381 1379 eveques
1417 1347 1470 1369 sur
1506 1337 1709 1380 l'obligation
1738 1339 1777 1372 de

1119 1389 1226 1431 priver
1251 1389 1288 1422 de
1314 1390 1478 1423 l'oblation
1503 1391 1543 1423 du
1569 1391 1715 1425 sacrifice
1739 1393 1777 1426 de

1120 1441 1149 1473 la
1167 1452 1267 1474 messe
1289 1448 1319 1474 et
1345 1442 1399 1475 des
1413 1443 1567 1486 susti-ages
1591 1444 1629 1477 de
1649 1445 1776 1487 l'Eglise

1121 1506 1199 1528 ceux
1225 1497 1277 1539 qui
1303 1502 1447 1529 meurent
1480 1498 1658 1541 appellants
1684 1499 1722 1532 de
1746 1500 1776 1532 la

1123 1548 1336 1583 Constitution
1371 1551 1580 1594 Uniyenilus.
1606 1552 1630 1584 A
1656 1553 1774 1596 Ypres,

1120 1602 1195 1634 chez
1224 1602 1330 1635 Pierre
1364 1603 1499 1647 Jacques
1527 1605 1610 1637 Rave
1627 1632 1634 1646 ‚
1664 1605 1775 1649 impri-

1120 1665 1211 1688 meur
1234 1656 1271 1689 de
1296 1657 1521 1699 monseigneur
1548 1658 1701 1703 l'eveque,
1719 1670 1776 1692 rue

1120 1708 1260 1750 Messine,
1287 1708 1382 1749 1739,
1408 1720 1483 1742 avec
1507 1711 1724 1754 approbation.
1745 1712 1773 1745 A

1117 1762 1228 1802 Paris,
1253 1762 1327 1794 chez
1351 1763 1466 1796 Pierre
1491 1763 1628 1805 Simon,
1659 1764 1775 1808 impri-

1119 1824 1211 1847 meur
1228 1808 1491 1856 clu'Parlenzent,
1509 1827 1568 1849 rue
1585 1817 1622 1850 de
1641 1817 1776 1862 l'Harpe

1117 1868 1137 1899 «t
1163 1868 1326 1901 l'Hercule
1354 1868 1457 1909 1739,
1487 1869 1562 1902 667.

1029 1920 1213 1954 CCLXXVII.
1242 1921 1435 1964 Approbatio
1460 1923 1683 1956 nonnullarum
1720 1934 1771 1956 re-

1119 1974 1312 2007 solutionum
1338 1975 1600 2018 Congregationis
1634 1977 1774 2020 particu-

1118 2026 1193 2059 laris
1218 2037 1234 2059 a
1260 2027 1462 2061 Sanctissimo
1488 2028 1655 2072 deputatae
1679 2040 1774 2073 super

1118 2079 1262 2122 registris
1276 2080 1307 2112 in
1324 2080 1436 2114 officiis
1453 2082 1649 2115 notariorum
1667 2093 1774 2116 sacrae

1117 2134 1213 2166 Rotae
1240 2133 1388 2167 auditorii
1419 2139 1648 2176 emanantium,
1673 2134 1747 2168 668.

630 2317 751 2350 FINIS
793 2317 904 2352 ΤΟΜΙ
942 2318 1362 2358 VIGESIMIQUARTI.

956 2503 986 2533 V.

1010 2514 1044 2534 ex
1066 2504 1233 2544 deteqatione
1255 2505 1289 2536 D.
1317 2505 1349 2535 D.
1374 2506 1584 2545 Archiepiscopz'
1611 2506 1725 2537 Tauria.

1005 2563 1037 2593 P.
1061 2562 1253 2594 CLonovmzcs
1275 2572 1293 2593 A
1315 2564 1494 2594 Cosrimoms
1518 2563 1586 2595 Ord.
1610 2564 1679 2596 Min.
