2232 3178
282 237 332 264 An.
350 238 378 264 C.
404 239 466 264 1737

310 1302 362 1323 Sola
385 1304 466 1321 senten-

283 1331 327 1349 liae
357 1332 467 1348 conluunt-

283 1356 344 1375 ciali<
365 1355 466 1375 extimum

283 1382 359 1401 suflicit
378 1382 404 1401 ait
427 1382 467 1401 hnc

283 1411 306 1428 ut
322 1409 382 1427 index
398 1409 466 1428 eccle-

283 1435 383 1454 simucuz
401 1437 467 1460 posent

283 1461 392 1481 declarare
408 1467 434 1480 an
447 1461 465 1480 in

283 1490 416 1507 contumacia
431 1488 468 1507 ila-

284 1516 365 1533 mnatus
399 1519 465 1533 crinsi-

283 1542 378 1565 guanvlus
387 1540 420 1563 sit,
429 1546 466 1559 nec
480 1559 485 1564 ,

283 1573 316 1586 nt«.

320 2519 467 2540 Praesenti-nu

285 2546 402 2567 litterarum
436 2546 468 2566 fir-

285 2574 347 2592 mitas
362 2575 382 2593 et
393 2578 468 2598 perpe-

285 2601 320 2620 tua
327 2599 468 2619 observantia.

515 229 579 262 :3102

477 287 709 320 concordatum
755 285 851 317 suerit
894 290 927 316 ut
968 283 1217 327 dispositionem

476 342 640 384 praelatae
666 338 905 371 constitutionis
924 342 1055 370 nostrae
1072 336 1218 380 superius

479 396 634 427 insertam
662 393 758 425 etiam
786 392 823 423 ad
851 390 1076 435 Hispaniarum
1102 400 1219 422 memo-

477 453 616 479 ratarum
646 455 756 487 regna,
784 444 813 476 in
832 444 949 487 quibus
969 442 1143 476 homicidia
1159 442 1219 474 sre-

477 499 689 542 queutissima
715 508 844 540 qnoque
870 502 967 535 sunt,
994 495 1166 528 extendere
1189 499 1219 527 et

476 551 632 594 ampliare
660 551 698 583 de
725 550 903 592 apostolica
935 548 1134 591 benignitate
1172 547 1218 579 di-

476 614 670 647 gnaremur:
698 614 756 635 nos
782 602 890 645 igitur,
917 601 954 633 ad
991 607 1051 632 tam
1090 600 1218 633 exitiale

476 669 512 690 ac
538 657 731 690 detestabile
759 654 1014 688 homicidiorum
1042 653 1218 695 flagitium,

476 716 630 754 qnantum
650 720 719 742 curn
734 708 870 741 Domino
888 717 1070 751 possumus,
1086 707 1220 749 propul-

476 764 610 797 sandum
627 761 977 803 exterminandumcpie
994 759 1218 801 advigilantes,

478 816 675 859 praedictam
691 814 965 851 constitutionem,
984 823 1042 855 pro
1060 811 1217 851 universa,

478 875 511 901 ut
536 868 779 911 praemittitur,
806 867 836 900 S.
865 867 902 899 R.
930 866 963 898 E.
992 864 1156 908 praefatae
1178 864 1221 896 di*

478 922 565 954 tione
591 933 607 954 a
634 921 728 953 nobis
748 921 874 958 saetam,
896 919 1000 962 quoad
1020 918 1221 961 praeinserta

477 976 508 1007 in
529 975 578 1007 bis
598 973 824 1018 praesentibus
839 972 955 1005 litteris
975 971 1164 1014 respective,
1183 971 1219 1002 ad

479 1028 644 1071 praedicta
669 1026 898 1070 Hispaniarum
914 1036 1023 1068 regna,
1042 1024 1221 1068 apostolica

478 1082 681 1120 auctoritate,
708 1086 796 1112 motu
822 1079 970 1123 proprio,
999 1084 1111 1111 tenore
1129 1087 1221 1120 prae-

478 1134 628 1173 sentium,
656 1133 860 1166 extendimus
886 1138 917 1165 et
940 1131 1149 1174 ampliamus,
1176 1134 1221 1162 at-

479 1199 541 1232 que
568 1187 723 1229 deinceps
753 1186 884 1219 omnino
921 1196 957 1218 ac
992 1183 1222 1216 inviolabiliter

479 1241 644 1275 observari
672 1239 889 1283 praecipimus
915 1243 946 1272 et
971 1238 1173 1270 mandamus.

523 1296 537 1337 ξ]
562 1294 593 1327 3.
621 1294 773 1327 Volumus
801 1297 925 1333 tamen,
944 1296 995 1331 ut,
1016 1291 1098 1324 sicut
1116 1290 1146 1323 in
1165 1300 1221 1323 no-

479 1349 543 1380 stra
569 1347 692 1380 ditione
712 1344 934 1379 ecclesiastica
952 1346 1022 1378 sola
1039 1343 1220 1377 sententiae

479 1399 743 1437 contumacialis,
771 1403 803 1431 et
828 1403 975 1431 actorum
1012 1396 1129 1440 quibus
1165 1396 1220 1429 illa

479 1453 642 1490 fundatur,
667 1451 824 1484 exhibitio
850 1451 888 1483 ad
916 1450 998 1483 hoc·
1027 1450 1163 1483 sufficiat
1187 1455 1221 1481 ut

481 1506 583 1539 dietus
613 1505 706 1537 iudex
738 1503 993 1542 ecclesiasticus,
1022 1513 1059 1536 ex
1088 1503 1219 1536 illorum

478 1557 680 1601 inspectione
717 1557 883 1589 dumtaxat.
907 1556 1018 1598 agnito
1049 1566 1125 1587 num
1150 1565 1221 1588 sen-

480 1611 579 1644 tentia
611 1609 855 1643 contumacialis
891 1609 1037 1652 legitime
1070 1608 1220 1652 iusteque

478 1665 603 1707 prolata
633 1664 742 1696 sit-ad
782 1664 916 1696 sormam
953 1661 1219 1695 constitutionum

478 1717 754 1761 apostolicarum,
790 1716 1009 1759 pronunciare
1045 1726 1082 1748 ac
1114 1715 1221 1747 decla-

478 1781 549 1804 rare
576 1775 674 1814 queat
710 1775 741 1802 et
778 1769 895 1802 debeat
931 1779 972 1802 an
1004 1768 1158 1800 bannitus
1190 1774 1222 1801 et

478 1825 510 1857 in
536 1824 769 1857 contumaciam
788 1823 959 1855 damnatus
977 1822 1220 1865 consignandos

478 1878 605 1917 veniat,
633 1887 760 1916 necne3
790 1876 833 1909 ita
865 1876 988 1919 pariter
1019 1887 1078 1919 pro
1112 1875 1221 1918 regnis

478 1930 708 1974 Hispaniarum
740 1931 809 1963 sola
842 1929 1022 1962 sententiae
1056 1935 1221 1961 conturna-

479 1984 578 2022 eialis,
605 1995 640 2016 ae
665 1988 809 2016 actorum
836 1982 952 2026 quibus
977 1983 1033 2016 illa
1059 1982 1220 2023 fundatur,

481 2036 648 2075 exhibitio,
672 2036 712 2068 ad
739 2036 801 2068 hoe
827 2035 963 2068 sufficiat
990 2041 1024 2068 ut
1048 2035 1144 2068 iudex
1172 2046 1222 2068 ec-

480 2089 686 2129 clesiasticus,
704 2100 739 2122 ex
760 2090 891 2122 illorum
910 2089 1113 2132 inspectione
1132 2089 1223 2121 dum-

481 2148 565 2175 taxat
601 2143 711 2184 agnito
749 2152 826 2174 num
859 2142 1020 2174 sententia
1055 2147 1223 2175 contuma-

479 2196 566 2229 cialis
592 2195 736 2238 legitime
765 2195 915 2237 iusteque
953 2196 1077 2238 prolata
1107 2195 1147 2227 sit
1183 2195 1222 2228 ad

480 2249 615 2281 sormam
640 2249 746 2289 legum
773 2251 804 2278 et
821 2249 1014 2280 statutorum
1032 2247 1221 2279 eorumdem

480 2310 653 2343 regnorum
679 2299 916 2342 Hispaniarum,
943 2299 1159 2342 pronunciare
1186 2310 1222 2332 ac

479 2355 646 2388 declarare
672 2358 768 2397 queat
793 2363 830 2386 ac
854 2353 973 2385 debeat
1001 2363 1040 2385 an
1069 2353 1221 2386 bannitus

479 2414 511 2441 et
535 2407 567 2440 in
588 2406 822 2440 contumaciam
841 2406 1010 2439 damnatus
1028 2406 1222 2449 consignan-

480 2462 539 2494 dus
566 2461 698 2507 veniat,
726 2470 785 2492 nec
810 2470 860 2493 ne.

523 2515 537 2557 g
562 2514 594 2546 4.
621 2514 852 2551 Decernentes‚
880 2513 1008 2545 easdem
1030 2519 1221 2556 praesentes

480 2567 604 2600 litteras
629 2571 661 2599 et
686 2566 717 2598 in
743 2566 789 2599 eis
815 2571 968 2599 contenta
996 2577 1220 2611 quaecumque

516 2631 525 2663 1
550 2629 646 2657 Partic.
668 2632 699 2656 ut
719 2628 781 2656 hinc
800 2629 941 2657 abiicimus
959 2630 999 2663 (n.
1016 2629 1065 2664 τ.).

1070 234 1248 258 BULLARIUM
1274 233 1428 257 nomnen

1261 291 1393 325 semper
1418 286 1448 314 ct
1473 286 1633 324 perpetuo
1661 281 1760 321 firma,
1787 282 1890 314 valida
1913 287 1943 314 et
1962 282 2002 314 cs-

1263 333 1372 366 sicacia
1397 333 1532 367 existere
1560 339 1591 366 et
1617 334 1697 373 sore,
1725 344 1866 377 suosque
1893 336 2003 378 plena-

1263 387 1327 420 rios
1354 392 1385 420 et
1409 386 1553 429 integros
1580 386 1712 420 etl'ectns
1737 388 1844 420 sortiri
1870 393 1901 420 ct
1922 388 2004 421 obti-

1262 439 1371 480 nere',
1400 446 1495 483 atque
1515 440 1552 472 ab
1571 441 1718 473 omnibus
1737 446 1768 474 et
1792 441 1944 483 singulis,
1963 442 2001 474 ad

1263 504 1343 536 qnos
1369 499 1496 536 spectat
1521 498 1552 525 et
1583 504 1641 536 pro
1675 499 1821 536 tempore
1859 494 2004 536 quando-

1264 557 1399 589 cumque
1415 546 1585 589 spectabit,
1611 547 1800 589 plenissime
1822 548 2005 587 observari,

1263 599 1375 642 sicque
1401 605 1431 632 et
1456 610 1519 632 non
1547 599 1640 632 aliter
1665 600 1695 632 in
1729 600 1912 642 praemissis
1946 611 2006 643 per

1264 663 1487 695 quoscumque
1515 652 1640 685 iudices
1667 652 1849 685 ordinarios
1875 654 2006 686 ctdele-

1264 710 1363 747 gatos,
1392 706 1487 738 etiam
1513 715 1680 737 causarum
1708 705 1818 748 palatii
1836 705 2004 748 apostolici

1264 758 1444 800 auditores,
1470 769 1505 791 ac
1531 758 1631 801 ipsius
1656 758 1687 791 S.
1709 758 1745 791 R.
1766 758 1800 791 Ε.
1822 758 2006 792 cardinales

1265 811 1361 843 etiam
1389 812 1427 844 de
1452 813 1554 844 latere
1581 812 1714 853 legatos,
1734 811 1919 844 corumdem
1939 822 2007 844 car-

1266 864 1420 897 dinalium
1446 864 1742 906 Congregationes,
1768 863 1887 897 aliosve
1913 862 2008 907 quo's-

1265 916 1344 949 libet
1369 927 1572 960 quacumque
1597 917 1854 960 praeeminentia
1886 923 1917 949 et
1949 928 2007 960 po-

1259 974 1380 1002 testate
1406 971 1577 1012 fungentes
1604 976 1636 1002 et
1661 971 1825 1002 functoros
1844 996 1851 1008 ,
1883 970 2008 1002 sublata

1266 1023 1311 1055 eis
1338 1029 1369 1056 et
1386 1034 1498 1055 eorum
1516 1023 1652 1055 cuilibet
1672 1023 1781 1066 quavis
1807 1023 1901 1055 aliter
1926 1022 2008 1055 iudi-

1266 1075 1359 1109 candi
1386 1082 1416 1108 et
1444 1076 1682 1118 interpretandi
1713 1076 1865 1108 facultate
1896 1080 1926 1108 et
1953 1086 2008 1108 au-

1266 1129 1436 1169 ctoritate,
1471 1128 1606 1163 iudicari
1641 1134 1672 1161 et
1708 1127 1833 1160 definiri
1860 1128 2008 1168 dehere,

1265 1193 1302 1215 ae
1327 1182 1449 1215 irritum
1475 1188 1506 1216 et
1534 1182 1630 1215 inane
1656 1181 1814 1225 quidquid
1840 1192 1934 1214 secus
1958 1191 2009 1214 su-

1265 1246 1323 1278 per
1349 1235 1399 1268 his
1418 1246 1433 1268 a
1454 1246 1637 1278 quoquam,
1661 1234 1771 1278 quavis
1794 1234 2005 1275 auctoritate,

1265 1289 1407 1322 scienter
1437 1290 1485 1322 vel
1520 1288 1726 1331 ignoranter,
1758 1287 1934 1331 contigerit
1962 1293 2008 1321 at-

1267 1342 1397 1375 tentari.

1309 1396 1323 1438 g
1337 1395 1367 1428 5.
1381 1394 1449 1428 Non
1465 1394 1667 1428 obstantibus
1687 1394 1908 1438 praeinsertis,
1923 1394 2008 1428 aliis·

1265 1459 1326 1492 que
1343 1448 1541 1491 apostolicis,
1569 1458 1605 1480 ac
1626 1448 1659 1480 in
1677 1447 1916 1481 universalibus
1933 1454 2010 1491 pro·

1265 1502 1518 1545 vincialibusquc
1550 1506 1581 1534 et
1612 1501 1823 1545 synodalibus
1856 1500 2005 1534 conciliis

1264 1554 1377 1594 editis,
1405 1554 1614 1597 generalibus
1631 1555 1679 1587 vel
1703 1554 1914 1597 specialibus,
1934 1564 2010 1588 con‘

1264 1608 1485 1641 stitutionibus
1505 1613 1536 1640 et
1556 1608 1831 1649 ordinationibus,
1855 1619 1986 1642 necnon
2000 1640 2008 1654 ,

1266 1661 1361 1695 etiam
1387 1661 1582 1700 iuramento,
1610 1661 1855 1694 confirmatione
1879 1667 2009 1704 aposto-

1266 1714 1335 1753 lica,
1358 1714 1406 1746 vel
1434 1714 1545 1756 quavis
1571 1714 1721 1746 firmitate
1746 1713 1807 1747 alia
1833 1714 2007 1755 roboratis,

1265 1767 1402 1809 statutis,
1421 1767 1515 1806 stilis,
1534 1767 1645 1800 usibus
1663 1772 1694 1800 et
1709 1767 2009 1808 consuetudinibus,

1266 1820 1360 1853 etiam
1386 1820 1708 1861 immemorabilibns,
1728 1831 1762 1853 ac
1781 1831 2010 1864 quorumcum-

1266 1884 1327 1917 que
1354 1874 1641 1917 praedecessorum
1668 1880 1851 1907 nostrorum
1877 1874 2006 1915 litteris,

1265 1926 1456 1970 privilegiis,
1482 1927 1616 1959 indultis
1642 1932 1673 1960 et
1698 1927 1914 1968 facultatibuS,
1941 1928 2010 1971 qui-

1266 1980 1386 2020 busvis,
1404 1980 1499 2013 etiam
1523 1979 1616 2012 dictis
1634 1981 1865 2020 cardinalibus,
1883 1991 2010 2015 eorum-

1266 2044 1327 2076 que
1353 2033 1667 2076 Congregationibus
1684 2061 1691 2074 ,
1718 2034 1777 2066 sub
1804 2034 2010 2077 quibuscum·

1266 2096 1327 2129 que
1354 2086 1525 2119 verborum
1553 2086 1720 2120 tenoribus
1744 2092 1775 2119 et
1800 2087 1911 2120 formis
1932 2113 1939 2127 ‚
1973 2098 2010 2121 ac

1265 2149 1335 2171 cum
1363 2139 1563 2182 quibuslibet
1596 2139 1692 2172 etiam
1729 2139 2008 2182 derogatoriarum

1266 2192 1505 2234 derogatoriis,
1532 2192 1668 2235 aliisque
1694 2192 1942 2234 efficacioribus,
1962 2195 2008 2227 ef-

1266 2245 1463 2279 ficacissimIS
1490 2252 1520 2279 ct
1546 2246 1684 2280 insolitis
1711 2248 1880 2288 clausulis,
1905 2258 1940 2281 ac
1965 2248 2008 2281 ir-

1266 2300 1438 2333 ritantibus
1465 2306 1495 2333 et
1520 2300 1591 2333 aliis
1618 2301 1777 2340 decretis,
1795 2301 1890 2334 etiam
1909 2307 2005 2342 motu,

1266 2353 1402 2386 scientia
1428 2358 1459 2386 et
1484 2354 1652 2396 potestatis
1677 2355 1882 2397 plenitudine
1919 2355 2007 2389 simi-

1265 2407 1348 2439 libus
1368 2434 1375 2447 ,
1404 2407 1498 2440 etiam
1524 2407 1819 2448 consistorialiter,
1843 2409 1893 2441 vel
1926 2409 2005 2442 alias

1265 2460 1509 2504 quomodolibet
1533 2460 1564 2492 in
1596 2461 1792 2493 contrarium
1811 2461 2006 2505 praemisso-

1265 2524 1335 2546 rum
1369 2513 1556 2553 concessis,
1589 2513 1787 2547 confirmatis
1816 2520 1848 2547 et
1874 2514 2007 2549 innova-

1265 2567 1322 2608 tis;
1354 2567 1471 2610 quibus
1496 2566 1646 2600 omnibus
1666 2572 1697 2600 et
1713 2567 1859 2610 singulis,
1879 2568 2006 2604 etiamsi

1302 2631 1310 2656 1
1330 2629 1401 2659 Edit.
1424 2630 1507 2658 Maia.
1528 2629 1595 2666 legit
1615 2629 1741 2658 obtineri
1761 2629 1798 2666 (R.
1813 2633 1862 2663 τ.),

2010 234 2058 260 An.
2074 233 2102 260 C.
2124 235 2184 264 1737

2087 1406 2192 1434 ner-ogatia

2020 1436 2175 1456 eontra-iorum.
