2232 3178
23 218 75 247 An.
95 216 125 246 C.
142 216 209 245 1736

50 1929 188 1951 Prooemium.

55 2616 111 2640 »um
126 2619 208 2642 insutu·

852 217 994 242 CLEMENS
1019 217 1062 241 ΧΠ
1087 218 1136 242 ΡΡ.

218 264 287 304 lica,
304 263 352 297 vel
369 264 477 307 quavis
503 263 658 298 firmitate
684 265 746 298 alia
771 265 956 306 roboratis,

218 316 345 349 statutis
381 321 412 349 et
445 317 755 358 consuetudinibus,
780 317 956 361 privilegiis

218 380 370 413 quoque,
396 369 531 402 indultis
558 376 589 403 et
613 370 730 403 litteris
768 371 957 414 apostolicis

218 423 250 454 in
269 422 466 455 eontrarium
486 422 738 465 praemissorum
757 423 958 467 quomodoli-

218 476 273 508 bet
298 475 472 515 concessis,
498 475 697 508 confirmatis
724 482 756 508 et
778 476 955 516 innovatis,

218 528 337 571 quibus
367 528 519 561 omnibns
556 534 587 562 et
626 529 788 571 singulis,
825 529 956 562 illorum

219 587 348 614 tenores
366 581 594 624 praesentibus
619 592 678 625 pro
704 582 800 625 plene
822 587 853 615 et
873 583 958 615 suffi-

217 633 343 667 cienter
360 634 523 677 expressis
542 645 578 667 ac
602 635 641 667 ad
667 636 800 668 verbum
827 635 956 668 insertis

217 687 388 728 habentes,
407 687 470 720 illis
495 688 574 720 alias
600 687 631 720 in
658 698 718 721 suo
740 688 859 721 robore
885 699 958 731 per-

216 740 398 780 mansuris,
426 741 463 773 ad
500 741 753 784 praemissorum
790 741 956 782 ellectum,

217 794 278 827 hac
302 793 372 827 vice
406 795 588 835 dumtaxat,
615 795 802 838 specialiter
838 800 870 828 et
905 806 958 828 ex-

216 856 327 890 presse
362 847 577 890 derogamus;
604 849 790 892 ceterisque
828 854 958 882 contra—

218 899 273 932 riis
299 899 570 944 quibuscumque.

259 952 373 986 Datum
399 954 542 995 Romae,
568 955 655 999 apud
681 955 712 989 S.
740 955 871 989 Mariam
895 956 958 989 Ma-

216 1006 316 1039 iorem
337 1034 344 1047 ,
367 1007 427 1040 sub
459 1009 582 1042 annulo
608 1009 796 1050 piscatoris,
823 1009 874 1043 die
901 1021 958 1044 xiii

215 1060 321 1093 martii
339 1070 530 1105 ninccxxxvt,
545 1062 755 1106 pontificatus
777 1064 878 1097 nostri
905 1075 959 1097 an-

217 1123 259 1146 uo
285 1123 326 1147 vi.

252 1175 314 1202 Dat.
336 1176 384 1204 die
406 1177 437 1204 13
457 1178 548 1205 martii
569 1179 653 1212 1736,
676 1179 779 1214 pontis.
800 1187 874 1206 atino
895 1187 931 1206 w.

536 1233 569 1266 F.
588 1235 678 1267 card.
700 1234 912 1269 Banniznmus.

519 1384 660 1419 CLXXV.

222 1456 434 1499 Confirmatio
469 1456 658 1500 reqularum
691 1461 719 1490 et
759 1457 957 1490 constitutio-

261 1520 340 1543 num
367 1510 633 1554 Coayreyatz'onis
658 1521 713 1542 seu
739 1509 878 1553 Colleqiz'
901 1511 960 1543 sub

263 1564 359 1597 titulo
383 1563 539 1598 Familiae
564 1564 636 1598 Iesu
658 1564 774 1597 Christi
800 1574 858 1607 pro
883 1564 958 1597 ectu-

262 1618 388 1651 catione
412 1618 627 1651 alumnorum
651 1617 843 1652 sinensium
861 1622 888 1650 et
905 1617 959 1651 In-

262 1671 378 1704 dorum
410 1672 506 1704 erectz'
542 1675 634 1704 extra
668 1681 779 1704 micros
817 1671 960 1704 civitatis

261 1724 509 1769 Neapolitanae.

426 1805 564 1832 Clemens
585 1806 665 1839 Papa
685 1805 750 1839 ΧΗ,

335 1849 372 1876 ad
393 1852 572 1884 perpetuam
591 1851 638 1877 rei
657 1849 844 1877 memoriam.

260 1920 397 1954 Iniuncti
423 1921 517 1955 nobis
535 1922 669 1955 caelitus
691 1921 863 1965 pastoralis
888 1921 960 1955 offi-

217 1974 257 2007 cii
283 1974 365 2007 ratio
389 1975 545 2018 postulat,
566 1980 600 2007 ut
630 1975 694 2008 illis
721 1985 802 2018 quae
829 1986 888 2019 pro
916 1976 959 2009 se-

217 2027 270 2061 lici
290 2028 580 2071 congregationum
606 2028 876 2072 presbyterorum
903 2039 958 2061 scu

217 2081 443 2124 collegiorum,
463 2082 494 2114 in
517 2081 635 2125 quibus
654 2082 785 2115 iuvenes
812 2082 848 2115 ad
875 2082 959 2115 chri-

218 2134 356 2168 stianam
384 2135 480 2168 tidem
522 2135 785 2179 catholicamque
821 2135 955 2179 religio-

218 2198 292 2221 nem
308 2188 340 2220 in
355 2188 579 2221 remotissimis
595 2189 691 2221 etiam
707 2189 855 2232 partibus
871 2200 959 2233 prae-

218 2240 390 2274 dicandam
412 2247 443 2274 et
468 2241 710 2284 propagandam
737 2247 832 2285 atque
850 2242 888 2275 ad
908 2253 959 2275 ee-

218 2294 400 2326 clesiastica
414 2295 523 2327 munia
538 2301 722 2338 opportune
741 2295 959 2335 institinintur,

219 2346 402 2380 directione
421 2358 456 2379 ae
477 2358 651 2390 progressu
679 2348 859 2390 prudenter
884 2359 960 2381 con-

218 2401 330 2432 stituta
356 2410 424 2433 esse
451 2406 639 2440 noscuntur,
661 2411 724 2443 quo
747 2401 868 2434 tirmius
886 2401 959 2434 sub-

219 2454 334 2486 sistant
358 2459 389 2487 et
413 2459 582 2487 serventur
607 2454 761 2495 exactius,
788 2455 957 2498 apostolici

219 2507 407 2540 muniminis
445 2507 545 2541 nostri
582 2507 780 2550 praesidium
818 2508 960 2541 libenter

219 2560 446 2604 adiungamus.

1636 212 1700 245 1⁶23
1745 222 1797 249 An.
1820 222 1848 250 c,
1866 224 1934 251 1736

1003 271 1085 299 stras
1111 266 1143 298 in
1169 266 1266 300 simili
1284 267 1384 300 forma
1402 267 1511 301 Brevis
1529 268 1653 302 litteras
1680 269 1739 302 sub
1752 288 1792 305 tum
1812 285 1933 306 *mmmmm

1780 312 1881 332 Piriitutice
1896 318 1933 338 ap-

1003 319 1100 351 certis
1126 319 1221 352 modo
1236 325 1266 352 et
1286 320 1385 354 forma
1412 326 1488 353 tunc
1509 322 1669 365 expressis
1688 333 1741 365 ap·
1751 317 1870 364 ssrfflfflffl,

1003 373 1211 415 probavimus
1238 379 1269 406 et
1295 374 1557 408 confirmavimus
1584 376 1742 424 fundatio—

1003 436 1075 458 nem
1093 426 1259 460 cuiusdam
1278 428 1349 470 piae
1368 428 1636 471 Congregationis
1658 440 1741 472 pres-

1003 479 1192 521 byterorum
1211 480 1438 519 saecularium,
1454 492 1511 514 seu
1531 481 1661 524 collein
1681 482 1740 514 sub

1003 530 1094 564 titulo
1111 531 1229 565 Sacrae
1253 533 1417 567 Familiae
1441 535 1514 567 Iesu
1541 535 1664 568 Christi
1689 545 1742 567 ex-

1005 590 1052 617 tra
1078 595 1188 618 muros
1215 586 1351 619 civitatis
1377 587 1607 630 Neapolitanae
1633 588 1742 631 positi,

1003 637 1093 670 cuius
1109 639 1322 682 praecipuum
1338 640 1521 673 institutum
1537 646 1584 673 est
1602 641 1740 673 educare

1004 691 1154 724 alumnos
1177 691 1331 725 Sinenses
1357 698 1388 725 et
1412 693 1531 734 Indos,
1560 694 1612 736 qui
1640 704 1676 727 ex
1703 694 1742 726 iis

1004 744 1190 786 regionibus
1227 746 1419 779 advenerint
1452 757 1510 790 pro
1536 747 1741 780 addiscendis

1005 798 1186 831 catholicae
1208 798 1282 832 fidei
1301 800 1496 843 praeceptiS,
1514 801 1741 844 amplectendo

1004 856 1088 884 statu
1113 852 1321 893 sacerdotali,
1348 864 1383 886 ac
1409 864 1441 886 se
1467 864 1499 886 se
1525 854 1677 897 parandis
1703 855 1740 887 ad

1004 905 1269 939 annunciandum
1296 906 1326 939 in
1354 917 1467 940 eorum
1494 908 1599 950 pau-ia
1625 907 1740 940 Christi

1003 958 1235 1002 Evangelinm,
1263 960 1306 993 ita
1344 966 1450 994 tamen
1488 962 1573 1005 quod
1600 962 1630 994 in
1656 961 1740 994 idem

1004 1012 1179 1055 collegium
1206 1012 1332 1046 admitti
1367 1024 1498 1057 quoque
1524 1020 1657 1058 possent
1687 1014 1740 1047 alii

1004 1076 1040 1098 ex
1060 1076 1262 1109 quacumque
1279 1066 1427 1110 Europae
1446 1073 1537 1111 parte
1559 1068 1741 1107 existentes,

1005 1119 1058 1162 qui
1084 1119 1165 1152 inibi
1190 1120 1333 1164 propriis
1359 1121 1542 1164 sumptibus
1567 1122 1608 1154 ali
1627 1127 1658 1154 ct
1676 1131 1740 1154 sus-

1004 1173 1121 1205 tentari
1153 1174 1291 1212 vellent,
1316 1174 1355 1206 ad
1381 1174 1444 1208 hoc
1469 1179 1503 1206 ut
1528 1175 1565 1207 ad
1591 1175 1742 1208 sacerdo-

1006 1226 1083 1258 tium
1111 1225 1271 1259 eiusmodi
1291 1226 1547 1270 suscipiendum,
1568 1237 1741 1271 sacrasque

1006 1278 1179 1312 missiones
1209 1279 1376 1312 obeundas
1405 1280 1464 1313 rite
1494 1281 1742 1319 instruerentur,

1005 1343 1041 1366 ac
1057 1333 1185 1366 habiles
1200 1340 1231 1366 et
1247 1334 1356 1367 idonei
1369 1334 1593 1374 redderentur;
1608 1340 1639 1368 et
1652 1335 1741 1373 alias,

1004 1393 1102 1430 prout
1127 1387 1158 1420 in
1185 1388 1362 1431 praedictis
1397 1388 1514 1421 litteris
1545 1388 1663 1421 nostris
1690 1389 1742 1421 die

1005 1450 1050 1474 vn
1076 1441 1188 1484 aprilis
1213 1450 1385 1475 unccxxxn
1404 1438 1545 1485 desuper
1571 1442 1740 1485 expeditis,

1004 1504 1139 1537 quarum
1156 1499 1302 1528 tenorem
1317 1495 1544 1539 praesentibus
1568 1506 1628 1539 pro
1645 1495 1742 1538 plene

1004 1551 1035 1579 et
1059 1546 1260 1581 sufficienter
1291 1559 1442 1591 expresso
1480 1554 1510 1582 et
1545 1549 1584 1582 ad
1610 1549 1740 1581 verbum

1004 1601 1127 1634 inserto
1154 1601 1266 1634 haberi
1293 1603 1454 1642 volumus,
1480 1602 1612 1635 uberius
1639 1601 1742 1634 conti-

1003 1659 1109 1688 netur.

1047 1709 1062 1752 ,ξ
1087 1708 1117 1742 2.
1134 1708 1179 1750 Et,
1195 1709 1277 1742 sieut
1294 1709 1488 1753 accepimus,
1502 1714 1675 1752 antequam
1694 1709 1741 1742 lit-

1004 1820 1074 1848 ctus
1089 1815 1172 1848 silius
1187 1815 1364 1848 Matthaeus
1382 1816 1474 1859 Ripa,
1489 1816 1590 1859 ipsius
1604 1816 1742 1858 Congre-

1003 1868 1144 1910 gationis
1176 1879 1233 1901 seu
1265 1869 1392 1912 collegii
1419 1869 1580 1909 fundator,
1612 1871 1741 1911 regulas

1004 1927 1034 1955 et
1058 1923 1307 1956 constitutiones
1339 1933 1397 1966 pro
1423 1923 1542 1956 salubri
1569 1933 1742 1966 prospero-

1004 1986 1067 2019 que
1094 1975 1238 2009 eiusdem
1272 1976 1540 2019 Congregationis
1565 1986 1619 2009 seu
1646 1976 1742 2009 colle-

1004 2029 1046 2071 gii
1073 2039 1354 2073 personarumque
1373 2030 1492 2062 ibidem
1514 2040 1573 2074 pro
1594 2035 1741 2073 tempore

1004 2083 1189 2125 degentium
1227 2082 1384 2126 regimine
1421 2088 1451 2116 ct
1484 2083 1644 2126 gubernio
1678 2083 1740 2115 iam

1003 2136 1253 2179 compilaverat,
1279 2142 1375 2180 atque
1401 2136 1548 2170 exhiberi
1575 2142 1742 2170 curaverat

1003 2188 1258 2232 Congregationi
1291 2189 1477 2232 particulari
1504 2190 1740 2222 nonnullorum

1003 2252 1038 2275 ex
1055 2243 1296 2275 venerabilibus
1311 2242 1465 2275 fratribus
1479 2242 1595 2275 nostris
1608 2242 1639 2275 S.
1657 2242 1690 2274 ll.
1704 2242 1737 2274 E.

1003 2295 1223 2328 cardinalibus
1256 2295 1487 2339 Propagandae
1519 2295 1606 2328 Fidei
1633 2296 1740 2327 liuius-

1004 2349 1091 2381 modi
1118 2348 1257 2391 negotiis
1282 2348 1545 2391 praepositorum
1572 2359 1671 2391 super
1695 2359 1741 2380 re·

1002 2401 1062 2434 bus
1088 2401 1235 2434 Sinarum
1261 2412 1277 2434 a
1309 2401 1401 2434 nobis
1434 2401 1682 2443 deputatorum,
1707 2406 1741 2433 ut

1003 2455 1130 2488 illarum
1157 2454 1424 2497 approbationem
1449 2453 1623 2486 obtineret.

1046 2508 1060 2550 5
1085 2508 1116 2541 3.
1144 2507 1229 2545 Quae
1255 2518 1327 2540 eum
1350 2507 1400 2540 die
1415 2517 1431 2540 v
1445 2507 1556 2550 aprilis
1576 2516 1737 2540 tinccxxiu
1753 2511 1934 2532 mmmcm-

1003 2561 1160 2594 dictarum
1198 2561 1383 2603 regularum
1409 2565 1440 2592 ct
1466 2560 1738 2593 constitutionum
1751 2547 1934 2617 fiff‘a'ssfssssssfflifss‘

263 2615 277 2658 ξ
302 2614 333 2647 1.
362 2614 447 2647 Alias
473 2614 632 2657 siquidem
649 2625 708 2658 per
728 2615 884 2658 quasdam
905 2626 959 2649 no·
1003 2615 1238 2658 inspectionem
1257 2618 1288 2646 et
1305 2623 1438 2647 examen
1457 2613 1667 2647 commisisset
1691 2624 1739 2646 vc-

1792 1719 1807 1738 Α
1824 1717 1934 1739 sunilatnre

1005 1768 1090 1795 tcrae
1116 1768 1244 1795 nostrae
1262 1762 1427 1806 praefatae
1444 1768 1646 1803 emanarent,
1665 1745 1850 1796 dile-ffensmw
1874 1751 1935 1770 ’ΒΨ

1907 2538 1933 2558 do

1759 2541 1874 2563 *regalium*
