2232 3178
54 219 102 248 An.
116 217 145 245 G.
167 215 232 243 ¹738

238 271 377 302 nunquam
395 265 629 301 praetensurum,
653 266 677 291 et
697 262 807 301 pariter
828 265 909 290 extra
932 270 979 290 no-

237 316 320 341 stram
337 309 586 348 Conqreqationem,
604 320 690 349 neque
711 311 813 340 directe
837 319 921 348 neque
937 311 977 339 in-

237 361 347 396 directe,
369 369 420 398 per
442 369 484 389 me
506 364 553 388 aut
572 369 625 398 per
648 359 736 395 otios,
760 358 846 388 ullam
866 358 979 397 praela-

236 408 334 437 tionem
343 411 567 446 praetensurum‚
579 407 618 436 vel
630 407 745 436 oblatam
758 411 975 445 acceptaturum,

237 456 290 485 nisi
308 459 455 494 praecepto
479 457 558 490 eius,
591 456 637 494 qui
658 455 727 485 mihi
746 455 908 494 praecipere
929 464 977 494 po-

236 505 311 542 terit,
336 504 504 542 adstrinyar.

274 552 389 582 Fratres
411 552 500 589 laici,
529 553 645 592 quando
675 553 786 582 faciunt
820 551 977 591 professio-

235 610 300 632 nem
325 601 424 640 (quam
452 601 563 639 vulgari
591 601 693 639 lingua
718 601 814 630 facere
840 600 974 638 debent),

235 654 297 689 post
308 650 494 680 emissionem
510 650 598 679 trium
612 649 813 679 essentialium
828 653 973 684 votorum,

235 698 373 728 continuo
396 698 530 728 emittant
553 702 690 737 quartum
712 707 770 728 non
801 697 974 727 transeundi

234 747 269 776 ad
291 750 398 776 statum
428 747 592 776 clericalem
608 771 615 785 ,
639 756 692 776 nec
725 755 822 776 sacros
855 745 973 776 ordines

235 794 425 834 suscipiendi,
448 795 528 824 iuxta
552 800 739 834 praeceptum
759 794 851 824 felicis
874 803 973 823 recor-

234 842 358 872 dationis
374 842 533 872 Alexandri
556 843 651 882 Papae
668 843 716 872 Vll
736 852 789 882 per
807 851 874 872 suas
893 842 973 872 litte-

233 901 280 921 ras
296 891 326 921 in
344 891 440 921 forma
452 891 552 921 Brevis
565 891 717 931 expeditas
730 891 776 921 die
790 900 835 921 xvr
847 891 973 921 ianuarii

234 949 310 970 anno
337 948 467 971 rinccxnt
490 940 667 979 incipientes
691 940 843 970 pastoralis
871 941 971 979 officii,

234 989 342 1029 fiatque
364 989 499 1029 sequenti
522 989 607 1019 modo
623 994 651 1020 et
666 989 779 1028 lingua,
798 993 826 1019 et
842 989 971 1027 vulgari:

272 1038 420 1069 Praeterea
440 1039 579 1078 promitto,
603 1048 644 1067 me
672 1048 811 1077 nunquam
840 1038 973 1067 transitu-

233 1097 294 1116 rum
316 1087 350 1116 ad
382 1090 485 1116 statum
519 1086 693 1124 clericalem,
718 1091 765 1116 aut
798 1090 972 1125 recepturum

230 1137 353 1176 primam
376 1140 527 1172 tonsuram,
547 1145 631 1174 neque
653 1136 755 1165 directe
772 1135 813 1164 vet
829 1135 972 1171 indirecte,

229 1195 282 1225 per
304 1195 344 1214 me
366 1188 413 1214 aut
432 1194 483 1224 per
506 1184 604 1222 alium,
625 1185 726 1214 dictum
749 1184 896 1213 [ransitum
918 1185 974 1213 stae

232 1244 292 1264 rece
315 1235 415 1264 tionem
437 1238 660 1273 praetensurum.

271 1292 312 1313 111.
336 1283 482 1313 Professio
504 1283 578 1312 sacta
600 1282 745 1313 scribatur
761 1282 791 1312 in
814 1282 890 1312 libro
909 1291 974 1322 pro-

233 1332 411 1370 fessionum,
435 1332 563 1362 notando
591 1331 668 1370 quod
701 1331 755 1361 fuit
788 1332 862 1361 sacta
892 1340 976 1371 prae-

233 1381 313 1412 visa¹
329 1385 357 1411 et
379 1380 541 1420 approbata
562 1381 769 1410 informatione
792 1380 918 1410 iuridica
940 1380 975 1410 de

231 1439 350 1469 genere,
375 1429 504 1459 moribus
521 1434 549 1459 et
567 1429 638 1467 vita,
657 1429 737 1459 iuxta
761 1433 892 1459 tenorem
909 1429 975 1459 Bul-

233 1480 328 1509 larum
352 1487 535 1508 summorum
559 1478 732 1508 Pontificum
756 1482 784 1508 ct
808 1483 973 1508 nostrarum

232 1527 473 1559 constitutionum
488 1552 495 1565 ‚
519 1531 548 1557 et
569 1527 773 1558 subscribatur
795 1537 809 1557 a
838 1527 975 1566 religioso

232 1577 283 1617 qui
305 1576 516 1616 professionem
538 1577 618 1614 fecit,
641 1586 656 1606 a
679 1578 808 1616 praelato
827 1577 941 1614 domus,
959 1586 974 1606 a

233 1626 372 1665 magistro
395 1626 593 1665 novitiorum,
617 1630 644 1656 et
667 1626 702 1656 ab
719 1626 784 1656 aliis
800 1625 913 1656 dnobus
929 1635 974 1656 re-

232 1676 342 1715 ligiosis
358 1675 409 1715 qui
426 1680 594 1714 praesentes
611 1675 784 1715 professioni
801 1676 929 1712 suerunt,
948 1680 975 1705 et

232 1724 268 1755 ab
291 1724 342 1754 illo
364 1725 454 1754 etiam
477 1724 504 1753 in
530 1723 613 1753 cuius
645 1723 779 1753 manibus
805 1723 885 1753 illam
909 1724 975 1754 fecit

233 1773 385 1814 profitens,
403 1773 427 1803 si
449 1774 522 1803 forte
538 1772 695 1802 distractus
707 1773 716 1789 ²
731 1772 786 1802 suit
801 1782 815 1802 a
834 1773 973 1812 praelato3

233 1827 261 1854 et
284 1822 436 1853 confestim
460 1821 628 1852 informatio
649 1822 716 1860 igne
739 1821 938 1852 comburatur.

271 1881 310 1903 iv.
334 1872 457 1911 Insuper
480 1881 582 1901 omnes
604 1875 633 1901 et
656 1871 766 1910 singuli
790 1875 906 1901 nostrae
928 1880 973 1901 re-

233 1921 354 1961 ligionis
378 1920 517 1960 professi,
542 1924 600 1950 tam
629 1920 665 1950 ad
686 1920 808 1950 chorum
836 1920 974 1950 destinati

234 1980 321 2011 quam
344 1970 422 2008 laici,
448 1974 505 2000 tam
529 1969 652 2008 praelati
673 1979 760 2009 quam
783 1969 908 2008 subditi,
931 1979 975 2000 se-

233 2019 290 2050 mel
312 2020 342 2050 in
365 2019 489 2057 singulis
509 2019 594 2048 annis
610 2019 639 2048 in
656 2018 702 2048 die
720 2018 885 2059 vespertino
908 2019 973 2048 sesti

234 2068 365 2099 omnium
381 2071 550 2098 sanctorum
563 2067 679 2097 Ordinis
693 2071 757 2107 post
773 2068 874 2097 horam
891 2068 975 2107 quin-

234 2123 293 2149 tam
329 2121 463 2157 repetant
495 2121 523 2146 et
556 2116 651 2147 denuo
684 2117 859 2147 confirment
891 2126 973 2147 suam

234 2166 457 2207 professionem,
472 2175 650 2205 unoquoque
672 2166 778 2196 iterum
801 2166 973 2205 singillatim

234 2215 359 2246 faciente
391 2219 420 2245 et
452 2219 612 2245 renovante
641 2219 767 2254 quatuor
799 2220 863 2246 vota
900 2225 974 2255 quae

235 2265 330 2304 primo
352 2265 382 2295 in
404 2265 458 2294 sua
480 2264 661 2304 professione
683 2264 792 2302 emisit,
816 2265 895 2295 iuxta
919 2265 975 2295 for-

234 2323 310 2345 mam
335 2314 544 2354 praescriptam
572 2313 602 2343 in
629 2314 706 2344 hoc³
725 2315 919 2353 paragrapho.
940 2316 975 2345 U-

236 2372 377 2403 mnesque
399 2362 478 2392 illam
502 2366 635 2401 repetant
651 2372 748 2392 coram
764 2363 974 2393 communitate

235 2412 266 2443 in
288 2411 423 2442 manibus
446 2411 567 2451 praelati
597 2420 649 2441 seu
678 2411 823 2450 praesidis
845 2421 974 2441 commu-

235 2461 334 2492 nitatis
356 2461 466 2500 ipsius,
490 2464 518 2490 ct
544 2464 611 2491 ante
641 2469 743 2491 omncs
772 2460 834 2500 ipse
857 2470 975 2500 praeses

272 2526 282 2552 ¹
307 2524 408 2552 Forsan
425 2524 546 2558 praevia
566 2526 606 2557 (n.
622 2524 674 2556 T.).

271 2569 287 2596 2
307 2569 407 2597 Forsan
427 2569 582 2603 deputatus
602 2568 642 2603 (n.
664 2570 714 2601 Τ.).

271 2613 287 2642 3
307 2612 397 2641 Potius
415 2612 475 2648 lege
494 2613 548 2640 hac
566 2613 608 2647 (a.
625 2612 674 2647 τ.).

323 2667 403 2696 Butt.
424 2666 509 2695 Rom.
528 2681 561 2686 —
586 2666 648 2696 Vol.
667 2665 770 2696 XXIV.
900 2666 930 2693 61

858 211 999 237 CLEMENS
1025 212 1069 236 ιω
1093 212 1144 237 rr.
1656 201 1717 236 481
1767 210 1820 238 An.
1837 210 1865 238 c.
1888 211 1954 238 1738

1022 269 1120 290 coram
1143 260 1208 300 ipsa
1229 260 1450 291 communitate.
1467 260 1553 290 lnitio
1569 269 1636 290 vero
1652 260 1761 290 formae

1022 309 1224 348 suprapositae
1240 313 1355 339 mutent
1371 309 1492 339 verbum
1507 310 1580 348 facio
1594 309 1624 339 in
1640 309 1760 339 verbum

1021 363 1121 396 repeto,
1151 362 1179 387 et
1205 358 1326 388 verbum
1354 359 1484 397 promitto
1512 358 1542 387 in
1575 357 1696 388 verbum
1720 368 1760 387 re-

1016 408 1165 442 promillm
1189 412 1217 436 et
1232 407 1366 446 superior
1381 407 1528 444 generalis
1552 406 1680 444 Ordinis,
1697 406 1759 436 loco

1021 455 1176 485 verborum
1199 456 1234 485 ad
1256 456 1353 495 ipsum
1382 456 1569 485 attinentIum
1598 456 1628 485 in
1658 455 1760 485 eadem

1019 505 1113 534 forma
1127 528 1134 541 ,
1169 505 1268 541 dicat;
1303 505 1414 535 Necnon
1450 505 1620 534 sanctissimo
1653 505 1760 534 domino

1019 558 1109 582 nostro
1133 553 1224 592 Papae
1245 552 1293 591 N„
1317 554 1430 592 eiusque
1451 557 1476 582 et
1499 553 1569 582 beati
1591 553 1667 582 Petri
1693 563 1759 592 apo-

1018 601 1080 630 stoli
1103 601 1233 639 legitimis
1255 601 1463 630 successoribus.
1481 601 1620 640 Superior
1636 609 1760 638 genera-

1018 649 1053 679 lis
1077 649 1202 679 familiae
1224 653 1252 679 et
1274 649 1443 679 definitores
1465 649 1618 687 generales
1639 649 1758 679 Ordinis

1018 697 1153 727 omittere
1174 696 1280 726 debent
1302 697 1351 726 illa
1375 697 1463 727 rerba
1486 697 1604 736 allisque
1627 698 1693 726 meis
1715 707 1760 726 su-

1015 746 1185 784 perioribus,
1210 755 1283 784 quae
1306 755 1406 775 omnes
1421 746 1471 775 alii
1495 746 1616 784 praelati
1640 749 1667 775 et
1690 745 1758 775 sub-

1017 794 1071 824 diti
1100 794 1196 824 dicere
1227 799 1377 824 tenentur.
1402 794 1483 829 Quod
1512 794 1536 823 si
1566 794 1672 833 aliquis
1695 803 1759 832 pro-

1019 847 1083 881 pter
1105 842 1307 872 infirmitatem
1331 843 1469 872 assistere
1499 851 1557 872 non
1581 842 1672 871 valuit
1695 843 1758 871 fun-

1017 891 1105 921 ctioni
1128 892 1192 927 isti,
1216 895 1328 931 repetat
1362 891 1572 931 professionem
1611 891 1760 930 quampri-

1018 949 1096 969 mum
1115 940 1206 979 possit
1222 940 1251 969 in
1269 939 1404 969 manibus
1421 940 1542 979 praelati
1558 940 1586 969 in
1604 939 1677 969 cella
1693 940 1756 975 sua,

1018 989 1222 1028 praesentibus
1244 988 1360 1018 duobus
1378 989 1545 1027 religiosis3
1569 988 1619 1027 qui
1635 997 1703 1017 vero
1721 987 1756 1017 ob

1017 1039 1145 1078 aliquam
1180 1038 1341 1076 legitimam
1374 1046 1490 1067 causam
1523 1036 1629 1066 absens
1656 1036 1756 1072 fuerit,

1017 1087 1235 1127 quamprimum
1266 1096 1329 1117 eam
1362 1090 1473 1126 repetat
1505 1086 1534 1116 in
1560 1086 1647 1115 choro
1670 1085 1757 1115 etiam

1017 1145 1114 1166 coram
1139 1136 1359 1166 communitate.

1058 1194 1075 1214 1.
1098 1184 1130 1214 ln
1153 1184 1283 1224 qualibet
1306 1184 1457 1223 provincia
1486 1193 1524 1214 ex
1554 1183 1758 1222 designatione
1838 1197 1884 1224 §²-

1017 1233 1179 1273 superioris
1201 1233 1346 1271 generalis
1375 1233 1412 1263 sit
1444 1242 1502 1263 una
1535 1233 1579 1263 vel
1612 1233 1686 1263 duae
1708 1224 1952 1277 (lo-pwffisfs‘ffflnssgss

1018 1291 1081 1312 mus
1103 1281 1154 1311 ubi
1182 1285 1315 1311 recenter
1338 1282 1462 1321 professi
1491 1291 1557 1312 cum
1587 1291 1639 1312 suo
1668 1277 1931 1320 ,uagi-rumdou.tb112.

1018 1336 1077 1362 stro
1096 1333 1125 1361 in
1142 1331 1324 1361 habitatione
1341 1333 1477 1370 separata
1492 1335 1520 1361 et
1536 1331 1636 1360 clausa
1658 1331 1758 1361 vivant

1017 1385 1045 1411 et
1080 1385 1268 1420 perseverent
1300 1380 1422 1410 salte1n¹
1447 1384 1511 1419 post
1533 1380 1756 1419 professionem,

1018 1430 1062 1460 vel
1095 1439 1247 1469 quousque
1270 1429 1300 1460 in
1334 1429 1490 1468 collegium
1523 1429 1698 1459 mittantur²
1721 1429 1757 1459 ad

1019 1483 1142 1509 aetatem
1160 1479 1250 1508 sacris
1269 1478 1420 1508 ordinibus
1436 1478 1632 1508 sufficientem
1656 1487 1757 1517 perve-

1018 1528 1128 1557 nerint.
1146 1527 1218 1557 Dum
1242 1531 1337 1556 tamen
1361 1527 1391 1556 in
1413 1527 1459 1556 his
1481 1526 1616 1556 domibus
1635 1526 1755 1561 fuerint,

1019 1577 1047 1606 in
1070 1575 1273 1616 spiritualibus
1296 1575 1459 1613 exercitiis,
1492 1575 1598 1614 quibus
1620 1575 1757 1605 instructi

1018 1627 1135 1656 fuerunt
1157 1625 1186 1654 in
1216 1634 1293 1654 anno
1326 1624 1525 1664 probationis,
1550 1627 1754 1654 exerceantur.

1018 1674 1138 1704 Interim
1162 1682 1232 1703 vero
1255 1673 1343 1703 etiam
1366 1673 1470 1703 studiis
1493 1673 1687 1703 humanarum
1710 1673 1757 1703 lit-

1019 1729 1145 1754 terarum
1169 1723 1249 1762 (non
1272 1722 1366 1752 solum
1389 1721 1615 1760 grammaticae)
1639 1731 1755 1761 operam

1017 1773 1086 1803 dare
1110 1771 1222 1812 possint
1238 1776 1266 1801 et
1283 1771 1408 1801 debeant
1429 1771 1510 1800 iuxta
1533 1771 1756 1800 instructionem

1017 1826 1046 1852 et
1069 1821 1283 1861 praescriptum
1306 1820 1490 1850 decretorum
1508 1819 1685 1850 sanctissimi
1708 1819 1757 1849 do-

1018 1871 1091 1901 mini
1114 1870 1208 1900 nostri
1230 1869 1389 1900 Clementis
1409 1869 1483 1899 Vlll.

1056 1928 1086 1949 11.
1104 1918 1175 1949 Cum
1198 1917 1338 1956 magistro
1357 1918 1566 1957 professorum,
1584 1918 1679 1957 quoad
1695 1917 1757 1948 eius

1017 1968 1246 2007 assignationem
1269 1971 1297 1996 et
1319 1967 1434 2006 reliqua
1456 1967 1565 2005 omnia,
1586 1966 1758 1997 observetur

1018 2022 1110 2048 totuin
1127 2016 1204 2056 quod
1226 2017 1256 2046 in
1280 2016 1403 2046 diversis
1418 2015 1549 2056 partibus
1565 2016 1670 2046 harum
1689 2025 1756 2046 con-

1017 2067 1205 2097 stitutionum
1227 2065 1337 2096 dictum
1361 2074 1591 2105 expressumque
1610 2069 1707 2094 manet
1723 2064 1758 2094 de

1019 2115 1156 2153 magistro
1179 2113 1370 2150 novitiorum,
1387 2118 1415 2143 et
1434 2113 1511 2152 quod
1533 2112 1662 2143 ministri
1685 2113 1756 2143 nihil

1017 2165 1175 2205 disponant
1207 2173 1274 2202 erga
1312 2163 1456 2203 professos
1485 2162 1649 2194 inconsulto
1681 2162 1757 2193 dicto

1017 2214 1168 2253 magistro.

1055 2272 1095 2293 iv.
1122 2262 1196 2292 Dicti
1228 2264 1363 2292 recenter
1396 2261 1520 2301 professi
1552 2260 1689 2291 destinati
1721 2260 1757 2290 ad

1017 2312 1139 2342 chorum
1162 2311 1232 2341 dum
1256 2310 1366 2340 fuerint
1391 2310 1421 2340 in
1443 2310 1528 2340 domo
1561 2310 1756 2349 professorum

1017 2371 1075 2392 non
1098 2365 1203 2391 exeant
1226 2360 1261 2390 ad
1281 2360 1431 2399 oppidum,
1456 2369 1509 2389 nee
1532 2359 1683 2396 aliorsum,
1701 2358 1757 2388 nisi

1018 2419 1084 2440 cum
1109 2409 1331 2443 communitate,
1356 2409 1485 2448 praelato
1508 2407 1606 2447 aliquo
1629 2407 1673 2437 vel
1697 2416 1756 2436 ma-

1017 2459 1129 2498 gistro,
1153 2468 1208 2488 nec
1231 2459 1379 2497 propriam
1402 2457 1526 2497 patriam
1550 2456 1655 2486 adeant
1679 2455 1756 2494 (nisi

1054 2522 1063 2548 1
1088 2520 1199 2548 Videtur
1225 2520 1326 2555 aliquid
1353 2520 1448 2547 deesse
1468 2519 1612 2554 designans
1632 2522 1756 2554 tempus,

1018 2575 1062 2596 ex.
1082 2575 1109 2602 g.
1127 2574 1181 2601 per
1201 2574 1315 2592 annum
1333 2567 1372 2598 (n.
1389 2565 1437 2598 T.).

1053 2612 1069 2639 2
1089 2612 1173 2639 Deest
1192 2611 1234 2639 vel
1254 2613 1300 2638 aut
1319 2613 1344 2638 et
1365 2612 1403 2645 (a.
1416 2609 1464 2644 T.).
