2232 3178
23 218 72 247 Aa.
85 215 115 242 C.
135 212 203 241 1739

829 209 974 235 CLEMENS
1000 209 1047 233 xn
1071 209 1122 233 PP.

212 259 299 290 nibus
322 259 462 290 continuo
494 269 619 299 vacare,
642 260 729 290 rudes
761 259 790 289 in
820 259 955 289 doctrina

215 308 377 339 christiana
400 309 557 346 instruere,
577 309 744 339 dubitantes
767 308 802 338 ad
824 308 955 337 veritatis

213 357 290 387 viam
313 357 452 387 reducere
469 361 497 388 et
512 358 541 388 in
558 358 612 388 hac
635 358 821 394 confirmare,
838 357 866 386 in
890 356 956 385 hae-

214 407 323 436 reticos
340 406 383 436 vel
401 406 435 436 de
451 406 565 436 haeresi
589 411 750 446 suspectOS,
767 406 870 436 horum
887 414 954 434 con-

214 455 359 492 sultores,
393 455 539 492 fautores,
568 459 789 494 receptatores,
813 454 956 484 librorum

214 503 444 533 acatholicorum
481 504 669 542 detentores,
694 503 738 533 vel
772 503 955 532 detentorum

214 551 360 590 conscios,
380 556 408 582 et
431 561 487 582 non
511 553 689 590 revelanteS,
713 560 762 581 eos
786 551 814 580 in
840 551 957 590 provin-

215 600 290 629 ciam
313 604 442 630 nostram
466 601 592 630 serentes
615 601 658 630 vel
682 599 883 636 intrudentes,
911 608 957 628 eo-

217 657 344 688 rumque
364 649 562 687 auxiliatores,
581 648 713 678 conscios
729 657 779 678 seu
799 647 957 687 participes

214 697 376 736 inquirere,
396 697 508 737 hosque
527 702 554 727 et
569 697 641 727 alios
656 696 823 726 huiusmodi
846 696 956 725 farinae

214 745 350 776 homines
383 746 489 785 nobis,
524 747 567 776 vel
597 747 642 776 cui
674 755 726 785 per
748 755 800 775 nos
833 749 860 775 et
893 755 958 775 suc-

214 803 345 824 cessores
367 798 482 824 nostros
503 793 737 831 demandabitur‚
765 794 827 823 sine
858 793 958 832 aliquit

215 852 405 883 personarum
428 844 638 883 acceptatione,
655 843 734 873 omni
751 843 888 882 seposito'
905 843 958 872 liu—

215 901 301 922 mano
315 892 429 931 affectu,
441 893 605 931 spretisque
617 891 878 922 intercessionibus
892 891 956 930 qui-

214 939 409 980 buscumque,
427 941 618 979 denunciare,
636 940 758 971 verbum
781 940 911 970 divinum
930 943 957 970 et

215 990 284 1020 fidei
307 990 440 1028 dogmata
472 990 567 1020 ubivis
593 994 620 1020 et
646 990 735 1020 etiam
758 999 792 1019 ex
816 989 958 1020 cathedra

215 1039 271 1078 (sic
293 1044 389 1069 tamen
413 1044 444 1069 ut
462 1039 687 1070 Ordinariorum
711 1049 769 1069 non
792 1038 958 1069 disturben-

216 1091 264 1117 tur
285 1088 502 1118 ecclesiasticae
525 1089 703 1127 functiones)
720 1089 797 1118 intra
820 1088 891 1127 ipsis
908 1087 959 1117 de-

214 1136 362 1174 signatum
391 1137 554 1166 districtum
587 1137 722 1174 tradere,
747 1137 787 1166 sic
810 1140 837 1165 et
862 1135 959 1175 poeni-

215 1185 325 1215 tentiae
348 1189 564 1215 sacramentum
589 1185 676 1224 (sola
704 1185 823 1223 dempta
846 1184 959 1213 conses-

216 1233 298 1263 sione
321 1233 450 1272 paschali
466 1257 474 1272 ,
498 1234 521 1263 si
555 1234 684 1263 locorum
717 1234 852 1263 curiones
881 1233 958 1262 ultro

215 1291 275 1311 non
297 1282 504 1320 annuerent),
521 1286 737 1312 sacrosanctam
760 1291 829 1311 vero
846 1282 958 1311 Eucha-

215 1329 329 1360 ristiam
352 1330 382 1361 in
406 1331 525 1371 proprio
549 1331 593 1361 vel
617 1336 727 1361 tantum
751 1331 898 1360 missionis
916 1339 958 1359 sa—

217 1378 309 1418 cello,
333 1379 403 1409 alibi
436 1389 506 1409 vero
538 1380 656 1410 nonnisi
686 1389 773 1419 quam
802 1379 958 1409 accedente

216 1427 346 1467 ipsorum
379 1428 534 1458 curionum
569 1438 710 1467 assensu,
734 1428 956 1467 administrare,

215 1476 286 1507 item
309 1477 404 1515 aegris
420 1481 448 1507 et
469 1477 651 1507 moribundis
673 1477 809 1507 solatium
826 1486 893 1507 cum
909 1486 959 1507 au-

217 1526 288 1556 xilio
310 1526 500 1565 impendere,
525 1526 639 1565 aliaque
673 1535 811 1565 peragere
838 1526 957 1563 omnia,

217 1583 291 1614 quae
313 1575 497 1605 individuum
522 1575 700 1605 missionarii
723 1574 876 1614 apostolici
900 1575 960 1604 exi-

216 1623 258 1661 git
281 1632 398 1661 munuS‚
415 1623 480 1653 iure
495 1623 664 1662 sepulturae
686 1623 802 1663 alioque
819 1632 960 1662 quocum-

218 1681 275 1711 que
298 1672 458 1711 parochiali
480 1681 596 1711 semper
618 1676 647 1702 et
669 1671 777 1711 ubique
800 1677 932 1712 excepto.

257 1729 286 1750 x.
310 1721 477 1751 Teneantur
510 1721 620 1760 pariter
642 1721 671 1750 in
702 1721 790 1750 vitam
813 1725 841 1751 et
864 1730 959 1752 mores

217 1778 276 1799 non
293 1769 378 1799 modo
401 1769 584 1799 subditorum
601 1769 673 1808 ipsis
695 1769 789 1808 quoad
812 1769 959 1800 missionis

219 1818 417 1849 ministerium
450 1818 695 1855 commissorum,
718 1818 768 1848 sed
801 1823 829 1848 et
857 1828 958 1849 eorum

217 1866 323 1906 quibus
343 1867 399 1906 ipsi
421 1866 532 1896 subditi
554 1866 630 1897 intra
653 1866 837 1905 designatum
860 1867 960 1897 (listri-

217 1919 298 1946 ctum
331 1925 365 1945 ex
399 1915 574 1946 demandata
600 1925 615 1945 a
642 1915 725 1945 nobis
758 1916 959 1946 iurisdictione

217 1964 356 2001 subsunt,
379 1964 480 1994 sedulo
502 1964 673 2003 invigilare,
698 1965 823 2004 datoque
845 1965 959 1995 defectu

218 2013 357 2052 religioni
380 2013 492 2043 directe
508 2012 553 2043 vel
575 2013 717 2043 indirecte
741 2014 918 2052 pernicioso,
936 2013 960 2043 si

217 2062 350 2092 fraterna
367 2062 526 2092 admonitio
550 2072 608 2093 non
631 2062 724 2101 tollat,
742 2063 827 2093 nobis
846 2067 874 2093 et
896 2072 962 2093 suc-

219 2110 386 2141 cessoribus
419 2111 527 2141 nostris
549 2111 584 2141 ad
608 2111 741 2150 proprias
764 2111 891 2141 manus²
913 2111 962 2142 de-

218 2159 308 2190 serre.

260 2218 301 2239 x1.
316 2208 497 2248 Quapropter
521 2208 787 2248 praesentabuntur
803 2208 887 2239 nobis
907 2209 961 2239 viri

218 2267 285 2288 cum
301 2258 426 2288 scientia
442 2262 502 2288 tum
525 2262 554 2288 et
575 2258 651 2288 vitae
666 2259 862 2289 sanctimonia
877 2259 960 2296 clari,

219 2307 437 2346 simplicitatem
469 2306 620 2337 columbae
651 2307 737 2337 simul
770 2311 798 2337 et
824 2309 961 2338 astutiam

219 2356 366 2395 serpentis
388 2355 540 2392 habentes,
557 2359 589 2385 ut
610 2356 718 2385 virtute
740 2360 768 2385 et
790 2356 962 2386 fortitudine

221 2404 345 2444 praediti
370 2403 484 2434 valeant
516 2403 700 2443 disrumpere
733 2404 883 2434 hominum
906 2405 962 2434 ini-

220 2452 369 2492 quitates,
386 2457 416 2482 et
444 2452 518 2482 bene
541 2452 653 2482 cordati
686 2461 742 2482 uon
767 2453 964 2483 extimescant

222 2500 324 2531 faciem
347 2500 496 2540 potentis;
521 2500 580 2530 sint
602 2500 692 2538 iusti,
717 2501 893 2540 incorrupti,
918 2501 962 2531 in-

260 2560 269 2585 1
284 2557 351 2585 Male
363 2557 406 2585 ed.
419 2558 456 2584 M.
469 2557 534 2592 legit
543 2558 676 2593 sepositio
688 2566 734 2593 pro
746 2559 866 2593 seposito
876 2559 960 2594 (nan).

257 2604 272 2630 9.
287 2603 373 2638 Supra
388 2610 450 2638 pag.
466 2602 517 2630 5¹3
534 2603 549 2629 b
564 2602 665 2638 legitur
679 2611 765 2630 aures
783 2607 821 2638 (u.
836 2605 883 2638 ri).

999 258 1084 296 tegi-i,
1108 267 1212 287 suaves
1234 261 1261 287 et
1283 257 1403 287 insimul
1425 257 1531 295 severi,
1555 266 1667 295 graves,
1692 266 1737 286 sa-

997 315 1101 344 gaces,
1125 315 1190 336 cum
1215 306 1243 336 in
1269 305 1411 345 polemica
1427 310 1485 336 tum
1503 310 1530 335 et
1555 305 1584 335 in
1604 305 1649 334 his
1666 314 1738 344 quae

998 355 1033 384 ad
1063 355 1197 385 notitiam
1231 354 1444 394 promovendae
1476 354 1661 384 haereticalis
1694 354 1739 383 in-

998 403 1166 441 quisitionis
1188 403 1355 432 conducunt
1383 403 1457 432 bene
1484 403 1612 438 versati,
1636 402 1670 432 ad
1699 402 1740 431 la·

999 451 1084 481 bores
1107 452 1178 487 nati,
1196 461 1311 490 semper
1329 456 1358 481 et
1381 451 1487 490 ubique
1510 451 1656 481 inhiantes
1679 451 1740 480 ani-

1000 508 1113 529 marum
1137 500 1246 536 saluti,
1280 509 1331 539 pro
1363 504 1444 529 certo
1466 500 1581 529 demun]
1615 499 1739 528 aliorum

1000 548 1138 587 periculis
1162 548 1311 580 habentes.
1329 548 1446 578 turbare
1470 549 1565 587 potius
1581 548 1656 577 male
1672 557 1740 577 con-

1000 606 1080 626 cessa
1096 598 1104 613 ¹
1127 606 1214 636 quam
1239 602 1269 626 ut
1291 597 1468 627 reducantur
1490 597 1649 627 errabundi
1672 597 1740 627 hae-

1000 646 1085 675 retici
1109 646 1294 675 conniventia
1314 655 1367 675 nec
1391 646 1464 675 ssecti
1489 656 1541 675 nec
1565 645 1701 675 emolliri.

1042 702 1090 723 ΧΠ.
1117 694 1189 723 Hinc
1212 694 1312 732 etiam,
1333 698 1361 723 et
1376 699 1407 724 ut
1425 694 1467 723 vel
1484 704 1517 724 eo
1534 695 1624 732 magis
1647 694 1741 723 omnis

1001 743 1122 773 tollatur
1138 743 1257 773 humani
1281 743 1400 773 affectus
1423 744 1546 778 occasio,
1567 744 1686 773 vetitum
1704 743 1741 772 sit

1001 792 1197 822 missionariis
1220 793 1290 832 ipsis
1307 802 1320 821 a
1338 792 1463 822 subditis
1478 793 1571 831 quoad
1595 791 1742 822 missionis

1002 850 1108 870 munus
1124 841 1165 870 eis
1182 841 1322 871 subiectis
1337 851 1388 881 pro
1412 842 1508 871 missis
1531 841 1740 880 eleemosynas,

1002 889 1046 919 vel
1069 890 1104 919 ad
1127 890 1161 919 de
1184 894 1282 920 cetero
1316 900 1437 920 munera
1470 890 1565 929 aliqua
1589 890 1718 929 recipere
1733 913 1740 927 ‚

1001 939 1095 968 forent
1117 938 1190 968 haec
1212 939 1280 968 licet
1314 939 1462 968 esculenta
1495 939 1540 968 vel
1564 939 1717 978 poculenta
1733 962 1740 975 ‚

1002 987 1106 1016 modici
1123 988 1210 1016 etiam
1227 996 1296 1016 num
1314 988 1431 1023 valoris,
1450 991 1535 1026 atque
1554 986 1743 1016 abstinebunt

1001 1035 1036 1065 ab
1059 1035 1193 1065 omnibus
1216 1036 1507 1066 commessationibus
1529 1045 1594 1066 cum
1619 1035 1696 1073 illis,
1715 1040 1743 1066 et

1002 1085 1109 1124 quibus
1138 1085 1333 1115 missionariis
1367 1086 1487 1124 insuper
1519 1086 1561 1115 sas
1589 1086 1665 1115 haud
1688 1085 1744 1114 erit

1002 1133 1057 1163 sub
1080 1143 1266 1173 quocumque
1302 1134 1493 1172 excogitando
1528 1138 1680 1173 praetextu
1699 1133 1745 1162 lit-

1003 1187 1080 1212 teras
1104 1183 1206 1212 docere
1229 1183 1390 1222 superioris
1414 1183 1457 1212 vel
1482 1183 1592 1222 primae
1623 1192 1673 1212 seu
1701 1182 1745 1211 in-

1004 1232 1118 1261 ferioris
1135 1232 1246 1268 classis,
1266 1232 1350 1261 unice
1370 1232 1516 1261 missionis
1535 1232 1650 1261 muneri
1668 1231 1743 1260 intra

1003 1280 1074 1319 ipsis
1096 1281 1279 1318 designatum
1303 1280 1470 1310 districtum
1494 1289 1609 1319 semper
1632 1280 1746 1309 incum-

1003 1329 1118 1367 bentes,
1139 1338 1226 1368 quem
1249 1329 1348 1367 egredi
1371 1329 1448 1358 haud
1472 1329 1600 1365 valeant,
1620 1338 1634 1358 a
1660 1327 1745 1358 nobis

1004 1378 1049 1408 vel
1073 1378 1294 1408 successoribus
1327 1378 1437 1408 nostris
1460 1377 1579 1417 praevia
1607 1387 1665 1407 non
1695 1377 1744 1407 ha-

1003 1427 1064 1457 bita
1086 1428 1226 1466 licentia,
1251 1428 1304 1457 hac
1327 1427 1368 1457 eis
1392 1432 1593 1457 verumtamen
1627 1426 1744 1457 nonnisi

1003 1486 1037 1506 ex
1059 1478 1147 1506 causa
1170 1481 1292 1515 urgente
1315 1476 1497 1514 deneganda.

1043 1534 1103 1555 xm.
1128 1525 1207 1555 Licet
1231 1534 1317 1564 porro
1346 1525 1515 1554 missionem
1547 1525 1621 1554 lianc
1654 1524 1746 1554 Bene-

1005 1574 1144 1604 dictinam
1174 1574 1203 1604 in
1235 1575 1381 1613 saepefato
1403 1574 1466 1604 loco
1494 1574 1685 1604 Schwarzach
1715 1573 1744 1603 in

1004 1627 1180 1662 perpetuum
1213 1622 1347 1652 stabilire
1379 1622 1571 1658 intendimus,
1595 1627 1623 1652 et
1646 1622 1745 1660 vigore

1004 1672 1202 1710 praesentium
1226 1671 1401 1708 stabilimus,
1426 1671 1568 1710 privative
1590 1671 1685 1710 quoad
1716 1680 1746 1700 o-

1004 1729 1105 1754 mnes,
1137 1729 1353 1759 quamcumque
1367 1720 1377 1736 ²
1410 1720 1574 1759 privilegiis
1596 1719 1744 1757 omnibus,

1004 1769 1213 1807 praerogativis
1236 1773 1264 1799 et
1286 1768 1413 1805 iuribus,
1432 1769 1573 1798 hacteuus
1592 1778 1644 1807 per
1664 1778 1746 1807 prae-

1003 1817 1171 1848 decessores
1193 1821 1309 1847 nostros
1331 1817 1399 1847 huic
1422 1822 1538 1847 nostrae
1562 1817 1745 1847 universitati

1004 1867 1164 1905 concessis,
1179 1866 1260 1896 hisce
1279 1866 1398 1903 nostris,
1416 1870 1561 1905 quatenus
1577 1865 1745 1905 praemissis

1004 1919 1032 1945 ct
1052 1915 1129 1945 infra
1158 1914 1289 1945 dicendis
1322 1915 1436 1953 legibus
1468 1919 1496 1945 et
1528 1914 1746 1945 conditionibus

1003 1973 1062 1994 non
1085 1968 1268 2003 repugnant,
1293 1964 1514 1994 condecoratam
1538 1964 1670 1994 volumus
1686 1988 1693 2002 ,
1717 1969 1746 1994 et

1004 2013 1047 2043 illi
1069 2013 1249 2052 parificatam
1272 2013 1476 2051 declaramus3
1500 2013 1625 2043 liberum
1649 2018 1746 2044 tamen

1004 2072 1121 2102 semper
1142 2062 1228 2092 nobis
1250 2067 1278 2092 et
1299 2062 1519 2092 successoribus
1550 2062 1658 2092 nostris
1683 2072 1746 2092 esse

1005 2111 1253 2151 pronunciamus,
1277 2111 1399 2141 alterius
1421 2112 1508 2141 etiam
1533 2110 1651 2141 Ordinis
1678 2111 1747 2140 mis-

1005 2161 1150 2190 sionarios
1172 2160 1347 2200 apostolicos
1369 2160 1399 2190 in
1422 2160 1588 2190 districtum
1612 2160 1746 2190 missioni

1005 2209 1214 2239 Benedictinae
1247 2218 1334 2248 supra
1365 2209 1550 2248 designatum
1573 2209 1609 2239 ad
1632 2213 1747 2248 tempus

1005 2259 1132 2296 mittere,
1147 2258 1227 2297 ipsos
1239 2258 1440 2288 missionarios
1454 2258 1661 2288 Benedictinos
1678 2266 1747 2287 vero

1005 2307 1075 2337 alibi
1098 2311 1126 2336 et
1148 2311 1228 2337 extra
1251 2306 1334 2336 illum
1349 2331 1356 2344 ,
1381 2307 1416 2336 ad
1439 2306 1587 2336 missionis
1616 2315 1722 2335 munus
1737 2329 1745 2343 ‚

1006 2360 1034 2385 et
1057 2355 1168 2395 pariter
1189 2355 1225 2384 ad
1248 2359 1361 2394 tempus
1384 2358 1496 2384 tantum
1520 2354 1666 2391 ablegare,
1683 2354 1747 2382 sun-

1006 2404 1124 2434 datione
1136 2404 1239 2434 domus
1258 2403 1465 2433 Benedictinae
1480 2402 1657 2441 praemissae
1673 2410 1748 2431 sem-

1007 2461 1057 2491 per
1080 2452 1223 2491 privative
1246 2451 1327 2480 salva.
1348 2460 1459 2490 suoque
1482 2451 1511 2480 in
1527 2450 1632 2480 robore
1649 2450 1745 2478 firma.

1047 2509 1103 2530 xiv.
1128 2500 1168 2530 Ne
1192 2509 1259 2530 vero
1282 2504 1378 2538 patres
1401 2499 1579 2529 missionarii
1603 2503 1748 2537 tempora-

1042 2561 1052 2586 l
1077 2559 1184 2586 Comma
1205 2558 1278 2585 istud
1299 2566 1353 2584 nou
1373 2557 1437 2584 satis
1458 2557 1628 2592 perspicuum
1644 2558 1683 2591 (n.
1698 2557 1747 2591 T.).

1041 2605 1058 2630 2
1079 2604 1191 2630 Videtur
1213 2602 1356 2637 legendum
1378 2609 1518 2636 quamque
1539 2605 1576 2637 (n.
1593 2606 1640 2631 T.).

1637 199 1701 233 5ῗὸ
1749 209 1797 234 An.
1814 209 1842 234 C.
1867 210 1932 237 ¹739
