2232 3178
48 225 98 261 «An.
116 225 145 251 C.
167 223 233 252 ¹735

862 221 1005 247 CLEMENS
1030 222 1076 246 ΧΠ
1100 222 1149 246 Pr.

242 271 407 312 eximium,
435 280 530 314 quem
556 280 698 315 semper,
724 275 754 304 et
778 272 818 304 ab
844 281 882 305 eo
908 276 985 304 tem-

242 335 323 369 pore
359 335 422 368 quo
449 324 553 358 dictae
577 323 735 358 ecclesiae
772 324 985 357 Ferrariensis

242 389 278 411 ex
305 377 516 411 concessione
552 383 584 410 et
609 377 850 421 dispensatione
875 376 986 409 simili-

241 431 301 463 bus
326 431 457 473 praesul
483 429 604 469 extitit,
629 440 707 472 erga
732 428 853 462 dictam
889 429 986 461 eccle-

241 484 321 516 siam
360 482 600 516 Ferrariensem
641 482 740 524 gessit
783 487 815 514 et
854 481 983 521 adhuc,

241 542 338 579 prout
361 535 534 579 providum
559 535 741 577 utilemque
767 535 860 567 decet
884 534 987 566 adini-

241 590 467 628 nistratorem,
495 589 595 621 corde
622 589 704 631 gerit
729 587 914 620 dilectionis
942 587 987 619 af-

242 643 369 682 fectum,
404 642 551 675 eiusdem
582 642 738 675 ecclesiae
770 641 986 674 Ferrariensis

241 696 460 739 insignitatem
493 706 611 739 augere
647 695 892 738 concupiscens,
935 700 985 727 at-

242 749 342 783 tento¹
368 750 454 793 quod
471 750 577 783 bonae
597 749 774 782 memoriae
795 748 987 781 Tliaddaeus

242 802 394 846 Aloysius
419 802 566 835 eiusdem
591 801 620 835 S.
643 802 680 834 R.
703 802 736 835 E.
763 801 840 834 dum
866 800 988 834 viveret

242 855 414 889 cardinalis
439 855 477 888 de
494 855 629 888 Verme²
651 860 863 898 nuncupatus,
884 853 986 887 dictae

243 908 399 942 ecclesiae
417 908 634 942 Ferrariensis
656 909 752 942 etiam
772 909 848 941 dum
866 907 988 940 viveret

241 957 376 995 ul'timus
403 972 439 994 ex
466 961 671 995 concessione
692 967 723 994 et
744 961 986 1004 dispensatione

242 1015 374 1058 paribus
400 1016 542 1059 praesul,
569 1015 600 1047 in
624 1015 723 1048 veteri
750 1015 853 1047 dictae
887 1014 985 1046 eccle-

242 1069 308 1101 siae
333 1069 392 1101 situ
412 1078 491 1101 nova
510 1068 655 1102 eiusdem
677 1068 835 1101 ecclesiae
856 1067 986 1100 inchoa-

242 1127 330 1155 verat
355 1121 512 1161 aedisicia,
533 1124 595 1155 una
620 1132 657 1154 ex
684 1122 785 1154 tribus
807 1121 909 1153 tertiis
937 1132 986 1153 eo-

242 1175 391 1208 rumdem
417 1185 576 1208 novorum
612 1175 813 1208 edificiorum
839 1175 985 1218 partibus

243 1229 407 1261 dumtaxat
431 1229 592 1271 completa
609 1255 616 1269 ,
640 1238 721 1261 nova
746 1228 893 1261 aedificia
919 1228 983 1260 hu-

242 1282 380 1315 iusmodi
407 1282 574 1324 eleganter
610 1281 798 1325 expleverit,
841 1281 918 1324 quin
956 1287 988 1314 et

241 1335 342 1368 veteri
383 1335 481 1368 domo
514 1335 690 1379 episcopali
728 1346 745 1368 a
770 1335 986 1368 fundamentis

243 1389 388 1430 deiecta,
414 1399 553 1429 novum,
588 1389 742 1423 decorum
777 1390 986 1433 amplumque
1008 1424 1009 1428 ,

242 1443 397 1488 palatium
423 1442 485 1476 sibi
510 1442 640 1486 suisque
665 1442 911 1476 successoribus
933 1454 986 1476 ex-

243 1496 396 1537 citaverit,
423 1501 472 1536 et,
498 1501 618 1530 attento
645 1496 751 1540 quod3
775 1495 986 1529 seminarium

242 1550 440 1594 puerorum⁴
476 1549 730 1583 ecclesiasticum
756 1550 985 1588 Ferrariense,

244 1613 324 1646 opus
349 1603 389 1636 ab
414 1602 623 1636 oecumenica
644 1602 828 1636 Tridentina
857 1602 985 1645 Synodo

244 1657 275 1689 in
309 1656 454 1700 qualibet
490 1656 634 1689 dioecesi
659 1656 806 1699 apprime
833 1655 986 1699 concupi-

244 1716 320 1750 tum,
348 1709 379 1741 in
405 1709 474 1742 eius
492 1709 553 1742 situ
573 1715 805 1752 perangustum
827 1710 985 1752 exiguum-

243 1773 306 1806 que
332 1772 509 1806 puerorum
534 1772 670 1795 numero
696 1762 936 1805 reperiebatur,
954 1761 986 1797 il-

243 1817 296 1850 lud
323 1816 362 1849 ad
387 1816 569 1849 nobiliores
603 1815 844 1859 amplioresque
874 1816 987 1849 sedes⁵

243 1870 452 1910 transtulerit,
477 1869 630 1913 illiusque
657 1869 766 1912 viginti
793 1869 832 1902 ad
857 1874 1009 1912 septum:

244 1924 340 1967 ginta,
365 1929 395 1956 et
429 1933 465 1956 ex
503 1923 549 1956 eis
583 1923 754 1956 duodecim
783 1933 820 1955 ex
844 1922 985 1966 propriis

245 1977 385 2010 eiusdem
411 1976 553 2010 Thomae
584 1976 756 2010 cardinalis
783 1981 815 2009 et
840 1976 986 2019 episcopi
1008 2007 1010 2016 ι

244 2029 442 2064 Praenestini
467 2029 562 2063 bonis
590 2034 750 2074 perpetuo
779 2029 1010 2068 enutriendo-2
1749 2068 1754 2073 .

1008 2082 1010 2105 ι
1031 2073 1079 2106 ius
1103 2083 1203 2116 super
1228 2072 1292 2105 hoc
1316 2071 1411 2105 nobis
1451 2072 1579 2104 oblatae
1606 2069 1773 2114 petitionis

246 2137 372 2180 aliaque
407 2137 553 2170 aedificia
587 2136 627 2170 ad
666 2135 884 2169 {venusiensis
920 2125 1225 2180 epj.ginstanti1un‚
1257 2123 1314 2156 sed
1339 2133 1375 2156 ex
1403 2123 1492 2155 certa
1529 2121 1662 2155 scientia
1701 2130 1770 2153 ine-

245 2093 315 2116 rum
333 2093 507 2126 puerorum
525 2093 694 2116 numerum
713 2081 987 2126 amplificaverit‘ss

248 2190 337 2232 scopi
368 2201 427 2233 pro
460 2195 606 2234 tempore
638 2189 829 2223 existentis⁷
857 2191 988 2223 colono·

248 2252 317 2275 rum
342 2244 548 2277 commodum
575 2244 642 2276 ruri
667 2243 898 2277 construxerit:

284 2358 296 2384 1
320 2357 390 2384 Edit.
411 2357 490 2385 Main.
512 2358 576 2393 legit
594 2361 706 2387 attenta
726 2359 766 2394 (n.
783 2359 832 2394 T.).

283 2402 300 2428 ‘2
319 2402 389 2429 Edit.
410 2402 489 2430 Main.
510 2403 573 2438 tegit
592 2404 626 2430 de
650 2404 763 2431 Verona
781 2406 820 2437 (n.
838 2405 886 2439 Τ.).

283 2447 298 2472 3
319 2446 387 2473 Edit.
409 2446 493 2473 Main.
514 2447 579 2482 legit
598 2456 653 2482 quo
674 2456 723 2482 pro
745 2449 821 2483 quod
842 2450 877 2483 (n.
900 2451 951 2482 Τ.).

283 2493 298 2518 li
314 2492 413 2518 Vocem
428 2500 586 2526 puerorum
601 2492 662 2519 add.
678 2501 709 2520 ex
725 2497 781 2520 aut.
798 2494 878 2521 Ferr.
894 2495 986 2529 (εισι).

281 2537 298 2564 5
318 2535 389 2562 Edit..
411 2536 493 2562 Main.
516 2536 581 2571 legit
600 2537 683 2563 aedes
704 2545 753 2572 pro
772 2538 850 2565 sedes
871 2539 908 2569 (R.
923 2539 973 2573 T.).

282 2581 298 2607 ὃ
319 2580 388 2608 Edit.
409 2579 490 2607 Main.
513 2579 578 2615 legit
597 2581 785 2615 ampliaverit
805 2583 843 2616 (n.
859 2585 909 2616 τ.).

285 2623 299 2650 7
316 2623 363 2650 Ed.
377 2623 459 2650 Main.
472 2623 533 2651 heic
544 2623 685 2651 interserit
695 2625 836 2653 coniunct.
852 2629 878 2653 et
892 2627 985 2661 (n.·r.).

333 2677 419 2707 Bull.
435 2678 521 2707 Rom.
542 2695 575 2699 ——
600 2679 663 2709 Vol.
681 2679 785 2708 XXIV.
946 2680 964 2706 9

1074 271 1089 313 ἓ
1113 270 1144 303 4.
1172 270 1234 304 Nos
1258 270 1369 313 igitur,
1395 268 1563 303 ecclesiam
1587 269 1771 303 Ferrarien-

1031 381 1092 408 tam
1135 387 1268 409 suorum
1310 388 1405 420 quan]
1449 376 1584 420 praefati
1630 376 1772 409 Tliomae

1030 429 1201 462 cardinalis
1233 435 1264 462 et
1289 429 1435 472 episcopi
1464 429 1663 462 Praenestini
1700 439 1775 461 me—

1031 481 1167 514 ritorum
1193 481 1465 514 circumamictam
1491 482 1714 521 varietatibus,
1735 483 1774 515 ad

1031 534 1172 567 sublime
1213 535 1274 566 sibi
1313 534 1442 567 debitae
1484 534 1774 577 archiepiscopalis

1032 585 1197 628 dignitatis
1224 587 1383 629 fastigium
1409 588 1586 627 adducere,
1618 587 1775 629 illamque

1030 641 1093 671 una
1118 650 1188 671 cum
1214 640 1329 672 ceteris
1361 639 1697 682 archiepiscopalibus
1724 649 1774 672 ec-

1032 692 1138 725 clesiis
1163 703 1259 736 supra
1292 693 1459 726 militantis
1493 693 1658 725 Ecclesiae
1685 703 1774 725 inon-

1033 750 1096 778 tem
1118 755 1253 789 ponere,
1272 757 1308 778 ac
1327 752 1434 788 gratas
1455 746 1574 778 amoris
1596 746 1693 786 illius,
1710 756 1774 789 quo

1031 799 1134 831 bonae
1154 799 1327 832 memoriae
1346 799 1459 832 Nerius
1476 799 1642 842 praefatae
1660 799 1771 832 sali.

1031 851 1108 884 dum
1134 852 1254 885 viveret
1280 852 1454 885 cardinalis
1481 851 1632 885 Corsinns
1656 861 1774 884 nuncu-

1031 911 1140 949 patus,
1167 911 1301 949 patruus
1333 911 1452 945 noster,
1479 905 1554 937 dum
1584 904 1615 937 in
1646 905 1773 938 civitate

1030 958 1227 992 Ferrariensi
1252 959 1397 1002 praefata
1422 959 1519 1001 legati
1539 959 1577 991 de
1599 959 1699 991 latere
1718 958 1774 990 hu-

1030 1012 1169 1046 iusmodi
1195 1023 1331 1046 munere
1357 1013 1553 1055 fungeretur,
1580 1022 1657 1054 erga
1686 1023 1773 1045 eam-

1030 1066 1102 1098 dem
1129 1066 1293 1098 civitatem
1319 1066 1557 1099 Ferrariensem
1579 1065 1771 1104 tenebatur,

1031 1118 1164 1162 quique¹
1192 1128 1281 1150 amor
1301 1120 1411 1151 nostra
1430 1128 1563 1162 quoque
1584 1119 1648 1151 alta
1667 1124 1774 1151 mente

1031 1181 1162 1203 manens
1186 1181 1241 1203 eor
1272 1176 1417 1203 nostrum
1451 1181 1582 1214 semper
1614 1170 1718 1213 tetigit
1743 1176 1775 1203 et

1031 1224 1140 1266 tangit,
1167 1224 1206 1256 ad
1231 1234 1387 1267 praesens
1412 1223 1497 1256 vices
1515 1233 1637 1266 gerere,
1663 1223 1774 1256 lauda-

1031 1277 1216 1320 bilibusque
1252 1276 1388 1319 praefati
1415 1276 1558 1309 'l'homae
1600 1276 1773 1309 cardinalis

1031 1335 1063 1363 et
1081 1329 1227 1374 episcopi
1250 1329 1450 1362 Praenestini
1465 1329 1547 1362 votis
1562 1328 1701 1371 benigne
1720 1339 1774 1360 an-

1030 1394 1139 1424 nuere,
1164 1394 1200 1416 ae
1218 1383 1392 1427 specialem
1420 1383 1481 1415 sibi
1508 1382 1641 1426 gratiam
1667 1383 1772 1415 facere

1030 1437 1199 1476 volentes,
1236 1446 1361 1469 necnon
1394 1436 1512 1468 dictam
1549 1435 1722 1468 Innocentii
1748 1435 1773 1467 II

1030 1490 1319 1531 constitutionem,
1367 1489 1573 1532 aliorumque
1626 1488 1772 1521 omnium

1030 1543 1248 1576 Romanorum
1266 1542 1458 1576 Pontificum
1478 1542 1772 1586 praedecessorum

1029 1596 1250 1640 praefatorum
1288 1605 1398 1628 omnes
1425 1600 1456 1628 et
1481 1595 1624 1638 singulas
1662 1605 1772 1637 respe-

1029 1649 1111 1682 ctive
1144 1649 1268 1681 litteras
1294 1648 1466 1692 praefatas,
1493 1646 1682 1691 earumque²
1706 1648 1771 1680 sin—

1006 1711 1008 1721 ·
1030 1703 1122 1745 gulos
1142 1707 1280 1742 tenores,
1302 1702 1531 1745 praesentibus
1558 1712 1617 1744 pro
1643 1711 1773 1743 expres-

1029 1756 1071 1788 sis
1107 1755 1303 1798 insertisque
1330 1755 1497 1795 babentes,
1530 1760 1604 1798 post
1629 1754 1772 1786 habitam

1030 1821 1046 1842 a
1071 1809 1166 1842 nobis
1193 1819 1291 1852 super
1315 1808 1506 1852 praemissis
1532 1807 1683 1840 omnibus
1709 1818 1773 1839 ma-

1031 1869 1133 1896 turam
1159 1873 1231 1895 cum
1265 1861 1508 1894 venerabilibus
1534 1860 1687 1893 fratribus
1713 1870 1772 1892 no-

1030 1914 1104 1947 stris
1138 1913 1304 1957 praefatae
1341 1912 1372 1945 S.
1408 1912 1445 1945 R.
1476 1911 1511 1944 E.
1554 1910 1773 1943 cardinalibus

1031 1967 1324 2006 deliberationem,
1351 1965 1390 1998 de
1424 1965 1559 1998 fratrum
1585 1964 1772 1997 eorumdem

1031 2020 1166 2054 consilio
1182 2046 1189 2060 ,
1214 2024 1304 2052 motu
1329 2018 1467 2062 proprio
1483 2045 1490 2058 ,
1516 2027 1580 2050 non
1606 2017 1643 2050 ad
1666 2017 1769 2049 alicu-

1032 2180 1132 2222 raque
1158 2176 1379 2210 liberalitate³
1403 2176 1538 2215 nostris,
1566 2175 1670 2219 deque
1696 2184 1773 2217 apo-

1031 2231 1165 2265 stolicae
1199 2229 1367 2274 potestatis
1393 2229 1617 2273 plenitudine,
1645 2233 1772 2261 senten-

1032 2286 1106 2319 tiam
1138 2296 1155 2318 a
1179 2284 1323 2318 Concilio
1362 2284 1504 2317 Romano
1541 2287 1573 2314 ut
1608 2281 1772 2325 praefatur

1032 2344 1213 2373 emanatam
1230 2366 1238 2378 ,
1266 2349 1302 2371 ac
1327 2336 1550 2381 praesentibus
1582 2334 1698 2368 nostris
1723 2333 1773 2366 lit-

1032 2394 1109 2427 teris
1127 2394 1288 2431 insertam,
1303 2390 1480 2433 apostolica
1498 2388 1684 2421 auctoritate
1703 2397 1773 2429 per-

1031 2447 1132 2490 petuo
1157 2445 1374 2489 approbamus
1400 2448 1430 2475 et
1455 2441 1702 2480 confirmamus,
1728 2439 1772 2472 ei-

1066 2537 1078 2562 1
1101 2534 1172 2562 Edit.
1195 2533 1274 2560 Main.
1297 2532 1361 2567 legit
1380 2531 1431 2566 qui
1453 2538 1499 2565 pro
1519 2529 1625 2564 quique
1645 2528 1683 2562 (n.
1699 2527 1746 2561 T.).

1065 2581 1080 2607 2
1102 2579 1173 2606 Edit.
1196 2578 1275 2604 ttlain.
1297 2576 1362 2611 tegit
1381 2582 1538 2608 eorumque
1559 2577 1596 2607 (n.
1618 2572 1668 2606 Τ.).

1065 2624 1080 2652 3
1101 2623 1149 2652 Ed.
1162 2623 1199 2650 M.
1212 2622 1264 2657 teg.
1279 2623 1445 2655 ›natio-aque
1460 2617 1668 2646 deliberatione
1679 2616 1769 2652 (am).

1690 211 1731 245 05
1779 220 1829 248 An.
1848 220 1875 248 c.
1901 221 1966 248 1735

1822 282 1843 302 ln
1859 282 1967 307 an-tiiepi-

1784 311 1893 333 mutatum
1927 314 1967 328 ert-

1029 333 1097 355 sem
1124 323 1313 366 praefatam,
1346 328 1393 355 tot
1427 322 1585 366 tantisque
1621 322 1846 365 pretiosisgmis.
