2232 3178
2181 67 2229 121 ᾖ,

2185 94 2202 128 ¹l

2183 178 2187 194 l

264 260 311 286 An.
329 258 357 286 C.
374 259 442 286 1738,
490 249 552 282 490
1040 256 1218 280 normaton
1245 257 1395 280 Romnum

1984 259 2035 286 An.
2051 258 2080 286 c.
2102 259 2166 289 1738

336 658 450 677 sam-ulari-

268 686 589 737 ifie'ri.i.i¹1ii¹¹fin.“ssissnasticae
620 694 695 723 vitae
724 692 869 722 desiderio
901 696 1047 728 tenentur,
1078 701 1200 731 eamque

267 741 301 757 ⁴·tu
327 740 346 756 vt
377 737 450 757 vestitu

269 767 402 785 [milliorum-

301 1484 330 1503 Do
342 1484 456 1504 visitatori-

274 1511 312 1530 bus
324 1513 344 1540 et
355 1511 416 1530 modu
429 1516 457 1530 vt-

274 1539 387 1557 sitatiouis.

309 2364 336 2383 lte
359 2363 463 2389 computis

281 2390 410 2411 red-tendis.

281 2419 436 2442 pr··prictarns.

457 307 590 338 nationes
604 311 631 336 et
644 306 762 341 similia,
776 313 849 343 quae
861 305 1010 334 seniorum
1022 313 1196 335 consensum

459 360 592 394 poscunt,
616 364 648 384 ex
674 355 737 383 iure
760 358 914 383 teneantur
937 353 1076 392 deinceps
1097 362 1197 383 eorum

459 404 629 441 suffragium
661 403 833 441 exquirere,
865 411 923 431 uon
952 402 1086 440 equidem
1118 411 1199 440 prae-

459 452 592 482 standum
610 460 678 481 voce
695 451 739 480 vel
763 454 847 484 nutu,
865 451 914 480 sed
937 455 1049 480 secreto
1064 451 1199 481 instituto

460 500 610 537 scrutinio,
635 504 676 535 ut,
701 509 775 538 quae
798 499 893 536 dccet,
918 498 955 527 sit
978 499 1084 537 cuique
1108 500 1200 529 facul-

461 553 502 577 tas
537 548 626 577 libere
660 547 826 586 proferendi
860 547 936 586 quod
970 547 999 576 in
1031 548 1198 577 monasterii

460 596 615 625 utilitatem
638 606 789 625 cessurum
813 595 961 625 iudicarit.

501 654 550 675 xn-
569 645 608 674 Ac
633 648 664 674 ut
687 644 799 674 facilior
819 644 863 673 via
888 647 983 683 pateat
1002 644 1046 673 his
1070 644 1117 683 qui
1142 654 1201 673 mo-

461 744 575 782 ingredi
610 742 729 778 volunt,
754 740 881 769 maxime
915 740 1068 770 laudamus
1092 749 1200 770 morem

463 792 545 822 illum
569 795 597 821 et
630 789 797 820 institutum
828 788 902 818 nihil
930 787 1067 826 exigendi
1095 797 1109 817 a
1139 797 1200 817 sae-

463 839 611 871 cularibus
635 848 685 878 pro
708 838 785 867 victu
819 841 847 867 et
874 837 982 867 vestitu
1005 837 1201 873 novitiorum3

464 889 540 929 quod
563 889 659 927 ipsum
681 887 847 916 institutum
871 885 1072 925 arripiendum
1091 889 1119 915 et
1135 885 1203 915 reti-

463 937 593 967 nendum
616 936 795 973 iudicamus,
813 939 840 964 et
856 935 973 964 omnino
990 934 1138 964 observari
1155 943 1203 963 vo-

464 987 571 1024 tumus,
590 989 620 1015 ut
637 984 754 1022 localia,
772 986 882 1022 pastus,
901 983 1052 1022 pecuniae,
1070 983 1203 1021 aliaeque

464 1044 529 1072 reS,
559 1034 647 1064 etiam
677 1033 711 1062 ad
744 1032 876 1062 divinum
909 1031 1019 1062 cultum
1052 1032 1096 1062 vel
1120 1042 1203 1062 usum

465 1092 647 1114 communem
665 1081 841 1111 monasterio
858 1080 1048 1119 applicandae
1070 1089 1127 1110 non
1144 1080 1205 1110 exi-

464 1135 570 1170 gantur
598 1140 648 1160 seu
680 1133 814 1169 petantur
837 1129 949 1158 ratione
976 1128 1126 1166 ingressus
1160 1128 1203 1157 vel

465 1178 654 1219 professionis
677 1178 756 1207 iuxta
779 1177 1017 1207 constitutionem
1042 1176 1150 1207 Urbani
1170 1177 1204 1207 lV

465 1238 538 1268 quae
568 1227 672 1266 incipit
700 1226 772 1257 Sane
802 1227 831 1255 in
861 1226 938 1255 vincti
961 1226 1092 1263 Domini,
1121 1226 1205 1256 titulo

465 1277 504 1307 De
526 1277 654 1312 simonia,
678 1275 755 1305 inter
778 1278 1001 1312 extravagantes
1023 1283 1203 1311 communes,

466 1335 501 1355 ne
520 1326 548 1355 in
574 1333 682 1364 poenas
699 1323 899 1362 gravissimas,
918 1323 1074 1362 praecipue
1090 1332 1204 1352 excom-

467 1374 673 1404 municationis
706 1373 779 1402 latae
806 1372 968 1401 sententiae
991 1371 1052 1401 solo
1076 1372 1205 1402 Romano

467 1423 601 1453 Pontifici
624 1425 788 1452 reservatae
811 1421 850 1450 ibi
874 1420 997 1450 inflictas
1020 1421 1184 1450 incurrant.

507 1481 567 1502 x111.
600 1471 780 1509 Quamquam
812 1469 937 1499 secunda
972 1473 1052 1508 parte
1085 1470 1205 1499 constit.

468 1529 532 1559 cap.
556 1529 587 1557 11,
612 1528 681 1549 num
705 1527 763 1555 x1v,
780 1527 837 1547 non
858 1522 994 1547 tenentur
1018 1522 1115 1556 patres
1138 1518 1206 1547 visi-

469 1573 578 1598 tatores
594 1567 622 1596 in
640 1570 706 1596 actu
729 1566 904 1595 visitationis
927 1574 1027 1595 omues
1043 1565 1077 1595 de
1095 1566 1208 1595 familia

469 1618 503 1647 de
520 1625 619 1646 rerum
642 1620 719 1645 statu
741 1615 944 1653 interrogare3
968 1615 1034 1654 quia
1058 1619 1155 1645 tamen
1172 1615 1207 1645 ob

469 1675 532 1695 eam
549 1674 610 1695 rem
633 1664 817 1694 incommoda
841 1664 932 1693 multa
955 1664 1024 1693 oriri
1044 1669 1163 1703 possunt
1178 1664 1206 1694 in

469 1715 676 1745 detrimentum
710 1713 978 1748 monasteriorum,
1003 1717 1030 1742 et
1063 1722 1099 1742 ne
1132 1713 1208 1743 ullus

470 1763 698 1803 suspicionibus,
716 1771 790 1801 quae
806 1761 958 1791 charitatis
980 1762 1128 1791 vinculum
1147 1771 1209 1801 per-

469 1821 607 1851 rumpere
631 1815 762 1850 possunt,
786 1810 867 1840 locus
889 1810 984 1847 detur,
1010 1820 1127 1840 necesse
1147 1820 1209 1840 esse

472 1861 660 1895 arbitramur,
685 1865 715 1890 ut
735 1860 764 1889 in
788 1864 934 1898 posterum
958 1868 1057 1889 omnes
1079 1860 1113 1889 de
1128 1860 1210 1889 fami-

470 1910 511 1940 lia
532 1919 546 1939 a
571 1908 703 1948 patribus
727 1907 926 1937 visitatoribus
951 1912 1090 1937 vocentur
1113 1912 1139 1937 et
1165 1909 1209 1938 in-

471 1962 665 1995 terrogentur.
695 1956 752 1995 Ipsi
785 1960 881 1985 autem
916 1960 1011 1994 patres
1045 1956 1210 1986 visitatores

471 2006 661 2036 meminerint
676 2014 720 2041 ea,
737 2014 810 2044 quae
823 2004 929 2035 ibidem
948 2014 1028 2034 num.
1043 2014 1111 2035 xx111
1128 2015 1210 2045 prae-
1231 2006 1232 2024 ³

472 2054 655 2091 scribuntur,
679 2054 791 2083 scilicet
813 2063 849 2083 ne
876 2053 1005 2083 revelent
1028 2057 1137 2092 testes,
1161 2059 1211 2084 aut

471 2113 502 2133 ea
520 2112 593 2142 quae
610 2103 639 2133 in
663 2102 828 2132 visitatione
845 2107 1032 2141 acceperunt,
1047 2102 1100 2132 sub
1119 2105 1211 2141 poena
1231 2097 1232 2101 ¹

472 2153 580 2182 ibidem
604 2153 725 2182 statuta.
742 2151 868 2182 Caveant
890 2151 977 2181 etiam
1001 2151 1158 2189 diligenter
1180 2157 1211 2183 ut

472 2205 535 2231 acta
559 2201 733 2230 visitationis
765 2201 802 2229 ita
834 2200 1038 2230 custodiantur
1071 2205 1102 2230 ut
1125 2210 1139 2229 a
1162 2210 1212 2230 ne-

474 2250 551 2279 mine
570 2249 724 2279 videantur
746 2253 795 2278 aut
818 2249 952 2286 legantur
974 2249 1004 2278 in
1027 2249 1212 2279 monasteriis
1231 2241 1233 2252 ¹

474 2307 547 2338 quae
571 2298 688 2327 visitare
711 2297 923 2336 porrexerint¹.

514 2355 571 2376 xiv.
596 2345 632 2375 Ut
655 2349 752 2375 autem
782 2350 878 2384 patres
902 2345 1067 2374 visitatores
1090 2344 1145 2374 rite
1167 2355 1213 2374 re-

444 2391 578 2434 ‘¹cteque
602 2402 708 2423 munus
739 2402 823 2422 suum
854 2392 934 2430 fungi
957 2396 1084 2431 queant,
1107 2393 1214 2423 consti-

476 2447 574 2473 tuatur
590 2442 713 2472 formula
734 2450 784 2480 pro
804 2440 977 2471 exhibendis
992 2441 1136 2481 computis
1154 2451 1213 2471 mo-

476 2491 672 2522 nasteriorum
696 2489 822 2529 capitulo
843 2489 974 2528 generali
989 2489 1009 2527 ²,
1033 2493 1061 2518 et
1082 2489 1213 2519 definito-

477 2550 523 2570 res
545 2540 629 2570 novis
652 2538 851 2569 visitatoribus
873 2538 973 2568 eadem
992 2542 1127 2578 computa
1145 2548 1213 2568 con-

513 2598 524 2623 1
547 2596 649 2624 Forsan
668 2596 855 2631 perreoeerint
876 2597 913 2627 (a.
931 2595 978 2627 Τ.).

511 2641 527 2668 2
549 2641 620 2668 Edit.
641 2640 720 2669 Main.
743 2640 808 2677 tegit
827 2639 973 2676 generalis
993 2640 1088 2675 tamn).

1240 306 1379 343 signent,
1408 306 1458 344 qui
1484 306 1513 335 in
1543 310 1609 336 actu
1639 306 1813 337 visitationis
1844 316 1877 337 ea
1910 315 1975 338 cum

1242 354 1325 383 libris
1347 354 1510 393 censerant,
1528 355 1700 394 praesertim
1723 364 1791 384 vero
1814 364 1879 384 cum
1899 364 1977 384 com-

1243 403 1319 441 putIs
1343 402 1511 439 menstruis,
1530 412 1603 441 quae
1626 403 1655 432 in
1671 402 1746 433 libro
1762 403 1847 441 vulgo
1863 403 1889 432 la
1912 403 1977 432 Vnc-

1242 452 1329 481 chella
1362 452 1561 481 continentur.
1596 451 1733 490 Computa
1768 460 1833 481 vero
1856 460 1870 480 a
1893 451 1978 480 dictis

1244 498 1442 529 visitatoribus
1458 499 1553 529 habita
1571 500 1740 530 deferantur
1753 499 1787 529 ad
1803 499 1976 538 capitulum,

1243 548 1276 578 ad
1301 548 1353 578 lioc
1376 552 1407 577 ut
1430 548 1469 577 ibi
1492 557 1507 577 a
1530 548 1674 587 deputatis
1695 548 1729 578 ad
1753 552 1888 587 computa
1911 557 1979 577 con-

1244 597 1312 626 ferri
1336 597 1448 626 valeant
1470 606 1534 626 cum
1557 597 1621 626 aliis
1644 596 1786 636 computis
1817 605 1891 635 quae
1921 596 1979 625 sin-

1244 645 1304 683 guli
1326 645 1445 674 abbates
1467 654 1563 675 coram
1586 645 1656 684 ipsis
1672 649 1857 683 praesentare
1880 648 1980 673 tenen-

1245 698 1302 723 tur.
1327 693 1466 729 Quoniam
1502 703 1567 723 vero
1601 694 1687 723 iidem
1718 693 1881 723 visitatores
1904 692 1979 722 inter

1245 746 1339 772 cetera
1363 742 1512 780 inquirere
1535 742 1651 778 debent,
1669 751 1704 771 an
1728 740 1914 780 proprietarii
1929 740 1981 770 ali-

1245 791 1295 830 qui
1323 791 1351 820 in
1386 791 1562 820 monasterio
1585 790 1790 827 inveniantur3
1815 793 1978 829 propterea,

1248 841 1350 878 magua
1380 839 1511 869 adbibita.
1533 839 1698 877 diligentia,
1723 838 1843 868 visitent
1864 846 1980 876 capsam

1250 889 1458 928 depositorum:
1483 898 1537 927 qua
1560 888 1589 918 in
1614 897 1655 923 re,
1680 896 1753 926 quae
1775 885 1981 925 gravissimum

1249 942 1427 967 momentum
1464 937 1573 973 habet,
1611 937 1740 975 ipsorum
1771 934 1982 965 conscientiam

1247 995 1413 1016 oneramus.

1286 1043 1333 1064 xv.
1357 1034 1498 1070 Quoniam
1523 1043 1589 1064 vero
1612 1033 1746 1064 monaehi
1769 1042 1825 1063 non
1849 1032 1982 1063 intimam

1247 1084 1339 1113 solum
1364 1083 1453 1113 animi
1482 1083 1651 1113 modestiam
1666 1105 1673 1119 ,
1697 1082 1746 1112 sed
1779 1082 1865 1112 etiam
1889 1085 1984 1111 exter-

1248 1141 1314 1161 nam
1347 1132 1526 1171 praeseferre
1558 1131 1684 1167 debe-nt,
1713 1131 1760 1160 hic
1792 1129 1983 1169 repetendum

1248 1190 1401 1211 censemus
1422 1181 1571 1210 decretum
1594 1180 1703 1210 editum
1719 1190 1748 1210 n.
1767 1188 1786 1209 11
1804 1179 1833 1209 in
1856 1178 1983 1218 capitulo

1248 1229 1377 1267 generali
1400 1228 1468 1258 anni
1490 1237 1677 1258 muccxxxvm
1699 1228 1733 1258 ad
1758 1227 1898 1258 tollendos
1914 1227 1984 1257 abu-

1248 1287 1297 1307 sus
1329 1278 1378 1317 qui
1412 1278 1441 1307 in
1471 1277 1711 1307 vestimentorum
1743 1286 1797 1306 usu
1825 1275 1901 1315 apud
1924 1284 1984 1305 mo-

1248 1326 1357 1355 nachos
1379 1326 1568 1365 irrepserint:
1596 1336 1609 1354 «
1632 1326 1781 1355 Summam
1805 1324 1892 1354 etiam
1918 1323 1984 1354 dili-

1249 1374 1377 1412 gentiam
1408 1374 1565 1404 adhibeant
1591 1373 1710 1404 abbates
1743 1373 1773 1403 in
1804 1372 1984 1412 extirpandis

1248 1423 1387 1453 abusibus
1402 1447 1409 1460 ,
1433 1423 1457 1452 si
1480 1423 1529 1462 qui
1553 1424 1627 1452 forte
1649 1422 1726 1461 apud
1742 1422 1897 1452 monachos
1913 1422 1985 1452 irre-

1251 1472 1360 1511 pserint
1388 1472 1416 1501 in
1449 1472 1688 1501 vestimentorum
1722 1475 1781 1502 turn
1810 1471 1983 1501 interiorum

1251 1525 1309 1550 tum
1333 1519 1510 1550 exteriorum
1535 1529 1600 1555 usu,
1625 1529 1698 1559 quae
1721 1530 1736 1549 a
1758 1519 1895 1558 religiosa
1916 1519 1985 1549 sim-

1251 1568 1379 1607 plicitate
1401 1573 1429 1598 et
1451 1568 1615 1598 humilitate
1638 1568 1731 1598 aliena
1760 1577 1877 1607 prorsus
1900 1573 1985 1607 sunt3

1251 1617 1422 1657 praesertim
1446 1626 1514 1646 vero
1544 1617 1734 1647 solertissime
1761 1617 1791 1646 in
1819 1626 1867 1647 eos
1889 1617 1985 1656 inqui-

1251 1671 1315 1696 rant
1342 1670 1370 1696 et
1402 1665 1587 1695 severissime
1616 1665 1703 1695 etiam
1736 1665 1984 1704 animadvertant,

1251 1715 1301 1753 qui
1324 1715 1353 1744 in
1377 1714 1471 1753 pileis,
1489 1713 1589 1751 caligis
1612 1718 1640 1743 et
1656 1713 1760 1744 calceis
1778 1713 1887 1743 saeculi
1906 1723 1987 1753 pom-

1254 1772 1302 1802 pas
1324 1762 1468 1801 religiosis
1491 1762 1559 1792 viris
1581 1762 1716 1801 indignas
1738 1762 1873 1792 affectare
1890 1762 1987 1792 viden-

1253 1817 1310 1842 tur.
1327 1811 1407 1847 Quod
1430 1812 1538 1841 (lictum
1561 1821 1676 1850 quoque
1693 1811 1833 1841 habeatur
1849 1811 1987 1841 adversus

1252 1870 1312 1898 eos,
1337 1861 1386 1899 qui
1409 1864 1557 1890 tonsuram
1582 1860 1770 1890 monasticam
1798 1860 1917 1890 minime
1939 1869 1988 1898 ge-

1253 1914 1343 1947 runt,
1366 1913 1394 1939 et
1417 1912 1447 1938 ut
1480 1909 1558 1938 hisce
1586 1909 1616 1938 in
1639 1908 1725 1939 rebus
1758 1908 1894 1948 praelatis
1916 1908 1989 1946 vigi-

1254 1957 1373 1987 lantiam
1396 1966 1510 1986 omnem
1533 1962 1699 1993 exerceant,
1716 1966 1816 1986 eorum
1839 1956 1989 1987 conscien-

1254 2006 1320 2036 tiam
1352 2014 1518 2035 oneramus.
1553 2005 1694 2035 Addimus
1726 2010 1820 2035 autem
1853 2014 1988 2044 expresse

1254 2055 1320 2084 huic
1332 2054 1448 2083 decreto
1462 2058 1492 2083 ut
1505 2053 1603 2083 tunica
1619 2054 1655 2083 sit
1671 2053 1864 2093 undequaque
1877 2054 1987 2092 clausa,

1253 2103 1332 2132 iuxta
1356 2102 1494 2132 Clement.
1518 2101 1558 2132 lve
1580 2103 1609 2131 in
1631 2112 1710 2140 (tyro,
1736 2106 1763 2132 et
1785 2102 1865 2132 nullo
1892 2103 1987 2139 modo,

1256 2151 1297 2180 vel
1317 2150 1346 2179 in
1371 2154 1428 2180 toto
1452 2150 1495 2179 vel
1518 2150 1547 2179 in
1572 2154 1665 2188 parte,
1682 2150 1797 2180 recedat
1812 2150 1847 2180 ab
1869 2151 1988 2190 antiqua

1254 2201 1352 2229 nostra
1376 2199 1596 2228 consuetudine.
1622 2199 1763 2237 Urgemus
1796 2199 1883 2229 etiam
1915 2200 1990 2230 inte-

1254 2257 1333 2286 gram
1359 2248 1530 2286 firmamque
1552 2247 1766 2277 observantiam
1789 2257 1899 2284 eorum,
1917 2257 1990 2287 quae

1255 2297 1288 2326 de
1313 2296 1492 2326 vestimentis
1514 2296 1751 2335 ornamentisque
1774 2300 1944 2326 statuuntur
1959 2296 1989 2326 in

1255 2345 1451 2374 declaratione
1473 2353 1538 2383 cap.
1563 2352 1597 2373 Lv
1620 2348 1736 2373 nostrae
1758 2344 1893 2382 regulae,
1917 2353 1990 2384 quae

1255 2393 1290 2423 ab
1313 2393 1448 2423 omnibus
1470 2393 1588 2422 omnino
1620 2392 1729 2421 servari
1752 2392 1933 2421 mandamus.
1956 2392 1991 2422 Et

1255 2443 1392 2482 quoniam
1415 2441 1490 2470 liber
1514 2450 1578 2470 esse
1600 2450 1685 2470 nemo
1707 2440 1793 2470 debet
1815 2439 1850 2469 ab
1872 2440 1907 2470 iis
1929 2441 1991 2470 offi-

1255 2491 1307 2520 ciis
1331 2490 1486 2520 reddendis
1519 2498 1593 2528 quae
1623 2489 1769 2527 pertinent
1790 2488 1824 2518 ad
1848 2489 1922 2518 vitae
1943 2498 1992 2527 ge-

1256 2548 1309 2568 nus
1332 2543 1359 2568 et
1381 2538 1523 2576 regularis
1556 2537 1756 2567 observantiae
1784 2536 1966 2576 disciplinam
1981 2560 1989 2575 ‚

1256 2586 1462 2616 inviolabiliter
1484 2585 1594 2615 servari
1612 2585 1744 2615 volumus
1760 2593 1793 2614 ea
1809 2593 1882 2623 quae
1897 2583 1991 2623 capite

1256 2635 1372 2674 regulae
1395 2638 1512 2665 nostrae
1534 2642 1601 2663 Lx111
1624 2642 1705 2664 num.
1730 2642 1769 2672 xi,
1792 2632 1831 2663 De
1854 2632 1990 2662 abbatibus

2022 1045 2127 1066 Vestibus.
