2232 3178
44 212 95 239 An.
113 211 141 238 C.
166 210 232 238 1737

64 1289 224 1310 ecnnrmanone

44 1317 158 1343 apostatica
193 1321 224 1336 ra·

45 1344 150 1365 burantur.

867 206 1008 231 CLEMENS
1038 206 1082 230 ΧΠ
1107 207 1157 230 Pr.

235 266 291 296 que
306 260 413 295 servet,
431 259 532 295 atque;
550 257 601 286 ex‘
618 255 876 295 superextantibus
893 265 976 294 pecu-

235 305 301 340 niis,
326 305 513 334 iudicialibus
529 314 644 344 quoque
663 308 690 334 et
705 304 977 334 extraiudicialibus

236 353 400 393 sumptibus
432 357 641 391 succurratur,
677 362 712 382 ne
745 353 774 382 in
809 356 975 392 posterum,

237 407 321 442 prout
345 402 452 432 dudum
477 403 598 432 sortasse
621 411 678 432 non
702 411 767 431 raro
797 401 904 437 evenit,
930 410 978 440 pa-

236 451 316 481 rochi
341 451 428 480 huius
451 451 544 480 almae
574 450 679 487 Uibis‚
704 451 784 487 gravi
808 451 902 480 litium
926 450 979 478 im-

236 500 344 539 pendio
376 499 536 538 perterriti,
560 499 753 538 irreparabile
786 499 841 529 sibi
866 503 894 528 et
916 508 979 527 snc-

234 548 399 578 cessoribus
429 548 554 577 inferant
578 548 807 587 praeiudicium,
834 547 976 586 proinde,

234 597 405 626 auctoritate
438 606 492 635 qua
517 597 546 625 in
571 597 623 626 hac
646 600 727 635 parte
750 596 916 634 fungimur,
952 601 979 625 et

234 653 269 674 ex
294 644 392 674 debito
421 644 497 683 quod
527 644 639 674 ratione
662 645 793 674 muneris
821 644 979 674 vicariatus

239 692 326 723 Urbis
349 693 432 722 nobis
454 692 610 729 incumbit,
634 702 670 722 ne
692 693 755 722 iura
785 693 979 722 ecclesiarum

236 742 447 782 parochialium
471 746 499 771 et
532 742 698 771 sanctiones
727 742 855 771 eiusdem
879 742 978 771 statuti

237 791 307 820 cleri
332 791 444 820 romani
474 790 623 819 indefensa
656 795 837 827 remaneant,
872 791 980 820 resolu-

235 840 330 870 tiones
352 844 379 869 et
403 839 584 879 provisiones
601 840 756 878 praefatas,
778 840 861 869 modo
877 844 905 869 et
922 840 980 869 sor-

235 890 279 918 ma
299 888 327 918 in
345 887 469 927 supplici
493 887 591 917 libello
608 888 767 927 expressis,
785 887 979 927 approbamus

235 942 262 967 et
291 938 521 974 confirmamus,
556 946 662 976 easque
696 937 726 966 in
760 941 907 976 posterum
943 937 978 967 ab

235 986 371 1016 omnibus
395 986 528 1026 parochis
552 986 639 1016 huius
661 986 754 1016 altnae
778 985 864 1016 Urbis
886 986 980 1016 invio-

236 1035 364 1065 labiliter
386 1035 497 1065 servari
522 1035 653 1065 volumus
678 1040 705 1065 et
727 1035 911 1065 mandamus.
947 1035 977 1065 In

236 1093 373 1123 quorum,
398 1089 453 1113 etc.
472 1084 573 1113 Datum
597 1094 629 1114 ex
654 1084 774 1114 aedibus
798 1085 905 1114 nostris
931 1094 979 1124 po-

235 1133 339 1163 stridie
362 1142 453 1162 nonas
477 1133 545 1162 maii
568 1142 757 1163 oinccxxxvit.

279 1181 309 1211 F.
326 1181 348 1210 1.
366 1181 400 1210 Λ.
421 1181 579 1211 cardinalis
602 1182 740 1211 vicarius.
765 1181 832 1211 Loco
847 1184 864 1219 †
880 1181 977 1220 siyilli.

237 1229 325 1260 Visa:
349 1229 523 1260 Srssrqut's
546 1230 685 1260 ΙἈιιιΑΝι
708 1230 834 1260 auditor.

279 1280 294 1322 ἓ
319 1279 349 1312 2.
378 1278 455 1313 Cum
475 1285 591 1319 autem,
611 1279 695 1311 sicut
719 1279 831 1312 eadem
854 1279 979 1322 exposi-

236 1332 279 1366 tio
303 1332 540 1375 subiungebat,
568 1332 703 1375 praefati
730 1332 864 1376 parochi
892 1333 979 1376 capi-

234 1385 446 1429 pitulationes
464 1390 496 1418 et
514 1386 679 1418 decretum
696 1385 893 1426 huiusmodi,
915 1397 978 1429 quo

234 1438 356 1472 firqus
385 1439 563 1472 subsistant
588 1445 618 1471 et
636 1445 807 1472 serventur
825 1440 977 1481 exactius,

234 1493 432 1536 apostolicae
452 1492 709 1525 confirmationis
728 1499 855 1526 nostrae
874 1499 979 1537 patro-

234 1546 320 1579 cinio
346 1546 540 1579 communiri
567 1553 598 1579 et
631 1546 709 1579 alias
733 1553 918 1590 opportune
947 1548 977 1581 in

234 1599 422 1643 praemissis
442 1610 459 1632 a
477 1599 571 1632 nobis
589 1599 754 1642 provideri
769 1610 977 1644 summopere

235 1652 436 1685 desiderent:
462 1663 532 1692 nos,
553 1653 642 1696 ipsos
668 1653 830 1696 parochos
855 1654 979 1697 specia-

233 1703 319 1737 libus
336 1703 502 1737 savoribus
517 1709 549 1735 et
566 1704 679 1746 gratiis
694 1705 852 1747 prosequi
870 1706 979 1738 volen-

234 1762 295 1797 tes,
315 1762 347 1790 et
364 1767 476 1790 eorum
494 1756 675 1799 singulares
696 1768 852 1800 personas
874 1768 890 1790 a
908 1759 978 1801 qui-

233 1811 345 1844 busvis
370 1810 719 1843 excommunicationis
752 1816 783 1843 et
801 1811 978 1853 interdicti,

234 1863 373 1907 aliisque
388 1863 616 1897 ecclesiasticis
633 1864 814 1905 sententiis,
830 1866 976 1899 censuris

234 1921 268 1948 et
292 1916 419 1960 poenis,
443 1927 461 1949 a
486 1916 558 1949 iure
586 1917 637 1950 vel
664 1917 702 1950 ab
728 1917 873 1958 homine,
901 1929 978 1961 qua-

234 1969 281 2002 vis
307 1971 479 2003 occasione
505 1971 553 2003 vel
580 1972 677 2003 causa
703 1970 786 2012 latis,
808 1971 833 2003 si
860 1971 977 2014 quibus

236 2023 485 2066 quomodolibet
524 2023 697 2057 innodatae
735 2024 901 2066 existunt,
939 2025 977 2058 ad

236 2076 385 2110 effectum
418 2077 641 2120 praesentium
674 2077 840 2110 dumtaxat
864 2088 978 2111 conse-

236 2130 422 2173 quendum,
452 2131 564 2164 harum
597 2131 682 2164 serie
715 2132 924 2165 absolventes
948 2138 978 2165 et

236 2184 400 2217 absolutas
427 2185 494 2218 sore
520 2190 705 2224 censentes,
731 2185 979 2228 supplicationi-

235 2238 297 2270 bus
323 2248 434 2271 eorum
452 2238 582 2271 nomine
601 2239 695 2271 nobis
720 2248 819 2281 super
837 2239 899 2271 hoc
925 2239 978 2272 hu·

236 2290 359 2324 militer
382 2291 545 2334 porrectis
572 2287 731 2331 inclinati,
755 2291 978 2334 praeinsertas

237 2343 487 2388 capitulationes
511 2350 542 2377 et
566 2345 750 2385 decretum,
779 2355 850 2377 cum
878 2346 980 2378 omni-

236 2396 295 2429 bus
321 2402 352 2429 et
376 2397 514 2440 singulis
541 2397 572 2430 in
598 2397 643 2430 eis
668 2397 843 2438 contentis,
871 2403 980 2432 aucto-

236 2449 332 2483 ritate
358 2449 561 2493 apostolica,
589 2455 705 2483 tenore
731 2451 976 2494 praesentium,

237 2502 466 2537 confirmamus
501 2509 532 2537 et
567 2503 809 2548 approbamus,
848 2504 978 2548 illisque

277 2611 287 2637 1
310 2608 376 2638 Male
396 2609 461 2638 edit.
482 2609 560 2638 lllain.
583 2610 646 2646 legit
666 2613 693 2638 et
712 2618 760 2646 pro
781 2619 816 2639 ea:
837 2611 872 2646 (a,
894 2612 942 2646 Τ.).

1663 195 1726 228 999
1774 205 1823 231 An.
1843 204 1870 230 r..
1895 205 1959 232 ¹737

1022 254 1221 287 inviolabilis
1248 254 1448 298 apostolicae
1475 254 1635 287 firmitatis
1668 254 1766 286 robur

1023 307 1203 340 adiieimus.

1065 360 1079 402 g
1105 359 1136 393 3.
1165 360 1396 401 Decernentes,
1423 361 1551 394 easdem
1574 365 1764 404 praesentes
1810 372 1888 398 swano
1914 374 1962 392 ..im

1022 413 1147 445 litteras
1162 424 1291 457 semper
1304 413 1422 455 firmas,
1438 414 1558 447 validas
1573 419 1602 447 et
1615 413 1765 446 efficaces
1776 400 1960 451 ssssft-pr'ffiii'smm

1021 467 1159 498 existere
1173 472 1204 499 et
1215 467 1291 505 sore,
1306 478 1448 510 suosque
1460 466 1626 510 plenarios
1637 472 1669 499 et
1687 466 1766 498 inte-

1022 530 1098 561 gros
1119 520 1251 552 ell‘cctus
1269 521 1376 553 sortiri
1392 526 1424 554 et
1442 521 1608 558 obtinere,
1629 531 1664 553 ac
1691 520 1767 559 ittiS,

1022 573 1061 605 ad
1080 585 1161 616 quos
1186 580 1312 617 spectat
1338 581 1368 608 et
1393 586 1451 618 pro
1474 581 1622 618 tempore
1644 580 1767 617 specta·

1022 627 1079 667 bit,
1099 627 1130 658 in
1157 629 1308 660 omnibus
1328 634 1357 661 et
1378 639 1435 672 per
1448 629 1556 662 omnia
1574 628 1766 672 plenissime

1021 679 1207 722 suffragari,
1223 682 1334 724 sicque
1347 681 1377 713 in
1395 681 1583 725 praemissis
1597 691 1655 724 per
1673 691 1768 724 quos-

1022 744 1158 776 cumque
1179 733 1300 766 iudices
1327 734 1513 767 ordinarios
1534 740 1565 766 et
1584 735 1763 776 detegatoS,

1022 787 1119 819 etiam
1145 798 1313 819 causarum
1339 788 1451 830 palatii
1481 788 1653 830 apostolici
1680 788 1769 820 audi-

1023 846 1132 880 tores,
1168 840 1304 873 iudicari
1338 847 1370 873 et
1406 840 1534 873 deliniri
1561 841 1703 881 debere,
1733 851 1769 873 ac

1022 893 1147 925 irritum
1178 899 1209 926 et
1231 893 1327 926 inane
1362 894 1388 926 si
1422 904 1515 926 secus
1542 904 1639 937 super
1674 893 1725 926 his
1751 906 1768 926 a

1022 958 1208 990 quoquam,
1246 947 1357 990 quavis
1382 948 1571 981 auctoritate
1592 974 1598 986 ,
1625 947 1769 980 scienter

1022 1001 1071 1033 vel
1090 1001 1302 1042 ignoranter,
1328 1001 1503 1043 eontigerit
1528 1001 1692 1034 attentari.

1066 1054 1080 1096 ξ
1105 1053 1136 1086 4.
1158 1053 1227 1086 Non
1249 1054 1453 1087 obstantibus
1478 1055 1767 1088 constitutionibus

1022 1113 1054 1140 et
1079 1107 1345 1140 ordinationibus
1372 1108 1561 1151 apostolicis
1581 1135 1588 1148 ‚
1617 1119 1767 1150 necnon,

1023 1165 1184 1202 quatenus
1210 1169 1294 1202 opus
1321 1159 1371 1199 sit,
1399 1159 1474 1192 dicti
1501 1161 1644 1203 collegii,
1673 1161 1768 1193 etiam

1023 1213 1214 1251 iuramento,
1242 1211 1491 1245 confirmatione
1512 1214 1699 1255 apostolica,
1720 1214 1769 1246 vel

1023 1265 1135 1308 quavis
1161 1263 1311 1298 firmitate
1343 1265 1406 1298 alia
1432 1266 1615 1305 roboratis,
1642 1267 1769 1298 statutis

1022 1323 1052 1350 et
1078 1317 1382 1357 consuetudinibus,
1408 1319 1588 1361 privilegiis
1614 1329 1766 1363 quoque,

1023 1372 1155 1404 indultis
1175 1376 1206 1404 et
1223 1371 1340 1404 litteris
1365 1372 1564 1415 apostolicis,
1585 1372 1614 1404 in
1643 1377 1769 1406 contra-

1022 1424 1105 1457 rium
1136 1424 1392 1467 praemissorum
1418 1425 1666 1468 quomodolibet
1695 1435 1769 1458 con-

1022 1478 1135 1517 cessis,
1160 1477 1355 1510 confirmatis
1382 1485 1413 1511 et
1438 1479 1622 1519 innovatis,
1649 1478 1768 1522 quibus

1022 1531 1174 1564 omnibus
1200 1537 1231 1563 et
1268 1531 1426 1573 singulis,
1465 1532 1596 1564 illorum
1635 1537 1766 1564 tenores

1023 1585 1252 1628 praesentibus
1290 1595 1348 1627 pro
1384 1586 1479 1628 plene
1514 1591 1545 1617 et
1569 1585 1768 1618 sufficienter

1022 1639 1187 1682 expressis
1220 1649 1256 1671 ae
1289 1639 1328 1670 de
1356 1639 1452 1671 verbo
1486 1639 1524 1671 ad
1563 1640 1693 1671 verbum
1719 1640 1768 1671 in-

1021 1692 1114 1725 sertis
1140 1691 1311 1731 habentes,
1341 1691 1403 1724 illis
1421 1692 1501 1724 alias
1524 1691 1555 1724 in
1571 1702 1629 1724 suo
1650 1692 1766 1724 robore

1023 1743 1254 1788 permansuris,
1281 1744 1319 1776 ad
1338 1744 1591 1787 praemissorum
1607 1743 1765 1784 effectum,

1022 1799 1082 1832 hac
1100 1799 1167 1832 vice
1182 1799 1355 1838 dumtaxat,
1372 1799 1601 1841 specialiteret
1615 1809 1768 1843 expresse

1022 1853 1242 1895 derogamus;
1271 1852 1456 1896 ceterisque
1488 1852 1662 1886 contrariis
1698 1852 1768 1896 qui-

1021 1906 1237 1950 buscumqne.

1066 1959 1180 1992 Datum
1197 1959 1330 1998 Romae,
1354 1959 1439 2002 apud
1462 1959 1493 1992 S.
1515 1958 1644 1992 Mariam
1664 1958 1765 1992 Maio-

1023 2023 1091 2046 rem
1111 2039 1118 2051 ,
1146 2012 1206 2045 sub
1231 2012 1353 2045 annulo
1379 2012 1574 2053 Piscatoris‚
1604 2012 1656 2045 die
1682 2022 1764 2045 xxvii

1022 2066 1095 2099 maii
1121 2075 1325 2105 mcccxxxvu,
1344 2065 1556 2109 pontificatus
1582 2066 1686 2100 nostri
1713 2076 1767 2098 an⁴

1023 2130 1065 2153 no
1092 2129 1148 2153 v11.

1059 2182 1117 2209 Dat.
1139 2182 1182 2209 die
1202 2182 1234 2209 27
1258 2181 1319 2208 maii
1343 2181 1421 2214 1737,
1442 2182 1535 2217 pontis.
1558 2190 1627 2209 anno
1648 2188 1694 2208 vu,

1824 1062 1963 1083 otutantbus

1779 1089 1901 1114 detegatur.

1348 2315 1433 2350 CCll.

1024 2386 1233 2430 Confirmatio
1260 2387 1445 2420 litterarum
1469 2386 1690 2429 procuratoris
1718 2394 1766 2429 ye-

1067 2441 1191 2473 nerulis
1209 2440 1343 2474 Ordinis
1359 2440 1524 2472 Minorum
1542 2440 1647 2472 sancti
1663 2439 1694 2472 F
1694 2449 1767 2472 ran-

1066 2495 1143 2526 cisct'
1167 2493 1455 2533 Discalceatorum,
1484 2493 1602 2536 quibus
1623 2492 1767 2525 declarat

1066 2558 1186 2580 novum
1211 2550 1402 2580 conventum
1422 2550 1450 2579 ee
1467 2546 1632 2579 ecclesiam
1649 2545 1697 2579 Ss.
1716 2545 1766 2578 XL

1067 2600 1251 2644 Martyrum
1278 2599 1315 2634 cle
1342 2598 1423 2634 Urbe
1440 2598 1482 2633 ad
1496 2599 1615 2642 fratres
1634 2598 1763 2633 Discat-
