2232 3178
238 236 291 262 An.
307 234 334 263 C.
358 235 426 264 1735
472 226 513 259 58

279 1138 418 1159 obstantibus

238 1165 333 1188 deinc-¹1.

430 291 639 327 concernunt,
658 290 765 319 exacte
791 283 964 324 observari,
983 293 1019 316 ac
1037 283 1166 317 debitae

431 339 613 373 executioni
639 337 825 372 demandari
851 342 941 370 curet
959 342 990 370 et
1008 336 1112 378 faciat,
1131 347 1168 370 ac

430 393 598 425 universos
623 391 806 435 praedictos
832 390 873 422 ad
897 389 1031 423 illorum
1050 390 1165 423 obser-

432 446 591 478 vationem
616 455 687 477 cum
713 442 828 476 effectu
854 448 948 484 cogat
972 447 1003 475 et
1028 443 1168 484 compel-

430 500 484 536 lat,
517 496 774 530 contradictores
807 495 971 538 quoslibet
996 505 1031 527 ac
1056 494 1169 528 inobe-

431 551 556 582 dientes
583 555 614 581 et
639 548 792 586 rebellem,
818 558 874 580 seu
908 557 972 580 non
1006 552 1167 589 parentes,

430 602 620 635 auctoritate
646 602 764 639 nostra,
791 600 1013 643 appellatione
1038 604 1169 642 postpo-

431 655 501 693 sita,
538 653 803 696 compescendo;
841 653 936 685 nobis
972 652 1108 685 ulterius
1133 662 1169 685 ac

431 707 535 740 eidem
562 706 705 745 Pontifici
741 716 801 749 pro
834 711 981 748 tempore
1018 704 1168 738 existenti

431 760 618 792 facultatem
643 768 797 802 expresse
814 763 1016 790 reservantes
1033 757 1066 789 in
1085 757 1170 790 eius-

430 812 517 845 modi
544 811 784 855 delinquentes,
804 821 840 844 ac
866 811 961 844 etiam
988 821 1043 844 eos
1062 810 1117 854 qui
1136 810 1167 843 in

430 865 618 907 praemissis
654 864 848 907 peragendis
884 864 1085 907 negligentes
1122 874 1169 897 se-

431 918 600 960 gnioresve
620 917 750 957 fuerint,
770 928 827 950 seu
844 917 923 950 alias
949 928 1079 960 quoquo
1104 927 1168 950 mo-

430 971 470 1003 do
496 971 685 1009 defecerint,
706 980 764 1013 pro
790 971 886 1003 modo
912 971 1026 1013 culpae
1051 981 1089 1003 ac
1114 981 1168 1004 ne-

431 1024 606 1066 gligentiae
626 1051 633 1063 ,
675 1029 786 1056 nostro
827 1023 969 1066 dictique
1008 1023 1170 1057 Pontificis

431 1076 563 1108 arbitrio
585 1076 873 1109 animadvertendi.

474 1130 488 1172 ᾗ
513 1129 570 1161 ⁶20.
590 1129 659 1161 Non
686 1129 889 1161 obstantibus
908 1129 1109 1172 praemissis,
1130 1135 1169 1169 ct,

430 1188 589 1225 quatenus
614 1193 696 1225 opus
712 1182 763 1222 sit,
785 1183 823 1214 de
841 1182 910 1215 iure
932 1182 1078 1224 quaesito
1104 1193 1170 1215 non

430 1235 588 1274 tollendo,
608 1235 744 1277 aliisque
765 1234 884 1267 nostris
903 1240 935 1267 et
951 1234 1169 1267 Cancellariae

428 1287 632 1331 Apostolicae
658 1287 790 1330 regulis,
827 1298 954 1320 necnon
991 1287 1094 1320 felicis
1120 1298 1169 1320 re-

429 1340 631 1373 cordationis
670 1341 715 1372 Pii
749 1341 806 1372 ΡΙ).
840 1340 876 1373 IV
908 1340 1169 1383 praedecessoris

428 1394 543 1434 nostri,
572 1404 652 1437 quae
679 1393 792 1437 incipit
825 1394 903 1428 Cum
929 1394 1014 1426 inter
1038 1398 1168 1434 celeras,

429 1456 529 1489 super
558 1446 790 1480 reformatione
820 1446 992 1480 tribunalis
1018 1446 1169 1480 Gamerae

429 1499 613 1542 praedictae
639 1499 771 1543 eiusque
791 1499 977 1533 officialium
1004 1500 1089 1533 edita
1115 1500 1170 1542 (in

428 1552 468 1585 iis
509 1563 590 1595 quae
630 1552 857 1595 praesentibus
897 1552 1014 1585 litteris
1051 1553 1169 1586 nostris

429 1605 650 1644 adversantur,
676 1606 762 1638 salva
787 1616 822 1637 ac
852 1604 944 1638 firma
976 1611 1168 1644 remanente

429 1658 461 1690 in
487 1657 602 1690 ceteris
628 1658 779 1690 omnibus
805 1658 891 1691 illius
918 1658 1167 1701 dispositione),

428 1717 460 1743 et
483 1711 584 1743 altera
609 1711 754 1743 eiusdem
777 1711 822 1743 Pii
846 1711 1104 1753 praedecessoris
1130 1711 1169 1744 de

429 1764 542 1805 gratiis
567 1765 803 1807 qualecumque
833 1764 990 1796 interesse
1015 1764 1168 1797 Gamerae

429 1816 594 1858 praefatae
610 1816 886 1849 concernentibus
904 1816 936 1848 in
954 1817 1024 1860 ipsa
1037 1816 1170 1860 Gamera

429 1868 513 1900 intra
552 1874 673 1901 certum
708 1869 786 1901 inibi
819 1879 1011 1912 expressum
1040 1875 1168 1914 tempus

430 1921 682 1964 praesentandis
698 1926 730 1954 et
746 1921 967 1964 registrandis,
984 1922 1063 1954 itaut
1077 1933 1169 1965 prae—

428 1979 537 2007 sentes
562 1974 685 2007 litteras
712 1974 831 2007 ibidem
852 1975 1053 2017 praeseutari
1072 1980 1104 2008 et
1121 1986 1170 2008 re-

429 2026 560 2069 gistrari
597 2037 763 2070 nunquam
798 2037 933 2060 necesse
970 2027 1030 2069 sit,
1057 2027 1169 2062 aliisve

429 2079 717 2112 constitutionibus
750 2085 782 2112 et
811 2080 1070 2114 ordinationibus
1096 2092 1170 2124 apo-

428 2132 558 2172 stolicis,
577 2132 748 2175 dictaeque
769 2132 920 2166 Gamerae
946 2139 978 2166 et
1002 2133 1169 2177 quibusvis

428 2185 516 2224 aliis,
552 2185 647 2217 etiam
684 2185 885 2225 iuramento,
923 2186 1169 2221 confirmatione

428 2237 627 2279 apostolica,
653 2238 703 2270 vel
739 2239 803 2270 alia
836 2239 985 2280 qualibet
1018 2239 1168 2273 firmitate

427 2290 601 2329 roboratis,
627 2290 764 2329 statutis,
785 2290 905 2330 usibus,
925 2292 1013 2335 stylis
1038 2297 1069 2325 et
1094 2303 1170 2326 con-

428 2342 672 2382 suetudinibus,
710 2343 805 2376 etiam
831 2343 1166 2387 immemorabilibus,

427 2394 608 2437 privilegiis
634 2405 764 2437 quoque
782 2422 789 2435 ,
816 2395 950 2428 indultis
986 2401 1017 2428 et
1052 2397 1168 2429 litteris

428 2446 613 2488 apostolicis
634 2446 731 2479 ctiam
757 2447 934 2490 praedictis
960 2453 991 2480 et
1011 2449 1081 2481 aliis
1100 2460 1169 2492 per-

428 2499 529 2539 sonis,
557 2500 651 2532 etiam
684 2500 859 2543 specialem
895 2501 1094 2534 mentionem
1119 2513 1169 2535 re-

429 2550 706 2594 quireutibusssub
719 2553 980 2596 quibuscumque
995 2553 1167 2587 verborum

1019 230 1200 259 BULLARIUM
1224 233 1378 258 ROMANUM

1212 283 1307 316 etiam
1325 282 1604 326 derogatoriarum
1621 283 1848 328 derogatoriis,
1865 284 1951 318 aliis-

1212 346 1275 379 que
1303 335 1555 376 efficacioribus,
1588 336 1819 371 efficacissimis
1844 342 1876 371 et
1900 338 1949 371 in-

1211 388 1314 421 solitis
1338 389 1502 429 clausulis,
1528 388 1798 434 irritantibusque
1823 395 1855 424 et
1880 390 1952 423 aliis

1212 442 1361 482 decretis,
1387 442 1484 474 etiam
1515 446 1623 481 motu,
1650 443 1786 476 scientia
1810 449 1841 476 et
1865 448 1952 486 pote·

1212 495 1302 527 statis
1317 495 1522 537 plenitudine
1536 495 1710 535 similibus,
1730 501 1762 529 et
1779 497 1857 529 alias
1876 508 1953 540 quo-

1212 547 1402 587 modolibet,
1418 547 1514 580 etiam
1532 547 1815 590 concistorialiter,
1829 549 1862 581 in
1878 560 1953 582 con-

1213 601 1347 633 trarium
1369 600 1621 643 praemissorum
1644 601 1817 642 concessis,
1839 601 1954 635 confir-

1212 653 1314 692 matis,
1334 663 1370 685 ac
1387 652 1659 696 quantiscumque
1685 652 1808 686 vicibus
1834 664 1954 697 appro-

1212 705 1295 737 batis
1322 710 1355 738 et
1386 705 1564 745 innovatis,
1594 716 1629 738 ac
1653 705 1717 739 illis
1746 705 1843 739 etiam
1869 716 1952 749 quac

1213 758 1245 790 in
1270 757 1436 790 schedulis
1461 757 1579 791 nostris
1603 759 1816 801 praeinsertis
1850 758 1954 792 volui-

1213 820 1283 843 mus
1309 820 1375 843 non
1401 809 1553 851 obstare3
1589 810 1707 854 quibus
1745 811 1897 844 omnibus
1922 815 1954 844 et

1213 862 1361 906 singulis,
1389 863 1515 896 etiamsi
1542 874 1601 907 pro
1626 863 1756 898 illorum
1774 864 1954 897 sufficiente

1214 916 1428 958 derogatione
1454 916 1494 949 de
1518 915 1582 949 illis
1603 926 1782 960 eorumque
1808 917 1884 951 totis
1908 921 1955 950 te-

1213 969 1348 1002 noribus
1373 969 1534 1013 specialis,
1559 969 1725 1012 specifica,
1746 980 1899 1013 expressa
1923 975 1954 1005 et

1214 1022 1389 1063 individua,
1415 1033 1451 1055 ac
1475 1022 1515 1055 de
1539 1023 1641 1056 verbo
1660 1023 1698 1055 ad
1724 1023 1870 1064 verbum,
1887 1034 1954 1058 non

1214 1080 1321 1107 autem
1338 1085 1399 1118 per
1417 1075 1576 1108 clausulas
1596 1077 1768 1117 generales
1794 1076 1880 1109 idem
1898 1077 1956 1110 im·

1214 1133 1397 1171 portantes,
1424 1128 1547 1161 mentio
1572 1139 1631 1161 seu
1656 1129 1789 1171 quaevis
1814 1129 1877 1162 alia
1902 1141 1954 1163 ex-

1214 1181 1336 1223 pressio
1362 1180 1521 1220 habenda,
1548 1186 1602 1214 aut
1625 1181 1734 1224 aliqua
1758 1182 1821 1214 alia
1846 1182 1954 1225 exqui-

1213 1233 1273 1266 sita
1293 1234 1394 1266 forma
1427 1234 1466 1266 ad
1492 1234 1554 1266 hoc
1579 1235 1736 1267 servanda
1761 1234 1854 1276 soret,
1881 1235 1955 1269 illo-

1214 1297 1285 1319 rum
1322 1286 1467 1319 omnium
1502 1291 1533 1320 et
1571 1287 1777 1330 singulorum
1801 1293 1953 1330 tenores,

1215 1339 1346 1380 formas,
1372 1349 1482 1372 causas
1501 1344 1532 1371 et
1551 1340 1749 1380 occasiones,
1774 1340 1955 1384 praesenti-

1212 1392 1272 1425 bus
1291 1402 1351 1435 pro
1375 1393 1472 1435 plene
1498 1397 1528 1424 et
1551 1391 1751 1425 sufficienter
1775 1398 1807 1426 et
1823 1393 1955 1427 exactis-

1213 1445 1291 1478 sime
1317 1445 1491 1489 expressis,
1519 1445 1660 1487 insertis‚
1677 1446 1825 1487 servatis,
1851 1447 1955 1490 speci-

1212 1497 1315 1532 ficatis
1339 1498 1519 1542 respective
1545 1499 1716 1539 habentes,
1733 1499 1797 1533 illis
1815 1499 1894 1532 alias
1919 1499 1953 1532 in

1212 1561 1270 1584 suo
1290 1551 1410 1584 robore
1435 1551 1666 1594 permansuriS,
1695 1551 1734 1584 ad
1759 1551 1953 1595 praemisso-

1212 1614 1282 1636 rum
1301 1602 1459 1644 efl'ectum,
1478 1604 1539 1636 hac
1555 1604 1622 1637 vice
1641 1604 1812 1645 dumtaxat,
1832 1606 1954 1648 specia-

1212 1657 1285 1689 liter
1309 1662 1341 1689 et
1364 1666 1516 1699 expresse
1542 1666 1579 1689 ac
1602 1657 1793 1699 plenissime
1828 1658 1953 1700 pariter

1213 1715 1244 1741 et
1266 1708 1466 1751 amplissime
1484 1709 1687 1751 derogamus,
1706 1714 1738 1742 et
1763 1710 1954 1752 derogatum

1213 1771 1283 1794 esse
1309 1762 1456 1794 volumus
1476 1766 1508 1794 et
1528 1761 1741 1803 mandamus3
1768 1762 1953 1808 ceterisque

1212 1815 1382 1847 contrariis
1408 1814 1682 1857 quibuscumque.

1256 1867 1350 1911 521,
1385 1867 1534 1901 Ceterum
1569 1869 1715 1901 volumus
1752 1878 1882 1912 quoque
1917 1874 1953 1902 ut

1212 1921 1431 1964 praesentium
1456 1920 1638 1954 litterarum
1656 1921 1879 1965 transumptis,
1897 1931 1952 1955 seu

1213 1974 1378 2017 exemplis,
1405 1973 1500 2007 etiam
1524 1973 1702 2017 impressis,
1732 1984 1830 2007 manu
1855 1973 1953 2007 alicu-

1212 2029 1261 2060 ius
1285 2026 1400 2061 notarii
1424 2026 1547 2071 publici
1572 2027 1778 2071 subscriptis,
1796 2032 1828 2060 et
1844 2027 1953 2071 sigillo

1212 2091 1373 2124 personae
1394 2080 1426 2113 in
1452 2080 1610 2123 dignitate
1635 2081 1852 2114 ecclesiastica
1877 2091 1953 2114 con-

1213 2135 1344 2168 stitutae
1369 2134 1511 2175 munitis,
1530 2134 1642 2167 eadem
1659 2144 1795 2177 prorsus
1813 2132 1892 2166 fides
1918 2133 1952 2166 in

1212 2187 1333 2220 iudicio
1366 2192 1397 2220 et
1432 2192 1521 2220 extra
1544 2186 1625 2219 illud
1661 2185 1843 2226 habeatur,
1869 2197 1952 2229 quae

1214 2240 1392 2273 haberetur
1423 2240 1502 2283 ipsis
1532 2239 1757 2283 praesentibus
1787 2239 1813 2271 si
1846 2239 1954 2273 forent

1212 2293 1373 2326 exhibitae
1394 2294 1444 2326 vel
1469 2298 1631 2326 ostensae.

1953 236 2008 263 An.
2023 235 2053 264 C.
2074 236 2143 265 1735

2001 1879 2149 1906 Tranaumpns

1963 1906 2022 1926 crudi
2039 1906 2104 1927 iubet.

1255 2345 1348 2389 522.
1386 2345 1472 2378 Nulli
1504 2355 1582 2388 ergo
1619 2346 1752 2378 omnino
1782 2345 1949 2378 bominum
1963 2352 2144 2382 ‚Prohibmoeam

1212 2399 1308 2431 liceat
1332 2399 1482 2441 paginam
1509 2398 1593 2431 hanc
1623 2403 1814 2431 nostrorum
1836 2408 1951 2441 appro-

1211 2451 1369 2491 bationis,
1405 2449 1672 2491 confirmationis,
1709 2451 1948 2491 mandatorum,

1211 2509 1480 2548 praeceptorum,
1508 2503 1736 2543 decretorum,
1771 2502 1950 2536 ordinatio-

1211 2567 1297 2598 num,
1323 2556 1493 2590 voluntatis
1519 2560 1551 2589 et
1583 2555 1803 2600 derogationis
1833 2555 1948 2588 infrin-

429 2604 593 2639 tenoribus
619 2611 651 2640 et
675 2606 806 2648 formis,
841 2617 876 2640 ac
901 2618 976 2641 cum
1001 2607 1166 2652 quibusvis
1211 2619 1300 2652 gere,
1318 2610 1368 2643 vel
1386 2609 1412 2642 ei
1432 2619 1510 2643 ausu
1530 2609 1704 2643 temerario
1723 2607 1904 2650 contraire;
1922 2608 1948 2642 si

1961 2379 2098 2404 infringendi-
