2232 3178
306 254 353 279 An.
375 252 402 278 c.
427 252 492 280 ¹738
538 243 603 277 480

331 934 359 954 Ile
382 934 487 960 approba·

304 962 396 981 tiuulms
430 968 486 981 noir

303 990 385 1008 tiorum.

535 311 564 332 11.
589 299 731 338 Religiosi
747 299 954 329 conventuales
970 298 1165 329 novitiatuum
1182 307 1239 328 non

496 352 656 390 loquantur
689 359 755 379 cum
788 349 906 379 novitiis
939 348 993 379 sub
1017 349 1111 387 poena
1143 347 1240 386 gravis

496 400 617 439 culpae,
642 408 694 428 uec
717 398 845 428 audeant
870 398 935 427 illos
958 397 1184 436 reprehendere.
1209 395 1239 425 Si

497 458 562 478 vero
585 448 712 486 aliquem
735 447 880 476 desectum
904 447 933 476 in
958 446 1068 476 novitio
1085 445 1183 484 aliquo
1199 446 1240 474 vi-

495 497 604 533 derint,
626 496 724 526 dicant
747 496 876 534 praelato
900 495 944 525 vel
967 496 1118 533 magistro,
1143 494 1187 524 vcl
1209 494 1237 524 in

495 545 622 585 capitulo
645 545 797 584 culparum
821 544 1066 574 animadvertant.

535 603 574 623 111.
600 593 722 622 Novitiis
745 602 895 632 nunquam
920 593 1113 630 iniungantur
1129 592 1237 629 officia,

496 652 549 673 nec
571 643 760 681 imponantur
784 642 1003 681 occupationes,
1022 650 1096 680 quae
1112 641 1239 671 occasio-

497 699 561 720 nem
585 690 643 720 illis
667 689 825 729 praebeant
860 689 1006 719 tractandi
1040 699 1104 719 cum
1139 698 1240 718 saecu-

497 738 619 768 laribus.
654 738 711 768 Nec
749 738 935 778 permittatur
973 738 1049 777 quod
1084 738 1239 767 visitentur
1260 746 1262 753 ⁴

497 788 591 817 adhuc
614 797 627 817 a
651 787 822 826 parentibus
845 791 873 817 et
891 787 1034 825 cognatis,
1052 786 1108 816 nisi
1125 786 1153 815 in
1171 796 1239 816 casu
1261 803 1262 807 =

497 845 575 873 raro,
599 836 800 866 consentiente
823 840 850 866 et
870 840 1022 875 praesente
1045 835 1197 873 magistro.

538 893 557 914 1.
581 884 612 914 In
635 894 711 914 anno
734 884 966 923 approbationis,
985 884 1088 913 novitii
1106 888 1151 913 ter
1174 892 1239 922 pro-

499 937 646 973 ponantur
667 933 795 972 capitulo
825 933 1032 971 conventuali,
1057 936 1088 962 ut
1117 932 1237 969 iudicet,

499 992 547 1020 an,
563 982 682 1012 attentis
694 991 795 1011 eorum
809 982 869 1011 vita
885 986 912 1012 et
928 981 1070 1019 moribus,
1084 981 1165 1019 digni
1181 981 1238 1011 sint

498 1035 529 1060 ut
552 1031 586 1060 ad
610 1030 819 1069 professionem
842 1030 1060 1067 admittantur3
1084 1029 1119 1059 ad
1150 1037 1238 1068 quam

498 1080 597 1109 nullus
613 1080 702 1109 frater
718 1079 809 1109 laicus
823 1079 1011 1118 approbetur,
1028 1079 1100 1108 nec¹
1117 1078 1240 1117 recipia-

498 1132 557 1167 tur,
580 1128 630 1168 qui
649 1128 746 1168 aliqua
769 1138 805 1158 ex
822 1128 927 1158 officiis
943 1128 1070 1168 propriis
1086 1127 1131 1157 sui
1147 1131 1239 1157 status

498 1181 526 1207 et
549 1178 705 1207 ministerii
727 1177 762 1207 ad
784 1178 1003 1207 communitatis
1026 1176 1177 1206 servitium
1195 1185 1239 1206 re-

499 1230 545 1256 cte
567 1235 626 1256 non
649 1226 793 1256 didicerit.
818 1226 876 1256 Nec
900 1226 936 1256 ad
959 1226 1075 1256 tertiam
1097 1224 1240 1264 approba-

498 1275 609 1305 tionem
645 1276 840 1306 choristarum
878 1275 1072 1306 communitas
1111 1283 1238 1314 unquam

499 1325 647 1364 procedat,
671 1324 741 1364 quin
765 1325 847 1363 prius
870 1324 997 1354 novitius
1026 1323 1115 1354 fuerit
1137 1333 1240 1363 appro-

499 1373 584 1404 batus
619 1383 633 1403 a
658 1373 793 1402 ministro
811 1397 818 1411 ,
842 1373 952 1402 vicario
970 1397 977 1411 ‚
1001 1373 1179 1402 consiliariis
1211 1377 1239 1402 et

499 1423 640 1461 magistro
672 1422 707 1452 (le
742 1422 945 1459 sufficientia,
980 1421 1074 1461 quoad
1108 1421 1239 1452 rubricas

500 1472 626 1502 missalis
660 1476 688 1501 et
719 1471 876 1506 breviarii,
901 1475 929 1501 et
962 1471 1177 1501 caeremoniale
1211 1475 1238 1501 et

499 1521 633 1550 manuale
655 1524 800 1550 nostrum.
825 1520 924 1550 Patres
953 1520 1087 1550 minister
1120 1523 1148 1550 et
1180 1529 1239 1549 ma-

498 1570 588 1609 gister
611 1569 788 1599 novitiorum
810 1574 878 1599 ante
901 1569 1025 1608 primam
1049 1568 1239 1608 approbatio-

498 1628 565 1648 nem
589 1622 710 1657 possunt
733 1618 881 1648 dimittere
904 1617 1065 1657 quemlibet
1082 1618 1237 1654 novitium,

499 1667 523 1698 si
537 1677 602 1698 eum
616 1667 747 1697 iudicent
760 1667 895 1706 religioni
908 1667 1027 1697 noxium
1042 1667 1085 1696 vel
1098 1667 1237 1706 ineptum.

539 1725 569 1746 u.
594 1716 661 1746 Post
695 1720 832 1755 quartum
868 1724 996 1745 mensem
1031 1724 1045 1745 a
1073 1715 1239 1755 receptione

499 1765 627 1802 habitus,
646 1768 847 1804 proponantur
870 1765 966 1803 prima
990 1764 1052 1794 vice
1073 1764 1176 1794 novitii
1198 1765 1239 1795 (li-

499 1819 546 1845 cto
570 1814 709 1853 capitulo,
733 1813 863 1844 secunda
886 1818 950 1853 post
971 1814 1130 1852 octavum²‚
1155 1814 1240 1844 tertia

500 1866 564 1903 post
586 1862 731 1893 decimum
756 1871 897 1892 mensem.
922 1861 958 1892 Ut
976 1862 1105 1892 novitius
1120 1871 1241 1892 censea-

500 1916 547 1942 tur
569 1911 758 1951 approbatus,
781 1910 867 1941 debet
889 1910 997 1940 habere
1020 1911 1160 1941 maiorem
1178 1921 1241 1950 par-

500 1966 555 1991 tem
579 1960 784 1999 suffragiorum
808 1964 986 1990 secretorum
1020 1960 1140 2000 capituli
1173 1970 1242 1991 con-

499 2010 663 2046 ventualis3
688 2009 763 2049 quod
787 2008 810 2039 si
833 2018 865 2039 ea
888 2019 947 2039 non
970 2009 1118 2048 habuerit,
1142 2010 1241 2040 statim

501 2058 604 2089 habitu
627 2058 782 2098 spolietur,
807 2062 836 2088 et
858 2058 987 2088 modeste
1009 2058 1183 2089 dimittatur.
1204 2058 1241 2088 At

499 2108 556 2138 iam
580 2107 758 2147 approbatus
780 2117 795 2137 a
818 2107 958 2147 capitulo,
982 2107 1085 2137 habitu
1102 2117 1158 2137 non
1176 2117 1243 2147 spo-

500 2158 600 2196 lietur,
624 2157 680 2187 nisi
704 2157 738 2187 de
761 2166 906 2187 consensu
922 2157 1015 2197 ipsius
1032 2157 1154 2197 capituli
1173 2167 1242 2188 con-

500 2205 657 2242 ventualis,
682 2206 726 2235 vel
742 2206 844 2235 saltem
861 2205 1114 2236 consentientibus
1131 2210 1159 2236 et
1173 2215 1242 2236 con-

500 2254 686 2285 venientibus
701 2254 835 2283 ministro
848 2258 876 2284 et
892 2254 1030 2293 magistro
1047 2258 1075 2285 et
1091 2255 1241 2294 superiore

499 2303 628 2342 generali
652 2303 696 2332 vel
714 2302 896 2342 provinciali.
914 2302 995 2339 Quod
1011 2303 1034 2332 si
1050 2303 1084 2332 ad
1101 2307 1239 2333 neutrum

499 2362 533 2383 ex
557 2353 602 2382 his
624 2351 736 2382 duobus
759 2351 853 2381 facilis
875 2351 947 2388 sit³,
972 2360 1074 2381 rursus
1108 2352 1241 2391 suppleat

499 2402 578 2431 illius
601 2401 745 2431 desectum
769 2409 929 2430 consensus
948 2400 1073 2430 duorum
1090 2401 1240 2439 religioso-

500 2460 566 2481 rum
588 2450 645 2480 iam
668 2454 750 2479 antea
774 2449 809 2479 ad
832 2449 910 2479 huuc
932 2450 1067 2480 effectum
1089 2449 1242 2489 deputato-

500 2509 565 2531 rum
588 2509 603 2529 a
628 2498 811 2539 provinciali.

537 2563 548 2589 1
572 2561 643 2589 Edit.
664 2561 744 2588 Main.
766 2560 831 2595 legit
849 2568 882 2588 ne
901 2563 940 2594 (R.
958 2560 1006 2595 T.).

534 2607 551 2633 2
572 2606 640 2633 Edit.
665 2606 744 2633 Main.
766 2605 831 2641 legit
851 2608 979 2633 octavam
1000 2606 1039 2637 (n.
1055 2606 1105 2638 T.).

535 2651 551 2678 3
572 2650 683 2678 Videtur
702 2651 799 2679 deesse
818 2651 865 2679 via
885 2651 928 2678 vel
948 2658 1076 2679 accessus
1096 2650 1132 2688 (R.
1147 2650 1197 2686 ¹12).

1082 248 1264 274 nULLARIUM
1289 247 1399 273 ROMAN
1406 249 1447 273 ΗΜ

2207 124 2208 129 ⁴
2202 0 2232 113 ⁴⁴¹*ss

2033 251 2080 277 An.
2101 251 2128 280 C.
2145 254 2209 283 ¹738,

1326 306 1367 327 111.
1392 296 1553 328 Oneramus
1576 298 1771 328 conscientias
1789 298 2024 328 conventualium

1283 346 1498 385 cuiuscumque
1533 346 1713 385 novitiatus,
1738 351 1768 376 ut
1790 347 1818 376 in
1842 346 2025 386 approbatio-

1283 395 1372 424 nibus
1406 395 1583 425 uovitiorum
1617 396 1731 434 (utpote
1764 404 1830 424 cum
1862 396 1898 424 sit
1928 395 2024 434 magni

1284 443 1422 484 ponderis
1445 444 1505 483 res)
1528 444 1669 482 singulari
1693 444 1850 483 prudentia
1866 448 1894 474 et
1910 444 2027 482 religlo-

1284 493 1331 522 nis
1354 493 1416 522 zelo
1438 502 1469 522 se
1488 498 1612 530 gerant,
1637 493 1752 523 seclusa
1774 493 1853 523 omni
1875 493 2026 523 affectione

1285 545 1312 571 ct
1337 541 1465 571 humano
1487 546 1634 580 respectu.

1321 599 1359 620 iv.
1377 590 1454 619 Bona
1471 590 1624 620 actualiter
1640 591 1831 627 novitiorum,
1848 590 1933 620 etiam
1951 590 2024 630 ipsis

1284 639 1538 669 consentientibus
1553 663 1560 677 ,
1584 639 1672 668 immo
1695 644 1722 669 et
1749 639 1938 679 petentibus3
1965 649 2024 669 non

1282 688 1497 718 distribuantur
1516 688 1610 718 adhuc
1625 689 1701 718 inter
1717 698 1872 728 pauperes,
1890 698 1943 718 nec
1966 689 2023 719 alio

1284 737 1368 766 modo
1391 741 1610 766 consumantur.
1635 737 1669 767 Et
1691 738 1850 776 praelatuS,
1871 737 1921 776 qui
1937 737 2024 767 aliter

1284 786 1347 815 fieri
1382 785 1567 824 permiserit,
1594 787 1686 825 poena
1719 786 1822 825 culpae
1850 785 1948 824 gravis
1971 795 2023 825 per

1284 838 1342 864 tres
1364 834 1425 864 dies
1449 833 1597 873 puniatur.

1460 915 1607 938 REGULAE
1629 915 1728 939 CAPUT
1752 914 1842 938 XLIII.

1323 969 1357 987 Ad
1372 969 1544 992 professionem
1559 973 1615 987 vero
1630 969 1712 991 anquts
1727 973 1773 987 non
1788 969 1922 991 recipiatur,
1938 969 1986 988 eto.

1283 1021 1379 1051 CAPUT
1402 1020 1498 1050 XLIII.
1517 1037 1556 1042 —
1584 1019 1623 1049 De
1643 1020 1813 1059 professione
1835 1020 2002 1049 novitiorum
2016 1043 2024 1058 ,

1323 1079 1354 1099 ac
1375 1070 1406 1098 de
1427 1070 1588 1108 repetitione
1610 1069 1689 1098 iltius
1706 1079 1760 1106 per
1778 1070 1925 1108 professos,
1943 1072 1968 1098 et
1982 1078 2026 1098 eo-

1322 1127 1385 1147 rum
1407 1118 1529 1147 domibus
1551 1127 1583 1146 ac
1605 1117 1690 1147 bonis.

1323 1188 1342 1209 1.
1367 1179 1487 1209 Peracto
1510 1179 1625 1217 integro
1648 1178 1830 1218 probationis
1854 1188 1951 1218 anno,
1974 1188 2026 1209 no·
2105 1196 2147 1223 5³-

2049 1221 2078 1244 De
2087 1222 2205 1249 professione

1284 1228 1375 1258 vitius
1409 1237 1476 1258 cum
1509 1228 1630 1258 licentia
1653 1229 1744 1268 patris
1767 1228 1955 1268 provincialis
1977 1228 2169 1276 ³d·n0v1·uorum‚
2189 1253 2215 1272 π,

1285 1277 1418 1307 mittatur
1441 1277 1475 1306 ad
1500 1277 1723 1316 professionem,
1741 1287 1827 1317 quam
1843 1277 1930 1307 saciat
1945 1277 2025 1308 iuxta
2036 1276 2215 1330 iliiuswssi’iuss'ffl'

1283 1325 1415 1363 regulam
1439 1330 1467 1355 et
1489 1325 1713 1355 constitutiones
1730 1330 1848 1356 nostrae
1864 1335 1965 1356 sacrae
1980 1335 2026 1356 re·
2036 1329 2109 1351 fessos.

1283 1373 1400 1412 ligionis
1422 1373 1602 1403 inmanibus
1620 1374 1753 1412 praelati,
1771 1374 1816 1404 vel
1832 1375 1868 1404 ad
1882 1374 1979 1405 minus
1995 1374 2026 1404 in

1285 1423 1450 1462 praesentia
1474 1423 1547 1460 eius,
1572 1427 1671 1453 tenore
1694 1424 1850 1463 sequenti:

1322 1481 1422 1502 remim
1446 1481 1665 1503 PROFESSIONlS.
1689 1473 1746 1512 Ego
1767 1475 1857 1513 frater
1879 1473 1913 1504 N.
1936 1474 1968 1503 de
1988 1473 2024 1505 Na

1282 1522 1354 1560 facio
1376 1532 1462 1551 meam
1482 1523 1693 1561 professionem,
1716 1527 1742 1552 et
1757 1524 1887 1562 promitto
1902 1523 2028 1553 obedien-

1282 1572 1347 1600 tiam
1367 1595 1374 1609 ,
1397 1571 1549 1601 castitatem
1581 1575 1605 1600 et
1634 1576 1828 1611 paupertatem
1850 1571 1886 1602 B.
1914 1571 2028 1611 Virgini

1282 1619 1412 1657 Mariae,
1431 1622 1457 1648 et
1477 1620 1580 1649 sanctis
1599 1620 1727 1658 patribus
1748 1621 1849 1650 nostris
1871 1620 1971 1650 Ioanni
1999 1625 2026 1650 et

1283 1668 1381 1705 Felici,
1401 1678 1503 1697 necnon
1525 1672 1549 1697 et
1571 1673 1662 1698 nostro
1684 1669 1831 1698 reverendo
1846 1671 1924 1708 patri
1938 1668 2027 1708 fratri

1283 1717 1317 1747 N.
1342 1717 1374 1746 de
1396 1717 1431 1748 N.
1456 1718 1582 1746 ministro
1602 1717 1735 1755 yenerati,
1759 1718 1878 1757 aliisque
1899 1719 1967 1748 meis
1980 1728 2026 1748 su-

1281 1765 1438 1805 perioribus
1461 1764 1576 1795 Ordinis
1598 1765 1830 1795 Discatceatorum
1852 1766 1905 1797 SS.
1931 1767 2022 1797 Trini-

1284 1815 1346 1844 tatis
1369 1814 1574 1853 Redemptionis
1598 1813 1786 1854 Captivorum,
1804 1825 1951 1855 eorumque
1965 1825 2027 1846 suc-

1284 1863 1445 1900 cessoribus,
1462 1863 1611 1892 secundum
1625 1863 1748 1902 requiam
1769 1865 1945 1903 primitivam
1960 1865 2027 1896 dicti

1285 1911 1400 1942 Ordinis
1430 1923 1445 1941 α
1478 1912 1571 1951 felicis
1592 1913 1789 1942 recordationis
1820 1913 1927 1943 domino
1949 1913 2027 1953 Papa

1288 1960 1396 1990 Urbano
1433 1959 1499 1990 wll
1529 1961 1564 1989 nd
1592 1962 1786 1999 perfectiorem
1807 1963 1926 2000 formam
1947 1963 2027 1992 reda-

1284 2014 1364 2047 ctam,
1386 2014 1412 2039 et
1433 2010 1581 2039 secundum
1602 2011 1808 2040 constitutiones
1830 2011 1951 2041 eiusdem
1975 2010 2027 2042 Or-

1284 2059 1366 2093 dinis,
1390 2059 1448 2087 sine
1469 2058 1648 2096 mitigatione,
1672 2068 1757 2097 usque
1779 2059 1813 2088 ad
1835 2064 1958 2089 mortem.

1324 2117 1354 2138 ιι.
1372 2107 1516 2138 Continuo
1533 2107 1671 2138 destinati
1693 2107 1728 2137 ad
1750 2108 1872 2138 chorum
1889 2109 2026 2140 eminant

1285 2161 1420 2195 quartum
1455 2160 1555 2186 votum
1578 2165 1635 2186 non
1658 2156 1805 2187 ambiendi
1828 2157 1907 2187 iuxta
1931 2159 2026 2188 Breve

1284 2205 1379 2235 felicis
1401 2204 1614 2234 recordationis
1637 2204 1720 2234 Pauli
1742 2205 1836 2244 Papae
1858 2205 1881 2235 V
1903 2206 2024 2245 expedi-

1285 2258 1344 2284 tum
1367 2254 1414 2284 die
1446 2264 1466 2282 x
1497 2253 1637 2283 februarii
1659 2262 1758 2288 amcx,
1782 2254 1927 2293 incipiens
1951 2254 2026 2290 Quae

1280 2304 1327 2342 pie
1362 2312 1393 2332 ac
1428 2307 1519 2333 sancte
1532 2314 1543 2337 ,·
1580 2302 1712 2342 illudque
1747 2303 1857 2334 saciant
1892 2304 2025 2344 sequenti

1284 2352 1392 2382 forma:

1324 2401 1483 2431 Praeterea¹
1504 2402 1644 2441 promitto,
1661 2411 1714 2440 me,
1733 2402 1835 2431 directe
1856 2402 1897 2432 vel
1919 2402 2023 2433 indire-

1284 2455 1332 2485 cte,
1344 2461 1396 2490 per
1411 2460 1453 2480 me
1468 2454 1515 2480 aut
1527 2460 1579 2489 per
1591 2450 1670 2489 altos,
1685 2452 1760 2480 intra
1776 2455 1894 2480 nostram
1908 2451 2025 2490 Conyre-

1282 2502 1428 2538 yationem,
1450 2499 1650 2538 praelationem
1672 2499 1812 2538 aliquam,
1836 2503 1883 2529 aut
1903 2500 2024 2539 officium

1283 2559 1334 2589 per
1355 2549 1560 2579 constitutiones
1578 2549 1725 2588 praetendi
1744 2549 1930 2588 prohibitum,
1953 2548 2024 2579 mihi

1322 2652 1331 2678 1
1356 2650 1423 2678 Male
1442 2649 1507 2680 edit.
1527 2649 1610 2679 Main.
1629 2649 1696 2687 legit
1712 2653 1867 2687 propterea
1886 2650 1926 2687 (R.
1946 2649 1997 2686 τ.).
