2232 3178
30 225 89 252 -Am
107 223 138 250 C.
156 223 221 250 1737

231 273 296 315 plo,
324 272 475 315 precibus
502 274 584 306 adsit
609 278 639 307 et
664 274 857 317 patrocinio,
883 281 914 308 et
939 275 972 307 in

232 330 377 368 tempore
404 325 592 360 iracundiae
619 326 673 360 fiat
697 327 933 361 reconciliatio.

81 391 145 411 utrm
174 390 218 410 tmi-
273 378 287 421 g
312 377 366 412 48.
394 378 569 420 Ceterum,
595 380 673 424 quia
705 380 800 413 nimis
838 380 971 413 difficile

38 418 312 466 222255'255323'21'3'5soret
337 441 529 477 praesentes
555 441 681 468 nostras
708 435 887 477 originales
921 435 972 468 lit-

230 492 315 519 teras
341 487 380 519 ad
406 487 534 530 singula
559 489 648 529 loca,
673 489 729 521 ubi
755 499 836 532 opus
862 493 970 528 esset,

229 539 367 580 deferri,
394 541 553 581 volumus,
579 548 613 574 ut
645 552 756 574 earum
790 541 968 585 exemplis,

228 591 323 624 etiam
351 592 539 635 impressis,
565 605 660 627 manu
695 594 817 637 publici
850 593 969 626 notarii

226 645 417 688 subscriptis
444 652 475 679 et
505 647 614 690 sigillo
645 648 783 680 alicuius
808 657 970 691 personae

227 698 259 731 in
274 698 432 741 dignitate
448 700 669 734 ecclesiastica
687 701 886 734 constitutae
904 711 970 733 mu-

227 752 315 792 nius,
332 753 456 793 eadem,
477 765 559 797 quae
578 754 657 798 ipsis
677 754 917 798 praesentibus,
933 754 969 787 fi-

227 804 282 837 des
307 805 429 850 ubique
454 807 662 841 adhibeatur.

271 859 285 902 ἓ
310 859 365 892 49.
393 859 477 894 Nulli
497 871 576 904 ergo
594 861 727 894 omnino
747 861 915 895 hominum
935 861 967 894 li-

227 918 299 945 ceat
324 913 408 947 hanc
434 915 584 957 paginam
609 920 799 948 nostrorum
825 914 965 954 decreti,

227 966 470 1010 adscriptionis,
493 968 648 1008 mandati,
674 968 808 1007 statuti,
834 978 967 1001 conces-

225 1019 343 1060 sionis,
370 1020 575 1063 elargitionis
600 1027 632 1055 et
655 1022 831 1055 voluntatis
856 1021 968 1053 infrin-

224 1083 318 1115 gere,
346 1075 396 1107 vel
423 1074 451 1107 ei
478 1085 555 1108 ausu
584 1075 757 1108 temerario
783 1074 965 1115 contraire3

224 1126 248 1158 si
275 1127 347 1170 quis
372 1133 478 1160 autem
512 1129 574 1161 hoc
604 1134 764 1162 attentare
796 1139 967 1172 praesuin-

223 1181 343 1222 pserit,
370 1180 630 1224 indignationem
657 1181 891 1225 omnipotentis
911 1181 966 1214 Dei

223 1242 260 1264 ac
284 1233 456 1266 beatorum
476 1234 559 1267 Petri
587 1240 618 1267 et
640 1234 728 1267 Pauli
747 1234 967 1278 apostolorum

223 1284 293 1318 eius
318 1296 353 1319 se
378 1286 508 1319 noverit
525 1287 742 1320 incrusurum.

266 1339 379 1372 Datum
404 1340 528 1374 Rornae
545 1367 552 1380 ‚
577 1341 664 1384 apud
697 1340 727 1374 S.
753 1339 909 1373 loannem
934 1339 967 1372 in

222 1391 390 1433 Laterano,
416 1404 502 1426 anno
527 1393 763 1426 Incarnationis
783 1393 967 1426 dominicae

221 1455 428 1488 mccxxxvtt,
455 1457 508 1481 xvi
535 1447 690 1481 kalendas
716 1446 810 1488 iulii,
838 1445 968 1490 pontiti-

221 1504 311 1533 catus
336 1501 441 1534 nostri
467 1511 553 1534 anno
581 1511 638 1534 vn.

256 1560 316 1588 Dat.
333 1562 379 1589 die
401 1563 433 1590 16
453 1562 521 1589 iunii
544 1562 628 1597 1737,
651 1562 750 1598 pontif.
772 1569 844 1589 anno
864 1568 914 1589 vu.

60 868 147 898 suncti«)
165 873 217 894 pne-

0 920 1 926 *
34 897 95 916 natis.

404 1650 453 1701 ᾖ
480 1651 568 1688 EGO
597 1651 805 1688 CLEMENS

283 1719 491 1744 CATHOLICAE
517 1719 692 1744 ECCLESIAE
720 1719 900 1743 EPISCOPUS.

342 2016 372 2071 f
406 2013 524 2077 sifus
566 2025 618 2126 ᾗ
656 2010 798 2074 εᾰῗυεἸ

522 2070 579 2122 ss
645 2067 800 2101 pilutus

218 2572 235 2610 †
258 2570 314 2610 Ego
338 2571 513 2604 Franciscus
536 2574 691 2616 episcopus
709 2576 852 2608 Ostiensis
869 2579 962 2609 cardi-

299 2621 405 2652 dinalis
430 2621 619 2654 Barberinus.
640 2659 643 2661 ,

853 225 996 250 CLEMENS
1021 226 1067 250 xtt
1091 227 1140 250 PP.

1013 277 1032 311 †
1057 275 1115 314 Ego
1138 275 1240 305 Petrus
1269 276 1424 316 episcopus
1459 276 1635 306 Portuensis
1669 277 1763 307 cardi-

1094 324 1169 354 nalis
1192 323 1366 355 Ottobonus.

1013 375 1031 409 †
1054 374 1112 412 Ego
1134 374 1259 403 Thomas
1282 375 1436 415 episcopus
1458 375 1668 406 Praenestinus
1699 385 1763 406 car-

1094 422 1202 452 dinalis
1224 423 1338 453 Russus.

1013 483 1031 507 T

1013 522 1032 557 †
1054 520 1113 559 Ego
1136 521 1299 553 Ludovicus
1322 522 1476 562 episcopus
1499 522 1676 553 Albanensis
1698 532 1762 553 car-

1093 569 1201 600 dinalis
1225 571 1324 601 Picus.

1012 621 1030 655 ἦ·
1052 618 1112 657 Ego
1136 619 1240 649 Petrus
1263 620 1418 660 episcopus
1446 621 1632 652 Tusculanus
1665 622 1760 652 cardi-

1095 667 1170 697 nalis
1193 668 1380 698 Corradinus.

1013 717 1030 753 †
1055 716 1111 754 Ego
1128 716 1253 746 Ioannes
1275 717 1422 747 Antonius
1456 718 1533 749 tituli
1557 720 1586 748 S.
1610 719 1761 750 Laurentii

1093 765 1123 795 in
1147 766 1258 796 Lucina
1280 767 1438 797 cardinalis
1460 768 1495 797 de
1518 767 1582 797 via.

1012 816 1030 852 η’·
1053 816 1115 854 Ego
1139 815 1284 845 Antonius
1313 815 1394 845 Felix
1417 818 1446 846 S.
1473 817 1615 847 Praxedis
1639 817 1762 856 presby-

1093 869 1136 895 ter
1159 864 1320 894 cardiualis
1345 864 1519 895 Zondadari.

1009 914 1030 1344 -t--t-t-i-t-t--i--t--t-

1016 1358 1022 1367 ⁷
1050 1356 1108 1395 Ego
1138 1355 1280 1394 Georgius
1303 1355 1381 1386 tituli
1408 1355 1436 1387 S.
1461 1356 1568 1387 Mariae
1601 1357 1630 1387 in
1653 1356 1759 1389 Trans-

1091 1405 1216 1445 tyberim
1239 1405 1398 1436 cardinalis
1419 1406 1550 1446 Spinula.

1010 1367 1027 1394 -1

1050 1503 1108 1542 Ego
1130 1503 1294 1535 Ludovicus
1315 1504 1390 1535 tituli
1413 1505 1442 1535 S.
1461 1504 1577 1535 Priscae
1600 1505 1757 1536 cardinalis

1090 1552 1221 1592 Belluga.

1009 1602 1028 1688 -i-t-
1009 1455 1027 1541 -i--t-

1052 1651 1110 1690 Ego
1134 1652 1260 1682 Alvarus
1283 1651 1360 1681 tituli
1383 1651 1411 1681 S.
1431 1652 1645 1682 Bartholomaei
1665 1652 1693 1682 in
1710 1652 1755 1683 ln-

1090 1700 1154 1730 sulst
1170 1700 1328 1730 cardinalis
1344 1700 1527 1739 Cienfuegos⁸

1009 1751 1026 1783 †
1049 1749 1107 1787 Ego
1130 1748 1151 1779 l.
1172 1749 1204 1779 B.
1229 1749 1307 1779 tituli
1329 1749 1358 1779 S.
1384 1749 1519 1779 Matthaei
1543 1750 1571 1779 in
1601 1750 1753 1782 merulana

1090 1797 1249 1828 cardinalis
1272 1798 1307 1827 de
1329 1797 1460 1828 Alteriis.

1009 1849 1025 1883 †
1049 1847 1106 1885 Ego
1130 1846 1302 1877 Vincentius
1320 1847 1397 1877 tituli
1419 1846 1447 1877 S.
1473 1847 1551 1878 Petri
1574 1848 1609 1878 ad
1632 1848 1753 1879 Vincula

1090 1895 1240 1935 presbyter
1263 1895 1420 1926 cardinalis
1444 1895 1539 1933 Petra,
1571 1897 1663 1927 maior
1687 1907 1753 1936 poe-

1090 1944 1288 1975 nitentiarius.

1008 1996 1024 2031 †

1007 2045 1025 2079 1-

1007 2094 1025 2129 ,ῦ-

1006 2142 1024 2177 †
1048 2139 1106 2178 Ego
1129 2140 1266 2170 Nicolaus
1290 2140 1377 2171 Maria
1408 2141 1486 2172 tituli
1515 2142 1560 2173 Ss.
1585 2142 1701 2173 loannis
1724 2148 1750 2174 et

1089 2189 1170 2219 Pauli
1194 2189 1352 2219 cardinatis
1375 2189 1503 2220 Lercari.

1006 2240 1023 2273 †

1006 2289 1023 2324 †
1048 2289 1108 2326 Ego
1133 2288 1306 2319 Franciscus
1330 2290 1476 2320 Antonius
1510 2290 1588 2320 tituli
1619 2292 1648 2320 S.
1674 2291 1750 2321 Sixti

1086 2337 1240 2377 presbyter
1263 2339 1419 2369 cardinalis
1442 2339 1542 2369 Finus.

1006 2388 1023 2423 †

1004 2437 1022 2520 ξ

1005 2531 1104 2570 †Eg0
1142 2533 1230 2562 frater
1264 2533 1434 2563 Vincentius
1472 2534 1636 2565 Ludovicus
1669 2536 1746 2566 tituli

1085 2581 1114 2610 S.
1138 2581 1284 2612 Pancratii
1313 2582 1465 2622 presbyter
1487 2584 1644 2615 cardinatis
1668 2585 1746 2616 Gotti

1085 2628 1203 2661 Ordinis
1227 2630 1478 2662 medicatorum.

1656 219 1727 252 ⁶245
1775 229 1821 254 An.
1845 229 1872 255 c.
1892 228 1957 257 ¹737
