<?xml version="1.0" encoding="UTF-8"?>
<!DOCTYPE html PUBLIC "-//W3C//DTD XHTML 1.0 Transitional//EN"
    "http://www.w3.org/TR/xhtml1/DTD/xhtml1-transitional.dtd">
<html xmlns="http://www.w3.org/1999/xhtml" xml:lang="en" lang="en">
 <head>
  <title>
</title>
<meta http-equiv="Content-Type" content="text/html;charset=utf-8" />
  <meta name='ocr-system' content='tesseract 3.04.00' />
  <meta name='ocr-capabilities' content='ocr_page ocr_carea ocr_par ocr_line ocrx_word'/>
</head>
<body>
  <div class='ocr_page' id='page_1' title='image "./bullarumdiplomat24cath_0603.png"; bbox 0 0 2232 3178; ppageno 0'>
   <div class='ocr_carea' id='block_1_1' title="bbox 0 1215 5 1322">
    <p class='ocr_par' dir='ltr' id='par_1_1' title="bbox 0 1215 5 1322">
     <span class='ocr_line' id='line_1_1' title="bbox 0 1215 5 1322; baseline 0 0"><span class='ocrx_word' id='word_1_1' title='bbox 0 1215 5 1322; x_wconf 70' lang='lat' dir='ltr'>t</span> 
     </span>
    </p>
   </div>
   <div class='ocr_carea' id='block_1_2' title="bbox 7 866 29 2504">
    <p class='ocr_par' dir='ltr' id='par_1_2' title="bbox 7 866 31 2735">
     <span class='ocr_line' id='line_1_2' title="bbox 7 866 15 1256; baseline 0 0"><span class='ocrx_word' id='word_1_2' title='bbox 7 866 15 1256; x_wconf 68' lang='lat' dir='ltr'>i</span> 
     </span>
     <span class='ocr_line' id='line_1_3' title="bbox 21 2112 26 2307; baseline 0 7"><span class='ocrx_word' id='word_1_3' title='bbox 21 2112 26 2307; x_wconf 73' lang='lat' dir='ltr'>i</span> 
     </span>
     <span class='ocr_line' id='line_1_4' title="bbox 23 2341 29 2504; baseline 0 224"><span class='ocrx_word' id='word_1_4' title='bbox 23 2341 29 2504; x_wconf 37' lang='lat' dir='ltr'>t</span> 
     </span>
    </p>
   </div>
   <div class='ocr_carea' id='block_1_3' title="bbox 42 199 220 230">
    <p class='ocr_par' dir='ltr' id='par_1_3' title="bbox 42 199 220 230">
     <span class='ocr_line' id='line_1_5' title="bbox 42 199 220 230; baseline -0.028 0"><span class='ocrx_word' id='word_1_5' title='bbox 42 203 89 230; x_wconf 77' lang='lat' dir='ltr'>An.</span> <span class='ocrx_word' id='word_1_6' title='bbox 103 201 132 228; x_wconf 86' lang='lat' dir='ltr'>C.</span> <span class='ocrx_word' id='word_1_7' title='bbox 155 199 220 226; x_wconf 82' lang='lat'>¹739</span> 
     </span>
    </p>
   </div>
   <div class='ocr_carea' id='block_1_4' title="bbox 60 262 218 289">
    <p class='ocr_par' dir='ltr' id='par_1_4' title="bbox 60 262 218 289">
     <span class='ocr_line' id='line_1_6' title="bbox 60 262 218 289; baseline -0.013 -6"><span class='ocrx_word' id='word_1_8' title='bbox 60 264 136 288; x_wconf 69' lang='lat' dir='ltr'>Sitque</span> <span class='ocrx_word' id='word_1_9' title='bbox 145 262 164 281; x_wconf 87' lang='lat' dir='ltr'>in</span> <span class='ocrx_word' id='word_1_10' title='bbox 173 266 218 289; x_wconf 53' lang='lat' dir='ltr'>pers</span> 
     </span>
    </p>
   </div>
   <div class='ocr_carea' id='block_1_5' title="bbox 43 292 218 339">
    <p class='ocr_par' dir='ltr' id='par_1_5' title="bbox 43 292 218 339">
     <span class='ocr_line' id='line_1_7' title="bbox 43 292 218 317; baseline -0.023 -7"><span class='ocrx_word' id='word_1_11' title='bbox 43 293 123 317; x_wconf 74' lang='lat' dir='ltr'>pelullln</span> <span class='ocrx_word' id='word_1_12' title='bbox 139 292 218 308; x_wconf 66' lang='lat' dir='ltr'>Servari</span> 
     </span>
     <span class='ocr_line' id='line_1_8' title="bbox 43 317 106 339; baseline -0.063 0"><span class='ocrx_word' id='word_1_13' title='bbox 43 317 106 339; x_wconf 77' lang='lat' dir='ltr'>iubet.</span> 
     </span>
    </p>
   </div>
   <div class='ocr_carea' id='block_1_6' title="bbox 45 1952 222 1978">
    <p class='ocr_par' dir='ltr' id='par_1_6' title="bbox 45 1952 222 1978">
     <span class='ocr_line' id='line_1_9' title="bbox 45 1952 222 1978; baseline 0 -5"><span class='ocrx_word' id='word_1_14' title='bbox 45 1952 222 1978; x_wconf 70' lang='lat' dir='ltr'>:ouibuscnmquo</span> 
     </span>
    </p>
   </div>
   <div class='ocr_carea' id='block_1_7' title="bbox 45 1984 57 2028">
    <p class='ocr_par' dir='ltr' id='par_1_7' title="bbox 45 1984 57 2028">
     <span class='ocr_line' id='line_1_10' title="bbox 45 1984 57 2000; baseline 0 0"><span class='ocrx_word' id='word_1_15' title='bbox 45 1984 57 2000; x_wconf 81' lang='lat' dir='ltr'>n</span> 
     </span>
     <span class='ocr_line' id='line_1_11' title="bbox 45 2005 57 2028; baseline 0 0"><span class='ocrx_word' id='word_1_16' title='bbox 45 2005 57 2028; x_wconf 77' lang='lat' dir='ltr'>b</span> 
     </span>
    </p>
   </div>
   <div class='ocr_carea' id='block_1_8' title="bbox 59 1980 222 2027">
    <p class='ocr_par' dir='ltr' id='par_1_8' title="bbox 59 1980 222 2027">
     <span class='ocr_line' id='line_1_12' title="bbox 59 1980 222 2001; baseline -0.006 -1"><span class='ocrx_word' id='word_1_17' title='bbox 59 1985 83 2000; x_wconf 83' lang='lat' dir='ltr'>on</span> <span class='ocrx_word' id='word_1_18' title='bbox 117 1980 222 2001; x_wconf 78' lang='lat' dir='ltr'>obstanti-</span> 
     </span>
     <span class='ocr_line' id='line_1_13' title="bbox 60 2011 89 2027; baseline 0 0"><span class='ocrx_word' id='word_1_19' title='bbox 60 2011 89 2027; x_wconf 75' lang='lat' dir='ltr'>us.</span> 
     </span>
    </p>
   </div>
   <div class='ocr_carea' id='block_1_9' title="bbox 860 193 1149 218">
    <p class='ocr_par' dir='ltr' id='par_1_9' title="bbox 860 193 1149 218">
     <span class='ocr_line' id='line_1_14' title="bbox 860 193 1149 218; baseline -0.007 0"><span class='ocrx_word' id='word_1_20' title='bbox 860 193 1002 218; x_wconf 75' lang='lat' dir='ltr'>CLEMENS</span> <span class='ocrx_word' id='word_1_21' title='bbox 1027 193 1073 217; x_wconf 83' lang='grc' dir='ltr'>ΧΠ</span> <span class='ocrx_word' id='word_1_22' title='bbox 1100 193 1149 217; x_wconf 82' lang='grc' dir='ltr'>ΡΡ.</span> 
     </span>
    </p>
   </div>
   <div class='ocr_carea' id='block_1_10' title="bbox 230 246 980 2626">
    <p class='ocr_par' dir='ltr' id='par_1_10' title="bbox 230 246 979 1932">
     <span class='ocr_line' id='line_1_15' title="bbox 273 246 975 290; baseline -0.004 -11"><span class='ocrx_word' id='word_1_23' title='bbox 273 248 287 290; x_wconf 62' lang='grc' dir='ltr'><strong>ἓ</strong></span> <span class='ocrx_word' id='word_1_24' title='bbox 312 247 343 279; x_wconf 78' lang='lat'>3.</span> <span class='ocrx_word' id='word_1_25' title='bbox 373 246 603 286; x_wconf 76' lang='lat' dir='ltr'>Decernentes,</span> <span class='ocrx_word' id='word_1_26' title='bbox 629 246 757 279; x_wconf 84' lang='lat' dir='ltr'>easdem</span> <span class='ocrx_word' id='word_1_27' title='bbox 786 246 975 288; x_wconf 78' lang='lat' dir='ltr'>praesentes</span> 
     </span>
     <span class='ocr_line' id='line_1_16' title="bbox 231 298 975 340; baseline -0.004 -8"><span class='ocrx_word' id='word_1_28' title='bbox 231 301 355 333; x_wconf 82' lang='lat' dir='ltr'>litteras</span> <span class='ocrx_word' id='word_1_29' title='bbox 382 299 505 340; x_wconf 80' lang='lat' dir='ltr'>firmas,</span> <span class='ocrx_word' id='word_1_30' title='bbox 531 300 653 333; x_wconf 88' lang='lat' dir='ltr'>validas</span> <span class='ocrx_word' id='word_1_31' title='bbox 679 305 710 333; x_wconf 86' lang='lat' dir='ltr'>et</span> <span class='ocrx_word' id='word_1_32' title='bbox 736 299 883 333; x_wconf 85' lang='lat' dir='ltr'>efficaces</span> <span class='ocrx_word' id='word_1_33' title='bbox 910 298 975 330; x_wconf 75' lang='lat' dir='ltr'>exi-</span> 
     </span>
     <span class='ocr_line' id='line_1_17' title="bbox 230 351 975 396; baseline -0.004 -11"><span class='ocrx_word' id='word_1_34' title='bbox 230 358 317 386; x_wconf 86' lang='lat' dir='ltr'>stere</span> <span class='ocrx_word' id='word_1_35' title='bbox 343 357 374 384; x_wconf 87' lang='lat' dir='ltr'>et</span> <span class='ocrx_word' id='word_1_36' title='bbox 400 352 482 392; x_wconf 85' lang='lat' dir='ltr'>fore,</span> <span class='ocrx_word' id='word_1_37' title='bbox 509 363 652 396; x_wconf 87' lang='lat' dir='ltr'>suosque</span> <span class='ocrx_word' id='word_1_38' title='bbox 678 352 843 396; x_wconf 83' lang='lat' dir='ltr'>plenarios</span> <span class='ocrx_word' id='word_1_39' title='bbox 868 356 900 384; x_wconf 90' lang='lat' dir='ltr'>et</span> <span class='ocrx_word' id='word_1_40' title='bbox 931 351 975 382; x_wconf 90' lang='lat' dir='ltr'>in-</span> 
     </span>
     <span class='ocr_line' id='line_1_18' title="bbox 231 404 974 448; baseline -0.005 -9"><span class='ocrx_word' id='word_1_41' title='bbox 231 411 342 448; x_wconf 84' lang='lat' dir='ltr'>tegros</span> <span class='ocrx_word' id='word_1_42' title='bbox 368 404 502 438; x_wconf 77' lang='lat' dir='ltr'>effectus</span> <span class='ocrx_word' id='word_1_43' title='bbox 536 405 644 438; x_wconf 83' lang='lat' dir='ltr'>sortiri</span> <span class='ocrx_word' id='word_1_44' title='bbox 674 411 705 438; x_wconf 91' lang='lat' dir='ltr'>et</span> <span class='ocrx_word' id='word_1_45' title='bbox 729 405 888 444; x_wconf 86' lang='lat' dir='ltr'>obtinere,</span> <span class='ocrx_word' id='word_1_46' title='bbox 915 413 974 435; x_wconf 83' lang='lat' dir='ltr'>nee</span> 
     </span>
     <span class='ocr_line' id='line_1_19' title="bbox 231 456 973 501; baseline -0.003 -11"><span class='ocrx_word' id='word_1_47' title='bbox 231 459 270 490; x_wconf 90' lang='lat' dir='ltr'>de</span> <span class='ocrx_word' id='word_1_48' title='bbox 295 457 520 500; x_wconf 73' lang='lat' dir='ltr'>subreptionis</span> <span class='ocrx_word' id='word_1_49' title='bbox 546 459 594 491; x_wconf 92' lang='lat' dir='ltr'>vel</span> <span class='ocrx_word' id='word_1_50' title='bbox 619 457 825 501; x_wconf 83' lang='lat' dir='ltr'>obreptionis</span> <span class='ocrx_word' id='word_1_51' title='bbox 855 461 911 489; x_wconf 83' lang='lat' dir='ltr'>aut</span> <span class='ocrx_word' id='word_1_52' title='bbox 935 456 973 488; x_wconf 85' lang='lat' dir='ltr'>de</span> 
     </span>
     <span class='ocr_line' id='line_1_20' title="bbox 231 510 973 550; baseline -0.003 -7"><span class='ocrx_word' id='word_1_53' title='bbox 231 510 388 543; x_wconf 83' lang='lat' dir='ltr'>nullitatis</span> <span class='ocrx_word' id='word_1_54' title='bbox 417 511 515 550; x_wconf 88' lang='lat' dir='ltr'>vitio,</span> <span class='ocrx_word' id='word_1_55' title='bbox 542 512 593 543; x_wconf 91' lang='lat' dir='ltr'>vel</span> <span class='ocrx_word' id='word_1_56' title='bbox 623 511 815 543; x_wconf 88' lang='lat' dir='ltr'>intentionis</span> <span class='ocrx_word' id='word_1_57' title='bbox 841 515 973 541; x_wconf 85' lang='lat' dir='ltr'>nostrae</span> 
     </span>
     <span class='ocr_line' id='line_1_21' title="bbox 231 562 975 606; baseline -0.004 -11"><span class='ocrx_word' id='word_1_58' title='bbox 231 562 332 596; x_wconf 85' lang='lat' dir='ltr'>aliove</span> <span class='ocrx_word' id='word_1_59' title='bbox 358 563 509 606; x_wconf 89' lang='lat' dir='ltr'>quolibet</span> <span class='ocrx_word' id='word_1_60' title='bbox 546 564 644 596; x_wconf 85' lang='lat' dir='ltr'>etiam</span> <span class='ocrx_word' id='word_1_61' title='bbox 682 562 809 596; x_wconf 84' lang='lat' dir='ltr'>formali</span> <span class='ocrx_word' id='word_1_62' title='bbox 844 567 874 594; x_wconf 86' lang='lat' dir='ltr'>et</span> <span class='ocrx_word' id='word_1_63' title='bbox 899 562 975 593; x_wconf 81' lang='lat' dir='ltr'>sul)-</span> 
     </span>
     <span class='ocr_line' id='line_1_22' title="bbox 231 614 976 658; baseline -0.001 -11"><span class='ocrx_word' id='word_1_64' title='bbox 231 615 375 648; x_wconf 84' lang='lat' dir='ltr'>stantiali</span> <span class='ocrx_word' id='word_1_65' title='bbox 402 615 531 648; x_wconf 87' lang='lat' dir='ltr'>defectu</span> <span class='ocrx_word' id='word_1_66' title='bbox 557 616 673 655; x_wconf 84' lang='lat' dir='ltr'>notari,</span> <span class='ocrx_word' id='word_1_67' title='bbox 701 614 899 658; x_wconf 82' lang='lat' dir='ltr'>impugnari,</span> <span class='ocrx_word' id='word_1_68' title='bbox 927 614 976 646; x_wconf 90' lang='lat' dir='ltr'>in-</span> 
     </span>
     <span class='ocr_line' id='line_1_23' title="bbox 232 667 976 710; baseline -0.001 -11"><span class='ocrx_word' id='word_1_69' title='bbox 232 667 339 710; x_wconf 80' lang='lat' dir='ltr'>fringi,</span> <span class='ocrx_word' id='word_1_70' title='bbox 364 667 553 707; x_wconf 86' lang='lat' dir='ltr'>retraetari,</span> <span class='ocrx_word' id='word_1_71' title='bbox 579 668 611 700; x_wconf 94' lang='lat' dir='ltr'>in</span> <span class='ocrx_word' id='word_1_72' title='bbox 648 667 899 700; x_wconf 86' lang='lat' dir='ltr'>controversiam</span> <span class='ocrx_word' id='word_1_73' title='bbox 926 676 976 698; x_wconf 89' lang='lat' dir='ltr'>vo-</span> 
     </span>
     <span class='ocr_line' id='line_1_24' title="bbox 231 719 975 764; baseline -0.003 -12"><span class='ocrx_word' id='word_1_74' title='bbox 231 720 305 761; x_wconf 88' lang='lat' dir='ltr'>cari,</span> <span class='ocrx_word' id='word_1_75' title='bbox 324 726 379 753; x_wconf 83' lang='lat' dir='ltr'>aut</span> <span class='ocrx_word' id='word_1_76' title='bbox 397 720 550 753; x_wconf 85' lang='lat' dir='ltr'>adversus</span> <span class='ocrx_word' id='word_1_77' title='bbox 578 721 667 754; x_wconf 75' lang='lat' dir='ltr'>illas*</span> <span class='ocrx_word' id='word_1_78' title='bbox 686 719 880 764; x_wconf 89' lang='lat' dir='ltr'>aperitionis</span> <span class='ocrx_word' id='word_1_79' title='bbox 899 719 975 757; x_wconf 85' lang='lat' dir='ltr'>oris,</span> 
     </span>
     <span class='ocr_line' id='line_1_25' title="bbox 230 772 977 816; baseline -0.001 -11"><span class='ocrx_word' id='word_1_80' title='bbox 230 773 447 807; x_wconf 73' lang='lat' dir='ltr'>restitutionis</span> <span class='ocrx_word' id='word_1_81' title='bbox 466 773 495 805; x_wconf 93' lang='lat' dir='ltr'>in</span> <span class='ocrx_word' id='word_1_82' title='bbox 513 773 685 815; x_wconf 84' lang='lat' dir='ltr'>integrum,</span> <span class='ocrx_word' id='word_1_83' title='bbox 705 773 860 816; x_wconf 80' lang='lat' dir='ltr'>aliudque</span> <span class='ocrx_word' id='word_1_84' title='bbox 878 772 977 815; x_wconf 83' lang='lat' dir='ltr'>quod-</span> 
     </span>
     <span class='ocr_line' id='line_1_26' title="bbox 231 824 975 871; baseline -0.003 -12"><span class='ocrx_word' id='word_1_85' title='bbox 231 837 369 871; x_wconf 87' lang='lat' dir='ltr'>cumque</span> <span class='ocrx_word' id='word_1_86' title='bbox 388 826 479 866; x_wconf 88' lang='lat' dir='ltr'>iuris,</span> <span class='ocrx_word' id='word_1_87' title='bbox 495 825 566 858; x_wconf 86' lang='lat' dir='ltr'>sacti</span> <span class='ocrx_word' id='word_1_88' title='bbox 585 827 633 858; x_wconf 88' lang='lat' dir='ltr'>vel</span> <span class='ocrx_word' id='word_1_89' title='bbox 656 826 778 868; x_wconf 82' lang='lat' dir='ltr'>gratiae</span> <span class='ocrx_word' id='word_1_90' title='bbox 797 824 975 858; x_wconf 87' lang='lat' dir='ltr'>remedium</span> 
     </span>
     <span class='ocr_line' id='line_1_27' title="bbox 230 878 977 921; baseline 0 -9"><span class='ocrx_word' id='word_1_91' title='bbox 230 880 395 921; x_wconf 89' lang='lat' dir='ltr'>intentari,</span> <span class='ocrx_word' id='word_1_92' title='bbox 422 890 479 913; x_wconf 90' lang='lat' dir='ltr'>seu</span> <span class='ocrx_word' id='word_1_93' title='bbox 518 880 613 913; x_wconf 87' lang='lat' dir='ltr'>etiam</span> <span class='ocrx_word' id='word_1_94' title='bbox 650 886 756 920; x_wconf 90' lang='lat' dir='ltr'>motu,</span> <span class='ocrx_word' id='word_1_95' title='bbox 783 878 920 913; x_wconf 76' lang='lat' dir='ltr'>seientia</span> <span class='ocrx_word' id='word_1_96' title='bbox 946 885 977 912; x_wconf 90' lang='lat' dir='ltr'>et</span> 
     </span>
     <span class='ocr_line' id='line_1_28' title="bbox 230 932 976 976; baseline -0.004 -9"><span class='ocrx_word' id='word_1_97' title='bbox 230 933 403 976; x_wconf 87' lang='lat' dir='ltr'>potestatis</span> <span class='ocrx_word' id='word_1_98' title='bbox 428 932 633 976; x_wconf 69' lang='lat' dir='ltr'>plenitudine</span> <span class='ocrx_word' id='word_1_99' title='bbox 658 932 792 976; x_wconf 84' lang='lat' dir='ltr'>paribus</span> <span class='ocrx_word' id='word_1_100' title='bbox 821 942 976 965; x_wconf 84' lang='lat' dir='ltr'>concesso</span> 
     </span>
     <span class='ocr_line' id='line_1_29' title="bbox 231 985 975 1030; baseline 0 -12"><span class='ocrx_word' id='word_1_101' title='bbox 231 987 280 1019; x_wconf 86' lang='lat' dir='ltr'>vel</span> <span class='ocrx_word' id='word_1_102' title='bbox 307 991 456 1019; x_wconf 84' lang='lat' dir='ltr'>emanato</span> <span class='ocrx_word' id='word_1_103' title='bbox 491 987 676 1030; x_wconf 80' lang='lat' dir='ltr'>quempiam</span> <span class='ocrx_word' id='word_1_104' title='bbox 714 986 744 1019; x_wconf 92' lang='lat' dir='ltr'>in</span> <span class='ocrx_word' id='word_1_105' title='bbox 782 985 900 1018; x_wconf 84' lang='lat' dir='ltr'>iudicio</span> <span class='ocrx_word' id='word_1_106' title='bbox 927 987 975 1018; x_wconf 88' lang='lat' dir='ltr'>vel</span> 
     </span>
     <span class='ocr_line' id='line_1_30' title="bbox 231 1039 975 1073; baseline -0.001 -1"><span class='ocrx_word' id='word_1_107' title='bbox 231 1045 322 1072; x_wconf 84' lang='lat' dir='ltr'>extra</span> <span class='ocrx_word' id='word_1_108' title='bbox 347 1040 427 1072; x_wconf 94' lang='lat' dir='ltr'>illud</span> <span class='ocrx_word' id='word_1_109' title='bbox 453 1040 498 1072; x_wconf 87' lang='lat' dir='ltr'>uti</span> <span class='ocrx_word' id='word_1_110' title='bbox 520 1050 577 1072; x_wconf 90' lang='lat' dir='ltr'>seu</span> <span class='ocrx_word' id='word_1_111' title='bbox 604 1050 637 1073; x_wconf 88' lang='lat' dir='ltr'>se</span> <span class='ocrx_word' id='word_1_112' title='bbox 663 1041 775 1073; x_wconf 87' lang='lat' dir='ltr'>iuvare</span> <span class='ocrx_word' id='word_1_113' title='bbox 794 1040 860 1072; x_wconf 93' lang='lat' dir='ltr'>ullo</span> <span class='ocrx_word' id='word_1_114' title='bbox 877 1039 975 1071; x_wconf 89' lang='lat' dir='ltr'>modo</span> 
     </span>
     <span class='ocr_line' id='line_1_31' title="bbox 230 1092 976 1136; baseline -0.001 -11"><span class='ocrx_word' id='word_1_115' title='bbox 230 1103 339 1136; x_wconf 89' lang='lat' dir='ltr'>posse,</span> <span class='ocrx_word' id='word_1_116' title='bbox 366 1092 421 1126; x_wconf 89' lang='lat' dir='ltr'>sed</span> <span class='ocrx_word' id='word_1_117' title='bbox 448 1092 533 1135; x_wconf 86' lang='lat' dir='ltr'>ipsas</span> <span class='ocrx_word' id='word_1_118' title='bbox 559 1098 751 1135; x_wconf 77' lang='lat' dir='ltr'>praesentes</span> <span class='ocrx_word' id='word_1_119' title='bbox 787 1093 912 1125; x_wconf 87' lang='lat' dir='ltr'>litteras</span> <span class='ocrx_word' id='word_1_120' title='bbox 937 1092 976 1124; x_wconf 84' lang='lat' dir='ltr'>ab</span> 
     </span>
     <span class='ocr_line' id='line_1_32' title="bbox 231 1145 976 1189; baseline 0 -11"><span class='ocrx_word' id='word_1_121' title='bbox 231 1146 308 1186; x_wconf 87' lang='lat' dir='ltr'>illis,</span> <span class='ocrx_word' id='word_1_122' title='bbox 333 1146 373 1179; x_wconf 86' lang='lat' dir='ltr'>ad</span> <span class='ocrx_word' id='word_1_123' title='bbox 410 1156 490 1188; x_wconf 90' lang='lat' dir='ltr'>quos</span> <span class='ocrx_word' id='word_1_124' title='bbox 527 1151 652 1189; x_wconf 81' lang='lat' dir='ltr'>spectat</span> <span class='ocrx_word' id='word_1_125' title='bbox 688 1153 719 1179; x_wconf 87' lang='lat' dir='ltr'>et</span> <span class='ocrx_word' id='word_1_126' title='bbox 752 1145 913 1189; x_wconf 76' lang='lat' dir='ltr'>spectabit</span> <span class='ocrx_word' id='word_1_127' title='bbox 943 1145 976 1178; x_wconf 90' lang='lat' dir='ltr'>in</span> 
     </span>
     <span class='ocr_line' id='line_1_33' title="bbox 233 1199 976 1242; baseline 0.001 -11"><span class='ocrx_word' id='word_1_128' title='bbox 233 1199 386 1239; x_wconf 82' lang='lat' dir='ltr'>futurum,</span> <span class='ocrx_word' id='word_1_129' title='bbox 407 1199 642 1232; x_wconf 86' lang='lat' dir='ltr'>inviolabiliter</span> <span class='ocrx_word' id='word_1_130' title='bbox 666 1199 845 1239; x_wconf 89' lang='lat' dir='ltr'>observari,</span> <span class='ocrx_word' id='word_1_131' title='bbox 865 1199 976 1242; x_wconf 84' lang='lat' dir='ltr'>sicque</span> 
     </span>
     <span class='ocr_line' id='line_1_34' title="bbox 233 1251 975 1295; baseline 0 -11"><span class='ocrx_word' id='word_1_132' title='bbox 233 1257 265 1285; x_wconf 90' lang='lat' dir='ltr'>et</span> <span class='ocrx_word' id='word_1_133' title='bbox 289 1262 356 1284; x_wconf 91' lang='lat' dir='ltr'>non</span> <span class='ocrx_word' id='word_1_134' title='bbox 383 1251 477 1284; x_wconf 90' lang='lat' dir='ltr'>aliter</span> <span class='ocrx_word' id='word_1_135' title='bbox 504 1252 536 1284; x_wconf 92' lang='lat' dir='ltr'>in</span> <span class='ocrx_word' id='word_1_136' title='bbox 574 1252 763 1295; x_wconf 76' lang='lat' dir='ltr'>praemissis</span> <span class='ocrx_word' id='word_1_137' title='bbox 789 1262 849 1295; x_wconf 86' lang='lat' dir='ltr'>per</span> <span class='ocrx_word' id='word_1_138' title='bbox 880 1262 975 1294; x_wconf 89' lang='lat' dir='ltr'>quos-</span> 
     </span>
     <span class='ocr_line' id='line_1_35' title="bbox 233 1305 976 1348; baseline 0 -10"><span class='ocrx_word' id='word_1_139' title='bbox 233 1315 371 1348; x_wconf 81' lang='lat' dir='ltr'>cumque</span> <span class='ocrx_word' id='word_1_140' title='bbox 397 1305 523 1337; x_wconf 89' lang='lat' dir='ltr'>iudices</span> <span class='ocrx_word' id='word_1_141' title='bbox 548 1305 730 1338; x_wconf 88' lang='lat' dir='ltr'>ordinarios</span> <span class='ocrx_word' id='word_1_142' title='bbox 746 1311 778 1338; x_wconf 90' lang='lat' dir='ltr'>et</span> <span class='ocrx_word' id='word_1_143' title='bbox 795 1306 976 1348; x_wconf 81' lang='lat' dir='ltr'>delegatos,</span> 
     </span>
     <span class='ocr_line' id='line_1_36' title="bbox 233 1358 977 1402; baseline -0.001 -11"><span class='ocrx_word' id='word_1_144' title='bbox 233 1358 330 1392; x_wconf 86' lang='lat' dir='ltr'>etiam</span> <span class='ocrx_word' id='word_1_145' title='bbox 356 1368 523 1390; x_wconf 85' lang='lat' dir='ltr'>causarum</span> <span class='ocrx_word' id='word_1_146' title='bbox 549 1359 661 1401; x_wconf 87' lang='lat' dir='ltr'>palatii</span> <span class='ocrx_word' id='word_1_147' title='bbox 688 1359 859 1402; x_wconf 87' lang='lat' dir='ltr'>apostolici</span> <span class='ocrx_word' id='word_1_148' title='bbox 888 1358 977 1391; x_wconf 87' lang='lat' dir='ltr'>audi-</span> 
     </span>
     <span class='ocr_line' id='line_1_37' title="bbox 233 1411 977 1453; baseline -0.001 -7"><span class='ocrx_word' id='word_1_149' title='bbox 233 1418 330 1453; x_wconf 83' lang='lat' dir='ltr'>tores,</span> <span class='ocrx_word' id='word_1_150' title='bbox 357 1422 393 1444; x_wconf 90' lang='lat' dir='ltr'>ae</span> <span class='ocrx_word' id='word_1_151' title='bbox 418 1411 449 1444; x_wconf 91' lang='lat' dir='ltr'>S.</span> <span class='ocrx_word' id='word_1_152' title='bbox 470 1411 507 1444; x_wconf 84' lang='lat' dir='ltr'>R.</span> <span class='ocrx_word' id='word_1_153' title='bbox 527 1412 562 1445; x_wconf 88' lang='lat' dir='ltr'>E.</span> <span class='ocrx_word' id='word_1_154' title='bbox 591 1412 787 1453; x_wconf 75' lang='lat' dir='ltr'>cardinales,</span> <span class='ocrx_word' id='word_1_155' title='bbox 814 1412 909 1445; x_wconf 87' lang='lat' dir='ltr'>etiam</span> <span class='ocrx_word' id='word_1_156' title='bbox 938 1413 977 1446; x_wconf 89' lang='lat' dir='ltr'>de</span> 
     </span>
     <span class='ocr_line' id='line_1_38' title="bbox 231 1466 977 1510; baseline 0.001 -11"><span class='ocrx_word' id='word_1_157' title='bbox 231 1467 334 1499; x_wconf 88' lang='lat' dir='ltr'>latere</span> <span class='ocrx_word' id='word_1_158' title='bbox 371 1466 517 1509; x_wconf 82' lang='lat' dir='ltr'>legatos,</span> <span class='ocrx_word' id='word_1_159' title='bbox 550 1466 669 1499; x_wconf 87' lang='lat' dir='ltr'>aliosve</span> <span class='ocrx_word' id='word_1_160' title='bbox 707 1467 875 1510; x_wconf 81' lang='lat' dir='ltr'>quoslibet</span> <span class='ocrx_word' id='word_1_161' title='bbox 899 1477 977 1510; x_wconf 84' lang='lat' dir='ltr'>qua-</span> 
     </span>
     <span class='ocr_line' id='line_1_39' title="bbox 233 1519 978 1563; baseline 0 -10"><span class='ocrx_word' id='word_1_162' title='bbox 233 1530 371 1563; x_wconf 82' lang='lat' dir='ltr'>cumque</span> <span class='ocrx_word' id='word_1_163' title='bbox 395 1519 654 1562; x_wconf 80' lang='lat' dir='ltr'>praeeminentia</span> <span class='ocrx_word' id='word_1_164' title='bbox 672 1525 703 1552; x_wconf 88' lang='lat' dir='ltr'>et</span> <span class='ocrx_word' id='word_1_165' title='bbox 720 1526 882 1563; x_wconf 78' lang='lat' dir='ltr'>potestate</span> <span class='ocrx_word' id='word_1_166' title='bbox 908 1520 978 1553; x_wconf 78' lang='lat' dir='ltr'>sun-</span> 
     </span>
     <span class='ocr_line' id='line_1_40' title="bbox 233 1573 978 1617; baseline 0 -10"><span class='ocrx_word' id='word_1_167' title='bbox 233 1580 346 1617; x_wconf 87' lang='lat' dir='ltr'>gentes</span> <span class='ocrx_word' id='word_1_168' title='bbox 372 1579 403 1606; x_wconf 87' lang='lat' dir='ltr'>et</span> <span class='ocrx_word' id='word_1_169' title='bbox 429 1573 617 1613; x_wconf 71' lang='lat' dir='ltr'>iuncturos,</span> <span class='ocrx_word' id='word_1_170' title='bbox 644 1573 770 1607; x_wconf 78' lang='lat' dir='ltr'>sublata</span> <span class='ocrx_word' id='word_1_171' title='bbox 795 1574 841 1607; x_wconf 87' lang='lat' dir='ltr'>eis</span> <span class='ocrx_word' id='word_1_172' title='bbox 867 1579 899 1607; x_wconf 89' lang='lat' dir='ltr'>et</span> <span class='ocrx_word' id='word_1_173' title='bbox 923 1584 978 1607; x_wconf 89' lang='lat' dir='ltr'>eo-</span> 
     </span>
     <span class='ocr_line' id='line_1_41' title="bbox 232 1626 979 1669; baseline 0 -9"><span class='ocrx_word' id='word_1_174' title='bbox 232 1638 303 1660; x_wconf 88' lang='lat' dir='ltr'>rum</span> <span class='ocrx_word' id='word_1_175' title='bbox 340 1626 473 1660; x_wconf 85' lang='lat' dir='ltr'>cuilibet</span> <span class='ocrx_word' id='word_1_176' title='bbox 498 1626 608 1669; x_wconf 88' lang='lat' dir='ltr'>quavis</span> <span class='ocrx_word' id='word_1_177' title='bbox 633 1627 730 1660; x_wconf 87' lang='lat' dir='ltr'>aliter</span> <span class='ocrx_word' id='word_1_178' title='bbox 755 1627 921 1660; x_wconf 87' lang='lat' dir='ltr'>iudicandi</span> <span class='ocrx_word' id='word_1_179' title='bbox 948 1633 979 1661; x_wconf 91' lang='lat' dir='ltr'>et</span> 
     </span>
     <span class='ocr_line' id='line_1_42' title="bbox 232 1679 977 1723; baseline 0.001 -10"><span class='ocrx_word' id='word_1_180' title='bbox 232 1679 472 1723; x_wconf 88' lang='lat' dir='ltr'>interpretandi</span> <span class='ocrx_word' id='word_1_181' title='bbox 510 1679 662 1713; x_wconf 75' lang='lat' dir='ltr'>facultate</span> <span class='ocrx_word' id='word_1_182' title='bbox 702 1685 735 1713; x_wconf 89' lang='lat' dir='ltr'>et</span> <span class='ocrx_word' id='word_1_183' title='bbox 773 1681 977 1720; x_wconf 83' lang='lat' dir='ltr'>auctoritate,</span> 
     </span>
     <span class='ocr_line' id='line_1_43' title="bbox 233 1731 977 1774; baseline 0 -8"><span class='ocrx_word' id='word_1_184' title='bbox 233 1732 368 1767; x_wconf 82' lang='lat' dir='ltr'>iudicari</span> <span class='ocrx_word' id='word_1_185' title='bbox 405 1737 436 1765; x_wconf 90' lang='lat' dir='ltr'>et</span> <span class='ocrx_word' id='word_1_186' title='bbox 472 1731 599 1765; x_wconf 77' lang='lat' dir='ltr'>definiri</span> <span class='ocrx_word' id='word_1_187' title='bbox 631 1733 764 1774; x_wconf 88' lang='lat' dir='ltr'>debere,</span> <span class='ocrx_word' id='word_1_188' title='bbox 791 1744 827 1766; x_wconf 85' lang='lat' dir='ltr'>ac</span> <span class='ocrx_word' id='word_1_189' title='bbox 852 1734 977 1767; x_wconf 89' lang='lat' dir='ltr'>irritum</span> 
     </span>
     <span class='ocr_line' id='line_1_44' title="bbox 233 1785 976 1830; baseline 0.001 -12"><span class='ocrx_word' id='word_1_190' title='bbox 233 1791 266 1819; x_wconf 86' lang='lat' dir='ltr'>et</span> <span class='ocrx_word' id='word_1_191' title='bbox 282 1785 380 1819; x_wconf 83' lang='lat' dir='ltr'>inane</span> <span class='ocrx_word' id='word_1_192' title='bbox 405 1785 431 1818; x_wconf 90' lang='lat' dir='ltr'>si</span> <span class='ocrx_word' id='word_1_193' title='bbox 455 1795 550 1818; x_wconf 88' lang='lat' dir='ltr'>secus</span> <span class='ocrx_word' id='word_1_194' title='bbox 569 1795 668 1829; x_wconf 89' lang='lat' dir='ltr'>super</span> <span class='ocrx_word' id='word_1_195' title='bbox 687 1786 737 1819; x_wconf 89' lang='lat' dir='ltr'>his</span> <span class='ocrx_word' id='word_1_196' title='bbox 762 1797 779 1818; x_wconf 90' lang='lat' dir='ltr'>a</span> <span class='ocrx_word' id='word_1_197' title='bbox 804 1797 976 1830; x_wconf 87' lang='lat' dir='ltr'>quoquam,</span> 
     </span>
     <span class='ocr_line' id='line_1_45' title="bbox 233 1837 979 1882; baseline 0 -10"><span class='ocrx_word' id='word_1_198' title='bbox 233 1838 346 1882; x_wconf 87' lang='lat' dir='ltr'>quavis</span> <span class='ocrx_word' id='word_1_199' title='bbox 366 1837 570 1878; x_wconf 82' lang='lat' dir='ltr'>auctoritate,</span> <span class='ocrx_word' id='word_1_200' title='bbox 590 1839 732 1872; x_wconf 80' lang='lat' dir='ltr'>scienter</span> <span class='ocrx_word' id='word_1_201' title='bbox 757 1840 806 1872; x_wconf 90' lang='lat' dir='ltr'>vel</span> <span class='ocrx_word' id='word_1_202' title='bbox 825 1839 979 1882; x_wconf 84' lang='lat' dir='ltr'>ignoran-</span> 
     </span>
     <span class='ocr_line' id='line_1_46' title="bbox 235 1889 687 1932; baseline 0 -10"><span class='ocrx_word' id='word_1_203' title='bbox 235 1896 293 1930; x_wconf 88' lang='lat' dir='ltr'>ter,</span> <span class='ocrx_word' id='word_1_204' title='bbox 319 1889 497 1932; x_wconf 81' lang='lat' dir='ltr'>eontigerit</span> <span class='ocrx_word' id='word_1_205' title='bbox 520 1889 687 1922; x_wconf 85' lang='lat' dir='ltr'>attentari.</span> 
     </span>
    </p>

    <p class='ocr_par' dir='ltr' id='par_1_11' title="bbox 233 1941 980 2568">
     <span class='ocr_line' id='line_1_47' title="bbox 277 1941 978 1987; baseline 0.001 -11"><span class='ocrx_word' id='word_1_206' title='bbox 277 1944 292 1987; x_wconf 64' lang='lat' dir='ltr'>g</span> <span class='ocrx_word' id='word_1_207' title='bbox 317 1942 350 1976; x_wconf 73' lang='lat'>4.</span> <span class='ocrx_word' id='word_1_208' title='bbox 369 1942 440 1975; x_wconf 90' lang='lat' dir='ltr'>Non</span> <span class='ocrx_word' id='word_1_209' title='bbox 458 1941 663 1975; x_wconf 81' lang='lat' dir='ltr'>obstantibus</span> <span class='ocrx_word' id='word_1_210' title='bbox 689 1942 978 1977; x_wconf 82' lang='lat' dir='ltr'>constitutionibus</span> 
     </span>
     <span class='ocr_line' id='line_1_48' title="bbox 234 1995 978 2039; baseline -0.001 -9"><span class='ocrx_word' id='word_1_211' title='bbox 234 2002 263 2030; x_wconf 87' lang='lat' dir='ltr'>et</span> <span class='ocrx_word' id='word_1_212' title='bbox 300 1995 566 2030; x_wconf 78' lang='lat' dir='ltr'>ordinationibus</span> <span class='ocrx_word' id='word_1_213' title='bbox 598 1995 809 2039; x_wconf 87' lang='lat' dir='ltr'>apostolicis,</span> <span class='ocrx_word' id='word_1_214' title='bbox 850 2006 978 2030; x_wconf 84' lang='lat' dir='ltr'>necnon</span> 
     </span>
     <span class='ocr_line' id='line_1_49' title="bbox 235 2048 979 2090; baseline -0.003 -6"><span class='ocrx_word' id='word_1_215' title='bbox 235 2051 308 2084; x_wconf 88' lang='lat' dir='ltr'>dieti</span> <span class='ocrx_word' id='word_1_216' title='bbox 334 2049 476 2089; x_wconf 79' lang='lat' dir='ltr'>Ordinis,</span> <span class='ocrx_word' id='word_1_217' title='bbox 503 2048 600 2082; x_wconf 87' lang='lat' dir='ltr'>etiam</span> <span class='ocrx_word' id='word_1_218' title='bbox 626 2049 830 2090; x_wconf 89' lang='lat' dir='ltr'>iuramento,</span> <span class='ocrx_word' id='word_1_219' title='bbox 861 2049 979 2083; x_wconf 80' lang='lat' dir='ltr'>contir-</span> 
     </span>
     <span class='ocr_line' id='line_1_50' title="bbox 233 2101 978 2146; baseline 0 -10"><span class='ocrx_word' id='word_1_220' title='bbox 233 2103 377 2137; x_wconf 89' lang='lat' dir='ltr'>matione</span> <span class='ocrx_word' id='word_1_221' title='bbox 402 2101 593 2146; x_wconf 78' lang='lat' dir='ltr'>apostolica,</span> <span class='ocrx_word' id='word_1_222' title='bbox 614 2103 663 2136; x_wconf 92' lang='lat' dir='ltr'>vel</span> <span class='ocrx_word' id='word_1_223' title='bbox 689 2103 799 2146; x_wconf 86' lang='lat' dir='ltr'>quavis</span> <span class='ocrx_word' id='word_1_224' title='bbox 825 2102 978 2136; x_wconf 86' lang='lat' dir='ltr'>firmitate</span> 
     </span>
     <span class='ocr_line' id='line_1_51' title="bbox 234 2155 980 2196; baseline -0.001 -6"><span class='ocrx_word' id='word_1_225' title='bbox 234 2157 296 2191; x_wconf 76' lang='lat' dir='ltr'>alia</span> <span class='ocrx_word' id='word_1_226' title='bbox 321 2156 496 2196; x_wconf 90' lang='lat' dir='ltr'>roboratis,</span> <span class='ocrx_word' id='word_1_227' title='bbox 523 2155 650 2188; x_wconf 87' lang='lat' dir='ltr'>statutis</span> <span class='ocrx_word' id='word_1_228' title='bbox 678 2161 710 2189; x_wconf 88' lang='lat' dir='ltr'>et</span> <span class='ocrx_word' id='word_1_229' title='bbox 734 2156 980 2190; x_wconf 88' lang='lat' dir='ltr'>consuetudini-</span> 
     </span>
     <span class='ocr_line' id='line_1_52' title="bbox 234 2208 979 2253; baseline 0 -10"><span class='ocrx_word' id='word_1_230' title='bbox 234 2211 309 2250; x_wconf 88' lang='lat' dir='ltr'>bus,</span> <span class='ocrx_word' id='word_1_231' title='bbox 333 2208 512 2253; x_wconf 81' lang='lat' dir='ltr'>privilegiis</span> <span class='ocrx_word' id='word_1_232' title='bbox 539 2219 681 2252; x_wconf 89' lang='lat' dir='ltr'>quoque,</span> <span class='ocrx_word' id='word_1_233' title='bbox 707 2209 843 2243; x_wconf 87' lang='lat' dir='ltr'>indultis</span> <span class='ocrx_word' id='word_1_234' title='bbox 870 2216 901 2243; x_wconf 88' lang='lat' dir='ltr'>et</span> <span class='ocrx_word' id='word_1_235' title='bbox 925 2211 979 2243; x_wconf 90' lang='lat' dir='ltr'>lit-</span> 
     </span>
     <span class='ocr_line' id='line_1_53' title="bbox 236 2262 980 2308; baseline 0 -11"><span class='ocrx_word' id='word_1_236' title='bbox 236 2265 311 2297; x_wconf 85' lang='lat' dir='ltr'>teris</span> <span class='ocrx_word' id='word_1_237' title='bbox 336 2262 526 2308; x_wconf 87' lang='lat' dir='ltr'>apostolicis</span> <span class='ocrx_word' id='word_1_238' title='bbox 552 2263 583 2295; x_wconf 90' lang='lat' dir='ltr'>in</span> <span class='ocrx_word' id='word_1_239' title='bbox 609 2263 805 2296; x_wconf 86' lang='lat' dir='ltr'>contrarium</span> <span class='ocrx_word' id='word_1_240' title='bbox 822 2264 980 2307; x_wconf 88' lang='lat' dir='ltr'>praemis-</span> 
     </span>
     <span class='ocr_line' id='line_1_54' title="bbox 235 2315 976 2360; baseline -0.004 -9"><span class='ocrx_word' id='word_1_241' title='bbox 235 2328 347 2351; x_wconf 85' lang='lat' dir='ltr'>sorum</span> <span class='ocrx_word' id='word_1_242' title='bbox 373 2315 620 2360; x_wconf 87' lang='lat' dir='ltr'>quomodolibet</span> <span class='ocrx_word' id='word_1_243' title='bbox 644 2317 818 2357; x_wconf 86' lang='lat' dir='ltr'>concessis,</span> <span class='ocrx_word' id='word_1_244' title='bbox 855 2316 976 2350; x_wconf 84' lang='lat' dir='ltr'>contir-</span> 
     </span>
     <span class='ocr_line' id='line_1_55' title="bbox 236 2369 980 2412; baseline 0 -9"><span class='ocrx_word' id='word_1_245' title='bbox 236 2370 327 2404; x_wconf 87' lang='lat' dir='ltr'>matis</span> <span class='ocrx_word' id='word_1_246' title='bbox 349 2375 380 2403; x_wconf 89' lang='lat' dir='ltr'>et</span> <span class='ocrx_word' id='word_1_247' title='bbox 405 2369 587 2409; x_wconf 82' lang='lat' dir='ltr'>innovatis;</span> <span class='ocrx_word' id='word_1_248' title='bbox 615 2369 733 2412; x_wconf 89' lang='lat' dir='ltr'>quibus</span> <span class='ocrx_word' id='word_1_249' title='bbox 765 2369 914 2402; x_wconf 84' lang='lat' dir='ltr'>omnibus</span> <span class='ocrx_word' id='word_1_250' title='bbox 948 2375 980 2403; x_wconf 87' lang='lat' dir='ltr'>et</span> 
     </span>
     <span class='ocr_line' id='line_1_56' title="bbox 237 2422 980 2467; baseline -0.003 -10"><span class='ocrx_word' id='word_1_251' title='bbox 237 2423 394 2467; x_wconf 77' lang='lat' dir='ltr'>singuliS,</span> <span class='ocrx_word' id='word_1_252' title='bbox 427 2422 560 2455; x_wconf 91' lang='lat' dir='ltr'>illorum</span> <span class='ocrx_word' id='word_1_253' title='bbox 596 2427 728 2454; x_wconf 86' lang='lat' dir='ltr'>tenores</span> <span class='ocrx_word' id='word_1_254' title='bbox 753 2422 980 2464; x_wconf 89' lang='lat' dir='ltr'>praesentibus</span> 
     </span>
     <span class='ocr_line' id='line_1_57' title="bbox 237 2475 980 2521; baseline -0.003 -11"><span class='ocrx_word' id='word_1_255' title='bbox 237 2488 297 2521; x_wconf 89' lang='lat' dir='ltr'>pro</span> <span class='ocrx_word' id='word_1_256' title='bbox 333 2477 432 2520; x_wconf 88' lang='lat' dir='ltr'>plene</span> <span class='ocrx_word' id='word_1_257' title='bbox 464 2480 496 2508; x_wconf 91' lang='lat' dir='ltr'>et</span> <span class='ocrx_word' id='word_1_258' title='bbox 531 2475 727 2508; x_wconf 82' lang='lat' dir='ltr'>sufficienter</span> <span class='ocrx_word' id='word_1_259' title='bbox 763 2475 925 2518; x_wconf 77' lang='lat' dir='ltr'>expressis</span> <span class='ocrx_word' id='word_1_260' title='bbox 950 2481 980 2509; x_wconf 89' lang='lat' dir='ltr'>et</span> 
     </span>
     <span class='ocr_line' id='line_1_58' title="bbox 237 2527 980 2568; baseline -0.003 -4"><span class='ocrx_word' id='word_1_261' title='bbox 237 2530 369 2564; x_wconf 90' lang='lat' dir='ltr'>insertis</span> <span class='ocrx_word' id='word_1_262' title='bbox 395 2528 564 2568; x_wconf 76' lang='lat' dir='ltr'>habentes,</span> <span class='ocrx_word' id='word_1_263' title='bbox 589 2527 654 2561; x_wconf 91' lang='lat' dir='ltr'>illis</span> <span class='ocrx_word' id='word_1_264' title='bbox 683 2528 760 2561; x_wconf 73' lang='lat' dir='ltr'>alias</span> <span class='ocrx_word' id='word_1_265' title='bbox 785 2528 818 2561; x_wconf 92' lang='lat' dir='ltr'>in</span> <span class='ocrx_word' id='word_1_266' title='bbox 844 2539 903 2562; x_wconf 89' lang='lat' dir='ltr'>suo</span> <span class='ocrx_word' id='word_1_267' title='bbox 929 2539 980 2563; x_wconf 88' lang='lat' dir='ltr'>ro-</span> 
     </span>
    </p>

    <p class='ocr_par' dir='ltr' id='par_1_12' title="bbox 274 2590 774 2626">
     <span class='ocr_line' id='line_1_59' title="bbox 274 2590 774 2626; baseline -0.006 -6"><span class='ocrx_word' id='word_1_268' title='bbox 274 2595 285 2620; x_wconf 82' lang='lat'>1</span> <span class='ocrx_word' id='word_1_269' title='bbox 308 2591 379 2619; x_wconf 80' lang='lat' dir='ltr'>Edit.</span> <span class='ocrx_word' id='word_1_270' title='bbox 401 2590 480 2618; x_wconf 83' lang='lat' dir='ltr'>Main.</span> <span class='ocrx_word' id='word_1_271' title='bbox 501 2590 567 2625; x_wconf 75' lang='lat' dir='ltr'>legit</span> <span class='ocrx_word' id='word_1_272' title='bbox 586 2590 652 2617; x_wconf 83' lang='lat' dir='ltr'>illos</span> <span class='ocrx_word' id='word_1_273' title='bbox 673 2590 709 2626; x_wconf 85' lang='lat' dir='ltr'>(tt.</span> <span class='ocrx_word' id='word_1_274' title='bbox 726 2590 774 2624; x_wconf 83' lang='lat' dir='ltr'>T.).</span> 
     </span>
    </p>
   </div>
   <div class='ocr_carea' id='block_1_11' title="bbox 330 2645 950 2677">
    <p class='ocr_par' dir='ltr' id='par_1_13' title="bbox 330 2645 950 2677">
     <span class='ocr_line' id='line_1_60' title="bbox 330 2645 950 2677; baseline -0.005 -1"><span class='ocrx_word' id='word_1_275' title='bbox 330 2646 414 2677; x_wconf 78' lang='lat' dir='ltr'>Bult.</span> <span class='ocrx_word' id='word_1_276' title='bbox 428 2647 513 2677; x_wconf 84' lang='lat' dir='ltr'>Rom.</span> <span class='ocrx_word' id='word_1_277' title='bbox 531 2661 566 2668; x_wconf 89' lang='lat'>—</span> <span class='ocrx_word' id='word_1_278' title='bbox 587 2646 650 2675; x_wconf 83' lang='lat' dir='ltr'>Vol.</span> <span class='ocrx_word' id='word_1_279' title='bbox 667 2646 770 2675; x_wconf 73' lang='lat' dir='ltr'><em>XXIV.</em></span> <span class='ocrx_word' id='word_1_280' title='bbox 916 2645 950 2674; x_wconf 82' lang='lat'>72</span> 
     </span>
    </p>
   </div>
   <div class='ocr_carea' id='block_1_12' title="bbox 998 1972 1001 2574">
    <p class='ocr_par' dir='ltr' id='par_1_14' title="bbox 998 1972 1001 2574">
     <span class='ocr_line' id='line_1_61' title="bbox 998 1972 1001 2574; baseline 0 0"><span class='ocrx_word' id='word_1_281' title='bbox 998 1972 1001 2574; x_wconf 95' lang='lat' dir='ltr'> </span> 
     </span>
    </p>
   </div>
   <div class='ocr_carea' id='block_1_13' title="bbox 1016 240 1763 602">
    <p class='ocr_par' dir='ltr' id='par_1_15' title="bbox 1016 240 1761 286">
     <span class='ocr_line' id='line_1_62' title="bbox 1016 240 1761 286; baseline -0.005 -11"><span class='ocrx_word' id='word_1_282' title='bbox 1016 242 1096 275; x_wconf 88' lang='lat' dir='ltr'>bore</span> <span class='ocrx_word' id='word_1_283' title='bbox 1126 241 1374 286; x_wconf 76' lang='lat' dir='ltr'>permansurIS,</span> <span class='ocrx_word' id='word_1_284' title='bbox 1398 241 1456 273; x_wconf 82' lang='lat' dir='ltr'>bae</span> <span class='ocrx_word' id='word_1_285' title='bbox 1480 241 1548 274; x_wconf 89' lang='lat' dir='ltr'>vice</span> <span class='ocrx_word' id='word_1_286' title='bbox 1575 240 1761 279; x_wconf 79' lang='lat' dir='ltr'>dumtaxat,</span> 
     </span>
    </p>

    <p class='ocr_par' dir='ltr' id='par_1_16' title="bbox 1018 294 1762 339">
     <span class='ocr_line' id='line_1_63' title="bbox 1018 294 1762 339; baseline -0.003 -13"><span class='ocrx_word' id='word_1_287' title='bbox 1018 295 1206 339; x_wconf 71' lang='lat' dir='ltr'>specialiter</span> <span class='ocrx_word' id='word_1_288' title='bbox 1232 300 1263 326; x_wconf 89' lang='lat' dir='ltr'>et</span> <span class='ocrx_word' id='word_1_289' title='bbox 1289 305 1443 337; x_wconf 78' lang='lat' dir='ltr'>expresse</span> <span class='ocrx_word' id='word_1_290' title='bbox 1469 294 1690 336; x_wconf 76' lang='lat' dir='ltr'>derogamus,</span> <span class='ocrx_word' id='word_1_291' title='bbox 1711 303 1762 325; x_wconf 84' lang='lat' dir='ltr'>ee-</span> 
     </span>
    </p>

    <p class='ocr_par' dir='ltr' id='par_1_17' title="bbox 1018 347 1763 443">
     <span class='ocr_line' id='line_1_64' title="bbox 1018 347 1663 391; baseline -0.002 -12"><span class='ocrx_word' id='word_1_292' title='bbox 1018 349 1160 391; x_wconf 81' lang='lat' dir='ltr'>terisqne</span> <span class='ocrx_word' id='word_1_293' title='bbox 1187 347 1361 380; x_wconf 79' lang='lat' dir='ltr'>contrariis</span> <span class='ocrx_word' id='word_1_294' title='bbox 1387 347 1663 390; x_wconf 85' lang='lat' dir='ltr'>quibuscumque.</span> 
     </span>
     <span class='ocr_line' id='line_1_65' title="bbox 1062 399 1763 443; baseline -0.003 -10"><span class='ocrx_word' id='word_1_295' title='bbox 1062 401 1175 433; x_wconf 85' lang='lat' dir='ltr'>Datum</span> <span class='ocrx_word' id='word_1_296' title='bbox 1202 401 1333 438; x_wconf 81' lang='lat' dir='ltr'>Romae,</span> <span class='ocrx_word' id='word_1_297' title='bbox 1352 400 1437 443; x_wconf 86' lang='lat' dir='ltr'>apud</span> <span class='ocrx_word' id='word_1_298' title='bbox 1464 400 1495 433; x_wconf 80' lang='lat' dir='ltr'>S.</span> <span class='ocrx_word' id='word_1_299' title='bbox 1516 400 1646 432; x_wconf 78' lang='lat' dir='ltr'>Mariam</span> <span class='ocrx_word' id='word_1_300' title='bbox 1664 399 1763 431; x_wconf 86' lang='lat' dir='ltr'>Maio-</span> 
     </span>
    </p>

    <p class='ocr_par' dir='ltr' id='par_1_18' title="bbox 1019 451 1763 494">
     <span class='ocr_line' id='line_1_66' title="bbox 1019 451 1763 494; baseline -0.003 -10"><span class='ocrx_word' id='word_1_301' title='bbox 1019 464 1095 494; x_wconf 83' lang='lat' dir='ltr'>rem,</span> <span class='ocrx_word' id='word_1_302' title='bbox 1115 455 1172 485; x_wconf 85' lang='lat' dir='ltr'>sub</span> <span class='ocrx_word' id='word_1_303' title='bbox 1199 455 1320 486; x_wconf 87' lang='lat' dir='ltr'>annulo</span> <span class='ocrx_word' id='word_1_304' title='bbox 1348 453 1528 493; x_wconf 69' lang='lat' dir='ltr'>piscatoris,</span> <span class='ocrx_word' id='word_1_305' title='bbox 1548 453 1599 485; x_wconf 88' lang='lat' dir='ltr'>die</span> <span class='ocrx_word' id='word_1_306' title='bbox 1626 462 1695 485; x_wconf 76' lang='lat' dir='ltr'>xx1v</span> <span class='ocrx_word' id='word_1_307' title='bbox 1716 451 1763 483; x_wconf 87' lang='lat' dir='ltr'>iu-</span> 
     </span>
    </p>

    <p class='ocr_par' dir='ltr' id='par_1_19' title="bbox 1018 505 1761 602">
     <span class='ocr_line' id='line_1_67' title="bbox 1018 505 1761 551; baseline -0.004 -12"><span class='ocrx_word' id='word_1_308' title='bbox 1018 507 1050 539; x_wconf 88' lang='lat' dir='ltr'>lii</span> <span class='ocrx_word' id='word_1_309' title='bbox 1070 505 1479 548; x_wconf 66' lang='lat' dir='ltr'>tinocxxxix,pontificatus</span> <span class='ocrx_word' id='word_1_310' title='bbox 1497 505 1599 538; x_wconf 83' lang='lat' dir='ltr'>nostri</span> <span class='ocrx_word' id='word_1_311' title='bbox 1617 515 1702 551; x_wconf 81' lang='lat' dir='ltr'>anno</span> <span class='ocrx_word' id='word_1_312' title='bbox 1722 515 1761 537; x_wconf 84' lang='lat' dir='ltr'>tx.</span> 
     </span>
     <span class='ocr_line' id='line_1_68' title="bbox 1055 567 1676 602; baseline -0.005 -8"><span class='ocrx_word' id='word_1_313' title='bbox 1055 567 1112 594; x_wconf 75' lang='lat' dir='ltr'>nat.</span> <span class='ocrx_word' id='word_1_314' title='bbox 1135 567 1178 593; x_wconf 85' lang='lat' dir='ltr'>die</span> <span class='ocrx_word' id='word_1_315' title='bbox 1198 567 1232 593; x_wconf 57' lang='lat'>24</span> <span class='ocrx_word' id='word_1_316' title='bbox 1252 567 1309 593; x_wconf 86' lang='lat' dir='ltr'>iulii</span> <span class='ocrx_word' id='word_1_317' title='bbox 1335 567 1410 598; x_wconf 77' lang='lat'>1739,</span> <span class='ocrx_word' id='word_1_318' title='bbox 1433 567 1528 602; x_wconf 85' lang='lat' dir='ltr'>pontif.</span> <span class='ocrx_word' id='word_1_319' title='bbox 1550 574 1619 593; x_wconf 87' lang='lat' dir='ltr'>anno</span> <span class='ocrx_word' id='word_1_320' title='bbox 1640 573 1676 592; x_wconf 78' lang='lat' dir='ltr'>tx.</span> 
     </span>
    </p>
   </div>
   <div class='ocr_carea' id='block_1_14' title="bbox 1322 707 1460 741">
    <p class='ocr_par' dir='ltr' id='par_1_20' title="bbox 1322 707 1460 741">
     <span class='ocr_line' id='line_1_69' title="bbox 1322 707 1460 741; baseline 0 -1"><span class='ocrx_word' id='word_1_321' title='bbox 1322 707 1460 741; x_wconf 76' lang='lat' dir='ltr'>CCLXll.</span> 
     </span>
    </p>
   </div>
   <div class='ocr_carea' id='block_1_15' title="bbox 1020 788 1766 1033">
    <p class='ocr_par' dir='ltr' id='par_1_21' title="bbox 1020 788 1766 1033">
     <span class='ocr_line' id='line_1_70' title="bbox 1020 788 1764 833; baseline 0 -11"><span class='ocrx_word' id='word_1_322' title='bbox 1020 788 1233 830; x_wconf 76' lang='lat' dir='ltr'>Confirmatio</span> <span class='ocrx_word' id='word_1_323' title='bbox 1273 789 1392 821; x_wconf 79' lang='lat' dir='ltr'>decreti</span> <span class='ocrx_word' id='word_1_324' title='bbox 1426 789 1566 832; x_wconf 68' lang='lat' dir='ltr'>capituli</span> <span class='ocrx_word' id='word_1_325' title='bbox 1602 790 1764 833; x_wconf 71' lang='lat' dir='ltr'>yeneralis</span> 
     </span>
     <span class='ocr_line' id='line_1_71' title="bbox 1065 841 1765 884; baseline 0 -10"><span class='ocrx_word' id='word_1_326' title='bbox 1065 841 1201 875; x_wconf 75' lang='lat' dir='ltr'>Ordinis</span> <span class='ocrx_word' id='word_1_327' title='bbox 1227 842 1439 874; x_wconf 71' lang='lat' dir='ltr'>eremitarum</span> <span class='ocrx_word' id='word_1_328' title='bbox 1464 843 1569 874; x_wconf 69' lang='lat' dir='ltr'>sancti</span> <span class='ocrx_word' id='word_1_329' title='bbox 1581 843 1765 884; x_wconf 74' lang='lat' dir='ltr'>Auqttstini</span> 
     </span>
     <span class='ocr_line' id='line_1_72' title="bbox 1063 894 1766 937; baseline 0 -11"><span class='ocrx_word' id='word_1_330' title='bbox 1063 905 1159 937; x_wconf 80' lang='lat' dir='ltr'>super</span> <span class='ocrx_word' id='word_1_331' title='bbox 1182 894 1407 937; x_wconf 76' lang='lat' dir='ltr'>prohibitione</span> <span class='ocrx_word' id='word_1_332' title='bbox 1433 895 1623 937; x_wconf 71' lang='lat' dir='ltr'>receptionis</span> <span class='ocrx_word' id='word_1_333' title='bbox 1648 894 1685 927; x_wconf 84' lang='lat' dir='ltr'>de</span> <span class='ocrx_word' id='word_1_334' title='bbox 1700 905 1766 927; x_wconf 88' lang='lat' dir='ltr'>mu-</span> 
     </span>
     <span class='ocr_line' id='line_1_73' title="bbox 1064 946 1765 990; baseline 0 -11"><span class='ocrx_word' id='word_1_335' title='bbox 1064 947 1118 980; x_wconf 87' lang='lat' dir='ltr'>lati</span> <span class='ocrx_word' id='word_1_336' title='bbox 1151 951 1178 979; x_wconf 82' lang='lat' dir='ltr'>et</span> <span class='ocrx_word' id='word_1_337' title='bbox 1203 946 1330 979; x_wconf 81' lang='lat' dir='ltr'>mestizi</span> <span class='ocrx_word' id='word_1_338' title='bbox 1368 946 1404 979; x_wconf 73' lang='lat' dir='ltr'>in</span> <span class='ocrx_word' id='word_1_339' title='bbox 1435 948 1554 989; x_wconf 81' lang='lat' dir='ltr'>fratres</span> <span class='ocrx_word' id='word_1_340' title='bbox 1576 947 1765 990; x_wconf 76' lang='lat' dir='ltr'>provinciae</span> 
     </span>
     <span class='ocr_line' id='line_1_74' title="bbox 1064 999 1595 1033; baseline 0.002 -2"><span class='ocrx_word' id='word_1_341' title='bbox 1064 1000 1253 1033; x_wconf 76' lang='lat' dir='ltr'>Meoeiccmae</span> <span class='ocrx_word' id='word_1_342' title='bbox 1278 1000 1420 1032; x_wconf 77' lang='lat' dir='ltr'>eiusdem</span> <span class='ocrx_word' id='word_1_343' title='bbox 1448 999 1595 1033; x_wconf 72' lang='lat' dir='ltr'>Ordinis.</span> 
     </span>
    </p>
   </div>
   <div class='ocr_carea' id='block_1_16' title="bbox 1160 1080 1627 1151">
    <p class='ocr_par' dir='ltr' id='par_1_22' title="bbox 1160 1080 1627 1151">
     <span class='ocr_line' id='line_1_75' title="bbox 1229 1080 1555 1113; baseline 0 -7"><span class='ocrx_word' id='word_1_344' title='bbox 1229 1080 1363 1106; x_wconf 81' lang='lat' dir='ltr'>Clemens</span> <span class='ocrx_word' id='word_1_345' title='bbox 1384 1080 1462 1113; x_wconf 84' lang='lat' dir='ltr'>Papa</span> <span class='ocrx_word' id='word_1_346' title='bbox 1482 1080 1555 1112; x_wconf 87' lang='lat' dir='ltr'>XII,</span> 
     </span>
     <span class='ocr_line' id='line_1_76' title="bbox 1160 1124 1627 1151; baseline 0.002 -1"><span class='ocrx_word' id='word_1_347' title='bbox 1160 1124 1198 1151; x_wconf 85' lang='lat' dir='ltr'>ad</span> <span class='ocrx_word' id='word_1_348' title='bbox 1218 1124 1353 1151; x_wconf 83' lang='lat' dir='ltr'>futuram</span> <span class='ocrx_word' id='word_1_349' title='bbox 1374 1124 1419 1151; x_wconf 85' lang='lat' dir='ltr'>rei</span> <span class='ocrx_word' id='word_1_350' title='bbox 1440 1124 1627 1151; x_wconf 86' lang='lat' dir='ltr'>memoriam.</span> 
     </span>
    </p>
   </div>
   <div class='ocr_carea' id='block_1_17' title="bbox 1019 1195 1766 1825">
    <p class='ocr_par' dir='ltr' id='par_1_23' title="bbox 1019 1195 1766 1825">
     <span class='ocr_line' id='line_1_77' title="bbox 1063 1195 1766 1238; baseline 0.003 -11"><span class='ocrx_word' id='word_1_351' title='bbox 1063 1196 1078 1238; x_wconf 57' lang='grc' dir='ltr'>ᾗ</span> <span class='ocrx_word' id='word_1_352' title='bbox 1103 1195 1134 1228; x_wconf 77' lang='lat' dir='ltr'>t.</span> <span class='ocrx_word' id='word_1_353' title='bbox 1163 1195 1287 1238; x_wconf 75' lang='lat' dir='ltr'>Exponi</span> <span class='ocrx_word' id='word_1_354' title='bbox 1314 1195 1407 1227; x_wconf 88' lang='lat' dir='ltr'>nobis</span> <span class='ocrx_word' id='word_1_355' title='bbox 1441 1205 1549 1237; x_wconf 86' lang='lat' dir='ltr'>nuper</span> <span class='ocrx_word' id='word_1_356' title='bbox 1582 1196 1658 1228; x_wconf 80' lang='lat' dir='ltr'>feeit</span> <span class='ocrx_word' id='word_1_357' title='bbox 1683 1196 1766 1229; x_wconf 90' lang='lat' dir='ltr'>dile-</span> 
     </span>
     <span class='ocr_line' id='line_1_78' title="bbox 1019 1248 1761 1291; baseline 0.001 -10"><span class='ocrx_word' id='word_1_358' title='bbox 1019 1254 1088 1281; x_wconf 86' lang='lat' dir='ltr'>ctus</span> <span class='ocrx_word' id='word_1_359' title='bbox 1126 1248 1211 1281; x_wconf 78' lang='lat' dir='ltr'>fitius</span> <span class='ocrx_word' id='word_1_360' title='bbox 1237 1249 1380 1291; x_wconf 81' lang='lat' dir='ltr'>Ignatius</span> <span class='ocrx_word' id='word_1_361' title='bbox 1408 1248 1545 1288; x_wconf 72' lang='lat' dir='ltr'>Fadilla,</span> <span class='ocrx_word' id='word_1_362' title='bbox 1574 1249 1671 1281; x_wconf 74' lang='lat' dir='ltr'>frater</span> <span class='ocrx_word' id='word_1_363' title='bbox 1705 1260 1761 1282; x_wconf 77' lang='lat' dir='ltr'>ex-</span> 
     </span>
     <span class='ocr_line' id='line_1_79' title="bbox 1020 1301 1765 1345; baseline 0.001 -11"><span class='ocrx_word' id='word_1_364' title='bbox 1020 1312 1129 1344; x_wconf 86' lang='lat' dir='ltr'>presse</span> <span class='ocrx_word' id='word_1_365' title='bbox 1155 1301 1322 1345; x_wconf 67' lang='lat' dir='ltr'>prot&#39;essus</span> <span class='ocrx_word' id='word_1_366' title='bbox 1354 1306 1385 1333; x_wconf 88' lang='lat' dir='ltr'>et</span> <span class='ocrx_word' id='word_1_367' title='bbox 1415 1302 1446 1333; x_wconf 89' lang='lat' dir='ltr'>in</span> <span class='ocrx_word' id='word_1_368' title='bbox 1481 1303 1572 1334; x_wconf 82' lang='lat' dir='ltr'>saera</span> <span class='ocrx_word' id='word_1_369' title='bbox 1599 1302 1765 1345; x_wconf 77' lang='lat' dir='ltr'>theologia</span> 
     </span>
     <span class='ocr_line' id='line_1_80' title="bbox 1020 1353 1764 1398; baseline 0.001 -11"><span class='ocrx_word' id='word_1_370' title='bbox 1020 1355 1183 1398; x_wconf 82' lang='lat' dir='ltr'>magister,</span> <span class='ocrx_word' id='word_1_371' title='bbox 1201 1364 1236 1386; x_wconf 87' lang='lat' dir='ltr'>ae</span> <span class='ocrx_word' id='word_1_372' title='bbox 1256 1353 1445 1398; x_wconf 81' lang='lat' dir='ltr'>provinciae</span> <span class='ocrx_word' id='word_1_373' title='bbox 1463 1354 1646 1388; x_wconf 82' lang='lat' dir='ltr'>Mexicanae</span> <span class='ocrx_word' id='word_1_374' title='bbox 1671 1355 1764 1389; x_wconf 91' lang='lat' dir='ltr'>Ordi-</span> 
     </span>
     <span class='ocr_line' id='line_1_81' title="bbox 1020 1407 1766 1452; baseline 0.001 -12"><span class='ocrx_word' id='word_1_375' title='bbox 1020 1407 1069 1440; x_wconf 90' lang='lat' dir='ltr'>nis</span> <span class='ocrx_word' id='word_1_376' title='bbox 1097 1407 1307 1441; x_wconf 87' lang='lat' dir='ltr'>eremitarum</span> <span class='ocrx_word' id='word_1_377' title='bbox 1332 1407 1434 1440; x_wconf 85' lang='lat' dir='ltr'>saneti</span> <span class='ocrx_word' id='word_1_378' title='bbox 1454 1408 1630 1451; x_wconf 83' lang='lat' dir='ltr'>Augustini</span> <span class='ocrx_word' id='word_1_379' title='bbox 1650 1419 1766 1452; x_wconf 88' lang='lat' dir='ltr'>procu-</span> 
     </span>
     <span class='ocr_line' id='line_1_82' title="bbox 1021 1461 1765 1504; baseline 0.003 -11"><span class='ocrx_word' id='word_1_380' title='bbox 1021 1466 1117 1501; x_wconf 88' lang='lat' dir='ltr'>rator,</span> <span class='ocrx_word' id='word_1_381' title='bbox 1152 1461 1239 1504; x_wconf 89' lang='lat' dir='ltr'>quod</span> <span class='ocrx_word' id='word_1_382' title='bbox 1265 1461 1297 1493; x_wconf 91' lang='lat' dir='ltr'>in</span> <span class='ocrx_word' id='word_1_383' title='bbox 1323 1461 1465 1504; x_wconf 85' lang='lat' dir='ltr'>capitulo</span> <span class='ocrx_word' id='word_1_384' title='bbox 1503 1462 1649 1503; x_wconf 77' lang='lat' dir='ltr'>generali</span> <span class='ocrx_word' id='word_1_385' title='bbox 1687 1461 1765 1495; x_wconf 79' lang='lat' dir='ltr'>dieti</span> 
     </span>
     <span class='ocr_line' id='line_1_83' title="bbox 1021 1514 1764 1558; baseline 0.003 -12"><span class='ocrx_word' id='word_1_386' title='bbox 1021 1514 1149 1547; x_wconf 89' lang='lat' dir='ltr'>Ordinis</span> <span class='ocrx_word' id='word_1_387' title='bbox 1189 1525 1293 1558; x_wconf 87' lang='lat' dir='ltr'>nuper</span> <span class='ocrx_word' id='word_1_388' title='bbox 1330 1515 1362 1547; x_wconf 91' lang='lat' dir='ltr'>in</span> <span class='ocrx_word' id='word_1_389' title='bbox 1399 1515 1529 1548; x_wconf 81' lang='lat' dir='ltr'>civitate</span> <span class='ocrx_word' id='word_1_390' title='bbox 1566 1515 1764 1548; x_wconf 85' lang='lat' dir='ltr'>Ariminensi</span> 
     </span>
     <span class='ocr_line' id='line_1_84' title="bbox 1021 1568 1763 1609; baseline 0.001 -8"><span class='ocrx_word' id='word_1_391' title='bbox 1021 1568 1199 1609; x_wconf 85' lang='lat' dir='ltr'>celebrato,</span> <span class='ocrx_word' id='word_1_392' title='bbox 1219 1569 1305 1601; x_wconf 84' lang='lat' dir='ltr'>inter</span> <span class='ocrx_word' id='word_1_393' title='bbox 1324 1568 1386 1601; x_wconf 86' lang='lat' dir='ltr'>alia</span> <span class='ocrx_word' id='word_1_394' title='bbox 1404 1569 1533 1601; x_wconf 88' lang='lat' dir='ltr'>decreta</span> <span class='ocrx_word' id='word_1_395' title='bbox 1551 1580 1567 1601; x_wconf 89' lang='lat' dir='ltr'>a</span> <span class='ocrx_word' id='word_1_396' title='bbox 1584 1569 1763 1602; x_wconf 87' lang='lat' dir='ltr'>venerabili</span> 
     </span>
     <span class='ocr_line' id='line_1_85' title="bbox 1022 1621 1764 1665; baseline 0.001 -12"><span class='ocrx_word' id='word_1_397' title='bbox 1022 1621 1117 1655; x_wconf 82' lang='lat' dir='ltr'>fratre</span> <span class='ocrx_word' id='word_1_398' title='bbox 1152 1621 1286 1655; x_wconf 87' lang='lat' dir='ltr'>Nicolao</span> <span class='ocrx_word' id='word_1_399' title='bbox 1327 1621 1484 1665; x_wconf 87' lang='lat' dir='ltr'>episcopo</span> <span class='ocrx_word' id='word_1_400' title='bbox 1524 1622 1649 1655; x_wconf 87' lang='lat' dir='ltr'>Isclano</span> <span class='ocrx_word' id='word_1_401' title='bbox 1687 1628 1764 1655; x_wconf 89' lang='lat' dir='ltr'>tune</span> 
     </span>
     <span class='ocr_line' id='line_1_86' title="bbox 1021 1674 1762 1717; baseline 0 -10"><span class='ocrx_word' id='word_1_402' title='bbox 1021 1674 1096 1707; x_wconf 85' lang='lat' dir='ltr'>dieti</span> <span class='ocrx_word' id='word_1_403' title='bbox 1122 1675 1251 1708; x_wconf 88' lang='lat' dir='ltr'>Ordinis</span> <span class='ocrx_word' id='word_1_404' title='bbox 1277 1675 1431 1717; x_wconf 80' lang='lat' dir='ltr'>magistro</span> <span class='ocrx_word' id='word_1_405' title='bbox 1450 1675 1595 1717; x_wconf 83' lang='lat' dir='ltr'>generali</span> <span class='ocrx_word' id='word_1_406' title='bbox 1620 1675 1762 1715; x_wconf 88' lang='lat' dir='ltr'>condita,</span> 
     </span>
     <span class='ocr_line' id='line_1_87' title="bbox 1021 1727 1764 1771; baseline 0.001 -11"><span class='ocrx_word' id='word_1_407' title='bbox 1021 1728 1235 1771; x_wconf 86' lang='lat' dir='ltr'>approbatum</span> <span class='ocrx_word' id='word_1_408' title='bbox 1261 1727 1320 1760; x_wconf 86' lang='lat' dir='ltr'>suit</span> <span class='ocrx_word' id='word_1_409' title='bbox 1356 1728 1437 1761; x_wconf 88' lang='lat' dir='ltr'>illud</span> <span class='ocrx_word' id='word_1_410' title='bbox 1475 1727 1595 1760; x_wconf 83' lang='lat' dir='ltr'>tenoris</span> <span class='ocrx_word' id='word_1_411' title='bbox 1629 1728 1684 1771; x_wconf 85' lang='lat' dir='ltr'>qui</span> <span class='ocrx_word' id='word_1_412' title='bbox 1713 1739 1764 1761; x_wconf 92' lang='lat' dir='ltr'>se-</span> 
     </span>
     <span class='ocr_line' id='line_1_88' title="bbox 1021 1781 1334 1825; baseline 0.003 -12"><span class='ocrx_word' id='word_1_413' title='bbox 1021 1782 1139 1825; x_wconf 89' lang='lat' dir='ltr'>quitur,</span> <span class='ocrx_word' id='word_1_414' title='bbox 1162 1781 1334 1814; x_wconf 86' lang='lat' dir='ltr'>videlicet:</span> 
     </span>
    </p>
   </div>
   <div class='ocr_carea' id='block_1_18' title="bbox 1021 1852 1765 2626">
    <p class='ocr_par' dir='ltr' id='par_1_24' title="bbox 1021 1852 1765 2626">
     <span class='ocr_line' id='line_1_89' title="bbox 1060 1852 1762 1892; baseline 0 -9"><span class='ocrx_word' id='word_1_415' title='bbox 1060 1852 1130 1883; x_wconf 91' lang='lat' dir='ltr'>Cum</span> <span class='ocrx_word' id='word_1_416' title='bbox 1159 1856 1341 1892; x_wconf 88' lang='lat' dir='ltr'>compertum</span> <span class='ocrx_word' id='word_1_417' title='bbox 1372 1852 1432 1890; x_wconf 89' lang='lat' dir='ltr'>sit,</span> <span class='ocrx_word' id='word_1_418' title='bbox 1458 1861 1604 1882; x_wconf 90' lang='lat' dir='ltr'>summum</span> <span class='ocrx_word' id='word_1_419' title='bbox 1635 1852 1762 1883; x_wconf 87' lang='lat' dir='ltr'>dedecus</span> 
     </span>
     <span class='ocr_line' id='line_1_90' title="bbox 1021 1900 1763 1940; baseline 0.001 -9"><span class='ocrx_word' id='word_1_420' title='bbox 1021 1905 1136 1931; x_wconf 82' lang='lat' dir='ltr'>nostrae</span> <span class='ocrx_word' id='word_1_421' title='bbox 1172 1900 1309 1939; x_wconf 81' lang='lat' dir='ltr'>religioni</span> <span class='ocrx_word' id='word_1_422' title='bbox 1343 1901 1474 1939; x_wconf 82' lang='lat' dir='ltr'>inferri,</span> <span class='ocrx_word' id='word_1_423' title='bbox 1508 1901 1532 1931; x_wconf 91' lang='lat' dir='ltr'>si</span> <span class='ocrx_word' id='word_1_424' title='bbox 1568 1911 1603 1931; x_wconf 86' lang='lat' dir='ltr'>ex</span> <span class='ocrx_word' id='word_1_425' title='bbox 1640 1902 1763 1940; x_wconf 75' lang='lat' dir='ltr'>ignobili</span> 
     </span>
     <span class='ocr_line' id='line_1_91' title="bbox 1023 1949 1762 1990; baseline 0.001 -10"><span class='ocrx_word' id='word_1_426' title='bbox 1023 1950 1107 1989; x_wconf 81' lang='lat' dir='ltr'>vulgo</span> <span class='ocrx_word' id='word_1_427' title='bbox 1130 1949 1165 1980; x_wconf 87' lang='lat' dir='ltr'>ad</span> <span class='ocrx_word' id='word_1_428' title='bbox 1186 1949 1267 1979; x_wconf 90' lang='lat' dir='ltr'>illam</span> <span class='ocrx_word' id='word_1_429' title='bbox 1289 1949 1494 1987; x_wconf 85' lang='lat' dir='ltr'>admittantur,</span> <span class='ocrx_word' id='word_1_430' title='bbox 1519 1951 1569 1990; x_wconf 86' lang='lat' dir='ltr'>qui</span> <span class='ocrx_word' id='word_1_431' title='bbox 1592 1951 1623 1980; x_wconf 89' lang='lat' dir='ltr'>in</span> <span class='ocrx_word' id='word_1_432' title='bbox 1645 1951 1762 1981; x_wconf 86' lang='lat' dir='ltr'>saeculo</span> 
     </span>
     <span class='ocr_line' id='line_1_92' title="bbox 1021 1998 1764 2039; baseline 0.003 -11"><span class='ocrx_word' id='word_1_433' title='bbox 1021 1999 1081 2029; x_wconf 90' lang='lat' dir='ltr'>suis</span> <span class='ocrx_word' id='word_1_434' title='bbox 1097 1998 1262 2029; x_wconf 85' lang='lat' dir='ltr'>inhonestis</span> <span class='ocrx_word' id='word_1_435' title='bbox 1277 2002 1305 2028; x_wconf 90' lang='lat' dir='ltr'>et</span> <span class='ocrx_word' id='word_1_436' title='bbox 1320 1998 1487 2038; x_wconf 83' lang='lat' dir='ltr'>depravatis</span> <span class='ocrx_word' id='word_1_437' title='bbox 1507 1999 1640 2029; x_wconf 89' lang='lat' dir='ltr'>moribus</span> <span class='ocrx_word' id='word_1_438' title='bbox 1662 2000 1764 2039; x_wconf 85' lang='lat' dir='ltr'>despe-</span> 
     </span>
     <span class='ocr_line' id='line_1_93' title="bbox 1021 2048 1763 2086; baseline 0.001 -9"><span class='ocrx_word' id='word_1_439' title='bbox 1021 2052 1098 2077; x_wconf 92' lang='lat' dir='ltr'>ctum</span> <span class='ocrx_word' id='word_1_440' title='bbox 1116 2057 1301 2078; x_wconf 86' lang='lat' dir='ltr'>communem</span> <span class='ocrx_word' id='word_1_441' title='bbox 1326 2052 1488 2086; x_wconf 86' lang='lat' dir='ltr'>merentur,</span> <span class='ocrx_word' id='word_1_442' title='bbox 1507 2048 1671 2078; x_wconf 83' lang='lat' dir='ltr'>cuiusmodi</span> <span class='ocrx_word' id='word_1_443' title='bbox 1694 2053 1763 2079; x_wconf 86' lang='lat' dir='ltr'>sunt</span> 
     </span>
     <span class='ocr_line' id='line_1_94' title="bbox 1021 2096 1764 2136; baseline 0.001 -10"><span class='ocrx_word' id='word_1_444' title='bbox 1021 2106 1122 2127; x_wconf 88' lang='lat' dir='ltr'>omnes</span> <span class='ocrx_word' id='word_1_445' title='bbox 1155 2097 1197 2126; x_wconf 91' lang='lat' dir='ltr'>illi</span> <span class='ocrx_word' id='word_1_446' title='bbox 1230 2096 1280 2136; x_wconf 89' lang='lat' dir='ltr'>qui</span> <span class='ocrx_word' id='word_1_447' title='bbox 1313 2096 1398 2135; x_wconf 79' lang='lat' dir='ltr'>vulgo</span> <span class='ocrx_word' id='word_1_448' title='bbox 1427 2097 1546 2127; x_wconf 72' lang='lat' dir='ltr'>meletos</span> <span class='ocrx_word' id='word_1_449' title='bbox 1579 2101 1607 2127; x_wconf 90' lang='lat' dir='ltr'>et</span> <span class='ocrx_word' id='word_1_450' title='bbox 1639 2098 1764 2127; x_wconf 67' lang='lat' dir='ltr'>mestizos</span> 
     </span>
     <span class='ocr_line' id='line_1_95' title="bbox 1021 2145 1764 2186; baseline 0.001 -11"><span class='ocrx_word' id='word_1_451' title='bbox 1021 2146 1223 2186; x_wconf 78' lang='lat' dir='ltr'>appellantur,</span> <span class='ocrx_word' id='word_1_452' title='bbox 1247 2145 1394 2185; x_wconf 87' lang='lat' dir='ltr'>nimisque</span> <span class='ocrx_word' id='word_1_453' title='bbox 1418 2145 1556 2176; x_wconf 83' lang='lat' dir='ltr'>indecens</span> <span class='ocrx_word' id='word_1_454' title='bbox 1579 2146 1764 2176; x_wconf 81' lang='lat' dir='ltr'>existimetur</span> 
     </span>
     <span class='ocr_line' id='line_1_96' title="bbox 1022 2195 1762 2235; baseline -0.001 -10"><span class='ocrx_word' id='word_1_455' title='bbox 1022 2195 1097 2235; x_wconf 69' lang='lat' dir='ltr'>quod</span> <span class='ocrx_word' id='word_1_456' title='bbox 1120 2195 1181 2233; x_wconf 88' lang='lat' dir='ltr'>isti,</span> <span class='ocrx_word' id='word_1_457' title='bbox 1201 2195 1366 2225; x_wconf 87' lang='lat' dir='ltr'>animarum</span> <span class='ocrx_word' id='word_1_458' title='bbox 1389 2195 1524 2233; x_wconf 85' lang='lat' dir='ltr'>regimini</span> <span class='ocrx_word' id='word_1_459' title='bbox 1547 2195 1762 2231; x_wconf 82' lang='lat' dir='ltr'>incumbentes,</span> 
     </span>
     <span class='ocr_line' id='line_1_97' title="bbox 1022 2244 1765 2285; baseline -0.003 -10"><span class='ocrx_word' id='word_1_460' title='bbox 1022 2245 1205 2285; x_wconf 85' lang='lat' dir='ltr'>superiorum</span> <span class='ocrx_word' id='word_1_461' title='bbox 1229 2245 1312 2274; x_wconf 87' lang='lat' dir='ltr'>sedes</span> <span class='ocrx_word' id='word_1_462' title='bbox 1334 2254 1478 2284; x_wconf 84' lang='lat' dir='ltr'>occupare</span> <span class='ocrx_word' id='word_1_463' title='bbox 1508 2245 1665 2274; x_wconf 89' lang='lat' dir='ltr'>sinantur:</span> <span class='ocrx_word' id='word_1_464' title='bbox 1697 2244 1765 2274; x_wconf 91' lang='lat' dir='ltr'>stri-</span> 
     </span>
     <span class='ocr_line' id='line_1_98' title="bbox 1021 2293 1765 2333; baseline 0 -10"><span class='ocrx_word' id='word_1_465' title='bbox 1021 2298 1066 2324; x_wconf 81' lang='lat' dir='ltr'>cte</span> <span class='ocrx_word' id='word_1_466' title='bbox 1089 2293 1298 2333; x_wconf 85' lang='lat' dir='ltr'>praecipimus,</span> <span class='ocrx_word' id='word_1_467' title='bbox 1323 2293 1376 2324; x_wconf 90' lang='lat' dir='ltr'>sub</span> <span class='ocrx_word' id='word_1_468' title='bbox 1400 2294 1503 2333; x_wconf 91' lang='lat' dir='ltr'>poenis</span> <span class='ocrx_word' id='word_1_469' title='bbox 1529 2303 1542 2323; x_wconf 92' lang='lat' dir='ltr'>a</span> <span class='ocrx_word' id='word_1_470' title='bbox 1566 2294 1674 2323; x_wconf 89' lang='lat' dir='ltr'>nostris</span> <span class='ocrx_word' id='word_1_471' title='bbox 1697 2303 1765 2323; x_wconf 90' lang='lat' dir='ltr'>con-</span> 
     </span>
     <span class='ocr_line' id='line_1_99' title="bbox 1022 2342 1764 2382; baseline -0.003 -9"><span class='ocrx_word' id='word_1_472' title='bbox 1022 2342 1239 2381; x_wconf 88' lang='lat' dir='ltr'>stitutionibus,</span> <span class='ocrx_word' id='word_1_473' title='bbox 1275 2347 1351 2382; x_wconf 89' lang='lat' dir='ltr'>part.</span> <span class='ocrx_word' id='word_1_474' title='bbox 1376 2351 1406 2379; x_wconf 80' lang='lat'>11,</span> <span class='ocrx_word' id='word_1_475' title='bbox 1430 2352 1493 2381; x_wconf 87' lang='lat' dir='ltr'>cap.</span> <span class='ocrx_word' id='word_1_476' title='bbox 1519 2352 1537 2379; x_wconf 84' lang='grc' dir='ltr'>ι,</span> <span class='ocrx_word' id='word_1_477' title='bbox 1563 2352 1592 2371; x_wconf 90' lang='lat' dir='ltr'>n.</span> <span class='ocrx_word' id='word_1_478' title='bbox 1617 2351 1645 2371; x_wconf 91' lang='lat' dir='ltr'>1v</span> <span class='ocrx_word' id='word_1_479' title='bbox 1667 2346 1694 2372; x_wconf 88' lang='lat' dir='ltr'>et</span> <span class='ocrx_word' id='word_1_480' title='bbox 1717 2351 1764 2371; x_wconf 73' lang='lat' dir='ltr'>vm</span> 
     </span>
     <span class='ocr_line' id='line_1_100' title="bbox 1022 2390 1765 2430; baseline -0.003 -9"><span class='ocrx_word' id='word_1_481' title='bbox 1022 2396 1123 2421; x_wconf 88' lang='lat' dir='ltr'>contra</span> <span class='ocrx_word' id='word_1_482' title='bbox 1156 2391 1302 2421; x_wconf 86' lang='lat' dir='ltr'>inhabiles</span> <span class='ocrx_word' id='word_1_483' title='bbox 1335 2391 1523 2430; x_wconf 80' lang='lat' dir='ltr'>recipienteS‚</span> <span class='ocrx_word' id='word_1_484' title='bbox 1548 2394 1579 2419; x_wconf 91' lang='lat' dir='ltr'>ut</span> <span class='ocrx_word' id='word_1_485' title='bbox 1603 2392 1675 2419; x_wconf 89' lang='lat' dir='ltr'>tales</span> <span class='ocrx_word' id='word_1_486' title='bbox 1711 2390 1765 2419; x_wconf 90' lang='lat' dir='ltr'>im-</span> 
     </span>
     <span class='ocr_line' id='line_1_101' title="bbox 1023 2438 1765 2479; baseline -0.003 -10"><span class='ocrx_word' id='word_1_487' title='bbox 1023 2444 1170 2479; x_wconf 87' lang='lat' dir='ltr'>posterum</span> <span class='ocrx_word' id='word_1_488' title='bbox 1195 2440 1229 2469; x_wconf 88' lang='lat' dir='ltr'>ad</span> <span class='ocrx_word' id='word_1_489' title='bbox 1255 2439 1386 2469; x_wconf 85' lang='lat' dir='ltr'>habitum</span> <span class='ocrx_word' id='word_1_490' title='bbox 1409 2439 1562 2477; x_wconf 71' lang='lat' dir='ltr'>religionis</span> <span class='ocrx_word' id='word_1_491' title='bbox 1581 2448 1638 2468; x_wconf 89' lang='lat' dir='ltr'>non</span> <span class='ocrx_word' id='word_1_492' title='bbox 1661 2438 1765 2468; x_wconf 84' lang='lat' dir='ltr'>admit-</span> 
     </span>
     <span class='ocr_line' id='line_1_102' title="bbox 1023 2487 1764 2527; baseline -0.003 -8"><span class='ocrx_word' id='word_1_493' title='bbox 1023 2493 1137 2527; x_wconf 83' lang='lat' dir='ltr'>tantur3</span> <span class='ocrx_word' id='word_1_494' title='bbox 1162 2490 1185 2518; x_wconf 88' lang='lat' dir='ltr'>si</span> <span class='ocrx_word' id='word_1_495' title='bbox 1210 2498 1276 2518; x_wconf 90' lang='lat' dir='ltr'>vero</span> <span class='ocrx_word' id='word_1_496' title='bbox 1299 2492 1398 2518; x_wconf 85' lang='lat' dir='ltr'>contra</span> <span class='ocrx_word' id='word_1_497' title='bbox 1422 2488 1476 2517; x_wconf 87' lang='lat' dir='ltr'>hoc</span> <span class='ocrx_word' id='word_1_498' title='bbox 1498 2488 1649 2517; x_wconf 86' lang='lat' dir='ltr'>decretum</span> <span class='ocrx_word' id='word_1_499' title='bbox 1673 2487 1764 2526; x_wconf 84' lang='lat' dir='ltr'>recipi</span> 
     </span>
     <span class='ocr_line' id='line_1_103' title="bbox 1023 2535 1764 2577; baseline -0.003 -10"><span class='ocrx_word' id='word_1_500' title='bbox 1023 2537 1181 2577; x_wconf 82' lang='lat' dir='ltr'>aliquando</span> <span class='ocrx_word' id='word_1_501' title='bbox 1205 2537 1371 2574; x_wconf 76' lang='lat' dir='ltr'>contigerit,</span> <span class='ocrx_word' id='word_1_502' title='bbox 1395 2536 1510 2566; x_wconf 85' lang='lat' dir='ltr'>irritam</span> <span class='ocrx_word' id='word_1_503' title='bbox 1528 2540 1556 2565; x_wconf 88' lang='lat' dir='ltr'>et</span> <span class='ocrx_word' id='word_1_504' title='bbox 1571 2535 1681 2565; x_wconf 90' lang='lat' dir='ltr'>nullam</span> <span class='ocrx_word' id='word_1_505' title='bbox 1700 2535 1764 2574; x_wconf 80' lang='lat' dir='ltr'>ipso</span> 
     </span>
     <span class='ocr_line' id='line_1_104' title="bbox 1023 2584 1765 2626; baseline -0.003 -9"><span class='ocrx_word' id='word_1_506' title='bbox 1023 2587 1097 2617; x_wconf 80' lang='lat' dir='ltr'>sacto</span> <span class='ocrx_word' id='word_1_507' title='bbox 1120 2586 1319 2626; x_wconf 85' lang='lat' dir='ltr'>receptionem</span> <span class='ocrx_word' id='word_1_508' title='bbox 1341 2589 1370 2616; x_wconf 91' lang='lat' dir='ltr'>et</span> <span class='ocrx_word' id='word_1_509' title='bbox 1392 2585 1603 2626; x_wconf 81' lang='lat' dir='ltr'>professionem</span> <span class='ocrx_word' id='word_1_510' title='bbox 1632 2585 1693 2617; x_wconf 83' lang='lat' dir='ltr'>sore</span> <span class='ocrx_word' id='word_1_511' title='bbox 1715 2584 1765 2616; x_wconf 85' lang='lat' dir='ltr'>de-</span> 
     </span>
    </p>
   </div>
   <div class='ocr_carea' id='block_1_19' title="bbox 1655 181 1957 219">
    <p class='ocr_par' dir='ltr' id='par_1_25' title="bbox 1655 181 1957 219">
     <span class='ocr_line' id='line_1_105' title="bbox 1655 181 1957 219; baseline 0.017 -5"><span class='ocrx_word' id='word_1_512' title='bbox 1655 181 1719 214; x_wconf 74' lang='lat'>569</span> <span class='ocrx_word' id='word_1_513' title='bbox 1768 191 1820 219; x_wconf 74' lang='lat' dir='ltr'>An.</span> <span class='ocrx_word' id='word_1_514' title='bbox 1838 191 1867 218; x_wconf 83' lang='lat' dir='ltr'>c.</span> <span class='ocrx_word' id='word_1_515' title='bbox 1890 192 1957 218; x_wconf 64' lang='lat' dir='ltr'>ms</span> 
     </span>
    </p>
   </div>
   <div class='ocr_carea' id='block_1_20' title="bbox 1775 1208 1960 1416">
    <p class='ocr_par' dir='ltr' id='par_1_26' title="bbox 1775 1208 1960 1416">
     <span class='ocr_line' id='line_1_106' title="bbox 1829 1208 1958 1234; baseline -0.016 -5"><span class='ocrx_word' id='word_1_516' title='bbox 1829 1209 1849 1229; x_wconf 87' lang='lat' dir='ltr'>lu</span> <span class='ocrx_word' id='word_1_517' title='bbox 1865 1208 1958 1234; x_wconf 81' lang='lat' dir='ltr'>capitulo</span> 
     </span>
     <span class='ocr_line' id='line_1_107' title="bbox 1775 1236 1959 1261; baseline -0.005 -6"><span class='ocrx_word' id='word_1_518' title='bbox 1775 1236 1868 1261; x_wconf 73' lang='lat' dir='ltr'>generali</span> <span class='ocrx_word' id='word_1_519' title='bbox 1885 1237 1959 1255; x_wconf 75' lang='lat' dir='ltr'>Arimi-</span> 
     </span>
     <span class='ocr_line' id='line_1_108' title="bbox 1775 1262 1958 1286; baseline -0.005 -5"><span class='ocrx_word' id='word_1_520' title='bbox 1775 1262 1834 1282; x_wconf 61' lang='lat' dir='ltr'>nensi</span> <span class='ocrx_word' id='word_1_521' title='bbox 1851 1262 1958 1286; x_wconf 73' lang='lat' dir='ltr'>approba-</span> 
     </span>
     <span class='ocr_line' id='line_1_109' title="bbox 1776 1288 1959 1311; baseline 0 -4"><span class='ocrx_word' id='word_1_522' title='bbox 1776 1291 1818 1308; x_wconf 85' lang='lat' dir='ltr'>tum</span> <span class='ocrx_word' id='word_1_523' title='bbox 1837 1288 1944 1308; x_wconf 68' lang='lat' dir='ltr'>decretum</span> <span class='ocrx_word' id='word_1_524' title='bbox 1954 1303 1959 1311; x_wconf 81' lang='grc'><strong>,</strong></span> 
     </span>
     <span class='ocr_line' id='line_1_110' title="bbox 1776 1317 1960 1340; baseline -0.005 -6"><span class='ocrx_word' id='word_1_525' title='bbox 1776 1321 1818 1340; x_wconf 60' lang='grc' dir='ltr'>(μιν)</span> <span class='ocrx_word' id='word_1_526' title='bbox 1829 1317 1916 1334; x_wconf 72' lang='lat' dir='ltr'>cavetur</span> <span class='ocrx_word' id='word_1_527' title='bbox 1929 1321 1960 1333; x_wconf 73' lang='lat' dir='ltr'>re-</span> 
     </span>
     <span class='ocr_line' id='line_1_111' title="bbox 1776 1340 1960 1365; baseline -0.005 -5"><span class='ocrx_word' id='word_1_528' title='bbox 1776 1342 1816 1365; x_wconf 72' lang='lat' dir='ltr'>tipi</span> <span class='ocrx_word' id='word_1_529' title='bbox 1840 1341 1858 1360; x_wconf 88' lang='lat' dir='ltr'>in</span> <span class='ocrx_word' id='word_1_530' title='bbox 1880 1340 1960 1360; x_wconf 78' lang='lat' dir='ltr'>Ordine</span> 
     </span>
     <span class='ocr_line' id='line_1_112' title="bbox 1777 1366 1960 1389; baseline -0.005 -1"><span class='ocrx_word' id='word_1_531' title='bbox 1777 1367 1867 1388; x_wconf 60' lang='lat' dir='ltr'>Manuos</span> <span class='ocrx_word' id='word_1_532' title='bbox 1883 1370 1903 1389; x_wconf 74' lang='lat' dir='ltr'>et</span> <span class='ocrx_word' id='word_1_533' title='bbox 1919 1366 1960 1387; x_wconf 76' lang='lat' dir='ltr'>Mc·</span> 
     </span>
     <span class='ocr_line' id='line_1_113' title="bbox 1776 1398 1846 1416; baseline -0.014 0"><span class='ocrx_word' id='word_1_534' title='bbox 1776 1398 1846 1416; x_wconf 60' lang='lat' dir='ltr'>§tuo-&lt;-</span> 
     </span>
    </p>
   </div>
  </div>
 </body>
</html>
