<?xml version="1.0" encoding="UTF-8"?>
<!DOCTYPE html PUBLIC "-//W3C//DTD XHTML 1.0 Transitional//EN"
    "http://www.w3.org/TR/xhtml1/DTD/xhtml1-transitional.dtd">
<html xmlns="http://www.w3.org/1999/xhtml" xml:lang="en" lang="en">
 <head>
  <title>
</title>
<meta http-equiv="Content-Type" content="text/html;charset=utf-8" />
  <meta name='ocr-system' content='tesseract 3.04.00' />
  <meta name='ocr-capabilities' content='ocr_page ocr_carea ocr_par ocr_line ocrx_word'/>
</head>
<body>
  <div class='ocr_page' id='page_1' title='image "./bullarumdiplomat24cath_0519.png"; bbox 0 0 2232 3178; ppageno 0'>
   <div class='ocr_carea' id='block_1_1' title="bbox 10 2192 19 2702">
    <p class='ocr_par' dir='ltr' id='par_1_1' title="bbox 10 2192 19 2702">
     <span class='ocr_line' id='line_1_1' title="bbox 10 2192 19 2702; baseline 0 0"><span class='ocrx_word' id='word_1_1' title='bbox 10 2192 19 2702; x_wconf 95' lang='lat' dir='ltr'> </span> 
     </span>
    </p>
   </div>
   <div class='ocr_carea' id='block_1_2' title="bbox 48 213 985 2600">
    <p class='ocr_par' dir='ltr' id='par_1_2' title="bbox 48 213 980 1156">
     <span class='ocr_line' id='line_1_2' title="bbox 48 213 237 258; baseline -0.026 -2"><span class='ocrx_word' id='word_1_2' title='bbox 48 213 97 258; x_wconf 66' lang='grc' dir='ltr'>Αἠ.</span> <span class='ocrx_word' id='word_1_3' title='bbox 118 227 147 253; x_wconf 91' lang='lat' dir='ltr'>c.</span> <span class='ocrx_word' id='word_1_4' title='bbox 171 224 237 252; x_wconf 61' lang='grc'>1738</span> 
     </span>
     <span class='ocr_line' id='line_1_3' title="bbox 279 272 978 315; baseline -0.003 -10"><span class='ocrx_word' id='word_1_5' title='bbox 279 272 294 315; x_wconf 66' lang='lat' dir='ltr'>g</span> <span class='ocrx_word' id='word_1_6' title='bbox 319 272 351 306; x_wconf 82' lang='lat'>3.</span> <span class='ocrx_word' id='word_1_7' title='bbox 374 272 447 312; x_wconf 89' lang='lat' dir='ltr'>Nos,</span> <span class='ocrx_word' id='word_1_8' title='bbox 466 272 572 315; x_wconf 87' lang='lat' dir='ltr'>ipsum</span> <span class='ocrx_word' id='word_1_9' title='bbox 597 272 797 305; x_wconf 87' lang='lat' dir='ltr'>modernum</span> <span class='ocrx_word' id='word_1_10' title='bbox 824 281 978 315; x_wconf 86' lang='lat' dir='ltr'>procura-</span> 
     </span>
     <span class='ocr_line' id='line_1_4' title="bbox 235 324 979 368; baseline -0.003 -10"><span class='ocrx_word' id='word_1_11' title='bbox 235 331 338 358; x_wconf 88' lang='lat' dir='ltr'>torem</span> <span class='ocrx_word' id='word_1_12' title='bbox 358 326 544 368; x_wconf 82' lang='lat' dir='ltr'>generalem</span> <span class='ocrx_word' id='word_1_13' title='bbox 561 325 757 368; x_wconf 79' lang='lat' dir='ltr'>specialibus</span> <span class='ocrx_word' id='word_1_14' title='bbox 773 324 936 357; x_wconf 80' lang='lat' dir='ltr'>favoribus</span> <span class='ocrx_word' id='word_1_15' title='bbox 948 330 979 356; x_wconf 88' lang='lat' dir='ltr'>et</span> 
     </span>
     <span class='ocr_line' id='line_1_5' title="bbox 235 376 980 422; baseline -0.003 -12"><span class='ocrx_word' id='word_1_16' title='bbox 235 378 346 421; x_wconf 86' lang='lat' dir='ltr'>gratiis</span> <span class='ocrx_word' id='word_1_17' title='bbox 359 378 514 422; x_wconf 78' lang='lat' dir='ltr'>prosequi</span> <span class='ocrx_word' id='word_1_18' title='bbox 538 379 697 418; x_wconf 80' lang='lat' dir='ltr'>volentes,</span> <span class='ocrx_word' id='word_1_19' title='bbox 713 383 744 410; x_wconf 87' lang='lat' dir='ltr'>et</span> <span class='ocrx_word' id='word_1_20' title='bbox 770 389 786 410; x_wconf 91' lang='lat' dir='ltr'>a</span> <span class='ocrx_word' id='word_1_21' title='bbox 812 376 980 420; x_wconf 73' lang='lat' dir='ltr'>quibusvis</span> 
     </span>
     <span class='ocr_line' id='line_1_6' title="bbox 234 430 980 474; baseline -0.004 -10"><span class='ocrx_word' id='word_1_22' title='bbox 234 431 580 464; x_wconf 74' lang='lat' dir='ltr'>excommunicationis</span> <span class='ocrx_word' id='word_1_23' title='bbox 597 458 604 471; x_wconf 99' lang='lat'>,</span> <span class='ocrx_word' id='word_1_24' title='bbox 629 430 854 474; x_wconf 75' lang='lat' dir='ltr'>suspensionis</span> <span class='ocrx_word' id='word_1_25' title='bbox 881 436 912 463; x_wconf 86' lang='lat' dir='ltr'>et</span> <span class='ocrx_word' id='word_1_26' title='bbox 936 430 980 461; x_wconf 88' lang='lat' dir='ltr'>in-</span> 
     </span>
     <span class='ocr_line' id='line_1_7' title="bbox 235 482 979 529; baseline -0.003 -13"><span class='ocrx_word' id='word_1_27' title='bbox 235 484 372 524; x_wconf 86' lang='lat' dir='ltr'>terdicti,</span> <span class='ocrx_word' id='word_1_28' title='bbox 392 485 528 528; x_wconf 88' lang='lat' dir='ltr'>aliisque</span> <span class='ocrx_word' id='word_1_29' title='bbox 547 484 776 518; x_wconf 86' lang='lat' dir='ltr'>ecclesiasticis</span> <span class='ocrx_word' id='word_1_30' title='bbox 797 482 979 529; x_wconf 70' lang='lat' dir='ltr'>sententiis,</span> 
     </span>
     <span class='ocr_line' id='line_1_8' title="bbox 234 536 980 580; baseline -0.003 -11"><span class='ocrx_word' id='word_1_31' title='bbox 234 537 378 570; x_wconf 81' lang='lat' dir='ltr'>censuris</span> <span class='ocrx_word' id='word_1_32' title='bbox 404 543 435 570; x_wconf 90' lang='lat' dir='ltr'>et</span> <span class='ocrx_word' id='word_1_33' title='bbox 460 537 593 580; x_wconf 84' lang='lat' dir='ltr'>poenis,</span> <span class='ocrx_word' id='word_1_34' title='bbox 621 547 640 569; x_wconf 88' lang='lat' dir='ltr'>a</span> <span class='ocrx_word' id='word_1_35' title='bbox 673 537 743 570; x_wconf 85' lang='lat' dir='ltr'>iure</span> <span class='ocrx_word' id='word_1_36' title='bbox 768 537 817 569; x_wconf 91' lang='lat' dir='ltr'>vel</span> <span class='ocrx_word' id='word_1_37' title='bbox 844 537 882 568; x_wconf 84' lang='lat' dir='ltr'>ab</span> <span class='ocrx_word' id='word_1_38' title='bbox 922 536 980 568; x_wconf 85' lang='lat' dir='ltr'>lio-</span> 
     </span>
     <span class='ocr_line' id='line_1_9' title="bbox 233 589 980 633; baseline -0.003 -11"><span class='ocrx_word' id='word_1_39' title='bbox 233 590 320 622; x_wconf 83' lang='lat' dir='ltr'>mine</span> <span class='ocrx_word' id='word_1_40' title='bbox 338 617 345 630; x_wconf 86' lang='lat'><strong>‚</strong></span> <span class='ocrx_word' id='word_1_41' title='bbox 370 591 481 633; x_wconf 85' lang='lat' dir='ltr'>quavis</span> <span class='ocrx_word' id='word_1_42' title='bbox 505 590 680 623; x_wconf 79' lang='lat' dir='ltr'>occasione</span> <span class='ocrx_word' id='word_1_43' title='bbox 705 591 754 622; x_wconf 84' lang='lat' dir='ltr'>vel</span> <span class='ocrx_word' id='word_1_44' title='bbox 780 591 876 622; x_wconf 75' lang='lat' dir='ltr'>causa</span> <span class='ocrx_word' id='word_1_45' title='bbox 897 589 980 628; x_wconf 86' lang='lat' dir='ltr'>latis,</span> 
     </span>
     <span class='ocr_line' id='line_1_10' title="bbox 234 642 980 686; baseline 0 -12"><span class='ocrx_word' id='word_1_46' title='bbox 234 643 261 675; x_wconf 88' lang='lat' dir='ltr'>si</span> <span class='ocrx_word' id='word_1_47' title='bbox 287 643 404 686; x_wconf 89' lang='lat' dir='ltr'>quibus</span> <span class='ocrx_word' id='word_1_48' title='bbox 428 643 676 686; x_wconf 86' lang='lat' dir='ltr'>quomodolibet</span> <span class='ocrx_word' id='word_1_49' title='bbox 700 643 874 676; x_wconf 77' lang='lat' dir='ltr'>innodatus</span> <span class='ocrx_word' id='word_1_50' title='bbox 913 642 980 674; x_wconf 83' lang='lat' dir='ltr'>exi-</span> 
     </span>
     <span class='ocr_line' id='line_1_11' title="bbox 234 695 980 739; baseline -0.001 -12"><span class='ocrx_word' id='word_1_51' title='bbox 234 696 301 735; x_wconf 89' lang='lat' dir='ltr'>stit,</span> <span class='ocrx_word' id='word_1_52' title='bbox 323 696 361 729; x_wconf 84' lang='lat' dir='ltr'>ad</span> <span class='ocrx_word' id='word_1_53' title='bbox 389 695 540 729; x_wconf 75' lang='lat' dir='ltr'>effectum</span> <span class='ocrx_word' id='word_1_54' title='bbox 569 696 791 739; x_wconf 84' lang='lat' dir='ltr'>praesentium</span> <span class='ocrx_word' id='word_1_55' title='bbox 815 695 980 727; x_wconf 74' lang='lat' dir='ltr'>dumtaxat</span> 
     </span>
     <span class='ocr_line' id='line_1_12' title="bbox 233 747 980 792; baseline -0.003 -10"><span class='ocrx_word' id='word_1_56' title='bbox 233 750 523 792; x_wconf 84' lang='lat' dir='ltr'>consequendum,</span> <span class='ocrx_word' id='word_1_57' title='bbox 553 750 666 782; x_wconf 88' lang='lat' dir='ltr'>harum</span> <span class='ocrx_word' id='word_1_58' title='bbox 693 749 777 781; x_wconf 90' lang='lat' dir='ltr'>serie</span> <span class='ocrx_word' id='word_1_59' title='bbox 811 747 980 782; x_wconf 84' lang='lat' dir='ltr'>absolven-</span> 
     </span>
     <span class='ocr_line' id='line_1_13' title="bbox 233 802 980 845; baseline -0.003 -9"><span class='ocrx_word' id='word_1_60' title='bbox 233 808 283 836; x_wconf 89' lang='lat' dir='ltr'>tes</span> <span class='ocrx_word' id='word_1_61' title='bbox 306 808 337 836; x_wconf 87' lang='lat' dir='ltr'>et</span> <span class='ocrx_word' id='word_1_62' title='bbox 362 802 562 836; x_wconf 80' lang='lat' dir='ltr'>absolutum¹</span> <span class='ocrx_word' id='word_1_63' title='bbox 592 803 661 836; x_wconf 90' lang='lat' dir='ltr'>sore</span> <span class='ocrx_word' id='word_1_64' title='bbox 691 807 877 843; x_wconf 78' lang='lat' dir='ltr'>censentes,</span> <span class='ocrx_word' id='word_1_65' title='bbox 905 812 980 845; x_wconf 87' lang='lat' dir='ltr'>sup-</span> 
     </span>
     <span class='ocr_line' id='line_1_14' title="bbox 231 855 979 900; baseline -0.001 -11"><span class='ocrx_word' id='word_1_66' title='bbox 231 856 467 900; x_wconf 87' lang='lat' dir='ltr'>plicationibus</span> <span class='ocrx_word' id='word_1_67' title='bbox 493 856 563 889; x_wconf 87' lang='lat' dir='ltr'>eius</span> <span class='ocrx_word' id='word_1_68' title='bbox 592 855 726 888; x_wconf 90' lang='lat' dir='ltr'>nomine</span> <span class='ocrx_word' id='word_1_69' title='bbox 755 856 850 888; x_wconf 89' lang='lat' dir='ltr'>nobis</span> <span class='ocrx_word' id='word_1_70' title='bbox 879 866 979 899; x_wconf 86' lang='lat' dir='ltr'>super</span> 
     </span>
     <span class='ocr_line' id='line_1_15' title="bbox 232 908 979 952; baseline -0.001 -10"><span class='ocrx_word' id='word_1_71' title='bbox 232 909 297 942; x_wconf 91' lang='lat' dir='ltr'>hoc</span> <span class='ocrx_word' id='word_1_72' title='bbox 329 909 498 942; x_wconf 88' lang='lat' dir='ltr'>humiliter</span> <span class='ocrx_word' id='word_1_73' title='bbox 522 908 682 952; x_wconf 83' lang='lat' dir='ltr'>porrectis</span> <span class='ocrx_word' id='word_1_74' title='bbox 715 908 888 949; x_wconf 83' lang='lat' dir='ltr'>inclinati,</span> <span class='ocrx_word' id='word_1_75' title='bbox 923 909 979 941; x_wconf 90' lang='lat' dir='ltr'>de-</span> 
     </span>
     <span class='ocr_line' id='line_1_16' title="bbox 233 961 978 1006; baseline 0 -11"><span class='ocrx_word' id='word_1_76' title='bbox 233 968 353 995; x_wconf 89' lang='lat' dir='ltr'>cretum</span> <span class='ocrx_word' id='word_1_77' title='bbox 372 963 619 1006; x_wconf 88' lang='lat' dir='ltr'>praeinsertum,</span> <span class='ocrx_word' id='word_1_78' title='bbox 639 961 831 996; x_wconf 88' lang='lat' dir='ltr'>auctoritate</span> <span class='ocrx_word' id='word_1_79' title='bbox 850 968 978 1005; x_wconf 83' lang='lat' dir='ltr'>aposto-</span> 
     </span>
     <span class='ocr_line' id='line_1_17' title="bbox 232 1015 977 1059; baseline -0.003 -10"><span class='ocrx_word' id='word_1_80' title='bbox 232 1016 314 1056; x_wconf 75' lang='lat' dir='ltr'>lica,</span> <span class='ocrx_word' id='word_1_81' title='bbox 343 1022 456 1049; x_wconf 85' lang='lat' dir='ltr'>tenore</span> <span class='ocrx_word' id='word_1_82' title='bbox 480 1016 718 1059; x_wconf 86' lang='lat' dir='ltr'>praesentium,</span> <span class='ocrx_word' id='word_1_83' title='bbox 747 1015 977 1048; x_wconf 75' lang='lat' dir='ltr'>confirmamus</span> 
     </span>
     <span class='ocr_line' id='line_1_18' title="bbox 233 1069 978 1113; baseline -0.001 -11"><span class='ocrx_word' id='word_1_84' title='bbox 233 1075 266 1102; x_wconf 89' lang='lat' dir='ltr'>et</span> <span class='ocrx_word' id='word_1_85' title='bbox 282 1070 511 1113; x_wconf 85' lang='lat' dir='ltr'>approbamus,</span> <span class='ocrx_word' id='word_1_86' title='bbox 537 1070 649 1113; x_wconf 88' lang='lat' dir='ltr'>illique</span> <span class='ocrx_word' id='word_1_87' title='bbox 675 1069 875 1102; x_wconf 84' lang='lat' dir='ltr'>inviolabilis</span> <span class='ocrx_word' id='word_1_88' title='bbox 902 1080 978 1112; x_wconf 87' lang='lat' dir='ltr'>apo-</span> 
     </span>
     <span class='ocr_line' id='line_1_19' title="bbox 234 1122 865 1156; baseline -0.002 -1"><span class='ocrx_word' id='word_1_89' title='bbox 234 1122 365 1155; x_wconf 89' lang='lat' dir='ltr'>stolicae</span> <span class='ocrx_word' id='word_1_90' title='bbox 384 1122 544 1155; x_wconf 80' lang='lat' dir='ltr'>firmitatis</span> <span class='ocrx_word' id='word_1_91' title='bbox 566 1123 666 1156; x_wconf 89' lang='lat' dir='ltr'>robur</span> <span class='ocrx_word' id='word_1_92' title='bbox 683 1122 865 1155; x_wconf 77' lang='lat' dir='ltr'>adiicimus.</span> 
     </span>
    </p>

    <p class='ocr_par' dir='ltr' id='par_1_3' title="bbox 233 1175 981 1963">
     <span class='ocr_line' id='line_1_20' title="bbox 278 1175 979 1219; baseline 0 -11"><span class='ocrx_word' id='word_1_93' title='bbox 278 1176 293 1218; x_wconf 68' lang='lat'>5</span> <span class='ocrx_word' id='word_1_94' title='bbox 317 1175 349 1208; x_wconf 72' lang='lat'>4.</span> <span class='ocrx_word' id='word_1_95' title='bbox 376 1176 609 1216; x_wconf 79' lang='lat' dir='ltr'>DecernenteS,</span> <span class='ocrx_word' id='word_1_96' title='bbox 638 1176 764 1209; x_wconf 87' lang='lat' dir='ltr'>easdem</span> <span class='ocrx_word' id='word_1_97' title='bbox 790 1181 979 1219; x_wconf 82' lang='lat' dir='ltr'>praesentes</span> 
     </span>
     <span class='ocr_line' id='line_1_21' title="bbox 234 1229 979 1273; baseline -0.001 -11"><span class='ocrx_word' id='word_1_98' title='bbox 234 1229 360 1262; x_wconf 87' lang='lat' dir='ltr'>litteras</span> <span class='ocrx_word' id='word_1_99' title='bbox 388 1239 517 1273; x_wconf 84' lang='lat' dir='ltr'>semper</span> <span class='ocrx_word' id='word_1_100' title='bbox 541 1229 660 1269; x_wconf 83' lang='lat' dir='ltr'>firmas,</span> <span class='ocrx_word' id='word_1_101' title='bbox 679 1229 802 1262; x_wconf 86' lang='lat' dir='ltr'>validas</span> <span class='ocrx_word' id='word_1_102' title='bbox 825 1234 857 1262; x_wconf 90' lang='lat' dir='ltr'>et</span> <span class='ocrx_word' id='word_1_103' title='bbox 875 1229 979 1261; x_wconf 84' lang='lat' dir='ltr'>effica-</span> 
     </span>
     <span class='ocr_line' id='line_1_22' title="bbox 235 1282 980 1325; baseline -0.001 -10"><span class='ocrx_word' id='word_1_104' title='bbox 235 1293 290 1315; x_wconf 85' lang='lat' dir='ltr'>ces</span> <span class='ocrx_word' id='word_1_105' title='bbox 305 1282 442 1315; x_wconf 75' lang='lat' dir='ltr'>existere</span> <span class='ocrx_word' id='word_1_106' title='bbox 464 1288 495 1315; x_wconf 93' lang='lat' dir='ltr'>et</span> <span class='ocrx_word' id='word_1_107' title='bbox 509 1283 591 1322; x_wconf 89' lang='lat' dir='ltr'>sore,</span> <span class='ocrx_word' id='word_1_108' title='bbox 608 1293 749 1325; x_wconf 89' lang='lat' dir='ltr'>suosque</span> <span class='ocrx_word' id='word_1_109' title='bbox 765 1282 932 1324; x_wconf 87' lang='lat' dir='ltr'>plenarios</span> <span class='ocrx_word' id='word_1_110' title='bbox 948 1287 980 1315; x_wconf 88' lang='lat' dir='ltr'>et</span> 
     </span>
     <span class='ocr_line' id='line_1_23' title="bbox 234 1335 979 1378; baseline 0 -10"><span class='ocrx_word' id='word_1_111' title='bbox 234 1336 381 1378; x_wconf 83' lang='lat' dir='ltr'>integros</span> <span class='ocrx_word' id='word_1_112' title='bbox 407 1335 540 1369; x_wconf 78' lang='lat' dir='ltr'>effectus</span> <span class='ocrx_word' id='word_1_113' title='bbox 565 1335 677 1368; x_wconf 87' lang='lat' dir='ltr'>sortiri</span> <span class='ocrx_word' id='word_1_114' title='bbox 704 1341 737 1368; x_wconf 86' lang='lat' dir='ltr'>et</span> <span class='ocrx_word' id='word_1_115' title='bbox 761 1335 922 1375; x_wconf 87' lang='lat' dir='ltr'>obtinere,</span> <span class='ocrx_word' id='word_1_116' title='bbox 943 1346 979 1368; x_wconf 87' lang='lat' dir='ltr'>ac</span> 
     </span>
     <span class='ocr_line' id='line_1_24' title="bbox 233 1388 978 1432; baseline -0.001 -11"><span class='ocrx_word' id='word_1_117' title='bbox 233 1388 317 1428; x_wconf 86' lang='lat' dir='ltr'>illis,</span> <span class='ocrx_word' id='word_1_118' title='bbox 342 1389 382 1421; x_wconf 90' lang='lat' dir='ltr'>ad</span> <span class='ocrx_word' id='word_1_119' title='bbox 407 1399 490 1432; x_wconf 87' lang='lat' dir='ltr'>quos</span> <span class='ocrx_word' id='word_1_120' title='bbox 517 1393 644 1431; x_wconf 83' lang='lat' dir='ltr'>spectat</span> <span class='ocrx_word' id='word_1_121' title='bbox 677 1393 710 1421; x_wconf 86' lang='lat' dir='ltr'>ct</span> <span class='ocrx_word' id='word_1_122' title='bbox 741 1398 800 1431; x_wconf 88' lang='lat' dir='ltr'>pro</span> <span class='ocrx_word' id='word_1_123' title='bbox 832 1394 978 1431; x_wconf 83' lang='lat' dir='ltr'>tempore</span> 
     </span>
     <span class='ocr_line' id='line_1_25' title="bbox 234 1441 980 1485; baseline 0.003 -13"><span class='ocrx_word' id='word_1_124' title='bbox 234 1442 515 1485; x_wconf 59' lang='lat' dir='ltr'>quandocumque„</span> <span class='ocrx_word' id='word_1_125' title='bbox 533 1441 706 1485; x_wconf 83' lang='lat' dir='ltr'>spectabit,</span> <span class='ocrx_word' id='word_1_126' title='bbox 726 1441 757 1474; x_wconf 93' lang='lat' dir='ltr'>in</span> <span class='ocrx_word' id='word_1_127' title='bbox 778 1442 930 1474; x_wconf 91' lang='lat' dir='ltr'>omnibus</span> <span class='ocrx_word' id='word_1_128' title='bbox 949 1447 980 1474; x_wconf 87' lang='lat' dir='ltr'>et</span> 
     </span>
     <span class='ocr_line' id='line_1_26' title="bbox 234 1493 978 1538; baseline -0.001 -11"><span class='ocrx_word' id='word_1_129' title='bbox 234 1504 295 1538; x_wconf 85' lang='lat' dir='ltr'>per</span> <span class='ocrx_word' id='word_1_130' title='bbox 319 1494 429 1527; x_wconf 85' lang='lat' dir='ltr'>omnia</span> <span class='ocrx_word' id='word_1_131' title='bbox 450 1494 638 1537; x_wconf 82' lang='lat' dir='ltr'>plenissime</span> <span class='ocrx_word' id='word_1_132' title='bbox 660 1493 850 1537; x_wconf 72' lang='lat' dir='ltr'>suffragari,</span> <span class='ocrx_word' id='word_1_133' title='bbox 875 1499 908 1527; x_wconf 87' lang='lat' dir='ltr'>et</span> <span class='ocrx_word' id='word_1_134' title='bbox 940 1494 978 1526; x_wconf 91' lang='lat' dir='ltr'>ab</span> 
     </span>
     <span class='ocr_line' id='line_1_27' title="bbox 236 1547 978 1591; baseline 0 -11"><span class='ocrx_word' id='word_1_135' title='bbox 236 1547 282 1580; x_wconf 87' lang='lat' dir='ltr'>cis</span> <span class='ocrx_word' id='word_1_136' title='bbox 314 1548 495 1591; x_wconf 81' lang='lat' dir='ltr'>respective</span> <span class='ocrx_word' id='word_1_137' title='bbox 526 1547 758 1581; x_wconf 78' lang='lat' dir='ltr'>inviolabiliter</span> <span class='ocrx_word' id='word_1_138' title='bbox 795 1548 978 1588; x_wconf 77' lang='lat' dir='ltr'>observari,</span> 
     </span>
     <span class='ocr_line' id='line_1_28' title="bbox 235 1600 979 1645; baseline 0.001 -12"><span class='ocrx_word' id='word_1_139' title='bbox 235 1601 346 1644; x_wconf 88' lang='lat' dir='ltr'>sicque</span> <span class='ocrx_word' id='word_1_140' title='bbox 376 1601 409 1633; x_wconf 91' lang='lat' dir='ltr'>in</span> <span class='ocrx_word' id='word_1_141' title='bbox 445 1600 631 1644; x_wconf 83' lang='lat' dir='ltr'>praemissis</span> <span class='ocrx_word' id='word_1_142' title='bbox 665 1611 723 1644; x_wconf 80' lang='lat' dir='ltr'>per</span> <span class='ocrx_word' id='word_1_143' title='bbox 755 1611 979 1645; x_wconf 87' lang='lat' dir='ltr'>quoscumque</span> 
     </span>
     <span class='ocr_line' id='line_1_29' title="bbox 235 1653 980 1697; baseline 0.003 -12"><span class='ocrx_word' id='word_1_144' title='bbox 235 1653 359 1687; x_wconf 91' lang='lat' dir='ltr'>iudices</span> <span class='ocrx_word' id='word_1_145' title='bbox 392 1654 576 1687; x_wconf 86' lang='lat' dir='ltr'>ordinarios</span> <span class='ocrx_word' id='word_1_146' title='bbox 601 1659 634 1687; x_wconf 84' lang='lat' dir='ltr'>et</span> <span class='ocrx_word' id='word_1_147' title='bbox 659 1654 848 1697; x_wconf 83' lang='lat' dir='ltr'>delegatos,</span> <span class='ocrx_word' id='word_1_148' title='bbox 883 1654 980 1687; x_wconf 84' lang='lat' dir='ltr'>etiam</span> 
     </span>
     <span class='ocr_line' id='line_1_30' title="bbox 235 1707 977 1750; baseline 0.001 -11"><span class='ocrx_word' id='word_1_149' title='bbox 235 1716 403 1739; x_wconf 86' lang='lat' dir='ltr'>causarum</span> <span class='ocrx_word' id='word_1_150' title='bbox 431 1707 542 1750; x_wconf 89' lang='lat' dir='ltr'>palatii</span> <span class='ocrx_word' id='word_1_151' title='bbox 580 1707 751 1750; x_wconf 88' lang='lat' dir='ltr'>apostolici</span> <span class='ocrx_word' id='word_1_152' title='bbox 788 1707 977 1749; x_wconf 84' lang='lat' dir='ltr'>auditores,</span> 
     </span>
     <span class='ocr_line' id='line_1_31' title="bbox 236 1759 980 1800; baseline 0.001 -8"><span class='ocrx_word' id='word_1_153' title='bbox 236 1760 372 1793; x_wconf 89' lang='lat' dir='ltr'>iudicari</span> <span class='ocrx_word' id='word_1_154' title='bbox 398 1765 429 1793; x_wconf 89' lang='lat' dir='ltr'>et</span> <span class='ocrx_word' id='word_1_155' title='bbox 455 1759 582 1793; x_wconf 81' lang='lat' dir='ltr'>definiri</span> <span class='ocrx_word' id='word_1_156' title='bbox 618 1760 760 1800; x_wconf 86' lang='lat' dir='ltr'>debere,</span> <span class='ocrx_word' id='word_1_157' title='bbox 787 1772 823 1794; x_wconf 90' lang='lat' dir='ltr'>ac</span> <span class='ocrx_word' id='word_1_158' title='bbox 854 1761 980 1793; x_wconf 89' lang='lat' dir='ltr'>irritum</span> 
     </span>
     <span class='ocr_line' id='line_1_32' title="bbox 237 1812 978 1857; baseline 0.001 -12"><span class='ocrx_word' id='word_1_159' title='bbox 237 1818 268 1845; x_wconf 89' lang='lat' dir='ltr'>et</span> <span class='ocrx_word' id='word_1_160' title='bbox 284 1812 381 1846; x_wconf 87' lang='lat' dir='ltr'>inane</span> <span class='ocrx_word' id='word_1_161' title='bbox 399 1813 426 1845; x_wconf 89' lang='lat' dir='ltr'>si</span> <span class='ocrx_word' id='word_1_162' title='bbox 452 1824 544 1846; x_wconf 88' lang='lat' dir='ltr'>secus</span> <span class='ocrx_word' id='word_1_163' title='bbox 570 1823 670 1856; x_wconf 87' lang='lat' dir='ltr'>super</span> <span class='ocrx_word' id='word_1_164' title='bbox 696 1813 746 1846; x_wconf 83' lang='lat' dir='ltr'>liis</span> <span class='ocrx_word' id='word_1_165' title='bbox 764 1824 781 1846; x_wconf 88' lang='lat' dir='ltr'>a</span> <span class='ocrx_word' id='word_1_166' title='bbox 802 1824 978 1857; x_wconf 89' lang='lat' dir='ltr'>quoquam,</span> 
     </span>
     <span class='ocr_line' id='line_1_33' title="bbox 236 1866 981 1910; baseline 0.004 -13"><span class='ocrx_word' id='word_1_167' title='bbox 236 1866 350 1909; x_wconf 87' lang='lat' dir='ltr'>quavis</span> <span class='ocrx_word' id='word_1_168' title='bbox 366 1867 574 1907; x_wconf 82' lang='lat' dir='ltr'>auctoritate,</span> <span class='ocrx_word' id='word_1_169' title='bbox 594 1867 735 1900; x_wconf 85' lang='lat' dir='ltr'>scienter</span> <span class='ocrx_word' id='word_1_170' title='bbox 752 1868 802 1900; x_wconf 91' lang='lat' dir='ltr'>vel</span> <span class='ocrx_word' id='word_1_171' title='bbox 829 1867 981 1910; x_wconf 80' lang='lat' dir='ltr'>ignoran-</span> 
     </span>
     <span class='ocr_line' id='line_1_34' title="bbox 237 1919 686 1963; baseline 0.002 -12"><span class='ocrx_word' id='word_1_172' title='bbox 237 1925 295 1958; x_wconf 79' lang='lat' dir='ltr'>ter,</span> <span class='ocrx_word' id='word_1_173' title='bbox 321 1920 496 1963; x_wconf 80' lang='lat' dir='ltr'>contigerit</span> <span class='ocrx_word' id='word_1_174' title='bbox 521 1919 686 1953; x_wconf 85' lang='lat' dir='ltr'>attentari.</span> 
     </span>
    </p>

    <p class='ocr_par' dir='ltr' id='par_1_4' title="bbox 237 1972 985 2600">
     <span class='ocr_line' id='line_1_35' title="bbox 281 1972 982 2016; baseline 0.003 -11"><span class='ocrx_word' id='word_1_175' title='bbox 281 1974 295 2016; x_wconf 68' lang='grc' dir='ltr'><strong>ἓ</strong></span> <span class='ocrx_word' id='word_1_176' title='bbox 319 1972 350 2005; x_wconf 82' lang='grc'>5.</span> <span class='ocrx_word' id='word_1_177' title='bbox 378 1972 446 2005; x_wconf 91' lang='lat' dir='ltr'>Non</span> <span class='ocrx_word' id='word_1_178' title='bbox 467 1973 672 2006; x_wconf 84' lang='lat' dir='ltr'>obstantibus</span> <span class='ocrx_word' id='word_1_179' title='bbox 692 1974 982 2007; x_wconf 86' lang='lat' dir='ltr'>constitutionibus</span> 
     </span>
     <span class='ocr_line' id='line_1_36' title="bbox 238 2025 981 2069; baseline 0 -10"><span class='ocrx_word' id='word_1_180' title='bbox 238 2031 271 2059; x_wconf 85' lang='lat' dir='ltr'>et</span> <span class='ocrx_word' id='word_1_181' title='bbox 305 2025 570 2059; x_wconf 85' lang='lat' dir='ltr'>ordinationibus</span> <span class='ocrx_word' id='word_1_182' title='bbox 602 2026 791 2069; x_wconf 85' lang='lat' dir='ltr'>apostolicis</span> <span class='ocrx_word' id='word_1_183' title='bbox 815 2053 821 2065; x_wconf 91' lang='lat'>,</span> <span class='ocrx_word' id='word_1_184' title='bbox 849 2037 885 2060; x_wconf 89' lang='lat' dir='ltr'>ac</span> <span class='ocrx_word' id='word_1_185' title='bbox 904 2027 981 2060; x_wconf 86' lang='lat' dir='ltr'>dicti</span> 
     </span>
     <span class='ocr_line' id='line_1_37' title="bbox 237 2079 982 2120; baseline 0.003 -8"><span class='ocrx_word' id='word_1_186' title='bbox 237 2079 378 2119; x_wconf 85' lang='lat' dir='ltr'>Ordinis,</span> <span class='ocrx_word' id='word_1_187' title='bbox 398 2079 495 2112; x_wconf 89' lang='lat' dir='ltr'>etiam</span> <span class='ocrx_word' id='word_1_188' title='bbox 519 2079 717 2120; x_wconf 87' lang='lat' dir='ltr'>iuramento,</span> <span class='ocrx_word' id='word_1_189' title='bbox 736 2079 982 2114; x_wconf 78' lang='lat' dir='ltr'>confirmatione</span> 
     </span>
     <span class='ocr_line' id='line_1_38' title="bbox 237 2132 983 2177; baseline 0.001 -11"><span class='ocrx_word' id='word_1_190' title='bbox 237 2133 427 2177; x_wconf 71' lang='lat' dir='ltr'>apostolica,</span> <span class='ocrx_word' id='word_1_191' title='bbox 456 2134 507 2166; x_wconf 86' lang='lat' dir='ltr'>vel</span> <span class='ocrx_word' id='word_1_192' title='bbox 533 2132 646 2176; x_wconf 87' lang='lat' dir='ltr'>quavis</span> <span class='ocrx_word' id='word_1_193' title='bbox 673 2133 825 2167; x_wconf 78' lang='lat' dir='ltr'>firmitate</span> <span class='ocrx_word' id='word_1_194' title='bbox 851 2134 914 2167; x_wconf 69' lang='lat' dir='ltr'>alia</span> <span class='ocrx_word' id='word_1_195' title='bbox 931 2144 983 2167; x_wconf 89' lang='lat' dir='ltr'>ro-</span> 
     </span>
     <span class='ocr_line' id='line_1_39' title="bbox 237 2185 983 2230; baseline 0.001 -12"><span class='ocrx_word' id='word_1_196' title='bbox 237 2185 371 2226; x_wconf 90' lang='lat' dir='ltr'>boratis,</span> <span class='ocrx_word' id='word_1_197' title='bbox 397 2186 526 2219; x_wconf 86' lang='lat' dir='ltr'>statutis</span> <span class='ocrx_word' id='word_1_198' title='bbox 546 2191 577 2219; x_wconf 88' lang='lat' dir='ltr'>et</span> <span class='ocrx_word' id='word_1_199' title='bbox 593 2186 898 2226; x_wconf 87' lang='lat' dir='ltr'>consuetudinibus,</span> <span class='ocrx_word' id='word_1_200' title='bbox 917 2187 983 2230; x_wconf 88' lang='lat' dir='ltr'>pri-</span> 
     </span>
     <span class='ocr_line' id='line_1_40' title="bbox 237 2239 984 2282; baseline 0.001 -10"><span class='ocrx_word' id='word_1_201' title='bbox 237 2239 364 2282; x_wconf 84' lang='lat' dir='ltr'>vilegiis</span> <span class='ocrx_word' id='word_1_202' title='bbox 394 2250 544 2282; x_wconf 87' lang='lat' dir='ltr'>quoque,</span> <span class='ocrx_word' id='word_1_203' title='bbox 577 2239 713 2272; x_wconf 89' lang='lat' dir='ltr'>indultis</span> <span class='ocrx_word' id='word_1_204' title='bbox 738 2245 770 2273; x_wconf 91' lang='lat' dir='ltr'>et</span> <span class='ocrx_word' id='word_1_205' title='bbox 800 2240 921 2273; x_wconf 88' lang='lat' dir='ltr'>litteris</span> <span class='ocrx_word' id='word_1_206' title='bbox 952 2251 984 2273; x_wconf 87' lang='lat' dir='ltr'>a·</span> 
     </span>
     <span class='ocr_line' id='line_1_41' title="bbox 237 2291 983 2336; baseline 0 -10"><span class='ocrx_word' id='word_1_207' title='bbox 237 2291 407 2336; x_wconf 89' lang='lat' dir='ltr'>postolicis</span> <span class='ocrx_word' id='word_1_208' title='bbox 431 2293 464 2324; x_wconf 90' lang='lat' dir='ltr'>in</span> <span class='ocrx_word' id='word_1_209' title='bbox 488 2292 692 2325; x_wconf 86' lang='lat' dir='ltr'>contrarium</span> <span class='ocrx_word' id='word_1_210' title='bbox 724 2292 983 2336; x_wconf 84' lang='lat' dir='ltr'>praemissorum</span> 
     </span>
     <span class='ocr_line' id='line_1_42' title="bbox 239 2345 985 2390; baseline 0.001 -12"><span class='ocrx_word' id='word_1_211' title='bbox 239 2346 488 2390; x_wconf 89' lang='lat' dir='ltr'>quomodolibet</span> <span class='ocrx_word' id='word_1_212' title='bbox 512 2345 701 2386; x_wconf 88' lang='lat' dir='ltr'>concessis,</span> <span class='ocrx_word' id='word_1_213' title='bbox 727 2345 927 2379; x_wconf 82' lang='lat' dir='ltr'>confirmatis</span> <span class='ocrx_word' id='word_1_214' title='bbox 954 2352 985 2380; x_wconf 90' lang='lat' dir='ltr'>et</span> 
     </span>
     <span class='ocr_line' id='line_1_43' title="bbox 238 2399 983 2442; baseline 0 -10"><span class='ocrx_word' id='word_1_215' title='bbox 238 2399 422 2440; x_wconf 83' lang='lat' dir='ltr'>innovatis;</span> <span class='ocrx_word' id='word_1_216' title='bbox 449 2399 567 2442; x_wconf 88' lang='lat' dir='ltr'>quibus</span> <span class='ocrx_word' id='word_1_217' title='bbox 599 2399 752 2432; x_wconf 89' lang='lat' dir='ltr'>omnibus</span> <span class='ocrx_word' id='word_1_218' title='bbox 777 2405 809 2432; x_wconf 89' lang='lat' dir='ltr'>et</span> <span class='ocrx_word' id='word_1_219' title='bbox 833 2400 983 2442; x_wconf 76' lang='lat' dir='ltr'>singulis,</span> 
     </span>
     <span class='ocr_line' id='line_1_44' title="bbox 238 2452 984 2496; baseline 0 -10"><span class='ocrx_word' id='word_1_220' title='bbox 238 2453 371 2486; x_wconf 90' lang='lat' dir='ltr'>illorum</span> <span class='ocrx_word' id='word_1_221' title='bbox 398 2458 529 2485; x_wconf 87' lang='lat' dir='ltr'>tenores</span> <span class='ocrx_word' id='word_1_222' title='bbox 555 2452 784 2496; x_wconf 83' lang='lat' dir='ltr'>praesentibus</span> <span class='ocrx_word' id='word_1_223' title='bbox 810 2463 870 2496; x_wconf 89' lang='lat' dir='ltr'>pro</span> <span class='ocrx_word' id='word_1_224' title='bbox 887 2454 984 2496; x_wconf 86' lang='lat' dir='ltr'>plene</span> 
     </span>
     <span class='ocr_line' id='line_1_45' title="bbox 240 2507 984 2550; baseline 0 -10"><span class='ocrx_word' id='word_1_225' title='bbox 240 2510 270 2540; x_wconf 85' lang='lat' dir='ltr'>et</span> <span class='ocrx_word' id='word_1_226' title='bbox 293 2507 490 2541; x_wconf 85' lang='lat' dir='ltr'>sufficicnter</span> <span class='ocrx_word' id='word_1_227' title='bbox 519 2507 684 2550; x_wconf 77' lang='lat' dir='ltr'>expressis</span> <span class='ocrx_word' id='word_1_228' title='bbox 707 2517 744 2540; x_wconf 87' lang='lat' dir='ltr'>ac</span> <span class='ocrx_word' id='word_1_229' title='bbox 765 2507 804 2539; x_wconf 86' lang='lat' dir='ltr'>de</span> <span class='ocrx_word' id='word_1_230' title='bbox 823 2507 922 2539; x_wconf 87' lang='lat' dir='ltr'>verbo</span> <span class='ocrx_word' id='word_1_231' title='bbox 945 2507 984 2540; x_wconf 90' lang='lat' dir='ltr'>ad</span> 
     </span>
     <span class='ocr_line' id='line_1_46' title="bbox 238 2559 983 2600; baseline -0.001 -7"><span class='ocrx_word' id='word_1_232' title='bbox 238 2560 374 2594; x_wconf 87' lang='lat' dir='ltr'>verbum</span> <span class='ocrx_word' id='word_1_233' title='bbox 400 2560 531 2593; x_wconf 86' lang='lat' dir='ltr'>insertis</span> <span class='ocrx_word' id='word_1_234' title='bbox 555 2560 735 2600; x_wconf 83' lang='lat' dir='ltr'>habentes,</span> <span class='ocrx_word' id='word_1_235' title='bbox 763 2559 828 2593; x_wconf 86' lang='lat' dir='ltr'>illis</span> <span class='ocrx_word' id='word_1_236' title='bbox 854 2560 933 2592; x_wconf 75' lang='lat' dir='ltr'>alias</span> <span class='ocrx_word' id='word_1_237' title='bbox 951 2560 983 2592; x_wconf 92' lang='lat' dir='ltr'>in</span> 
     </span>
    </p>
   </div>
   <div class='ocr_carea' id='block_1_3' title="bbox 275 2622 933 2657">
    <p class='ocr_par' dir='ltr' id='par_1_5' title="bbox 275 2622 933 2657">
     <span class='ocr_line' id='line_1_47' title="bbox 275 2622 933 2657; baseline -0.002 -7"><span class='ocrx_word' id='word_1_238' title='bbox 275 2624 286 2650; x_wconf 82' lang='lat'><strong>1</strong></span> <span class='ocrx_word' id='word_1_239' title='bbox 309 2622 376 2650; x_wconf 81' lang='lat' dir='ltr'>Male</span> <span class='ocrx_word' id='word_1_240' title='bbox 396 2622 460 2650; x_wconf 85' lang='lat' dir='ltr'>edit.</span> <span class='ocrx_word' id='word_1_241' title='bbox 482 2622 562 2650; x_wconf 80' lang='lat' dir='ltr'>Main.</span> <span class='ocrx_word' id='word_1_242' title='bbox 584 2622 650 2657; x_wconf 78' lang='lat' dir='ltr'>legit</span> <span class='ocrx_word' id='word_1_243' title='bbox 670 2623 813 2650; x_wconf 76' lang='lat' dir='ltr'>absolutos</span> <span class='ocrx_word' id='word_1_244' title='bbox 833 2622 933 2657; x_wconf 58' lang='lat' dir='ltr'>(mr).</span> 
     </span>
    </p>
   </div>
   <div class='ocr_carea' id='block_1_4' title="bbox 48 287 225 338">
    <p class='ocr_par' dir='ltr' id='par_1_6' title="bbox 48 287 225 338">
     <span class='ocr_line' id='line_1_48' title="bbox 113 287 225 308; baseline -0.018 0"><span class='ocrx_word' id='word_1_245' title='bbox 113 287 225 308; x_wconf 73' lang='lat' dir='ltr'>Confirmat</span> 
     </span>
     <span class='ocr_line' id='line_1_49' title="bbox 48 317 146 338; baseline -0.041 0"><span class='ocrx_word' id='word_1_246' title='bbox 48 317 146 338; x_wconf 78' lang='lat' dir='ltr'>Clemens.</span> 
     </span>
    </p>
   </div>
   <div class='ocr_carea' id='block_1_5' title="bbox 48 1186 225 1262">
    <p class='ocr_par' dir='ltr' id='par_1_7' title="bbox 48 1186 225 1262">
     <span class='ocr_line' id='line_1_50' title="bbox 71 1186 223 1213; baseline -0.013 -6"><span class='ocrx_word' id='word_1_247' title='bbox 71 1187 146 1213; x_wconf 67' lang='lat' dir='ltr'>Sit-que</span> <span class='ocrx_word' id='word_1_248' title='bbox 158 1186 176 1206; x_wconf 90' lang='lat' dir='ltr'>in</span> <span class='ocrx_word' id='word_1_249' title='bbox 187 1191 223 1211; x_wconf 81' lang='lat' dir='ltr'>po·</span> 
     </span>
     <span class='ocr_line' id='line_1_51' title="bbox 48 1213 225 1244; baseline -0.006 -10"><span class='ocrx_word' id='word_1_250' title='bbox 48 1217 122 1244; x_wconf 60' lang='lat' dir='ltr'>starum</span> <span class='ocrx_word' id='word_1_251' title='bbox 167 1213 225 1233; x_wconf 85' lang='lat' dir='ltr'>iubet</span> 
     </span>
     <span class='ocr_line' id='line_1_52' title="bbox 48 1247 131 1262; baseline -0.012 0"><span class='ocrx_word' id='word_1_252' title='bbox 48 1247 131 1262; x_wconf 68' lang='lat' dir='ltr'>terrai-1.</span> 
     </span>
    </p>
   </div>
   <div class='ocr_carea' id='block_1_6' title="bbox 51 1980 226 2033">
    <p class='ocr_par' dir='ltr' id='par_1_8' title="bbox 51 1980 226 2033">
     <span class='ocr_line' id='line_1_53' title="bbox 91 1980 226 2002; baseline 0 0"><span class='ocrx_word' id='word_1_253' title='bbox 91 1980 226 2002; x_wconf 57' lang='lat' dir='ltr'>obstantibus</span> 
     </span>
     <span class='ocr_line' id='line_1_54' title="bbox 51 2006 142 2033; baseline 0.011 -5"><span class='ocrx_word' id='word_1_254' title='bbox 51 2006 142 2033; x_wconf 64' lang='lat' dir='ltr'>derogat.</span> 
     </span>
    </p>
   </div>
   <div class='ocr_carea' id='block_1_7' title="bbox 860 221 1144 247">
    <p class='ocr_par' dir='ltr' id='par_1_9' title="bbox 860 221 1144 247">
     <span class='ocr_line' id='line_1_55' title="bbox 860 221 1144 247; baseline -0.007 0"><span class='ocrx_word' id='word_1_255' title='bbox 860 221 1001 247; x_wconf 73' lang='lat' dir='ltr'>CLEMENS</span> <span class='ocrx_word' id='word_1_256' title='bbox 1025 221 1069 245; x_wconf 69' lang='lat' dir='ltr'>sti</span> <span class='ocrx_word' id='word_1_257' title='bbox 1093 222 1144 246; x_wconf 68' lang='lat' dir='ltr'>PP.</span> 
     </span>
    </p>
   </div>
   <div class='ocr_carea' id='block_1_8' title="bbox 1000 270 1008 2543">
    <p class='ocr_par' dir='ltr' id='par_1_10' title="bbox 1000 270 1008 2543">
     <span class='ocr_line' id='line_1_56' title="bbox 1000 270 1008 2543; baseline 0 0"><span class='ocrx_word' id='word_1_258' title='bbox 1000 270 1008 2543; x_wconf 95' lang='lat' dir='ltr'> </span> 
     </span>
    </p>
   </div>
   <div class='ocr_carea' id='block_1_9' title="bbox 1020 210 1765 674">
    <p class='ocr_par' dir='ltr' id='par_1_11' title="bbox 1020 210 1765 473">
     <span class='ocr_line' id='line_1_57' title="bbox 1654 210 1718 244; baseline -0.016 0"><span class='ocrx_word' id='word_1_259' title='bbox 1654 210 1718 244; x_wconf 74' lang='lat'>485</span> 
     </span>
     <span class='ocr_line' id='line_1_58' title="bbox 1020 269 1765 314; baseline -0.004 -11"><span class='ocrx_word' id='word_1_260' title='bbox 1020 281 1078 303; x_wconf 90' lang='lat' dir='ltr'>suo</span> <span class='ocrx_word' id='word_1_261' title='bbox 1104 271 1221 303; x_wconf 87' lang='lat' dir='ltr'>robore</span> <span class='ocrx_word' id='word_1_262' title='bbox 1246 269 1482 314; x_wconf 82' lang='lat' dir='ltr'>permansuris,</span> <span class='ocrx_word' id='word_1_263' title='bbox 1506 269 1545 302; x_wconf 87' lang='lat' dir='ltr'>ad</span> <span class='ocrx_word' id='word_1_264' title='bbox 1571 270 1765 312; x_wconf 80' lang='lat' dir='ltr'>praemisso-</span> 
     </span>
     <span class='ocr_line' id='line_1_59' title="bbox 1022 323 1765 364; baseline -0.004 -8"><span class='ocrx_word' id='word_1_265' title='bbox 1022 335 1092 356; x_wconf 90' lang='lat' dir='ltr'>rum</span> <span class='ocrx_word' id='word_1_266' title='bbox 1110 324 1276 363; x_wconf 79' lang='lat' dir='ltr'>efl&#39;ectum,</span> <span class='ocrx_word' id='word_1_267' title='bbox 1297 324 1357 356; x_wconf 85' lang='lat' dir='ltr'>hac</span> <span class='ocrx_word' id='word_1_268' title='bbox 1382 324 1451 356; x_wconf 79' lang='lat' dir='ltr'>vice</span> <span class='ocrx_word' id='word_1_269' title='bbox 1478 323 1665 362; x_wconf 78' lang='lat' dir='ltr'>dumtaxat,</span> <span class='ocrx_word' id='word_1_270' title='bbox 1692 331 1765 364; x_wconf 90' lang='lat' dir='ltr'>spe-</span> 
     </span>
     <span class='ocr_line' id='line_1_60' title="bbox 1023 375 1764 421; baseline -0.004 -12"><span class='ocrx_word' id='word_1_271' title='bbox 1023 377 1147 410; x_wconf 86' lang='lat' dir='ltr'>cialiter</span> <span class='ocrx_word' id='word_1_272' title='bbox 1172 381 1203 411; x_wconf 91' lang='lat' dir='ltr'>et</span> <span class='ocrx_word' id='word_1_273' title='bbox 1221 387 1376 421; x_wconf 77' lang='lat' dir='ltr'>expresse</span> <span class='ocrx_word' id='word_1_274' title='bbox 1398 377 1613 419; x_wconf 80' lang='lat' dir='ltr'>de1·0gamus;</span> <span class='ocrx_word' id='word_1_275' title='bbox 1633 375 1764 408; x_wconf 85' lang='lat' dir='ltr'>ceteris-</span> 
     </span>
     <span class='ocr_line' id='line_1_61' title="bbox 1023 430 1580 473; baseline -0.002 -11"><span class='ocrx_word' id='word_1_276' title='bbox 1023 441 1085 473; x_wconf 88' lang='lat' dir='ltr'>que</span> <span class='ocrx_word' id='word_1_277' title='bbox 1110 430 1283 463; x_wconf 83' lang='lat' dir='ltr'>contrariis</span> <span class='ocrx_word' id='word_1_278' title='bbox 1308 430 1580 473; x_wconf 88' lang='lat' dir='ltr'>quibuscumque.</span> 
     </span>
    </p>

    <p class='ocr_par' dir='ltr' id='par_1_12' title="bbox 1023 481 1765 674">
     <span class='ocr_line' id='line_1_62' title="bbox 1066 481 1765 526; baseline -0.003 -11"><span class='ocrx_word' id='word_1_279' title='bbox 1066 482 1180 515; x_wconf 90' lang='lat' dir='ltr'>Datum</span> <span class='ocrx_word' id='word_1_280' title='bbox 1207 483 1336 522; x_wconf 83' lang='lat' dir='ltr'>Romae,</span> <span class='ocrx_word' id='word_1_281' title='bbox 1357 483 1443 526; x_wconf 83' lang='lat' dir='ltr'>apud</span> <span class='ocrx_word' id='word_1_282' title='bbox 1468 482 1496 515; x_wconf 94' lang='lat' dir='ltr'>S.</span> <span class='ocrx_word' id='word_1_283' title='bbox 1518 482 1648 514; x_wconf 86' lang='lat' dir='ltr'>Mariam</span> <span class='ocrx_word' id='word_1_284' title='bbox 1666 481 1765 514; x_wconf 86' lang='lat' dir='ltr'>Maio-</span> 
     </span>
     <span class='ocr_line' id='line_1_63' title="bbox 1023 535 1765 576; baseline -0.001 -9"><span class='ocrx_word' id='word_1_285' title='bbox 1023 545 1108 574; x_wconf 83' lang='lat' dir='ltr'>rem,</span> <span class='ocrx_word' id='word_1_286' title='bbox 1140 535 1200 567; x_wconf 90' lang='lat' dir='ltr'>sub</span> <span class='ocrx_word' id='word_1_287' title='bbox 1225 536 1346 568; x_wconf 88' lang='lat' dir='ltr'>annulo</span> <span class='ocrx_word' id='word_1_288' title='bbox 1371 535 1556 576; x_wconf 77' lang='lat' dir='ltr'>piscatoris,</span> <span class='ocrx_word' id='word_1_289' title='bbox 1583 535 1634 568; x_wconf 90' lang='lat' dir='ltr'>die</span> <span class='ocrx_word' id='word_1_290' title='bbox 1664 545 1687 569; x_wconf 82' lang='lat'>11</span> <span class='ocrx_word' id='word_1_291' title='bbox 1711 545 1765 567; x_wconf 89' lang='lat' dir='ltr'>au·</span> 
     </span>
     <span class='ocr_line' id='line_1_64' title="bbox 1023 588 1764 631; baseline 0 -12"><span class='ocrx_word' id='word_1_292' title='bbox 1023 588 1105 629; x_wconf 80' lang='lat' dir='ltr'>gusti</span> <span class='ocrx_word' id='word_1_293' title='bbox 1134 598 1344 622; x_wconf 56' lang='lat' dir='ltr'>Muccxvxvui</span> <span class='ocrx_word' id='word_1_294' title='bbox 1365 616 1372 629; x_wconf 90' lang='lat'>,</span> <span class='ocrx_word' id='word_1_295' title='bbox 1413 588 1621 631; x_wconf 82' lang='lat' dir='ltr'>pontificatus</span> <span class='ocrx_word' id='word_1_296' title='bbox 1659 588 1764 621; x_wconf 89' lang='lat' dir='ltr'>nostri</span> 
     </span>
     <span class='ocr_line' id='line_1_65' title="bbox 1023 651 1174 674; baseline 0.007 -1"><span class='ocrx_word' id='word_1_297' title='bbox 1023 651 1110 674; x_wconf 88' lang='lat' dir='ltr'>anno</span> <span class='ocrx_word' id='word_1_298' title='bbox 1132 651 1174 674; x_wconf 80' lang='lat' dir='ltr'>ix.</span> 
     </span>
    </p>
   </div>
   <div class='ocr_carea' id='block_1_10' title="bbox 1056 703 1719 739">
    <p class='ocr_par' dir='ltr' id='par_1_13' title="bbox 1056 703 1719 739">
     <span class='ocr_line' id='line_1_66' title="bbox 1056 703 1719 739; baseline 0 -9"><span class='ocrx_word' id='word_1_299' title='bbox 1056 703 1119 730; x_wconf 85' lang='lat' dir='ltr'>Dat.</span> <span class='ocrx_word' id='word_1_300' title='bbox 1141 703 1183 730; x_wconf 88' lang='lat' dir='ltr'>die</span> <span class='ocrx_word' id='word_1_301' title='bbox 1203 704 1219 730; x_wconf 70' lang='lat'><strong>2</strong></span> <span class='ocrx_word' id='word_1_302' title='bbox 1239 704 1347 739; x_wconf 79' lang='lat' dir='ltr'>augusti</span> <span class='ocrx_word' id='word_1_303' title='bbox 1368 704 1446 738; x_wconf 77' lang='grc'>1738,</span> <span class='ocrx_word' id='word_1_304' title='bbox 1469 704 1567 739; x_wconf 83' lang='lat' dir='ltr'>pontif.</span> <span class='ocrx_word' id='word_1_305' title='bbox 1589 711 1660 731; x_wconf 84' lang='lat' dir='ltr'>anno</span> <span class='ocrx_word' id='word_1_306' title='bbox 1681 711 1719 730; x_wconf 82' lang='lat' dir='ltr'>ix.</span> 
     </span>
    </p>
   </div>
   <div class='ocr_carea' id='block_1_11' title="bbox 1767 219 1958 247">
    <p class='ocr_par' dir='ltr' id='par_1_14' title="bbox 1767 219 1958 247">
     <span class='ocr_line' id='line_1_67' title="bbox 1767 219 1958 247; baseline 0.016 -3"><span class='ocrx_word' id='word_1_307' title='bbox 1767 220 1819 246; x_wconf 79' lang='grc' dir='ltr'>Αη.</span> <span class='ocrx_word' id='word_1_308' title='bbox 1840 219 1868 245; x_wconf 82' lang='lat' dir='ltr'>C.</span> <span class='ocrx_word' id='word_1_309' title='bbox 1890 220 1958 247; x_wconf 88' lang='grc'>1738</span> 
     </span>
    </p>
   </div>
   <div class='ocr_carea' id='block_1_12' title="bbox 1024 926 1768 1344">
    <p class='ocr_par' dir='ltr' id='par_1_15' title="bbox 1024 926 1768 1225">
     <span class='ocr_line' id='line_1_68' title="bbox 1024 926 1767 970; baseline -0.001 -9"><span class='ocrx_word' id='word_1_310' title='bbox 1024 926 1236 969; x_wconf 79' lang='lat' dir='ltr'>Confirmatio</span> <span class='ocrx_word' id='word_1_311' title='bbox 1271 926 1391 960; x_wconf 77' lang='lat' dir='ltr'>decreti</span> <span class='ocrx_word' id='word_1_312' title='bbox 1426 927 1694 970; x_wconf 69' lang='lat' dir='ltr'>Conyreycttiom‘s</span> <span class='ocrx_word' id='word_1_313' title='bbox 1729 927 1767 960; x_wconf 83' lang='lat' dir='ltr'>de</span> 
     </span>
     <span class='ocr_line' id='line_1_69' title="bbox 1066 980 1767 1024; baseline -0.001 -11"><span class='ocrx_word' id='word_1_314' title='bbox 1066 980 1289 1024; x_wconf 67' lang='lat' dir='ltr'>Propaqandti</span> <span class='ocrx_word' id='word_1_315' title='bbox 1304 981 1386 1013; x_wconf 80' lang='lat' dir='ltr'>Fide</span> <span class='ocrx_word' id='word_1_316' title='bbox 1395 991 1492 1023; x_wconf 82' lang='lat' dir='ltr'>super</span> <span class='ocrx_word' id='word_1_317' title='bbox 1504 980 1660 1023; x_wconf 77' lang='lat' dir='ltr'>facultate</span> <span class='ocrx_word' id='word_1_318' title='bbox 1671 991 1767 1023; x_wconf 83' lang='lat' dir='ltr'>prae·</span> 
     </span>
     <span class='ocr_line' id='line_1_70' title="bbox 1064 1033 1767 1076; baseline 0 -11"><span class='ocrx_word' id='word_1_319' title='bbox 1064 1034 1143 1075; x_wconf 78' lang='lat' dir='ltr'>seclo</span> <span class='ocrx_word' id='word_1_320' title='bbox 1168 1033 1342 1076; x_wconf 78' lang='lat' dir='ltr'>apostolico</span> <span class='ocrx_word' id='word_1_321' title='bbox 1378 1034 1573 1065; x_wconf 80' lang='lat' dir='ltr'>missionum</span> <span class='ocrx_word' id='word_1_322' title='bbox 1599 1033 1767 1076; x_wconf 78' lang='lat' dir='ltr'>Mequinez</span> 
     </span>
     <span class='ocr_line' id='line_1_71' title="bbox 1066 1086 1768 1129; baseline -0.001 -10"><span class='ocrx_word' id='word_1_323' title='bbox 1066 1087 1228 1119; x_wconf 74' lang='lat' dir='ltr'>Maroclzz‘z·</span> <span class='ocrx_word' id='word_1_324' title='bbox 1252 1088 1397 1119; x_wconf 64' lang='lat' dir='ltr'>concessa</span> <span class='ocrx_word' id='word_1_325' title='bbox 1429 1086 1626 1119; x_wconf 75' lang='lat' dir='ltr'>instituendi</span> <span class='ocrx_word' id='word_1_326' title='bbox 1654 1097 1768 1129; x_wconf 85' lang='lat' dir='ltr'>procu-</span> 
     </span>
     <span class='ocr_line' id='line_1_72' title="bbox 1065 1139 1767 1184; baseline -0.001 -12"><span class='ocrx_word' id='word_1_327' title='bbox 1065 1144 1207 1172; x_wconf 81' lang='lat' dir='ltr'>ratorem</span> <span class='ocrx_word' id='word_1_328' title='bbox 1221 1139 1384 1172; x_wconf 71' lang='lat' dir='ltr'>dicturum</span> <span class='ocrx_word' id='word_1_329' title='bbox 1398 1139 1592 1171; x_wconf 76' lang='lat' dir='ltr'>missionum</span> <span class='ocrx_word' id='word_1_330' title='bbox 1604 1139 1637 1171; x_wconf 79' lang='lat' dir='ltr'>in</span> <span class='ocrx_word' id='word_1_331' title='bbox 1649 1139 1767 1184; x_wconf 77' lang='lat' dir='ltr'>oppido</span> 
     </span>
     <span class='ocr_line' id='line_1_73' title="bbox 1065 1193 1206 1225; baseline 0 0"><span class='ocrx_word' id='word_1_332' title='bbox 1065 1193 1206 1225; x_wconf 65' lang='lat' dir='ltr'>Macrin.</span> 
     </span>
    </p>

    <p class='ocr_par' dir='ltr' id='par_1_16' title="bbox 1159 1273 1627 1344">
     <span class='ocr_line' id='line_1_74' title="bbox 1235 1273 1559 1306; baseline 0 -7"><span class='ocrx_word' id='word_1_333' title='bbox 1235 1273 1372 1300; x_wconf 83' lang='lat' dir='ltr'>Clemens</span> <span class='ocrx_word' id='word_1_334' title='bbox 1394 1273 1474 1306; x_wconf 83' lang='lat' dir='ltr'>Papa</span> <span class='ocrx_word' id='word_1_335' title='bbox 1493 1273 1559 1305; x_wconf 89' lang='lat' dir='ltr'>XII,</span> 
     </span>
     <span class='ocr_line' id='line_1_75' title="bbox 1159 1317 1627 1344; baseline -0.002 0"><span class='ocrx_word' id='word_1_336' title='bbox 1159 1317 1195 1344; x_wconf 84' lang='lat' dir='ltr'>ad</span> <span class='ocrx_word' id='word_1_337' title='bbox 1216 1317 1353 1344; x_wconf 80' lang='lat' dir='ltr'>futuram</span> <span class='ocrx_word' id='word_1_338' title='bbox 1375 1317 1421 1344; x_wconf 90' lang='lat' dir='ltr'>rei</span> <span class='ocrx_word' id='word_1_339' title='bbox 1443 1318 1627 1344; x_wconf 86' lang='lat' dir='ltr'>memoriam.</span> 
     </span>
    </p>
   </div>
   <div class='ocr_carea' id='block_1_13' title="bbox 1803 1401 1973 1575">
    <p class='ocr_par' dir='ltr' id='par_1_17' title="bbox 1803 1401 1973 1575">
     <span class='ocr_line' id='line_1_76' title="bbox 1868 1401 1973 1426; baseline 0 0"><span class='ocrx_word' id='word_1_340' title='bbox 1868 1401 1973 1426; x_wconf 95' lang='lat' dir='ltr'>  </span> 
     </span>
     <span class='ocr_line' id='line_1_77' title="bbox 1874 1472 1957 1509; baseline 0 -21"><span class='ocrx_word' id='word_1_341' title='bbox 1874 1472 1957 1509; x_wconf 95' lang='lat' dir='ltr'>   </span> 
     </span>
     <span class='ocr_line' id='line_1_78' title="bbox 1803 1509 1972 1575; baseline 0 -16"><span class='ocrx_word' id='word_1_342' title='bbox 1803 1509 1972 1575; x_wconf 95' lang='lat' dir='ltr'>   </span> 
     </span>
    </p>
   </div>
   <div class='ocr_carea' id='block_1_14' title="bbox 1022 1386 1964 1589">
    <p class='ocr_par' dir='ltr' id='par_1_18' title="bbox 1022 1386 1964 1589">
     <span class='ocr_line' id='line_1_79' title="bbox 1066 1386 1964 1432; baseline -0.006 -12"><span class='ocrx_word' id='word_1_343' title='bbox 1066 1388 1137 1432; x_wconf 61' lang='lat' dir='ltr'>gl.</span> <span class='ocrx_word' id='word_1_344' title='bbox 1164 1387 1297 1431; x_wconf 87' lang='lat' dir='ltr'>Nuper,</span> <span class='ocrx_word' id='word_1_345' title='bbox 1334 1397 1394 1431; x_wconf 88' lang='lat' dir='ltr'>pro</span> <span class='ocrx_word' id='word_1_346' title='bbox 1431 1392 1523 1430; x_wconf 89' lang='lat' dir='ltr'>parte</span> <span class='ocrx_word' id='word_1_347' title='bbox 1562 1386 1670 1420; x_wconf 88' lang='lat' dir='ltr'>dilecti</span> <span class='ocrx_word' id='word_1_348' title='bbox 1708 1387 1792 1428; x_wconf 33' lang='lat' dir='ltr'>filii,</span> <span class='ocrx_word' id='word_1_349' title='bbox 1843 1397 1964 1417; x_wconf 36' lang='lat' dir='ltr'>erm-*u-</span> 
     </span>
     <span class='ocr_line' id='line_1_80' title="bbox 1022 1424 1964 1481; baseline -0.006 -8"><span class='ocrx_word' id='word_1_350' title='bbox 1022 1441 1187 1474; x_wconf 88' lang='lat' dir='ltr'>Francisci</span> <span class='ocrx_word' id='word_1_351' title='bbox 1213 1441 1353 1474; x_wconf 80' lang='lat' dir='ltr'>Romero</span> <span class='ocrx_word' id='word_1_352' title='bbox 1380 1451 1397 1473; x_wconf 87' lang='lat' dir='ltr'>a</span> <span class='ocrx_word' id='word_1_353' title='bbox 1422 1440 1454 1473; x_wconf 88' lang='lat' dir='ltr'>S.</span> <span class='ocrx_word' id='word_1_354' title='bbox 1482 1440 1632 1481; x_wconf 84' lang='lat' dir='ltr'>Antonio,</span> <span class='ocrx_word' id='word_1_355' title='bbox 1661 1440 1766 1473; x_wconf 80' lang='lat' dir='ltr'>fratris</span> <span class='ocrx_word' id='word_1_356' title='bbox 1779 1424 1805 1472; x_wconf 49' lang='lat'>¹3¹5</span> <span class='ocrx_word' id='word_1_357' title='bbox 1819 1430 1872 1471; x_wconf 51' lang='lat' dir='ltr'>01¹2.ss</span> <span class='ocrx_word' id='word_1_358' title='bbox 1923 1430 1964 1468; x_wconf 58' lang='lat'>123⁴.-</span> 
     </span>
     <span class='ocr_line' id='line_1_81' title="bbox 1023 1481 1874 1537; baseline -0.006 -10"><span class='ocrx_word' id='word_1_359' title='bbox 1023 1504 1179 1537; x_wconf 82' lang='lat' dir='ltr'>expresse</span> <span class='ocrx_word' id='word_1_360' title='bbox 1214 1493 1356 1537; x_wconf 80' lang='lat' dir='ltr'>professi</span> <span class='ocrx_word' id='word_1_361' title='bbox 1398 1503 1433 1525; x_wconf 85' lang='lat' dir='ltr'>ac</span> <span class='ocrx_word' id='word_1_362' title='bbox 1465 1493 1603 1525; x_wconf 87' lang='lat' dir='ltr'>ministri</span> <span class='ocrx_word' id='word_1_363' title='bbox 1637 1481 1874 1536; x_wconf 52' lang='grc' dir='ltr'>ριόνίη-ῗῖἱῖΝΜΟ</span> 
     </span>
     <span class='ocr_line' id='line_1_82' title="bbox 1024 1531 1814 1589; baseline -0.003 -10"><span class='ocrx_word' id='word_1_364' title='bbox 1024 1546 1115 1579; x_wconf 86' lang='lat' dir='ltr'>cialis</span> <span class='ocrx_word' id='word_1_365' title='bbox 1140 1546 1329 1589; x_wconf 87' lang='lat' dir='ltr'>provinciae</span> <span class='ocrx_word' id='word_1_366' title='bbox 1359 1545 1390 1579; x_wconf 92' lang='lat' dir='ltr'>S.</span> <span class='ocrx_word' id='word_1_367' title='bbox 1424 1545 1532 1578; x_wconf 84' lang='lat' dir='ltr'>Didaci</span> <span class='ocrx_word' id='word_1_368' title='bbox 1570 1546 1602 1578; x_wconf 88' lang='lat' dir='ltr'>in</span> <span class='ocrx_word' id='word_1_369' title='bbox 1639 1531 1814 1578; x_wconf 42' lang='lat' dir='ltr'>Baetica&amp;</span> 
     </span>
    </p>
   </div>
   <div class='ocr_carea' id='block_1_15' title="bbox 1022 1561 1964 2653">
    <p class='ocr_par' dir='ltr' id='par_1_19' title="bbox 1022 1561 1964 2653">
     <span class='ocr_line' id='line_1_83' title="bbox 1915 1561 1964 1573; baseline 0 0"><span class='ocrx_word' id='word_1_370' title='bbox 1915 1561 1939 1573; x_wconf 56' lang='grc' dir='ltr'><strong>ω</strong></span> <span class='ocrx_word' id='word_1_371' title='bbox 1958 1566 1964 1569; x_wconf 82' lang='grc'>.</span> 
     </span>
     <span class='ocr_line' id='line_1_84' title="bbox 1022 1581 1964 1634; baseline -0.007 -2"><span class='ocrx_word' id='word_1_372' title='bbox 1022 1599 1151 1632; x_wconf 90' lang='lat' dir='ltr'>Ordinis</span> <span class='ocrx_word' id='word_1_373' title='bbox 1172 1599 1331 1631; x_wconf 87' lang='lat' dir='ltr'>Minorum</span> <span class='ocrx_word' id='word_1_374' title='bbox 1351 1598 1452 1631; x_wconf 84' lang='lat' dir='ltr'>sancti</span> <span class='ocrx_word' id='word_1_375' title='bbox 1471 1598 1630 1631; x_wconf 87' lang='lat' dir='ltr'>Francisci</span> <span class='ocrx_word' id='word_1_376' title='bbox 1649 1586 1822 1632; x_wconf 61' lang='lat' dir='ltr'>Discat-flii}</span> <span class='ocrx_word' id='word_1_377' title='bbox 1841 1581 1964 1634; x_wconf 36' lang='lat' dir='ltr'>...smila</span> 
     </span>
     <span class='ocr_line' id='line_1_85' title="bbox 1024 1641 1963 1696; baseline -0.005 -10"><span class='ocrx_word' id='word_1_378' title='bbox 1024 1658 1192 1686; x_wconf 84' lang='lat' dir='ltr'>ceatorum</span> <span class='ocrx_word' id='word_1_379' title='bbox 1233 1658 1500 1696; x_wconf 85' lang='lat' dir='ltr'>nuncupatorum</span> <span class='ocrx_word' id='word_1_380' title='bbox 1540 1658 1571 1685; x_wconf 89' lang='lat' dir='ltr'>et</span> <span class='ocrx_word' id='word_1_381' title='bbox 1610 1641 1963 1695; x_wconf 50' lang='lat' dir='ltr'>praefectiRiss&#39;ffiii&#39;ri{{¹.⁰”“³“</span> 
     </span>
     <span class='ocr_line' id='line_1_86' title="bbox 1024 1704 1767 1749; baseline -0.003 -10"><span class='ocrx_word' id='word_1_382' title='bbox 1024 1705 1197 1749; x_wconf 84' lang='lat' dir='ltr'>apostolici</span> <span class='ocrx_word' id='word_1_383' title='bbox 1237 1705 1427 1738; x_wconf 84' lang='lat' dir='ltr'>missionum</span> <span class='ocrx_word' id='word_1_384' title='bbox 1464 1705 1634 1749; x_wconf 85' lang='lat' dir='ltr'>Mequinez</span> <span class='ocrx_word' id='word_1_385' title='bbox 1674 1704 1767 1748; x_wconf 86' lang='lat' dir='ltr'>regni</span> 
     </span>
     <span class='ocr_line' id='line_1_87' title="bbox 1024 1758 1766 1801; baseline -0.003 -9"><span class='ocrx_word' id='word_1_386' title='bbox 1024 1759 1204 1798; x_wconf 82' lang='lat' dir='ltr'>Marocliii,</span> <span class='ocrx_word' id='word_1_387' title='bbox 1241 1758 1494 1801; x_wconf 80' lang='lat' dir='ltr'>Congregationi</span> <span class='ocrx_word' id='word_1_388' title='bbox 1530 1758 1766 1790; x_wconf 75' lang='lat' dir='ltr'>venerabilium</span> 
     </span>
     <span class='ocr_line' id='line_1_88' title="bbox 1025 1811 1769 1845; baseline -0.003 0"><span class='ocrx_word' id='word_1_389' title='bbox 1025 1813 1160 1845; x_wconf 81' lang='lat' dir='ltr'>fratrum</span> <span class='ocrx_word' id='word_1_390' title='bbox 1185 1817 1371 1845; x_wconf 88' lang='lat' dir='ltr'>nostrorum</span> <span class='ocrx_word' id='word_1_391' title='bbox 1386 1812 1417 1844; x_wconf 89' lang='lat' dir='ltr'>S.</span> <span class='ocrx_word' id='word_1_392' title='bbox 1435 1811 1471 1844; x_wconf 81' lang='lat' dir='ltr'>R.</span> <span class='ocrx_word' id='word_1_393' title='bbox 1491 1811 1526 1844; x_wconf 85' lang='lat' dir='ltr'>E.</span> <span class='ocrx_word' id='word_1_394' title='bbox 1555 1811 1769 1844; x_wconf 84' lang='lat' dir='ltr'>cardinalium</span> 
     </span>
     <span class='ocr_line' id='line_1_89' title="bbox 1025 1864 1770 1908; baseline -0.003 -10"><span class='ocrx_word' id='word_1_395' title='bbox 1025 1865 1166 1908; x_wconf 82' lang='lat' dir='ltr'>negotiis</span> <span class='ocrx_word' id='word_1_396' title='bbox 1203 1864 1438 1907; x_wconf 83' lang='lat' dir='ltr'>Propagandae</span> <span class='ocrx_word' id='word_1_397' title='bbox 1475 1864 1565 1897; x_wconf 81' lang='lat' dir='ltr'>Fidei</span> <span class='ocrx_word' id='word_1_398' title='bbox 1602 1864 1770 1907; x_wconf 87' lang='lat' dir='ltr'>praeposi-</span> 
     </span>
     <span class='ocr_line' id='line_1_90' title="bbox 1027 1917 1768 1961; baseline -0.003 -10"><span class='ocrx_word' id='word_1_399' title='bbox 1027 1924 1076 1952; x_wconf 85' lang='lat' dir='ltr'>tae</span> <span class='ocrx_word' id='word_1_400' title='bbox 1104 1918 1273 1961; x_wconf 82' lang='lat' dir='ltr'>exposito,</span> <span class='ocrx_word' id='word_1_401' title='bbox 1307 1918 1409 1950; x_wconf 88' lang='lat' dir='ltr'>dictas</span> <span class='ocrx_word' id='word_1_402' title='bbox 1439 1917 1635 1957; x_wconf 88' lang='lat' dir='ltr'>missiones,</span> <span class='ocrx_word' id='word_1_403' title='bbox 1663 1917 1768 1960; x_wconf 86' lang='lat' dir='ltr'>quoad</span> 
     </span>
     <span class='ocr_line' id='line_1_91' title="bbox 1026 1970 1769 2015; baseline -0.004 -10"><span class='ocrx_word' id='word_1_404' title='bbox 1026 1981 1183 2015; x_wconf 84' lang='lat' dir='ltr'>expensas</span> <span class='ocrx_word' id='word_1_405' title='bbox 1222 1970 1253 2003; x_wconf 91' lang='lat' dir='ltr'>in</span> <span class='ocrx_word' id='word_1_406' title='bbox 1292 1970 1416 2003; x_wconf 86' lang='lat' dir='ltr'>eisdem</span> <span class='ocrx_word' id='word_1_407' title='bbox 1454 1975 1668 2003; x_wconf 87' lang='lat' dir='ltr'>occurrentes</span> <span class='ocrx_word' id='word_1_408' title='bbox 1706 1975 1769 2002; x_wconf 85' lang='lat' dir='ltr'>tam</span> 
     </span>
     <span class='ocr_line' id='line_1_92' title="bbox 1026 2024 1769 2069; baseline -0.004 -11"><span class='ocrx_word' id='word_1_409' title='bbox 1026 2036 1086 2069; x_wconf 91' lang='lat' dir='ltr'>pro</span> <span class='ocrx_word' id='word_1_410' title='bbox 1104 2025 1351 2058; x_wconf 87' lang='lat' dir='ltr'>manutentione</span> <span class='ocrx_word' id='word_1_411' title='bbox 1371 2024 1650 2057; x_wconf 82' lang='lat' dir='ltr'>missionariorum</span> <span class='ocrx_word' id='word_1_412' title='bbox 1673 2034 1769 2067; x_wconf 85' lang='lat' dir='ltr'>quam</span> 
     </span>
     <span class='ocr_line' id='line_1_93' title="bbox 1026 2076 1769 2121; baseline -0.004 -10"><span class='ocrx_word' id='word_1_413' title='bbox 1026 2078 1106 2120; x_wconf 75' lang='lat' dir='ltr'>regii</span> <span class='ocrx_word' id='word_1_414' title='bbox 1141 2077 1313 2121; x_wconf 86' lang='lat' dir='ltr'>hospitalis</span> <span class='ocrx_word' id='word_1_415' title='bbox 1346 2077 1565 2120; x_wconf 84' lang='lat' dir='ltr'>Mequinereci</span> <span class='ocrx_word' id='word_1_416' title='bbox 1603 2076 1769 2110; x_wconf 83' lang='lat' dir='ltr'>existentis</span> 
     </span>
     <span class='ocr_line' id='line_1_94' title="bbox 1027 2129 1770 2173; baseline -0.004 -8"><span class='ocrx_word' id='word_1_417' title='bbox 1027 2133 1086 2166; x_wconf 89' lang='lat' dir='ltr'>sub</span> <span class='ocrx_word' id='word_1_418' title='bbox 1112 2133 1188 2164; x_wconf 75' lang='lat' dir='ltr'>cura</span> <span class='ocrx_word' id='word_1_419' title='bbox 1214 2131 1360 2165; x_wconf 87' lang='lat' dir='ltr'>eiusdem</span> <span class='ocrx_word' id='word_1_420' title='bbox 1385 2130 1562 2170; x_wconf 89' lang='lat' dir='ltr'>missionis,</span> <span class='ocrx_word' id='word_1_421' title='bbox 1583 2129 1770 2173; x_wconf 84' lang='lat' dir='ltr'>dependere</span> 
     </span>
     <span class='ocr_line' id='line_1_95' title="bbox 1027 2182 1770 2229; baseline -0.005 -10"><span class='ocrx_word' id='word_1_422' title='bbox 1027 2186 1204 2229; x_wconf 87' lang='lat' dir='ltr'>praecipue</span> <span class='ocrx_word' id='word_1_423' title='bbox 1241 2196 1259 2218; x_wconf 88' lang='lat' dir='ltr'>a</span> <span class='ocrx_word' id='word_1_424' title='bbox 1295 2184 1384 2227; x_wconf 74' lang='lat' dir='ltr'>regia</span> <span class='ocrx_word' id='word_1_425' title='bbox 1420 2183 1618 2217; x_wconf 84' lang='lat' dir='ltr'>liberalitate</span> <span class='ocrx_word' id='word_1_426' title='bbox 1643 2182 1770 2216; x_wconf 87' lang='lat' dir='ltr'>carissi-</span> 
     </span>
     <span class='ocr_line' id='line_1_96' title="bbox 1028 2237 1770 2272; baseline -0.004 -1"><span class='ocrx_word' id='word_1_427' title='bbox 1028 2250 1155 2272; x_wconf 91' lang='lat' dir='ltr'>morum</span> <span class='ocrx_word' id='word_1_428' title='bbox 1177 2239 1209 2271; x_wconf 93' lang='lat' dir='ltr'>in</span> <span class='ocrx_word' id='word_1_429' title='bbox 1228 2238 1354 2272; x_wconf 84' lang='lat' dir='ltr'>Christo</span> <span class='ocrx_word' id='word_1_430' title='bbox 1372 2237 1513 2271; x_wconf 84' lang='lat' dir='ltr'>filiorum</span> <span class='ocrx_word' id='word_1_431' title='bbox 1532 2237 1770 2270; x_wconf 84' lang='lat' dir='ltr'>catholicorum</span> 
     </span>
     <span class='ocr_line' id='line_1_97' title="bbox 1028 2290 1769 2337; baseline -0.007 -11"><span class='ocrx_word' id='word_1_432' title='bbox 1028 2293 1257 2337; x_wconf 87' lang='lat' dir='ltr'>Hispaniarum</span> <span class='ocrx_word' id='word_1_433' title='bbox 1281 2302 1392 2334; x_wconf 79' lang='lat' dir='ltr'>regum</span> <span class='ocrx_word' id='word_1_434' title='bbox 1405 2319 1412 2333; x_wconf 93' lang='lat'>,</span> <span class='ocrx_word' id='word_1_435' title='bbox 1431 2291 1486 2335; x_wconf 87' lang='lat' dir='ltr'>qui</span> <span class='ocrx_word' id='word_1_436' title='bbox 1504 2291 1566 2324; x_wconf 90' lang='lat' dir='ltr'>iam</span> <span class='ocrx_word' id='word_1_437' title='bbox 1585 2303 1602 2323; x_wconf 77' lang='lat' dir='ltr'>a</span> <span class='ocrx_word' id='word_1_438' title='bbox 1620 2290 1769 2334; x_wconf 88' lang='lat' dir='ltr'>pluribus</span> 
     </span>
     <span class='ocr_line' id='line_1_98' title="bbox 1028 2343 1771 2390; baseline -0.007 -10"><span class='ocrx_word' id='word_1_439' title='bbox 1028 2354 1113 2380; x_wconf 87' lang='lat' dir='ltr'>retro</span> <span class='ocrx_word' id='word_1_440' title='bbox 1139 2347 1231 2380; x_wconf 89' lang='lat' dir='ltr'>aunis</span> <span class='ocrx_word' id='word_1_441' title='bbox 1257 2346 1406 2390; x_wconf 86' lang='lat' dir='ltr'>copiosas</span> <span class='ocrx_word' id='word_1_442' title='bbox 1433 2347 1656 2388; x_wconf 72' lang='lat' dir='ltr'>eleemosynas</span> <span class='ocrx_word' id='word_1_443' title='bbox 1680 2343 1719 2376; x_wconf 84' lang='lat' dir='ltr'>ad</span> <span class='ocrx_word' id='word_1_444' title='bbox 1738 2343 1771 2376; x_wconf 90' lang='lat' dir='ltr'>id</span> 
     </span>
     <span class='ocr_line' id='line_1_99' title="bbox 1028 2397 1769 2440; baseline -0.007 -6"><span class='ocrx_word' id='word_1_445' title='bbox 1028 2402 1105 2434; x_wconf 88' lang='lat' dir='ltr'>dare</span> <span class='ocrx_word' id='word_1_446' title='bbox 1143 2405 1404 2439; x_wconf 80' lang='lat' dir='ltr'>consueverant3</span> <span class='ocrx_word' id='word_1_447' title='bbox 1443 2398 1658 2431; x_wconf 89' lang='lat' dir='ltr'>nihilominus</span> <span class='ocrx_word' id='word_1_448' title='bbox 1699 2397 1769 2440; x_wconf 90' lang='lat' dir='ltr'>ipse</span> 
     </span>
     <span class='ocr_line' id='line_1_100' title="bbox 1028 2451 1771 2497; baseline -0.005 -10"><span class='ocrx_word' id='word_1_449' title='bbox 1028 2455 1217 2487; x_wconf 87' lang='lat' dir='ltr'>Franciscus</span> <span class='ocrx_word' id='word_1_450' title='bbox 1258 2453 1480 2497; x_wconf 77' lang='lat' dir='ltr'>expcrimento</span> <span class='ocrx_word' id='word_1_451' title='bbox 1521 2451 1679 2484; x_wconf 86' lang='lat' dir='ltr'>didicerat</span> <span class='ocrx_word' id='word_1_452' title='bbox 1718 2451 1771 2484; x_wconf 87' lang='lat' dir='ltr'>ali-</span> 
     </span>
     <span class='ocr_line' id='line_1_101' title="bbox 1029 2503 1770 2550; baseline -0.007 -10"><span class='ocrx_word' id='word_1_453' title='bbox 1029 2507 1159 2550; x_wconf 88' lang='lat' dir='ltr'>quando</span> <span class='ocrx_word' id='word_1_454' title='bbox 1186 2512 1377 2540; x_wconf 84' lang='lat' dir='ltr'>eventurum</span> <span class='ocrx_word' id='word_1_455' title='bbox 1403 2515 1481 2544; x_wconf 88' lang='lat' dir='ltr'>esse,</span> <span class='ocrx_word' id='word_1_456' title='bbox 1500 2509 1546 2544; x_wconf 87' lang='lat' dir='ltr'>ut,</span> <span class='ocrx_word' id='word_1_457' title='bbox 1567 2504 1627 2536; x_wconf 92' lang='lat' dir='ltr'>nisi</span> <span class='ocrx_word' id='word_1_458' title='bbox 1655 2503 1770 2546; x_wconf 90' lang='lat' dir='ltr'>aliquis</span> 
     </span>
     <span class='ocr_line' id='line_1_102' title="bbox 1028 2556 1771 2603; baseline -0.007 -10"><span class='ocrx_word' id='word_1_459' title='bbox 1028 2560 1204 2603; x_wconf 80' lang='lat' dir='ltr'>religiosus</span> <span class='ocrx_word' id='word_1_460' title='bbox 1232 2559 1306 2591; x_wconf 89' lang='lat' dir='ltr'>dicti</span> <span class='ocrx_word' id='word_1_461' title='bbox 1333 2558 1461 2591; x_wconf 87' lang='lat' dir='ltr'>Ordinis</span> <span class='ocrx_word' id='word_1_462' title='bbox 1487 2557 1520 2589; x_wconf 89' lang='lat' dir='ltr'>in</span> <span class='ocrx_word' id='word_1_463' title='bbox 1546 2556 1667 2599; x_wconf 88' lang='lat' dir='ltr'>oppido</span> <span class='ocrx_word' id='word_1_464' title='bbox 1700 2556 1771 2589; x_wconf 85' lang='lat' dir='ltr'>Ma-</span> 
     </span>
     <span class='ocr_line' id='line_1_103' title="bbox 1028 2609 1767 2653; baseline -0.007 -7"><span class='ocrx_word' id='word_1_465' title='bbox 1028 2614 1093 2647; x_wconf 92' lang='lat' dir='ltr'>triti</span> <span class='ocrx_word' id='word_1_466' title='bbox 1120 2613 1293 2646; x_wconf 87' lang='lat' dir='ltr'>Tolctanac</span> <span class='ocrx_word' id='word_1_467' title='bbox 1323 2611 1485 2644; x_wconf 87' lang='lat' dir='ltr'>dioecesis</span> <span class='ocrx_word' id='word_1_468' title='bbox 1522 2610 1672 2650; x_wconf 84' lang='lat' dir='ltr'>assistat,</span> <span class='ocrx_word' id='word_1_469' title='bbox 1714 2609 1767 2653; x_wconf 83' lang='lat' dir='ltr'>qui</span> 
     </span>
    </p>
   </div>
  </div>
 </body>
</html>
