2232 3178
13 238 61 266 An.
80 233 108 262 C.
127 232 193 260 ¹739

34 730 96 754 Leges
110 726 190 755 missiq-

14 761 75 778 narns
89 758 190 781 praescri-

15 786 67 810 ptao.

836 228 977 252 CLEMENS
1004 228 1045 252 KH
1071 229 1118 252 FP.

197 278 334 319 quidem,
358 280 386 308 et
418 277 470 307 tibi
508 279 596 317 atque
628 277 848 308 successoribus
882 277 938 307 tuis

197 328 277 358 hisce
298 326 408 357 nostris
441 335 581 366 expresse
613 326 812 365 iniungimus,
848 326 937 366 quod,

199 385 263 407 cum
278 375 488 405 monasterium
502 375 732 414 Capuccinorum
749 375 776 405 in
792 375 939 405 Radtstatt

198 435 212 455 a
237 423 515 464 praedecessoribus
549 424 658 453 nostris
691 423 725 453 ad
756 423 938 462 repellendas

198 474 333 503 haereses
364 472 570 511 principaliter
603 472 692 502 fuisse
715 472 866 501 fundatum
899 472 940 500 di<

198 525 366 560 gnoscatur,
389 520 446 550 duo
476 529 593 559 semper
615 520 645 550 in
668 529 702 549 eo
724 520 885 550 subsistant
906 520 940 549 ad

200 570 396 610 peragendum
419 569 595 608 apostolicae
618 569 768 599 missionis
791 568 940 598 munusin

202 619 387 658 praefectura
408 627 477 647 mox
498 617 576 647 dicta
598 617 695 647 idonei
711 622 739 647 et
755 617 825 656 apti.
845 618 942 645 Erunt

201 676 267 697 vero
289 667 344 704 illi,

240 725 259 745 l.
284 715 334 746 Vel
358 725 372 745 a
395 714 514 745 Summo
548 714 707 751 Pontifice,
743 714 787 743 vel
820 723 834 743 a
859 714 942 743 sacra

201 763 428 804 congregatione
451 763 485 794 de
518 762 728 802 propaganda,
753 771 804 792 seu
827 762 861 791 ab
885 771 918 791 eo
934 786 941 799 ,

201 813 247 843 cui
280 813 347 842 talis
381 811 564 850 delegabitur
597 811 740 849 facultas,
776 811 941 850 approbati,

200 861 432 900 necessariisque
455 861 490 890 ad
515 860 669 890 missiones
687 860 866 899 apostolicas
884 860 943 899 pri-

201 910 316 948 vilegiis
332 909 483 947 instructi,
501 918 554 938 nec
577 908 646 938 tibi¹
663 909 707 938 vel
724 907 944 937 successoribus

202 958 259 988 tuis
292 958 438 996 integrum
475 957 552 994 erit,
587 961 743 996 postquam
778 957 821 986 illi
854 956 943 985 semel

202 1006 311 1037 suerint
343 1006 377 1035 ad
412 1005 566 1035 missiones
596 1009 711 1035 nostras
743 1005 871 1042 delecti,
896 1014 944 1034 eos

204 1064 351 1090 amovere,
374 1054 431 1083 nisi
454 1054 503 1084 nbi
527 1054 614 1093 primi
637 1054 782 1092 integrum
813 1053 945 1083 absolve-

203 1104 262 1134 rint
284 1112 405 1140 annum,
430 1102 637 1140 subrogatione
660 1107 688 1132 et
711 1102 945 1141 praesentatione

204 1152 340 1189 subinde,
363 1156 449 1191 atque
472 1151 645 1181 successivis
668 1151 817 1190 perpetuis
837 1156 945 1189 tempo-

204 1200 288 1230 ribus
321 1202 355 1229 ea
388 1200 500 1230 ratione
536 1200 688 1235 facienda,
723 1204 754 1229 ut
792 1209 867 1229 unus
900 1199 944 1229 vel

206 1250 310 1280 saltem
335 1250 428 1287 adsit,
452 1250 501 1289 qui
524 1249 580 1278 iam
605 1259 656 1288 per
678 1258 787 1279 annum
810 1249 839 1278 in
864 1258 946 1288 prae-

204 1298 294 1328 misso
326 1297 430 1328 Ordini
462 1301 511 1327 tuo
530 1297 677 1336 assignato
709 1297 843 1326 districtu
878 1296 945 1326 mis-

205 1347 326 1378 sionarii
360 1348 528 1376 exercuerit
561 1356 684 1384 munus,
720 1351 804 1376 notos
841 1346 946 1376 habeat

205 1396 386 1426 subditorum
410 1400 437 1425 et
459 1395 621 1425 incolarum
654 1405 770 1431 mores,
794 1395 831 1424 sit
862 1395 890 1424 in
915 1404 946 1425 re

204 1445 378 1475 missionum
413 1444 581 1483 practicus,
606 1449 767 1483 potensque
800 1444 946 1473 instruere

204 1494 318 1524 noviter
339 1493 549 1529 advenientes„
574 1497 601 1522 et
634 1502 707 1532 quos
741 1502 793 1532 pro
817 1497 946 1531 tempore

206 1541 419 1579 missionarios,
443 1541 537 1581 quoad
560 1551 592 1571 ea
616 1551 689 1581 quae
712 1542 862 1571 missionis
885 1551 948 1571 mu-

206 1601 261 1621 nus
285 1594 479 1627 concernunt,
504 1590 671 1620 immediate
690 1595 718 1620 et
735 1591 820 1620 unice
839 1595 947 1620 nostris

207 1644 434 1679 nostrorumque
453 1648 653 1668 successorum
672 1639 835 1675 mandatis,
853 1640 946 1678 quoad

207 1689 393 1728 disciplinam
412 1689 602 1717 monasticam
620 1697 699 1724 vero,
717 1688 794 1717 sibi²
814 1692 842 1717 et
864 1697 949 1726 guar-

208 1737 295 1768 diano
318 1746 420 1767 eorum
443 1737 576 1766 volumus
600 1741 627 1766 et
650 1737 773 1766 sinimus
796 1746 859 1766 esse
882 1737 949 1766 sub-

208 1786 310 1816 iectos.

248 1843 279 1865 11.
293 1834 402 1864 Horum
417 1833 670 1864 missionariorum
685 1843 771 1873 porro
784 1834 868 1863 unica
879 1843 948 1863 cura

209 1883 275 1920 erit,
298 1883 481 1913 incessanter
503 1882 579 1912 intra
613 1882 793 1921 praedictum
817 1882 950 1912 Radtsta-

208 1932 319 1962 diensis
341 1932 542 1971 praefecturae
565 1931 742 1969 districtum,
766 1931 800 1961 de
823 1931 886 1961 loco
915 1931 949 1961 ad

208 1981 318 2018 locum,
335 1985 375 2017 et,
399 1980 422 2009 si
445 1989 565 2010 necesse
587 1980 685 2018 fuerit,
704 1980 791 2009 etiam
808 1980 843 2010 de
865 1980 950 2010 domo

209 2029 243 2060 ad
267 2029 385 2059 domum
402 2029 595 2066 excurrendo,
614 2029 761 2058 missionis
774 2029 950 2068 apostolicae

210 2088 317 2108 munus
340 2078 478 2108 alacriter
507 2078 646 2117 explere,
670 2077 876 2108 catechizando
902 2087 951 2108 ru-

210 2127 271 2165 des,
295 2127 325 2156 in
348 2126 484 2156 doctrina
506 2126 663 2156 christiana
690 2126 872 2160 instruendo,
905 2135 950 2155 re-

210 2175 343 2207 ducendo
357 2175 525 2205 dubitantes
539 2175 572 2205 ad
587 2176 662 2205 viam
677 2176 821 2214 veritatis,
839 2176 950 2215 hosque

210 2225 240 2254 in
264 2225 317 2254 hac
339 2224 551 2262 confirmando,
576 2224 604 2253 in
639 2224 800 2254 haereticos
833 2234 883 2254 seu
916 2225 951 2255 de

211 2273 325 2303 haeresi
358 2276 524 2311 suspectos,
564 2272 726 2311 horumque
759 2273 949 2308 consultores,

212 2322 350 2359 fautores,
385 2324 594 2359 receptatores,
628 2320 771 2350 librorum
794 2321 953 2351 achatholi-

212 2379 314 2400 corum
336 2369 519 2406 detentores,
538 2369 581 2398 vel
598 2369 782 2399 detentorum
806 2370 950 2408 conscios,

212 2423 241 2449 et
267 2428 324 2448 non
355 2418 536 2455 revelantes,
560 2427 610 2447 eos
638 2419 667 2448 in
697 2419 878 2458 provinciam
901 2428 952 2448 no-

213 2472 302 2498 stram
325 2468 449 2497 ferentes
483 2476 533 2496 seu
564 2467 767 2504 intrudentes,
791 2467 953 2506 horumque

213 2516 412 2553 auxiliatores,
437 2516 580 2554 conscios,
598 2525 648 2546 seu
665 2517 833 2556 participes,
857 2517 954 2556 inqui-

252 2575 263 2600 1
286 2573 355 2600 Edit.
376 2573 460 2600 Mam.
483 2573 548 2608 legit
566 2574 622 2600 sibi
642 2582 690 2609 pro
712 2575 766 2601 cibi
787 2575 822 2609 (n.
840 2578 891 2608 τ.).

250 2617 267 2647 2
287 2617 358 2646 Edit.
379 2617 463 2644 Main.
485 2618 551 2653 legit
569 2618 626 2646 sibi
645 2626 693 2655 pro
714 2618 768 2646 tibi
786 2619 823 2654 (a.
839 2621 887 2652 T.).

1621 219 1684 253 519

982 277 1082 316 rendo,
1115 277 1226 317 hosque
1260 281 1287 307 et
1309 277 1381 308 alios
1414 277 1581 308 huiusmodi
1614 277 1724 307 farinae

983 326 1114 356 homines
1137 327 1240 363 nobis,
1266 327 1310 356 vel
1332 327 1378 356 cui
1402 336 1453 366 per
1476 337 1528 357 nos
1558 331 1587 356 et
1610 336 1725 356 succes-

983 384 1062 404 sores
1085 379 1199 405 nostros
1215 375 1450 413 demandabitur,
1468 375 1530 405 sine
1546 375 1642 414 aliqua
1661 384 1721 414 per-

983 432 1121 452 sonarum
1158 424 1378 462 acceptatione,
1422 424 1559 462 omnique
1596 424 1724 463 seposito

985 471 1111 501 humano
1135 472 1259 509 affectu,
1283 472 1504 509 denunciando,
1530 472 1651 502 verbum
1682 472 1724 502 di-

985 519 1083 548 vinum
1109 524 1136 549 et
1160 520 1227 549 fidei
1250 520 1384 557 dogmata
1410 520 1504 549 ubivis
1527 524 1555 549 et
1579 520 1666 549 etiam
1687 529 1723 549 ex

985 567 1127 597 cathedra
1149 568 1211 606 (sic
1230 572 1356 597 attamen
1379 572 1407 598 ut
1423 568 1646 598 Ordinariorum
1666 577 1725 598 non

985 615 1187 646 disturbentur
1209 617 1426 647 ecclesiasticae
1442 617 1632 655 functiones)
1649 618 1724 646 intra

986 664 1057 703 ipsis
1073 664 1255 702 designatum
1273 665 1465 704 praemissum
1484 666 1649 695 districtum
1668 670 1727 695 tra-

986 711 1090 749 dendo,
1107 713 1147 742 sic
1164 718 1192 743 et
1208 713 1404 752 poenitentiae
1421 718 1635 743 sacramentum
1653 714 1726 751 (sola

986 761 1104 800 dempta
1139 761 1321 791 confessione
1354 762 1503 801 paschali,
1537 762 1561 791 si
1598 762 1727 792 locorum

987 809 1121 838 curiones
1138 810 1214 839 ultro
1231 819 1288 839 non
1306 811 1494 849 annuerent),
1512 815 1727 840 sacrosanctam

988 867 1056 887 vcro
1079 858 1292 887 Eucharistiam
1322 868 1379 888 non
1414 859 1470 888 nisi
1493 869 1579 898 quam
1604 860 1632 888 in
1664 869 1728 898 pro-

989 907 1053 946 pria
1075 916 1176 936 eorum
1199 907 1366 936 monasterii
1397 908 1537 944 ecclesia,
1562 908 1606 937 vel
1641 908 1727 945 alibi,

988 955 1086 984 habito
1103 956 1130 984 in
1149 955 1175 985 id
1195 956 1408 994 praedictorum
1425 956 1578 986 curionum
1594 966 1727 993 assensu,

988 1003 1231 1041 administrando,
1257 1004 1353 1042 aegris
1386 1009 1414 1033 et
1438 1004 1620 1034 moribundis
1656 1005 1730 1034 sola-

990 1052 1061 1081 tium
1086 1061 1151 1081 cum
1185 1052 1293 1082 auxilio
1330 1052 1543 1091 impendendo,
1577 1057 1664 1091 atque
1696 1062 1728 1082 ea

989 1101 1085 1130 omnia
1108 1101 1225 1131 demum
1250 1102 1424 1140 peragendO,
1449 1111 1522 1140 quae
1546 1102 1728 1132 individuum

989 1149 1167 1179 missionarii
1199 1150 1350 1190 apostolici
1384 1151 1473 1188 exigit
1506 1159 1631 1187 munus,
1667 1151 1731 1180 iure

989 1199 1155 1237 sepulturae
1195 1199 1310 1237 alioque
1347 1207 1532 1237 quocumque
1571 1199 1731 1237 parochiali

990 1256 1104 1286 semper
1136 1251 1164 1276 et
1187 1246 1296 1286 ubique
1328 1246 1491 1277 Ordinariis
1524 1248 1654 1277 locorum
1686 1257 1732 1278 re-

989 1301 1114 1326 servate.

1029 1355 1070 1375 111.
1095 1345 1235 1376 Volumus
1258 1346 1391 1385 insuper,
1417 1346 1493 1386 quod
1525 1346 1581 1386 ipsi
1615 1346 1729 1376 missio-

990 1395 1064 1424 narii
1088 1395 1116 1424 in
1141 1395 1229 1424 vitam
1255 1399 1283 1424 et
1311 1404 1406 1424 mores
1434 1405 1491 1425 non
1521 1395 1605 1426 modo
1634 1395 1733 1425 subdi-

991 1449 1086 1473 torum
1119 1443 1190 1482 ipsis
1223 1443 1299 1473 intra
1334 1444 1499 1482 praedictae
1533 1444 1733 1483 praefecturae

991 1492 1063 1522 fines
1087 1492 1181 1531 quoad
1206 1493 1355 1522 missionis
1377 1493 1573 1522 ministerium
1598 1493 1733 1523 commis-

990 1551 1109 1579 sorum,
1133 1541 1181 1571 sed
1204 1546 1232 1571 et
1264 1551 1365 1571 eorum
1398 1542 1503 1582 quibus
1536 1542 1591 1581 ipsi
1624 1542 1733 1572 subditi

991 1600 1025 1620 ex
1060 1590 1191 1628 delegata
1225 1592 1328 1620 nostra
1360 1591 1564 1620 iurisdictione
1596 1590 1732 1626 subsunt,

991 1639 1091 1669 scdulo
1114 1640 1268 1678 invigilare
1287 1643 1453 1677 teneantur,
1471 1640 1596 1679 datoque
1618 1639 1732 1669 defectu

992 1689 1125 1727 religioni
1149 1689 1259 1718 directe
1282 1688 1326 1717 vel
1349 1689 1492 1718 indirecte
1515 1689 1692 1727 pernicioso,
1709 1688 1734 1717 si

992 1738 1118 1767 fraterna
1141 1737 1302 1767 admonitio
1326 1747 1382 1767 non
1400 1737 1494 1775 tollat,
1515 1737 1601 1767 nobis
1623 1742 1651 1767 et
1667 1747 1732 1767 suc-

991 1786 1158 1816 cessoribus
1175 1787 1284 1816 nostris
1307 1786 1342 1815 ad
1361 1786 1494 1826 proprias
1509 1795 1594 1816 aures
1609 1786 1733 1824 deferre,

992 1835 1027 1864 ea
1049 1834 1113 1873 ipsa
1147 1835 1260 1864 ratione
1289 1844 1345 1873 qua
1373 1844 1388 1864 e
1417 1839 1519 1864 contra
1551 1835 1659 1865 nostris
1686 1834 1735 1864 de-

994 1882 1198 1913 mandabimus
1227 1883 1346 1913 decanis
1378 1883 1527 1913 ruralibus
1550 1887 1735 1922 perspectum

993 1931 1136 1970 habendi,
1161 1941 1197 1961 an
1221 1931 1398 1961 missionarii
1421 1932 1476 1971 ipsi
1500 1931 1649 1962 missionis
1673 1941 1734 1961 inu-

993 1990 1048 2010 nus
1078 1980 1174 2010 debite
1207 1980 1386 2020 adimpleant
1413 1985 1441 2010 et
1474 1985 1669 2020 assequantur
1701 1990 1736 2010 ex

993 2039 1076 2068 asse,
1101 2030 1208 2070 quidve
1242 2034 1400 2069 operentur
1423 2029 1561 2059 adversus
1594 2030 1666 2060 haec
1688 2040 1737 2059 no-

993 2083 1052 2108 stra
1088 2079 1234 2115 mandata,
1258 2078 1343 2108 nobis
1376 2078 1525 2113 defectus,
1551 2077 1600 2108 ubi
1623 2079 1688 2117 hos,
1712 2078 1736 2108 si

996 2128 1086 2168 aliqui
1110 2132 1226 2167 praeter
1249 2137 1330 2166 spem
1354 2131 1484 2157 nostram
1518 2136 1634 2157 omnem
1667 2137 1737 2158 con-

995 2176 1126 2214 tigerint,
1156 2176 1284 2205 fraterna
1308 2175 1468 2205 admonitio
1502 2185 1560 2205 non
1593 2175 1735 2215 dissipet,

996 2225 1093 2255 debite
1116 2225 1266 2255 relaturis.

1036 2282 1072 2302 iv.
1107 2273 1203 2308 Quare
1242 2273 1497 2313 praesentabunt¹
1531 2283 1646 2313 semper
1682 2274 1736 2303 viri

995 2331 1060 2351 cum
1084 2322 1209 2351 scientia
1225 2326 1285 2351 tum
1303 2326 1330 2352 et
1352 2322 1426 2352 vitae
1443 2322 1638 2352 sanctimonia
1653 2322 1736 2359 clari,

995 2371 1075 2409 iusti,
1099 2370 1276 2410 incorrupti,
1301 2371 1419 2408 integri,
1444 2380 1547 2400 suaves
1569 2375 1594 2400 et
1619 2371 1737 2400 insimul

996 2420 1112 2458 severi,
1136 2429 1251 2458 graveS,
1285 2429 1424 2457 sagaces,
1447 2424 1504 2449 tam
1528 2420 1557 2448 in
1582 2419 1736 2459 polemica,

996 2478 1082 2508 quam
1106 2469 1136 2498 in
1158 2469 1194 2498 iis
1217 2477 1291 2507 quae
1322 2468 1357 2497 ad
1389 2468 1614 2506 promovendam
1639 2468 1738 2498 baere-

998 2517 1114 2547 ticalem
1137 2516 1361 2556 inquisitionem
1386 2516 1565 2554 conducunt,
1586 2516 1658 2547 bene
1675 2526 1739 2547 ver-

1036 2621 1045 2646 1
1069 2619 1163 2646 Potius
1183 2618 1242 2653 lege
1258 2618 1527 2654 praesentabuntur
1544 2618 1583 2653 (n.
1600 2619 1649 2653 T.).

1732 229 1782 255 Ain
1807 229 1834 255 (L
1855 229 1919 255 1739
