2232 3178
13 263 60 290 An.
74 261 102 288 C.
126 259 190 286 1737

24 693 65 714 1„
61 699 90 718 Ι
119 696 151 711 ror
153 691 190 736 mli·

13 720 53 745 gt·
65 722 118 738 εειιιιι
113 723 157 742 ¹¹0¹

13 752 50 772 pax
64 750 98 764 sea
101 746 141 764 ἰιιι
160 749 189 763 ι-ι»

13 772 77 796 nixib
101 777 142 797 qua
165 770 189 789 de

13 805 61 819 tam
64 800 74 818 ἐι
116 804 133 817 ιιι
130 803 147 817 ιι
143 797 189 816 islta

12 827 88 852 patitur
103 829 113 843 a
129 824 141 842 ιι
144 824 190 843 iba-

12 859 38 873 ιιιι
52 852 165 877 auga-uas.

28 1751 110 1772 Saeculi
123 1751 191 1771 viven-

13 1778 33 1798 d·
43 1783 119 1798 morem
131 1783 191 1803 Requi

14 1806 99 1827 ιιειιιιι,
131 1807 152 1823 ιιι

14 1831 109 1850 continuo
128 1830 191 1850 animi

0 1870 1 1877 ι
14 1863 106 1878 moerore
124 1857 191 1877 suble-

0 1890 1 1914 ι
15 1887 78 1908 totum
93 1884 127 1903 »ed
144 1884 191 1913 ιιιιις

15 1916 95 1936 gravior
129 1916 191 1931 numu

14 1942 84 1962 angor.

830 254 971 279 CLEMENS
997 254 1042 278 XII
1069 255 1118 278 PP.

202 308 331 340 lucerna
348 306 379 338 in
408 305 583 338 tenebroso
610 306 680 338 loco
707 314 805 348 super
830 303 943 337 cande-

202 360 328 392 labrum
368 357 472 401 posita
507 358 721 401 praeluceret.
767 357 940 400 Repulsam

202 411 256 444 Dei
282 410 398 444 ancilla
424 410 585 453 patienter
603 410 686 449 tulit,
704 415 734 442 et
755 409 943 452 intelligens

202 464 369 497 Dominum
388 474 421 496 se
448 463 666 496 obedientiam
692 464 788 502 velle,
808 473 873 495 non
895 473 943 495 sa-

201 517 366 556 crificium,
387 522 556 560 parentum
583 516 740 550 voluntati
768 522 863 558 atque
887 516 943 548 im-

201 570 292 613 perio
317 570 482 609 obsecuta,
507 570 607 602 nobili
635 575 731 613 atque
758 569 846 601 diviti
874 569 941 601 viro

202 623 324 656 luliano
350 623 480 655 Adurno
507 623 628 666 nupsit.

243 676 257 719 ξ
277 676 307 708 5.
327 676 388 709 Sed
416 686 455 708 ne
476 676 711 708 mundanarum
738 676 940 719 voluptatum

168 725 323 762 'fallenti
350 735 441 772 capta
468 729 640 761 dulcedine
660 729 688 760 in
710 729 793 761 viam
820 729 940 762 saeculi

201 782 438 824 abduceretur,
466 781 689 815 tribulationes
715 787 746 814 et
771 792 942 825 pressuras

201 835 334 868 immisit
358 835 530 875 Dominus,
557 835 610 878 qui
644 845 707 867 non
743 835 942 879 derelinquit

202 888 375 931 diligentes
402 899 448 921 se.
468 888 611 931 Sponsus
631 889 716 921 enim
737 888 775 921 ab
794 888 863 931 ipso
883 899 942 921 nu-

202 941 341 984 ptiarum
369 941 419 973 die
444 952 514 974 eam
542 941 753 974 veliementer
778 947 942 974 aversatus

202 1001 262 1029 est.
290 995 346 1028 Ille
373 995 457 1027 enim
483 996 592 1028 luxum
619 1000 648 1027 et
674 1006 836 1038 pompam,
863 997 942 1028 haec

202 1048 419 1090 frugalitatem
457 1053 488 1080 et
521 1048 733 1088 modestiam,
761 1049 815 1082 ille
841 1049 943 1082 homi-

201 1113 277 1135 num
304 1107 418 1134 coetus
445 1107 475 1134 et
503 1102 732 1145 frequentiam,
750 1102 831 1135 haec
846 1103 944 1135 silen-

203 1156 280 1189 tium
307 1160 337 1188 et
363 1160 546 1194 secretum;
573 1155 628 1188 ille
663 1156 754 1188 ludos
789 1160 819 1189 et
852 1156 942 1189 oble-

203 1214 364 1243 ctamenta
388 1208 520 1248 saeculi,
541 1209 619 1240 liaec
638 1209 819 1242 orationem
845 1216 876 1242 et
893 1220 944 1242 ca-

203 1268 264 1294 stas
293 1261 393 1294 Deum
421 1261 597 1294 amantium
631 1261 762 1294 delicias
788 1263 943 1306 sequeba-

204 1320 262 1347 tur.
279 1314 363 1354 Ideo,
379 1314 419 1347 ob
438 1314 600 1347 contraria
616 1315 818 1347 voluntatum
838 1315 943 1348 studia

202 1367 343 1401 alienato
359 1367 464 1400 mariti
480 1367 597 1407 animo,
614 1378 728 1411 aspere
748 1379 784 1400 ac
803 1368 881 1401 dure
903 1369 942 1401 ab

202 1432 239 1454 eo
267 1422 475 1454 tractabatur:
494 1421 562 1464 ipsa
588 1432 673 1461 vero,
701 1422 829 1454 etiamsi
853 1423 943 1456 nulla

203 1485 279 1517 erga
304 1475 406 1507 virum
429 1475 583 1507 maritalis
608 1475 757 1518 obsequii
786 1481 816 1508 et
836 1477 942 1508 cultus

202 1528 394 1571 praeteriret
420 1528 533 1568 officia,
556 1528 694 1561 maxime
721 1534 828 1561 tamen
856 1529 941 1562 illius

203 1593 326 1615 morum
346 1592 381 1614 ac
398 1582 480 1614 vitae
504 1582 669 1623 taedebat;
688 1583 773 1615 unde
801 1583 943 1625 caligan-

205 1636 288 1668 tibus
315 1635 463 1668 tristitiae
497 1635 641 1667 tenebris
676 1645 869 1678 oppressum
896 1642 944 1668 est

203 1699 259 1722 cor
277 1689 358 1728 eius,
378 1699 437 1721 nec
456 1693 524 1721 erat
543 1687 594 1731 qui
614 1689 841 1721 consolaretur
859 1700 941 1722 eam.

246 1742 262 1785 ἓ
287 1740 318 1774 6.
346 1740 612 1784 Quinquennium
634 1741 665 1773 in
690 1742 777 1774 luctu
805 1747 836 1774 et
860 1753 945 1775 moe-

180 1805 277 1828 nrore
303 1794 470 1836 transegit.
500 1793 641 1834 Deinde,
670 1794 781 1826 amicis
807 1800 837 1827 et
869 1806 944 1828 con-

204 1847 391 1891 sanguineis
418 1847 545 1880 seminis
571 1847 794 1888 suadentibus,
822 1848 943 1892 aliquid

203 1901 362 1944 pristinae
388 1900 470 1933 vitae
496 1901 740 1933 consuetudinis
768 1902 942 1943 remittere,

203 1959 238 1986 ut
255 1953 432 1986 moerentis
450 1952 546 1985 animi
565 1953 746 1987 sublevaret
769 1954 944 1995 tristitiam,

205 2007 342 2040 aliarum
370 2007 526 2040 nobilium
553 2006 744 2040 seminarum
771 2014 881 2042 coetus
907 2020 943 2042 ac

206 2061 321 2094 domos
362 2061 570 2103 frequentare
612 2065 642 2092 et
682 2061 809 2094 vivendi
851 2063 943 2095 ratio-

205 2124 278 2146 nem
293 2113 384 2157 sequi
410 2112 559 2146 instituit.
579 2112 639 2145 Sed
659 2113 766 2146 omnia
783 2114 945 2158 benignis-

204 2166 302 2200 simus
328 2167 410 2200 Deus
436 2167 510 2200 selle
540 2167 766 2200 amaritudinis
792 2178 945 2211 consper-

205 2225 302 2260 serat,
321 2226 354 2253 ut
372 2231 479 2253 servae
499 2231 573 2253 suae
594 2221 711 2260 anima,
731 2221 808 2253 salsa
833 2222 943 2254 mundi
989 2231 1041 2261 se,

205 2273 445 2307 oblectamenta
480 2274 666 2314 fastidiens,
694 2276 851 2308 caelestes
877 2275 945 2308 dul-

205 2327 337 2360 cedines
364 2327 526 2360 esuriret:
553 2328 652 2361 babet
689 2328 774 2361 enim
801 2334 944 2372 potestas

206 2380 260 2413 illa
286 2380 470 2420 iustissima,
488 2381 577 2413 miris
604 2386 635 2414 et
660 2381 946 2425 incomprebensi-

204 2433 327 2466 bilibus
353 2434 478 2475 modis,
504 2444 563 2476 per
588 2435 741 2477 quasdam
767 2436 946 2468 secretissi-

207 2496 274 2520 mas
292 2487 513 2520 successiones
530 2497 636 2520 rerum
654 2487 714 2520 sibi
732 2488 944 2522 servientium

205 2550 284 2584 quas
311 2540 442 2580 creavit,
463 2545 493 2573 et
515 2540 722 2573 severitatem
748 2541 944 2583 vindicandi,

207 2599 238 2627 et
264 2594 469 2627 clementiam
503 2593 677 2627 liberandi.
706 2594 816 2638 ltaque
842 2596 945 2629 altero

207 2647 275 2682 sere
302 2647 525 2692 quinquennio
552 2647 682 2691 elapso,
710 2658 781 2681 cum
802 2658 820 2681 a
847 2654 945 2682 terrc-

1627 244 1690 278 263
1736 253 1786 279 Αιι.
1805 253 1832 279 C.
1856 253 1921 280 1737

988 303 1037 336 nis
1065 303 1161 336 rebus
1187 303 1284 336 animi
1311 304 1416 346 potius
1442 307 1618 345 augeretur
1642 313 1729 335 moe-

989 368 1042 390 ror
1061 361 1092 389 et
1110 356 1250 395 tristitia,
1271 368 1367 400 quam
1386 358 1549 390 levaretur
1566 356 1727 399 angustia,

988 410 1127 451 (severa
1161 409 1247 441 enim
1286 410 1510 443 misericordia
1535 408 1618 442 nihil
1643 409 1728 442 Deus

987 462 1125 494 ancillae
1152 472 1228 494 suae
1262 462 1391 495 sinebat
1427 463 1614 496 dulcescere
1641 463 1728 505 quod

987 515 1055 558 ipse
1074 525 1136 548 non
1157 516 1267 558 esset),
1288 516 1331 548 ita
1350 516 1581 559 supramodum
1600 520 1729 559 gravata

988 574 1036 601 est
1060 579 1159 611 supra
1194 569 1362 609 virtutem,
1389 575 1421 602 ut
1457 570 1601 603 taederet
1632 570 1729 602 etiam

987 621 1106 662 vivere,
1136 627 1167 655 et
1192 621 1223 654 in
1246 633 1279 656 se
1306 622 1375 666 ipsa
1401 633 1590 666 responsum
1617 623 1729 656 mortis

988 675 1136 708 haberet.

1030 730 1045 772 ἓ
1072 728 1102 761 7
1123 728 1165 761 t1r
1169 739 1241 761 crues
1266 729 1352 762 inter
1369 729 1467 762 animi
1487 740 1636 772 angores
1659 741 1730 774 pro·
1780 738 1849 787 ,Luu
1852 738 1890 783 3·
1890 744 1923 783 ιιι11

987 782 1090 825 piiam
1108 793 1266 822 soloiem,
1283 794 1365 825 quae
1381 783 1587 816 sanetimoni
1589 784 1636 817 ilis
1651 789 1729 824 erat,
1741 770 1849 838 Ιιιὲἰιῗαᾶ
1850 794 1875 811 110
1880 797 1924 810 ιιιιι·

986 835 1172 875 consuluit,
1207 836 1298 868 cuius
1335 836 1466 868 lioratttu
1503 836 1730 879 piesb3te1um

987 863 1173 921 monasterii
1192 888 1426 921 confessarium
1449 888 1561 929 adivit3
1581 888 1620 921 ad
1639 888 1730 922 cuius

987 941 1087 984 pedes
1118 941 1166 974 vix
1202 941 1278 973 dum
1314 952 1346 974 se
1383 947 1628 984 prostraverat,
1655 953 1728 975 cum

987 994 1201 1037 caligantibus
1220 995 1280 1027 iam
1306 995 1338 1027 in
1364 996 1495 1028 saeculo
1522 995 1639 1028 mentis
1657 1007 1732 1028 oeu-

987 1047 1025 1081 lis
1052 1046 1179 1080 divinae
1205 1048 1284 1080 lucis
1317 1049 1430 1081 lumen
1455 1048 1562 1081 subito
1588 1047 1730 1089 affulsit,

988 1106 1019 1134 et
1048 1100 1169 1133 doloris
1204 1100 1301 1133 simul
1335 1105 1428 1144 atque
1454 1101 1573 1134 amoris
1599 1102 1732 1135 vulnere

988 1164 1150 1197 percussa,
1176 1164 1289 1197 parum
1317 1154 1418 1187 abfuit
1442 1154 1521 1197 quin
1546 1155 1732 1197 prolabere-

990 1213 1040 1240 tur
1065 1207 1096 1239 in
1124 1212 1256 1240 terram.
1286 1207 1325 1240 Ut
1347 1217 1422 1240 vero
1445 1207 1576 1240 domum
1601 1208 1729 1249 redivit,

989 1272 1059 1294 cum
1081 1261 1119 1293 ab
1139 1271 1255 1293 arcano
1282 1261 1383 1294 fundo
1409 1262 1472 1294 alta
1496 1261 1730 1302 consideratio,

988 1313 1167 1347 irradiante
1194 1313 1321 1346 divinae
1347 1314 1470 1357 gratiae
1496 1314 1630 1354 lumine,
1654 1326 1733 1349 con-

989 1368 1139 1401 traxisset
1164 1373 1195 1401 et
1212 1368 1430 1410 congessisset
1449 1373 1548 1402 totam
1566 1369 1732 1402 miseriam

988 1432 1076 1454 suam
1095 1421 1127 1454 in
1153 1425 1364 1463 conspectum
1391 1422 1500 1455 cordis
1518 1422 1576 1463 sui,
1598 1423 1732 1456 obortus

988 1479 1035 1509 est
1061 1474 1179 1517 ingens
1216 1474 1323 1507 imber
1353 1475 1569 1518 lacryn'iarum
1588 1502 1596 1515 ‚
1627 1476 1734 1519 proie-

989 1527 1111 1570 ctisque
1152 1527 1344 1560 mulieribus
1381 1528 1609 1569 ornamentis,
1648 1539 1732 1572 quae

989 1591 1155 1623 nunquam
1172 1581 1384 1623 imposterum
1399 1586 1591 1621 resumeret,
1606 1581 1733 1614 amaris-

988 1633 1068 1666 sima
1093 1633 1201 1666 cordis
1221 1633 1430 1673 contritione,
1450 1636 1623 1677 sanctaque
1649 1634 1732 1667 indi-

989 1687 1144 1729 gnatione
1164 1686 1221 1727 sui,
1240 1686 1396 1719 detestata
1411 1691 1456 1719 est
1471 1692 1636 1720 anteactae
1650 1686 1733 1720 vitae

989 1740 1122 1782 culpas,
1156 1739 1319 1772 admirans
1346 1739 1484 1772 divinam
1523 1740 1732 1773 elementiam

989 1803 1025 1825 ac
1051 1791 1247 1825 ineffabilem
1273 1792 1329 1826 Dei
1355 1792 1535 1826 bonitatem
1561 1794 1733 1827 retrahen-

991 1850 1055 1878 tem
1093 1845 1282 1878 recedentes
1308 1856 1325 1878 a
1354 1856 1387 1878 se
1412 1851 1444 1878 et
1470 1845 1733 1889 derelinquentes

990 1899 1112 1932 sontem
1139 1910 1241 1942 aquae
1264 1900 1361 1933 'vivae
1394 1906 1427 1932 ut
1459 1900 1584 1933 fodiant
1608 1900 1668 1933 sibi
1690 1900 1734 1933 ci-

990 1957 1115 1985 sternas
1142 1952 1314 1995 dissipatas
1352 1963 1434 1995 quae
1471 1952 1639 1986 continere
1667 1963 1732 1986 non

991 2006 1098 2038 valent
1123 2017 1234 2049 aquas

1034 2060 1048 2103 ἓ
1075 2058 1104 2092 8
1130 2060 1242 2103 ltaque
1278 2059 1391 2093 timoie
1418 2059 1545 2094 divinae
1570 2059 1731 2101 iustitiae,
1745 2069 1797 2089 Ex
1791 2069 1870 2088 vmvnn
1883 2069 1911 2089 s
1915 2068 1929 2088 ι-

990 2113 1207 2147 admiratione
1247 2113 1306 2146 mis
1312 2114 1548 2147 eric01dia1um
1588 2113 1733 2154 Domini,
1745 2103 1779 2142 i1·
1759 2100 1793 2115 w
1785 2123 1816 2142 ιι-ιι
1797 2101 1929 2168 ιὲῖῖιη

990 2166 1064 2200 odio
1091 2177 1167 2209 eiga
1201 2167 1380 2207 mundum,
1409 2167 1632 2210 indignatione
1659 2155 1877 2227 eigalfiifftltff
1874 2175 1930 2221 1¹:13¹!-

1074 2220 1188 2254 dolore
1215 2221 1254 2253 de
1280 2220 1449 2264 peccatis,
1478 2222 1565 2253 tanta
1590 2220 1734 2264 denique

991 2279 1118 2317 tamque
1145 2274 1233 2316 gravi
1257 2274 1459 2308 diversorum
1477 2273 1649 2307 affectuum
1667 2284 1735 2307 cor-

990 2328 1039 2361 dis
1064 2328 1179 2360 intima
1212 2327 1355 2370 agitante
1381 2328 1550 2371 procella,
1578 2327 1734 2360 accende·

989 2382 1083 2414 batur
1102 2381 1164 2414 iarn
1189 2386 1344 2424 concepta
1370 2382 1497 2414 flamma
1523 2380 1621 2414 divini
1648 2391 1734 2414 amo-

991 2435 1042 2475 ris,
1070 2439 1102 2468 et
1126 2440 1263 2478 pectore
1289 2434 1439 2477 suspiria,
1458 2439 1489 2467 et
1514 2433 1614 2467 oculis
1640 2434 1734 2467 cade-

990 2489 1068 2522 bant
1101 2488 1234 2522 ssumina
1270 2489 1507 2531 lacrymarum,
1534 2487 1733 2531 acceptabile

990 2553 1026 2576 ae
1050 2547 1175 2585 gratum
1201 2542 1266 2574 Deo
1292 2540 1499 2580 sacrificium,
1528 2551 1600 2573 cum
1623 2541 1732 2574 subito

991 2595 1108 2627 mentis
1145 2594 1247 2627 oculis
1281 2593 1433 2637 apparuit
1457 2592 1627 2626 Salvatoris
1661 2604 1732 2626 cru-

990 2659 1058 2682 cem
1085 2647 1259 2681 baiulantis
1278 2647 1383 2691 imago
1403 2652 1470 2681 toto
1497 2657 1633 2690 corpore
1659 2658 1735 2680 san-
