2232 3178
55 239 103 266 An.
121 235 151 263 G.
168 234 232 262 ¹737

88 1459 167 1480 Gratias
185 1459 226 1480 Deo

52 1486 94 1512 agit
107 1486 207 1508 Pontifex.

68 2519 141 2540 Harum
150 2518 229 2540 tutera-

55 2551 97 2566 rum
131 2548 229 2566 transum-

55 2573 94 2601 pti·
102 2572 178 2599 ubique
186 2579 229 2594 cro·

56 2598 75 2619 d·
89 2598 152 2621 iubet.

853 231 996 257 CLEMENS
1019 231 1065 256 xil
1091 231 1140 257 1³1⁹,

241 286 325 314 ctum
352 280 545 313 Paraclitum
570 280 740 325 Spiritum,
761 291 862 313 unum
882 281 982 314 Deum

240 343 401 377 unumque
421 333 605 373 Dominum,
633 333 783 366 laudibus
810 338 840 366 et
861 335 985 366 confes-

239 386 383 420 sionibus
408 387 574 427 veneraffi,
607 397 768 430 sacroque
794 387 914 429 hymno
944 387 984 418 Te

239 440 342 473 Deum
363 439 551 471 solemniter
568 440 748 478 decantato,
764 438 982 481 omnibusque

240 491 506 526 christifidelibus
527 497 603 524 tunc
621 492 852 535 praesentibus
872 492 983 534 plena-

238 546 285 578 ria
309 545 452 578 omnium
478 551 683 588 peccatorum
711 555 842 577 suorum
875 544 983 577 indnl-

238 597 345 641 genti&
371 603 402 631 et
426 598 616 631 remissione
641 599 819 637 concessa,
847 603 983 640 propter

237 651 423 693 corporales
449 656 575 683 nostras
601 651 802 683 infirmitates
822 649 982 682 affectam-

238 713 300 746 que
321 702 540 735 valetudinem
558 703 765 746 senilemque
784 708 922 735 aetatem
943 702 981 734 ab

238 755 350 788 eadem
376 754 587 788 Lateranensi
615 755 750 788 ecclesia
774 754 980 793 recessimus,

238 807 481 841 remanentibus
506 808 538 840 in
565 810 602 841 ea
622 808 867 841 venerabilibus
882 807 982 840 fratri-

237 863 297 895 bus
323 862 441 894 nostris
466 861 497 894 S.
526 862 563 894 R.
591 862 626 895 E.
654 861 898 901 cardinalibus,
931 871 981 893 ar-

236 914 471 958 chiepiscopiS,
499 915 663 958 episcopis
680 919 711 947 et
726 914 877 947 universo
894 915 980 948 clero

238 972 270 1000 et
293 967 441 1010 populo:
468 968 583 1011 quibus
609 967 837 1011 praesentibus
853 994 860 1007 ,
887 978 904 999 a
930 978 982 1000 ve-

236 1020 373 1053 nerabili
406 1020 504 1053 fratre
531 1025 643 1054 nostro
669 1020 794 1053 Thoma
818 1020 849 1053 S.
878 1020 915 1052 R.
943 1019 978 1052 E.

236 1074 394 1107 cardinali
439 1075 594 1118 episcopo
635 1074 848 1107 Praenestino
888 1072 980 1106 Ruil'o

237 1132 432 1170 nuncupato,
453 1132 613 1170 tamquam
632 1127 789 1160 cardinali
815 1127 847 1159 in
866 1127 979 1159 ordine

237 1180 469 1224 antiquiori‚in
495 1182 549 1213 ara
575 1181 712 1214 maxima
738 1180 904 1224 praefatae
925 1179 981 1212 ba-

237 1234 355 1274 silicae,
381 1244 417 1267 ex
445 1234 572 1267 indulto
598 1240 629 1267 et
647 1234 685 1267 de
704 1233 839 1267 licentia
856 1235 978 1274 nostra,

236 1286 427 1320 solemniter
452 1287 548 1320 missa
573 1297 645 1320 cnm
670 1287 807 1320 Sanctae
837 1287 980 1319 eiusdem

236 1351 296 1374 nec
319 1340 453 1383 virginis
478 1351 538 1374 nec
563 1341 712 1384 martyris
745 1350 981 1374 commemora-

239 1394 327 1428 tione
354 1395 521 1428 celebrata
546 1399 606 1427 est.

281 1447 296 1491 ἓ
329 1446 383 1481 30.
418 1447 495 1480 Cum
532 1447 621 1480 omni
656 1452 763 1480 autem
797 1446 980 1480 humilitate

238 1511 376 1545 aequum
413 1506 477 1540 est,
510 1506 545 1533 ut
576 1511 635 1533 nos
672 1511 730 1544 pro
764 1504 827 1532 tam
860 1500 979 1543 insigni

237 1554 397 1588 beneficio
423 1554 542 1596 gratias
576 1553 642 1586 Deo
677 1563 826 1596 agamUS,
853 1558 884 1586 et
908 1563 980 1586 con-

237 1608 385 1642 fiteamur
405 1607 544 1641 Domino
563 1607 785 1647 dominorum,
808 1617 867 1650 per
885 1617 979 1650 quem

237 1661 330 1695 amici
365 1660 434 1694 eius
463 1666 660 1694 coronantur
686 1660 718 1692 in
745 1661 842 1693 caelis
869 1665 900 1693 et
925 1660 980 1693 ho-

237 1713 451 1748 norificantur
476 1714 507 1745 in
536 1713 631 1746 terris
648 1739 655 1753 ‚
684 1718 716 1746 et
740 1723 757 1745 a
787 1724 852 1756 quo
879 1713 980 1755 gloria

237 1774 269 1802 et
292 1769 398 1802 honos
424 1772 455 1801 et
479 1777 540 1810 pax
562 1767 649 1800 omni
667 1766 817 1810 operanti
836 1766 977 1806 bonum,

237 1826 268 1855 et
292 1821 446 1865 quoniam
471 1820 607 1854 Sanctae
644 1819 740 1852 huius
779 1819 978 1863 praesidium

236 1875 382 1909 videmus
408 1874 503 1908 nobis
539 1873 692 1906 divinitus
729 1877 977 1915 comparatum,

237 1928 431 1963 ineffabilem
456 1927 511 1960 Dei
538 1927 746 1960 clementiam
759 1926 977 1966 obsecremus,

236 1988 271 2016 ut
294 1982 385 2016 cuius
410 1981 441 2014 in
468 1980 561 2013 terris
588 1979 689 2013 voluit
713 1979 764 2012 his
788 1978 909 2011 nostris
928 1989 979 2011 ca-

237 2034 394 2070 lamitosis
434 2033 636 2077 temporibus
673 2031 811 2076 gloriam
848 2031 978 2065 manife-

239 2089 335 2130 stari,
360 2088 428 2121 eius
446 2086 701 2130 suffragantibus
726 2086 894 2129 precibus,
920 2097 979 2129 per

237 2142 354 2176 merita
378 2146 411 2174 et
434 2140 619 2184 passionem
645 2139 702 2172 filii
720 2139 766 2172 sui
785 2139 903 2172 Christi
922 2139 978 2172 do-

238 2195 316 2228 mini
337 2194 505 2228 salvatoris
522 2194 624 2227 nostri
642 2193 756 2226 faciem
774 2203 862 2225 suam
877 2203 893 2226 a
908 2203 979 2235 pec-

238 2249 317 2282 catis
341 2247 461 2281 nostris
474 2251 632 2287 avertens,
649 2256 709 2279 nos
728 2245 979 2289 apraesentibus

238 2301 335 2335 huius
360 2301 504 2335 mortalis
527 2301 611 2333 vitae
626 2295 791 2342 ‘angustiis
812 2298 953 2332 liberare
968 2325 975 2339 ,

238 2359 270 2388 et
293 2355 325 2388 in
351 2355 416 2388 hoc
441 2354 571 2388 saeculo
598 2352 728 2387 caelesti
759 2352 862 2395 gratia
898 2353 952 2384 sua
971 2378 978 2392 ,

239 2414 271 2442 et
294 2408 327 2441 in
352 2408 458 2442 futuro
480 2409 611 2441 aeterna
624 2411 808 2440 sanctorum
825 2405 977 2438 felicitate

239 2462 361 2497 donare
387 2462 552 2505 dignetur.

283 2516 298 2559 ἓ
321 2514 375 2549 31.
403 2514 567 2554 Ceterum,
595 2513 671 2557 quia
708 2512 838 2546 difficile
875 2512 978 2553 soret,

240 2574 426 2613 praesentes
446 2573 573 2602 nostras
592 2567 767 2610 originales
792 2565 916 2599 litteras
940 2567 979 2599 ad

241 2622 368 2665 sing-uta
393 2622 483 2662 loca,
510 2621 564 2654 ubi
597 2630 677 2664 opus
714 2625 819 2661 esset,
845 2619 978 2660 deferri,

292 2684 376 2713 Bull.
392 2684 479 2713 Rom.
499 2699 533 2705 —
556 2683 620 2712 Vol.
642 2681 743 2711 XXIV.
888 2680 922 2709 35

1027 280 1169 313 volumus
1195 285 1228 312 ut
1254 291 1364 313 earum
1390 279 1567 323 exemplis,
1594 279 1689 312 etiam
1717 278 1769 311 im·

1027 333 1159 376 pressis,
1177 344 1271 365 mauu
1290 333 1411 376 publici
1434 332 1551 366 notarii
1567 332 1766 374 subscriptis,

1028 392 1058 418 et
1083 386 1190 429 sigillo
1215 386 1352 420 alicuius
1377 396 1534 430 personae
1561 386 1591 418 in
1612 385 1769 428 dignitate

1027 439 1245 471 ecclesiastica
1271 439 1464 471 constitutae
1492 439 1635 478 munitis,
1657 438 1769 470 eadem

1027 491 1145 534 ubique
1171 491 1249 524 tides
1264 492 1469 531 adhibeatur,
1488 502 1568 534 quae
1585 491 1662 535 ipsis
1678 501 1770 534 prae-

1027 544 1171 577 sentibus
1198 544 1408 577 adhiberetur
1428 544 1452 577 si
1472 549 1579 578 essent
1604 543 1768 577 exhibitae

1027 598 1075 629 vel
1102 602 1266 629 ostensae.

1070 649 1161 691 §32
1188 649 1272 683 Nulli
1310 660 1390 692 ergo
1429 650 1562 683 omnino
1601 650 1769 683 hominum
1807 661 1965 687 sanffimpoe-

1780 689 1844 708 nath.

1026 703 1123 736 liceat
1141 703 1223 736 hanc
1249 704 1400 746 paginam
1418 704 1520 737 nostri
1540 704 1676 743 decreti,
1697 703 1771 737 deii-

1027 756 1169 795 nitionis,
1196 756 1440 799 adscriptionis,
1466 757 1619 796 mandati,
1649 757 1768 795 statuti,

1025 809 1266 849 concessionis,
1294 809 1498 851 elargitionis
1535 815 1566 842 et
1595 809 1769 841 voluntatis

1025 861 1216 905 iniringere,
1238 863 1287 895 vel
1307 862 1334 894 ei
1355 873 1432 894 ausu
1450 862 1625 894 temerario
1641 867 1770 895 contra-

1024 914 1081 955 ire;
1098 915 1121 946 si
1138 915 1209 958 quis
1227 920 1333 948 autem
1352 914 1414 947 hoc
1432 920 1589 948 attentare
1608 925 1771 957 praesum,

1024 967 1140 1011 pserit,
1167 968 1425 1010 indignationem
1454 967 1688 1011 omnipotentis
1705 967 1769 1014 Dei,

1024 1031 1060 1054 ac
1085 1020 1257 1054 beatorum
1283 1021 1366 1053 Petri
1393 1026 1425 1053 et
1442 1021 1528 1053 Pauli
1546 1021 1770 1064 apostolorum

1024 1075 1093 1107 eius
1119 1084 1152 1106 se
1178 1074 1307 1107 noverit
1333 1073 1554 1107 incursurum.

1068 1127 1181 1160 Datum
1209 1127 1342 1167 Romae,
1375 1127 1460 1169 apud
1491 1126 1523 1159 S.
1558 1126 1710 1159 Ioannem
1737 1126 1770 1158 in

1024 1181 1192 1221 Laterano,
1220 1191 1304 1213 anno
1330 1180 1563 1213 Incarnationis
1586 1179 1770 1212 dominicae

1023 1245 1228 1274 MDcc'xxxvu,
1248 1246 1298 1268 xv1
1316 1234 1470 1268 kalendas
1490 1233 1576 1273 iulii,
1601 1231 1769 1276 pontifica-

1025 1294 1073 1321 tus
1103 1289 1205 1322 nostri
1237 1298 1324 1321 anno
1352 1298 1406 1321 vu.

1060 1350 1118 1379 Dat.
1141 1350 1185 1378 die
1208 1350 1238 1377 16
1259 1350 1325 1376 iunii
1349 1349 1427 1383 1737,
1448 1348 1545 1384 pontif.
1568 1357 1638 1376 anno
1659 1355 1705 1375 vu.

1199 1447 1248 1498 ᾗ
1276 1448 1362 1484 EGO
1390 1446 1592 1483 CLEMENS

1087 1524 1286 1549 carnomcitss
1311 1523 1482 1547 ECCLEsmE
1506 1510 1707 1546 EP1scorus¹.

1022 1589 1040 1623 ἦ·
1062 1587 1119 1625 Ego
1142 1585 1317 1616 Franciscus
1340 1584 1494 1624 episcopus
1512 1584 1656 1614 Ostiensis
1673 1584 1766 1613 cardi-

1103 1635 1211 1665 dinalis
1233 1634 1422 1664 Barberinus.

1022 1687 1039 1721 †
1061 1685 1119 1723 Ego
1142 1684 1244 1713 Petrus
1273 1682 1430 1721 episcopus
1468 1680 1641 1712 I'ortuensis
1674 1680 1768 1711 cardi-

1103 1733 1177 1763 nalis
1199 1731 1374 1763 Ottobouus.

1022 1786 1040 1820 †

1023 1834 1041 1870 †
1057 1832 1115 1870 Ego
1129 1831 1285 1871 episeopus
1300 1828 1471 1860 Sabinensis
1488 1828 1645 1858 cardinalis
1661 1828 1689 1858 S.
1705 1827 1767 1858 Cle-

1104 1880 1210 1911 mentis
1233 1880 1263 1909 S.
1282 1879 1316 1908 tt.
1334 1878 1365 1908 E.
1384 1877 1576 1907 camerarius,

1022 1933 1040 1969 †
1063 1931 1121 1969 Ego
1144 1928 1308 1959 Ludovicus
1330 1926 1485 1966 episcopus
1504 1925 1680 1955 Albanensis
1703 1935 1766 1955 car-

1103 1978 1211 2010 dinalis
1234 1977 1334 2008 Picus.

1021 2031 1039 2066 ἦ*
1061 2029 1121 2068 Ego
1144 2029 1248 2058 Petrus
1271 2026 1426 2066 episcopus
1454 2024 1639 2055 Tusculanus
1670 2023 1765 2054 cardi-

1101 2076 1177 2106 nalis
1198 2075 1386 2106 Corradinus.

1020 2128 1040 2557 -t-t-t-t-t-t-t--t--t-

1061 2587 1068 2611 i
1094 2584 1161 2612 Heio
1181 2583 1304 2618 sequitur
1334 2582 1420 2608 forma
1447 2579 1526 2614 sigilli
1554 2582 1582 2606 ut
1610 2585 1692 2613 supra
1717 2586 1764 2613 pa-

1023 2629 1085 2665 giua
1106 2628 1157 2656 245
1178 2636 1195 2655 α
1214 2628 1256 2662 (n.
1272 2627 1321 2661 τ.).

1667 220 1732 255 ⁶273
1778 229 1830 258 An.
1849 230 1868 257 c
1897 230 1964 258 1737
