2232 3178
31 195 80 224 An.
92 194 122 221 c.
144 192 211 220 1738

63 1473 202 1493 manentium

29 1499 116 1521 firnnttas.

849 186 991 212 CLEMENS
1015 186 1062 211 ΧΠ
1088 187 1138 211 PP-

218 249 331 284 posse3
357 248 486 271 necnon
517 238 634 270 veteris
667 237 745 270 iuris
780 236 961 280 respective

221 291 424 332 conferendi,
451 291 654 330 instituendi,
670 290 888 334 approbandi,
908 300 963 323 no-

220 344 378 385 minandi,
395 355 430 377 ac
452 344 684 387 praesentandi
706 349 737 376 et
759 342 960 386 perciplendi

221 409 256 431 ac
282 397 433 440 exigendi
460 396 705 439 abrogationem
739 401 770 429 et
796 396 963 429 extinctio-

219 461 295 484 nem
322 460 339 483 a
364 449 457 482 nobis
485 455 519 481 ut
545 450 728 492 praefertur
753 450 864 489 factas,
889 448 964 481 vali-

219 503 275 536 das
301 509 333 535 et
358 502 505 535 efficaces
546 503 613 534 fore
640 506 672 534 et
697 512 790 541 esse,
820 511 961 545 suosque
984 524 986 534 ,

218 555 386 600 plenarios
413 560 445 588 et
480 555 625 598 integros
662 554 794 587 effectus
832 555 960 596 sortiri,

219 620 278 642 nec
303 619 357 642 eas
396 609 455 641 snb
492 608 749 651 quibuscumque
789 607 961 640 contrariis

217 667 272 695 aut
297 662 457 695 similibus
484 662 533 694 vel
560 661 790 701 dissimilibus,
819 661 963 704 speciali-

217 716 277 748 bus
292 721 347 748 aut
364 715 573 758 generalibus
587 714 875 754 reservationibus,
889 725 960 747 cum
983 730 985 760 3

217 768 386 812 quibusvis
412 767 612 806 restrictivis‚
638 778 674 800 ac
701 767 797 800 etiam
836 778 962 801 earum-

217 823 289 855 dem
317 821 596 864 derogatoriarum
623 821 840 864 derogatoriis
875 822 961 854 clau-

217 875 295 908 sulis
321 874 539 914 irritantibus,
566 874 660 907 etiam
686 875 748 907 vim
774 876 959 907 contractus

217 927 468 968 inducentibus,
495 932 549 959 aut
573 926 765 960 fortioribus
791 933 822 960 et
846 926 961 960 aretio-

215 981 304 1014 ribus
331 980 489 1021 decretis,
521 985 575 1013 aut
600 980 680 1014 alias
712 980 961 1024 quomodolibet

215 1045 276 1079 pro
303 1040 451 1078 tempore
477 1034 707 1074 concedendis,
729 1041 848 1068 etcum
867 1044 960 1078 prae-

216 1089 278 1121 fata
303 1089 448 1122 clausula
479 1087 625 1128 Quorum
644 1092 782 1127 tenores,
803 1092 872 1128 etc„
896 1088 960 1121 edi-

216 1142 256 1175 tis
281 1142 329 1175 vel
355 1141 501 1182 edendis,
527 1142 715 1174 nullatenus
744 1142 959 1184 comprehcn-

215 1206 265 1229 sas
303 1205 373 1228 esse
411 1200 442 1228 et
475 1195 568 1234 fore,
602 1194 775 1237 minusque
812 1205 959 1237 compre-

215 1249 315 1283 hendi
341 1259 439 1292 posse
474 1254 527 1281 aut
560 1248 704 1288 debere,
736 1248 791 1281 sed
828 1259 959 1292 semper

214 1303 254 1336 ab
293 1302 358 1336 illis
398 1307 546 1344 exceptas
579 1306 610 1334 et
635 1301 779 1334 exclusas
820 1312 889 1334 esse
927 1306 959 1334 et

214 1356 364 1396 censeri,
390 1366 426 1388 ac
462 1356 595 1397 plenum
634 1364 767 1398 semper
803 1354 958 1388 validissi-

214 1420 367 1453 mumque
394 1408 442 1442 sui
469 1408 619 1441 effectum
645 1408 757 1441 sortiri
783 1408 922 1449 debere;

258 1464 273 1507 ἓ
291 1463 320 1496 [ι.
334 1463 398 1496 Nec
416 1473 479 1496 non
499 1463 609 1496 omnia
623 1468 654 1495 et
668 1462 793 1505 singula
808 1462 956 1506 praemis·

213 1528 261 1557 sa,
285 1527 321 1549 ac
346 1517 477 1550 easdem
498 1522 624 1549 nostras
642 1522 845 1559 praesentes,
866 1518 956 1550 nullo

213 1581 357 1613 unquam
386 1574 533 1612 tempore
571 1569 610 1602 de
647 1568 870 1612 subreptionis
908 1570 956 1602 vel

212 1623 415 1667 obreptionis
448 1628 500 1655 aut
526 1622 686 1655 nullitatis
710 1621 798 1663 vitio,
825 1633 882 1655 seu
908 1622 956 1654 in-

213 1676 366 1709 tentionis
385 1681 514 1709 nostrae
530 1676 579 1708 vel
598 1675 660 1708 alio
679 1675 791 1719 quovis
818 1675 955 1716 defectu,

213 1730 310 1763 etiam
335 1740 372 1763 ex
397 1740 436 1762 eo
462 1729 548 1773 quod
575 1740 701 1769 causae,
719 1734 855 1773 propter
877 1740 955 1773 quas

214 1783 326 1816 eadem
353 1783 534 1826 praemissa
560 1783 642 1815 facta
667 1784 819 1823 fuerunt,
845 1793 953 1816 coram

212 1836 384 1870 Ordinario
420 1836 502 1876 loci,
530 1836 626 1869 etiam
662 1841 824 1879 tamquam
862 1836 953 1870 Sedis

212 1890 419 1933 Apostolicae
446 1890 606 1933 delegato,
633 1889 852 1930 examinatae,
875 1890 954 1923 veri-

212 1943 325 1976 ficatae
358 1947 390 1976 et
425 1943 464 1975 ab
503 1953 541 1975 eo
576 1943 796 1985 approbatae,
823 1953 952 1976 necnon

212 1996 478 2040 archiepiscopus
502 2007 537 2029 ac
555 1996 731 2039 capitulum
754 2001 785 2029 et
805 1996 952 2029 canonici

212 2051 379 2093 praefatae
399 2049 554 2083 ecclesiae
569 2049 830 2093 Ulyssiponensis
846 2050 952 2083 orien-

213 2103 295 2143 talis,
321 2103 488 2147 dictasque
515 2103 703 2146 dignitates,
730 2114 765 2136 ac
787 2103 952 2136 canonica-

210 2161 262 2190 tus
289 2162 320 2189 et
344 2157 551 2200 praebendas
569 2168 604 2190 ac
623 2157 848 2200 quartanarias
865 2168 951 2191 nunc

212 2210 394 2254 respective
419 2210 626 2250 obtinentes,
653 2221 781 2243 necnon
811 2212 950 2254 capella-

213 2263 298 2296 niam
332 2263 532 2307 praefatam,
568 2262 787 2307 dimidiusque
819 2264 952 2297 canoni-

213 2322 302 2350 catus
328 2321 360 2349 et
386 2316 534 2349 dimidias
552 2317 769 2359 praebendas,
793 2327 829 2350 ac
854 2328 950 2361 quar-

214 2370 352 2403 tanarias
374 2379 459 2402 nunc
477 2369 654 2412 respective
674 2369 871 2412 obtinentes,
890 2381 951 2404 nec

213 2433 276 2456 non
302 2423 354 2456 alii
378 2422 572 2466 quicumque
592 2422 623 2455 in
641 2423 827 2466 praemissis
853 2423 952 2467 quod-

213 2487 352 2520 cumque
377 2476 426 2509 ius
462 2477 511 2509 vel
537 2476 692 2509 interesse
719 2477 876 2510 babentes
902 2478 950 2511 vel

213 2530 335 2563 habere
359 2527 636 2574 praetendentes,
663 2529 702 2562 ad
728 2530 760 2563 id
785 2530 887 2563 vocati
920 2536 952 2563 et

213 2583 313 2617 auditi
339 2593 405 2617 non
431 2583 561 2624 fuerint,
590 2593 650 2616 nec
671 2594 783 2617 eorum
810 2584 951 2628 desuper

300 2647 738 2678 Buu.nom.-vm.xX1½
882 2647 919 2675 44

1006 246 1196 279 expressum
1222 235 1402 280 respective
1430 246 1629 270 consensum
1655 246 1749 280 prae-

1006 288 1157 328 stiterint,
1185 299 1240 321 seu
1267 299 1304 322 ex
1329 289 1440 331 quavis
1477 289 1538 322 alia
1573 292 1681 329 causa,
1719 295 1749 322 et

1006 351 1214 384 quocumque
1240 342 1303 375 alio
1329 347 1511 385 praetextu,
1528 342 1675 385 quaesito
1695 354 1747 376 co-

1006 394 1073 426 lore
1099 394 1148 426 vel
1176 394 1322 436 ingenio,
1350 394 1469 433 notari,
1487 394 1681 438 impugnari,
1700 395 1749 427 in-

1008 446 1152 486 validari,
1178 448 1355 488 retractari,
1382 448 1419 480 ad
1443 448 1523 481 viam
1543 455 1573 481 et
1593 449 1750 482 terminos

1006 499 1084 532 iuris
1112 500 1231 541 reduci,
1268 512 1322 534 seu
1351 502 1381 533 in
1409 502 1457 534 ius
1484 503 1533 535 vel
1559 509 1748 535 controver-

1006 553 1086 585 siam
1113 554 1269 594 revocari,
1305 559 1357 587 aut
1383 555 1536 588 adversus
1570 555 1626 588 illa
1661 561 1691 588 et
1716 556 1747 589 il-

1005 607 1052 639 las
1078 607 1307 650 quodcumque
1326 608 1406 640 iuris
1433 610 1481 641 vel
1509 609 1581 641 facti
1608 614 1662 641 aut
1680 620 1748 651 gra-

1006 659 1066 692 tiae
1094 660 1272 693 remedium
1292 661 1457 704 impetrari
1481 673 1588 705 posse,
1613 672 1671 695 nec
1690 663 1747 695 sub

1004 713 1168 756 quibusvis
1193 714 1349 747 similium
1375 716 1423 748 vel
1443 715 1650 748 dissimilium
1678 727 1748 758 gra-

1006 765 1124 799 tiarum
1159 767 1430 808 revocationibus,
1465 768 1746 811 suspensionibus,

1004 819 1261 860 limitationibus,
1290 820 1567 863 derogationibus,
1600 827 1652 854 aut
1677 822 1747 854 aliis

1004 873 1177 906 contrariis
1218 873 1507 917 dispositionibus,
1535 885 1594 917 per
1632 885 1691 907 nos
1718 880 1749 907 et

1004 937 1228 970 quoscumque
1264 927 1427 960 Romanos
1462 926 1637 960 Pontifices
1673 939 1746 961 suc-

1004 990 1150 1013 cessores
1176 986 1320 1021 nostros,
1344 991 1380 1014 ac
1401 981 1497 1014 etiam
1516 981 1634 1015 Sedem
1653 992 1747 1025 prae-

1004 1033 1131 1074 dictam,
1150 1045 1210 1077 pro
1238 1040 1384 1078 tempore
1407 1034 1571 1074 faciendis,
1598 1045 1747 1078 compre-

1003 1086 1104 1119 hendi
1142 1097 1237 1130 posse
1274 1088 1323 1120 vel
1361 1087 1492 1127 debere,
1534 1088 1591 1121 sed
1617 1099 1747 1132 semper

1002 1139 1040 1172 ab
1066 1138 1130 1173 illis
1156 1139 1275 1182 excipi,
1298 1145 1344 1179 et,
1365 1140 1492 1184 quoties
1517 1141 1592 1174 illae
1619 1152 1747 1174 emana-

1001 1192 1091 1233 bunt,
1119 1193 1212 1226 toties
1230 1193 1262 1225 in
1281 1193 1457 1236 pristinum
1480 1199 1511 1226 et
1529 1205 1602 1227 eum
1628 1195 1660 1227 in
1682 1206 1745 1238 quo

1002 1251 1096 1279 antea
1120 1246 1372 1290 quomodolibet
1397 1253 1490 1279 erant
1515 1252 1632 1280 statum
1658 1248 1746 1280 resti-

1002 1305 1080 1340 tuta,
1109 1299 1253 1343 reposita
1288 1305 1319 1333 ct
1348 1299 1497 1343 plenarie
1533 1301 1745 1344 reintegrata,

1002 1363 1037 1386 ac
1063 1353 1101 1386 de
1127 1364 1211 1386 novo
1238 1353 1335 1386 etiam
1362 1354 1421 1386 sub
1449 1364 1658 1397 quacumque
1684 1366 1744 1398 po-

1000 1406 1129 1439 steriori
1167 1407 1239 1439 data
1277 1417 1338 1450 per
1374 1407 1494 1440 dictum
1534 1407 1688 1440 Ioannem
1713 1412 1745 1440 et

1000 1471 1059 1504 pro
1087 1466 1232 1504 tempore
1259 1461 1452 1494 existentem
1477 1461 1693 1504 Portugalliae
1712 1467 1744 1495 et

1000 1514 1229 1557 Algarbiorum
1255 1525 1365 1557 regem
1392 1516 1665 1559 quandocun‘ique
1691 1516 1742 1548 cli-

999 1567 1105 1611 genda
1131 1577 1300 1607 concessa,
1325 1568 1429 1602 valida
1454 1573 1486 1600 et
1518 1568 1678 1608 efficacia,
1707 1580 1742 1601 ac

1000 1631 1186 1661 concessas,
1216 1621 1338 1654 validas
1371 1626 1402 1654 et
1434 1621 1580 1654 efficaces
1606 1623 1674 1656 fore
1710 1627 1743 1655 et

1000 1685 1082 1715 esse,
1107 1675 1273 1718 plenarios
1288 1680 1319 1708 et
1344 1675 1490 1718 integros
1518 1674 1652 1708 effectus
1675 1686 1742 1709 sor-

999 1728 1050 1760 tiri
1079 1733 1109 1761 et
1133 1728 1301 1769 obtinere,
1328 1729 1439 1772 sicque
1466 1734 1596 1762 nostrae
1623 1730 1741 1762 mentis

999 1787 1030 1814 et
1055 1781 1250 1814 intentionis
1276 1781 1375 1815 fuisse
1409 1788 1440 1814 et
1465 1792 1556 1822 esse,
1584 1787 1615 1815 ct
1640 1783 1683 1815 ita
1709 1782 1739 1815 in

997 1833 1149 1867 omnibus
1188 1839 1218 1867 et
1254 1834 1389 1878 singulis
1415 1835 1600 1878 praemissis
1638 1835 1678 1868 ab
1705 1847 1738 1869 o-

997 1887 1125 1920 mnibus
1151 1888 1289 1929 censeri,
1309 1894 1340 1921 et
1365 1888 1408 1921 ita
1433 1900 1491 1932 per
1511 1900 1739 1933 quoscumque

997 1941 1119 1974 iudices
1148 1941 1330 1975 ordinarios
1347 1943 1396 1975 vel
1416 1942 1604 1985 delegatos,
1630 1943 1740 1986 (piaris

995 1995 1186 2028 auctoritate
1220 1995 1416 2038 fungentes,
1441 1996 1537 2029 etiam
1569 2007 1739 2029 causarum

995 2049 1106 2091 palatii
1133 2049 1305 2092 apostolici
1332 2049 1511 2090 auditores,
1537 2061 1572 2083 ac
1593 2050 1624 2083 S.
1645 2050 1682 2082 R.
1702 2050 1736 2083 E.

995 2102 1195 2143 cardinales,
1223 2102 1321 2136 etiam
1347 2103 1385 2136 de
1412 2104 1512 2137 latere
1538 2105 1674 2147 legatos,
1696 2104 1739 2137 vi-

995 2156 1185 2199 ee-legatos‚
1205 2156 1375 2200 dictaeque
1393 2156 1485 2190 Sedis
1504 2157 1646 2197 nuntios,
1666 2159 1738 2191 sub-

995 2210 1058 2243 lata
1084 2210 1129 2242 eis
1155 2215 1187 2242 et
1213 2220 1322 2243 eorum
1348 2209 1483 2244 cuilibet
1508 2211 1618 2254 quavis
1645 2211 1738 2245 aliter

995 2262 1181 2303 iudicandi,
1215 2262 1391 2297 definiendi
1433 2269 1464 2297 et
1499 2263 1736 2308 interpretandi

995 2316 1145 2349 facultate
1172 2321 1203 2350 et
1220 2317 1422 2357 auctoritate,
1444 2317 1588 2358 iudicari,
1608 2318 1735 2351 definiri

995 2375 1025 2403 et
1051 2369 1261 2413 interpretari
1286 2370 1418 2411 debere,
1440 2375 1490 2411 et,
1509 2371 1667 2415 quidquid
1689 2382 1737 2404 se-

994 2433 1049 2455 cus
1068 2423 1233 2467 superbis
1251 2434 1268 2456 a
1285 2434 1466 2468 quoquam,
1494 2423 1603 2467 quavis
1628 2428 1736 2457 aucto-

994 2477 1098 2518 ritate,
1120 2477 1260 2510 scienter
1278 2477 1325 2510 vel
1341 2477 1542 2520 ignoranter,
1561 2477 1736 2521 contigerit

994 2531 1156 2571 attentari,
1178 2530 1302 2563 irritum
1328 2535 1360 2563 et
1385 2530 1494 2571 inane,
1512 2530 1731 2572 decernimus,

995 2584 1163 2618 statuimus
1190 2589 1220 2618 et
1245 2584 1446 2618 mandamus.

1646 176 1710 212 345
1757 187 1944 214 An.c.1738
