2232 3178
60 163 112 190 An.
128 161 156 188 G.
180 159 246 187 1740

106 1739 156 1759 CAP.
173 1738 199 1758 V,

99 1765 127 1786 Da
150 1764 242 1789 graviori

61 1792 124 1818 culpa
135 1794 155 1812 ct
165 1793 242 1817 poena.

873 154 1019 180 CLEMENS
1045 154 1091 178 ΧΠ
1117 155 1165 178 PP.

255 206 412 237 ritionibus
448 215 623 246 provocare,
661 205 810 235 silentium
848 205 992 242 frangere,

255 265 321 285 cum
343 255 503 285 offensione
526 254 681 295 prasertim
705 254 846 291 fraterna,
871 253 900 283 in
925 263 992 283 con-

254 304 437 334 suetudinem
461 303 579 333 duxerit
599 313 606 340 3

293 361 333 382 1v.
356 352 385 382 Si
409 352 474 391 quis
503 361 567 381 curn
605 351 721 381 feminis
744 355 793 380 aut
814 350 914 390 pueris
936 350 995 379 col-

255 399 412 439 loquendo,
436 400 555 429 attentis
578 399 806 429 circumstantiis
829 398 897 434 loci,
921 402 994 427 tem-

254 449 333 488 poris
355 453 383 478 et
409 458 618 488 personarum,
645 447 843 486 suspicionem
866 446 993 485 aliquam

255 498 317 527 vitii
340 498 497 536 ingesserit
526 502 575 527 aut
608 498 741 535 ingerere
774 496 904 535 potuisse
931 495 994 524 iure

256 550 463 585 praesumptus
486 546 573 575 fuerit
590 555 597 582 ;

295 603 322 624 v.
340 594 368 624 Si
384 595 448 634 quis
464 594 615 624 dormierit
630 594 693 623 sine
710 593 810 623 tunica
826 595 854 622 et
869 591 994 630 cucullo;

294 651 332 672 vr.
355 642 385 672 Si
407 642 473 681 quis
497 642 619 672 exiverit
642 642 704 671 sine
733 641 812 671 socio
835 640 993 678 assignato,

253 695 303 720 ant
324 691 406 720 illum
423 690 590 725 mutaverit,
607 693 657 719 aut
680 694 761 719 extra
785 687 993 718 monasterium

254 740 417 780 reliquerit,
443 741 484 770 vel
508 739 587 769 solus
609 739 671 769 sine
693 738 814 768 licentia
835 737 931 772 iverit,
950 736 993 766 vel

254 790 338 828 hora,
356 800 411 829 qua
431 790 460 820 in
477 789 688 819 monasterium
711 788 805 818 redire
821 787 917 824 debet,
936 796 992 817 non

252 838 392 874 redierit3
829 871 833 875 g

292 895 341 916 vn.
365 887 394 917 Si
417 887 482 926 quis
513 896 548 916 ex
580 886 654 916 cella
687 885 853 924 egrediatur
883 890 911 914 et
943 893 995 924 per

254 935 464 965 monasterium
488 939 608 973 vagetur
631 939 760 974 tempore
782 933 992 970 dormitionis;

294 992 353 1013 vni.
384 983 412 1014 Si
446 983 512 1022 quis
536 983 720 1013 -medicinam
755 983 912 1022 sumpserit
944 987 994 1012 aut

255 1032 407 1071 sanguinis
431 1032 623 1062 minutionem
647 1032 749 1062 fecerit
772 1031 835 1061 sine
858 1031 992 1067 licentia3

294 1090 334 1111 1x.
359 1081 389 1110 si
413 1081 479 1120 quis
494 1081 609 1120 culpam
628 1080 813 1120 praeteritam
832 1080 925 1117 fratri,
943 1088 994 1118 pro

255 1140 310 1169 qua
333 1129 520 1166 satisfecerit,
544 1129 813 1168 improperaverit;

296 1188 323 1209 x.
347 1178 376 1209 Si
399 1178 465 1217 quis
487 1178 630 1208 ieiunium
661 1177 695 1207 ab
724 1177 831 1208 Ordine
854 1176 995 1217 praescri-

256 1231 335 1267 ptum
358 1227 478 1265 fregerit
495 1237 502 1263 3

295 1284 335 1306 xi.
358 1276 387 1306 Si
410 1276 476 1315 quis
498 1275 636 1311 missam,
660 1274 892 1313 confessionem,
918 1283 995 1304 com·

255 1324 436 1362 munionem,
461 1327 509 1354 aut
531 1323 658 1354 officium
688 1323 818 1353 divinum
847 1323 877 1353 in
906 1323 994 1353 choro

256 1374 319 1403 sine
352 1373 472 1403 licentia
500 1373 648 1402 omiserit.

296 1422 351 1452 Pro
374 1421 549 1461 supradictis
571 1425 598 1451 et
620 1420 768 1451 similibus
785 1420 880 1460 culpis
896 1420 994 1450 iniun-

256 1475 342 1508 gatur
363 1470 522 1507 ieiunium,
554 1473 582 1500 et
614 1469 749 1500 strictum
773 1469 923 1500 silentium
945 1477 996 1508 per

257 1519 373 1557 aliquod
405 1523 534 1558 tempuS,
564 1518 783 1556 genuflexiones
810 1522 839 1548 et
868 1521 995 1557 prostra-

258 1569 351 1598 tiones
375 1571 505 1606 tempore
527 1566 694 1596 resectionis
710 1567 884 1603 communis,
901 1570 951 1596 aut
966 1565 994 1595 in

257 1616 401 1653 ecclesia,
426 1615 528 1655 psalmi
551 1615 638 1644 etiam
658 1619 686 1644 et
713 1615 858 1645 orationes
885 1615 996 1654 aliquot

256 1664 431 1702 dominicae,
455 1663 615 1693 secundum
639 1663 846 1693 discretionem
870 1663 994 1693 abbatis.

335 1713 459 1744 Gravior
481 1712 565 1751 culpa
589 1715 654 1742 est:

294 1771 314 1792 ι.
338 1762 368 1793 Si
390 1762 456 1802 quis
480 1762 589 1792 ieiunia
612 1761 758 1792 Ecclesiae
781 1762 954 1798 violaverit3

295 1821 325 1842 n.
345 1812 375 1842 Si
408 1811 474 1851 quis
507 1815 658 1850 peccatum
689 1811 812 1841 mortale
845 1811 996 1840 manifeste

255 1861 437 1892 commiserit
458 1864 560 1890 contra
584 1865 737 1900 praecepta
761 1860 809 1890 Dei
832 1861 875 1891 vel
899 1860 997 1890 Eccle—

255 1911 315 1940 siae
330 1935 337 1949 ‚
361 1914 477 1950 praeter
498 1918 583 1939 casus
605 1909 681 1939 infra
704 1909 913 1947 recensendos,
931 1918 995 1939 cum

255 1959 289 1989 de
312 1958 488 1998 gravissima
509 1958 597 1998 culpa
619 1967 717 1988 sermo
739 1958 797 1988 erit
815 1968 822 1995 ;

295 2016 335 2038 111.
358 2007 387 2038 Si
410 2007 475 2047 quis
504 2007 600 2037 sciens
632 2010 660 2036 et
693 2007 793 2036 volens
822 2006 997 2036 sententiam

256 2055 569 2086 excommunicationis
601 2059 651 2086 aut
673 2055 877 2095 suspensionis
899 2056 997 2085 incur-

256 2106 329 2136 rerit
359 2115 373 2135 a
403 2106 466 2136 iure
494 2105 539 2135 vel
568 2104 603 2135 ab
632 2105 750 2135 homine
778 2105 878 2143 latam,
902 2109 960 2135 tam
983 2114 997 2134 a

257 2154 387 2194 praelato
421 2154 640 2192 ecclesiastico,
674 2163 760 2193 quam
793 2163 808 2183 a
845 2154 998 2193 superiore

255 2202 401 2241 religioso,
425 2202 555 2241 exceptis
576 2202 645 2232 item
668 2201 802 2240 casibus,
826 2202 855 2232 in
878 2201 996 2241 quibus,

255 2251 291 2281 ob
307 2250 510 2290 gravissimam
524 2251 652 2289 culpam,
669 2251 935 2281 excommunicatio
953 2251 995 2281 vel

255 2300 409 2339 suspensio
432 2300 596 2338 infligitur3

295 2358 333 2379 lv.
357 2348 385 2380 Si
409 2349 474 2388 quis
496 2350 592 2378 sciens
615 2358 645 2378 se
667 2358 731 2378 esse
763 2348 997 2379 excommunica-

256 2402 317 2428 tum
340 2401 390 2427 aut
412 2406 602 2436 suspensum,
620 2400 651 2427 ut
673 2406 774 2436 supra,
791 2396 995 2436 celebraverit,

255 2447 300 2477 vel
324 2448 354 2477 in
377 2447 438 2476 suis
461 2446 614 2476 ordinibus
637 2446 848 2477 ministraverit
869 2457 876 2484 3

296 2506 323 2525 v.
346 2495 375 2525 Si
399 2495 464 2534 quis
486 2494 663 2525 calumniam
694 2494 723 2524 in
747 2495 863 2525 fratrem
887 2499 997 2527 struxe-

256 2545 311 2584 rit,
335 2544 396 2574 sive
419 2544 447 2574 in
471 2543 594 2582 iudicio,
617 2543 677 2573 sive
700 2543 855 2583 privatim3

1078 211 1116 232 vr.
1141 202 1170 231 Si
1194 201 1259 242 quis
1282 211 1333 241 per
1356 202 1396 230 fas
1418 204 1467 231 aut
1496 201 1578 230 nefas
1605 208 1779 239 procurave-

1038 252 1077 282 rit
1106 257 1137 282 ut
1166 251 1229 291 ipse
1251 252 1295 281 vel
1323 251 1397 281 alter
1425 251 1571 281 eximatur
1598 259 1612 279 a
1638 252 1779 288 potestate

1038 300 1197 340 superioris
1229 305 1285 330 tam
1308 299 1476 330 monasterii
1500 308 1586 339 quam
1610 296 1779 337 provinciae

1038 353 1087 379 aut
1110 348 1223 379 abbatis
1245 348 1407 386 generalis3

1078 406 1127 427 vn.
1152 398 1182 427 Si
1205 398 1269 437 quis
1298 407 1349 436 per
1381 396 1595 426 contumaciam
1619 396 1663 425 vel
1687 395 1780 424 mani-

1038 446 1139 475 festam
1159 445 1350 476 rebellionem
1368 444 1537 474 inobediens
1560 453 1611 473 suo
1634 443 1779 482 superiori

1040 494 1137 531 fuerit,
1151 493 1194 523 vel
1207 503 1273 522 cum
1290 503 1323 523 eo
1336 494 1415 522 intus
1432 497 1481 522 aut
1497 493 1566 522 foris
1582 491 1778 528 contenderi13

1078 550 1137 570 vni.
1161 541 1190 571 Si
1213 541 1278 580 quis
1299 546 1410 570 secreta
1440 540 1699 578 congregationum
1731 548 1779 577 ge-

1037 590 1156 628 neralis,
1177 590 1419 628 hegumenorum,
1438 588 1605 628 provinciae
1621 591 1650 618 et
1667 597 1780 617 monas-

1038 639 1188 676 teriorum,
1205 638 1270 668 aliis
1294 638 1445 667 monachis
1467 637 1528 667 sive
1552 637 1700 676 professis,
1718 636 1779 665 sive

1038 687 1177 725 novitiis,
1211 687 1255 716 vel
1287 686 1374 716 etiam
1398 686 1528 716 externis
1562 690 1669 716 temere
1698 694 1780 715 reve-

1038 735 1142 766 laverit
1157 745 1164 772 3

1077 794 1117 815 lx.
1142 784 1171 814 si
1194 784 1259 824 quis
1275 783 1402 814 decretis
1418 783 1679 821 congregationum
1700 786 1780 812 ante-

1037 833 1181 864 dictarum
1213 842 1243 862 se
1271 842 1300 862 se
1331 832 1518 871 opposuerit,
1542 835 1591 861 aut
1620 831 1778 870 superiori,

1038 882 1232 922 praecipienti
1255 881 1364 920 aliquid
1388 881 1416 910 in
1440 881 1548 910 virtute
1571 884 1690 910 sanctae
1713 880 1780 910 obe-

1037 932 1176 968 dientiae,
1199 929 1430 966 contradixerit,

1078 991 1106 1010 x.
1128 980 1157 1010 Si
1180 980 1246 1019 quis
1270 979 1398 1019 praelato
1417 979 1619 1008 ecclesiastico
1635 983 1684 1008 aut
1701 979 1780 1018 prin-

1037 1029 1095 1068 cipi
1112 1029 1266 1064 saeculari‚
1286 1028 1315 1058 in
1338 1029 1379 1057 eis
1398 1037 1472 1067 quae
1495 1027 1530 1057 ad
1554 1027 1618 1057 illos
1634 1031 1778 1066 spectant,

1038 1077 1211 1108 inobediens
1240 1081 1268 1106 et
1296 1081 1455 1106 contumax
1483 1076 1625 1106 extiterit.

1078 1127 1132 1157 Pro
1155 1126 1326 1156 huiusmodi
1349 1130 1377 1155 et
1399 1125 1545 1155 similibus
1564 1125 1659 1165 culpis
1682 1125 1781 1155 iniun—

1038 1179 1145 1214 gantur
1181 1175 1313 1212 ieiunia3
1347 1174 1417 1204 item
1455 1174 1621 1212 assignetur
1659 1173 1780 1203 ultimus

1038 1225 1136 1261 locus,
1154 1224 1311 1264 prostratio
1327 1227 1395 1253 ante
1417 1222 1494 1252 fores
1518 1222 1618 1262 templi
1641 1221 1686 1252 vel
1707 1222 1780 1252 refe-

1038 1273 1123 1303 ctorii
1157 1272 1202 1302 vel
1228 1272 1328 1306 chori,
1358 1272 1427 1301 dum
1454 1271 1558 1301 fratres
1586 1271 1713 1308 intrant,
1737 1279 1782 1300 se-

1038 1321 1150 1352 iunctio
1178 1325 1229 1351 aut
1258 1320 1453 1360 sequestratio
1476 1329 1489 1350 a
1514 1319 1664 1358 fratribus,
1687 1320 1725 1350 ita
1750 1323 1781 1349 ut

1038 1370 1138 1401 nullus
1162 1371 1283 1400 fratrum
1301 1369 1406 1399 audeat
1421 1378 1451 1398 se
1467 1368 1510 1398 illi
1533 1368 1712 1407 coniungere
1736 1367 1781 1398 vel

1038 1419 1157 1459 aliquod
1180 1419 1206 1449 ci
1231 1419 1360 1456 mittere,
1386 1427 1439 1447 nec
1462 1421 1582 1447 vocetur
1603 1417 1638 1447 ad
1662 1416 1780 1456 aliquod

1038 1468 1167 1499 osticium
1190 1468 1219 1498 in
1250 1467 1372 1498 ecclesia
1403 1467 1448 1497 vel
1475 1466 1504 1496 in
1537 1466 1648 1504 choro,
1678 1475 1778 1495 mensa

1040 1520 1165 1557 ponatur
1196 1516 1291 1546 eidem
1326 1519 1525 1554 sequestrata,
1549 1523 1584 1544 ne
1617 1523 1682 1543 cum
1716 1513 1781 1543 aliis

1039 1565 1282 1601 commisceatur3
1301 1564 1417 1593 demum
1435 1563 1558 1602 privatio
1575 1562 1654 1591 vocis
1669 1562 1781 1592 activae

1039 1619 1067 1644 et
1083 1613 1215 1653 passivae
1231 1613 1260 1642 in
1277 1613 1382 1642 stricta
1400 1611 1495 1641 forma
1510 1611 1544 1640 ad
1561 1610 1674 1650 aliquos
1689 1619 1781 1640 annos

1039 1664 1219 1702 iniungatur.
1242 1663 1287 1691 Ex
1306 1661 1462 1701 praedictis
1485 1664 1583 1690 autem
1608 1660 1707 1700 poenis
1734 1670 1781 1690 su-

1040 1713 1147 1752 perior,
1170 1721 1236 1742 cum
1259 1710 1381 1741 consilio
1404 1709 1552 1739 seniorum
1571 1713 1699 1748 patrum,
1718 1709 1782 1748 plu-

1039 1772 1069 1791 ra
1093 1761 1137 1791 vel
1161 1762 1309 1800 pauciora,
1334 1759 1449 1797 longius
1472 1758 1516 1788 vel
1539 1757 1670 1797 brevius,
1698 1758 1781 1788 iuxta

1039 1810 1168 1849 culpam,
1193 1807 1354 1848 poenitenti
1377 1807 1520 1846 imponat.

1120 1857 1297 1889 Gravissima
1321 1856 1406 1895 culpa
1429 1858 1495 1885 est:

1080 1917 1099 1937 1.
1123 1906 1151 1937 Si
1174 1906 1239 1946 quis
1262 1905 1408 1936 haeresim
1441 1909 1490 1935 aut
1523 1904 1647 1935 scliisma
1681 1909 1781 1935 contra

1041 1964 1129 1985 unam
1161 1958 1292 1985 sanctam
1325 1954 1497 1984 catholicam
1532 1958 1560 1983 et
1592 1954 1782 1993 apostolicam

1041 2004 1200 2034 Ecclesiam
1218 2008 1334 2034 secutus
1349 2002 1448 2040 fuerit,
1466 2006 1515 2033 aut
1532 2012 1547 2032 a
1571 2002 1626 2033 fide
1649 2003 1783 2033 christia-

1042 2055 1081 2084 na
1099 2053 1238 2084 defecerit
1256 2063 1263 2091 ;

1082 2112 1112 2133 11.
1129 2103 1159 2133 Si
1176 2102 1212 2132 ab
1228 2101 1337 2133 Ordine
1359 2104 1460 2131 nostro
1482 2104 1548 2140 post
1571 2100 1780 2140 professionem

1041 2151 1262 2191 apostataverit,
1280 2150 1400 2181 dimisso
1424 2150 1468 2180 vel
1491 2153 1605 2179 retento
1628 2149 1751 2185 liabitu;

1081 2210 1123 2230 1n.
1147 2200 1175 2230 Si
1199 2199 1266 2239 quis
1289 2199 1500 2239 proprietarius
1523 2198 1610 2228 fuerit
1639 2199 1668 2228 in
1698 2207 1783 2237 pecn-

1041 2251 1103 2288 nia,
1125 2249 1220 2287 tibris,
1239 2248 1380 2285 vestibus,
1397 2252 1446 2278 aut
1469 2257 1500 2277 re
1523 2247 1582 2277 alia
1603 2247 1701 2284 magni
1724 2256 1783 2275 mo-

1042 2298 1146 2337 menti,
1163 2302 1220 2328 tam
1239 2297 1408 2337 recipiendo
1424 2305 1511 2336 quam
1528 2295 1635 2333 dando,
1654 2295 1697 2324 vel
1714 2295 1783 2324 alie*

1041 2348 1137 2378 nando
1155 2357 1162 2384 3

1081 2405 1119 2426 1v.
1143 2396 1172 2426 Si
1188 2396 1254 2435 quis
1270 2394 1400 2433 graviter
1416 2394 1536 2423 fratrem
1554 2393 1596 2423 vel
1613 2396 1782 2422 extraneum

1040 2453 1254 2485 quemcumque
1279 2442 1475 2482 percusserit,
1499 2446 1527 2471 et
1557 2441 1659 2471 leviter
1692 2441 1780 2470 ctiam

1041 2494 1234 2533 superiorem,
1260 2492 1345 2530 idque
1368 2491 1440 2520 irato
1463 2490 1581 2526 animo,

1082 2552 1108 2572 v.
1132 2543 1160 2571 Si
1183 2541 1249 2581 quis
1272 2541 1400 2579 sigillum
1425 2539 1616 2570 confessionis
1640 2539 1754 2578 fregerit
1774 2550 1779 2571 ς

1677 140 1742 175 653
1789 152 1838 177 An.
1856 150 1883 176 c,
1907 150 1973 178 1740

1839 1877 1888 1897 Cu.
1905 1876 1938 1897 Vl.

1808 1903 1837 1924 De
1853 1904 1977 1928 gravissima

1794 1931 1857 1956 culpa
1867 1933 1886 1951 et
1898 1936 1976 1956 poena.
