2232 3178
832 171 932 196 INDEX
957 170 1162 196 RUBRICARUM

328 228 571 268 procuratorum
590 223 735 266 collegio,
754 233 823 256 cuiu
849 223 918 256 aliis
935 233 984 257 or-

330 276 546 310 dinationibus
570 287 628 320 pro
654 278 738 310 recta
764 276 902 309 eiusdem
928 276 984 310 Ca-

331 339 436 362 merae
452 339 488 362 ac
506 340 611 362 rerum
630 330 667 362 ad
686 340 752 362 eam
774 329 982 373 spectantium

329 382 611 424 administratione,
633 383 685 416 47.

241 436 324 469 CLX.
352 436 437 468 Bona
462 436 677 476 ecclesiarum,
703 435 821 468 iamdiu
846 436 884 468 ab
910 436 983 468 liac-

329 488 434 521 reticis
471 493 624 532 occupata
650 489 681 520 in
706 488 880 521 Palatinam
906 488 982 521 inse-

330 541 414 574 riore
431 547 461 574 et
478 542 592 575 ducatu
610 542 837 585 Neoburgcnsi,
856 542 891 574 iis
910 552 983 575 con-

329 594 487 627 donantur
522 595 771 638 possessoribus,
799 595 850 638 qui
883 595 921 627 ad
950 595 985 627 fi-

221 680 223 682 .
328 648 399 681 dem
425 648 611 682 catholicam
637 654 883 687 convertuntur,
909 647 960 680 59.

240 702 337 735 CLXI.
366 701 548 734 Declaratur
564 701 647 745 quod
674 701 819 734 ministro
844 701 982 743 generali

329 754 456 787 Ordinis
481 755 577 787 sancti
603 754 762 787 Francisci
789 754 982 797 Capuccino-

326 818 397 840 rum
423 813 452 840 et
476 807 671 840 secundariis
701 806 920 850 superioribus
945 807 983 839 ab

329 871 365 893 eo
391 860 642 904 dependentibus
667 865 828 903 tamquam
854 860 935 892 veris
955 865 984 892 et

331 913 479 956 legitimis
505 913 577 945 filiis
602 913 741 946 eiusdem
768 913 864 946 sancti
890 913 984 946 Fran-

327 966 402 999 cisci
427 966 591 999 conveniat
616 972 646 999 et
670 971 828 1010 competat
853 966 884 998 in
909 976 984 1010 quo-

328 1029 463 1062 cumque
488 1019 567 1061 loco,
594 1019 740 1059 civitate,
765 1019 929 1063 provincia
953 1024 983 1051 et

329 1081 438 1115 regno,
464 1072 627 1105 instituere
652 1078 682 1105 et
705 1072 837 1105 fundare
863 1073 984 1106 confra-

327 1124 500 1165 ternitates,
525 1125 578 1158 Gl.

238 1176 350 1210 CLXII.
377 1177 516 1211 Ecclesia
551 1178 782 1218 Ferrariensis,
807 1184 897 1211 antea
922 1179 982 1222 epi-

326 1231 472 1275 scopalis,
498 1231 529 1263 in
553 1231 855 1275 archiepiscopalem
887 1232 982 1275 erigi-

326 1288 387 1324 tur,
412 1284 465 1317 62.

240 1336 368 1370 CLXIII.
388 1337 591 1371 Confirmatio
609 1337 771 1370 cuiusdam
789 1338 980 1382 paragraphi

329 1390 561 1423 constitutionis
596 1390 754 1423 Benedicti
789 1391 891 1434 Papae
915 1391 980 1424 XIII

329 1443 411 1476 circa
447 1444 641 1477 vacationem
680 1443 875 1476 abbatiarum
901 1444 982 1477 obti-

328 1496 503 1529 nendarum
529 1497 559 1528 in
584 1497 837 1539 Congi‘egatione
858 1498 981 1539 regula-

329 1549 410 1581 rium
430 1550 458 1583 S.
477 1550 645 1584 Salvatoris
666 1550 790 1583 Ordinis
810 1550 907 1583 sancti
924 1552 981 1583 Au-

328 1603 456 1645 gustini,
481 1602 533 1636 68.

240 1654 364 1689 CLXIV.
390 1656 504 1689 Omnes
541 1656 703 1698 regulares
736 1656 831 1688 etiam
856 1657 981 1690 Ordinis

329 1709 541 1742 Cisterciensis
566 1709 596 1741 in
621 1719 719 1752 regno
745 1709 920 1742 Lusitaniae
937 1715 980 1742 te-

326 1767 441 1795 nentur
461 1763 630 1795 observare
654 1762 892 1796 constitutiones
908 1764 981 1797 Gre-

329 1817 410 1859 gorii
442 1818 494 1850 XV
519 1822 548 1849 et
572 1817 740 1850 Clementis
766 1817 786 1849 X
821 1817 905 1850 circa
930 1828 981 1860 pa-

329 1870 516 1903 rochialium
542 1881 632 1902 usum
659 1875 689 1902 et
708 1875 978 1903 sacramentorum

324 1922 640 1963 administrationem,
666 1923 717 1956 70.

236 1975 343 2008 CLXV.
370 1975 510 2009 Pontifex
544 1975 711 2019 privilegia
736 1975 880 2009 coneedit
904 1985 979 2009 non-

328 2029 423 2061 nullis
448 2029 512 2062 suis
536 2029 752 2069 familiaribus,
779 2029 829 2062 74.

235 2082 359 2115 CLXVI.
399 2083 566 2115 Revocatio
591 2088 621 2116 et
646 2082 819 2115 annullatio
845 2082 979 2116 duarum

323 2135 530 2178 epistolarum
556 2136 762 2178 pastoralium
789 2136 891 2169 bonae
917 2147 980 2169 me-

324 2188 443 2221 moriae
469 2189 627 2221 Francisci
653 2189 792 2232 episcopi
820 2189 977 2222 Peliinen-

323 2242 364 2274 sis
389 2242 533 2274 datarum
560 2242 609 2274 dic
635 2253 665 2275 vi
687 2242 752 2275 iulii
779 2248 809 2275 et
832 2253 913 2276 xxiii
931 2243 980 2276 de-

328 2295 464 2328 cciiibrIs
489 2306 669 2329 ,iinccxxxiii
702 2296 786 2328 circa
814 2296 902 2329 Ritus
926 2296 976 2330 Si-

324 2358 436 2381 nenses
461 2349 638 2390 editarum,
666 2351 827 2382 reservata
851 2349 979 2393 insuper

323 2402 352 2435 S.
381 2402 409 2435 S.
436 2408 465 2435 et
497 2402 568 2435 Sedi
601 2402 799 2445 Apostolicae
835 2402 979 2436 facultate

324 2455 486 2498 aperiendi
516 2455 663 2488 fidelibus
693 2456 817 2488 illarum
842 2456 977 2500 partium

325 2513 463 2542 mentem
489 2519 576 2541 suam
614 2519 708 2553 super
745 2509 839 2542 rebus
863 2509 979 2542 huius-

324 2560 410 2594 modi
435 2561 597 2595 materiam
631 2561 893 2606 respicientibus,
924 2562 976 2595 84.

1669 160 1732 193 703

1035 224 1169 257 CLXVII.
1195 223 1398 258 Confirmatio
1423 222 1539 256 decreti
1557 221 1777 265 Congregatio-

1123 277 1170 310 nis
1195 278 1418 321 episcoporum
1445 281 1475 309 et
1491 275 1696 319 regularium,
1714 286 1777 319 quo

1123 330 1280 370 statuitur,
1297 329 1497 374 presbyteros
1518 327 1777 372 Congregationis

1124 382 1154 415 S.
1183 383 1343 426 Hippolyti
1376 382 1405 414 in
1440 381 1581 426 parthus
1616 381 1776 414 Indiarum

1123 445 1186 467 non
1210 446 1302 478 posse
1340 435 1454 468 habere
1487 435 1518 467 in
1544 434 1696 478 religione
1721 434 1778 467 ali-

1123 498 1216 531 quam
1243 487 1466 531 praelaturam,
1492 487 1544 521 86.

1035 541 1186 574 CLXVIII.
1211 540 1414 573 Confirmatio
1439 541 1557 573 decreti
1578 540 1776 584 particularis

1124 592 1384 636 Congregationis
1409 593 1627 634 cardinalium,
1648 604 1711 637 quo
1729 604 1775 626 re-

1123 647 1287 680 solvuntur
1311 647 1461 679 nonnulla
1485 646 1580 679 dubia
1605 657 1700 690 super
1730 656 1777 679 re-

1124 699 1311 732 formatione
1354 699 1611 732 constitutionum
1652 698 1777 732 Ordinis

1123 754 1156 786 Β.
1185 753 1298 785 Mariae
1323 753 1360 785 de
1386 754 1487 786 Monte
1515 754 1680 793 Carmelo,
1704 763 1777 786 nec·

1122 816 1185 839 non
1210 816 1305 849 super
1340 806 1530 849 quibusdam
1559 806 1626 838 aliis
1659 806 1776 838 exortis

1123 859 1359 902 quaestionibus
1396 859 1561 892 occasione
1593 858 1775 892 earumdem

1124 912 1394 952 constitutionum,
1420 912 1471 944 89.

1035 965 1159 999 CLXIX.
1178 965 1323 997 Exteiisio
1341 964 1452 997 indulti
1470 964 1553 997 circa
1572 963 1709 997 subsidia
1727 964 1779 997 do-

1125 1019 1197 1051 talia
1214 1018 1327 1062 puellis
1352 1018 1580 1051 conservatorii
1599 1017 1681 1050 delle
1704 1018 1778 1051 Zoc-

1123 1072 1235 1104 colette
1248 1071 1439 1115 nuncupatis
1453 1071 1597 1104 distribui
1614 1070 1776 1110 solita‚9l.

1035 1125 1145 1159 CLXX.
1172 1125 1416 1158 Dismembratio
1437 1124 1533 1157 officii
1551 1124 1723 1156 criminalis
1739 1124 1777 1156 ab

1123 1178 1233 1211 officiis
1265 1178 1410 1211 civilibus
1447 1177 1644 1210 notariorum
1677 1177 1778 1210 tribu-

1121 1232 1200 1264 nalis
1225 1231 1467 1264 eminentissimi
1493 1231 1594 1263 almae
1619 1230 1714 1263 Urbis
1737 1231 1778 1262 vi-

1123 1284 1221 1325 carii,
1247 1288 1276 1318 et
1311 1284 1451 1317 eiusdem
1488 1284 1663 1327 respective
1698 1294 1777 1316 nova

1121 1338 1249 1379 erectio,
1267 1347 1391 1370 necnon
1416 1337 1616 1370 confirmatio
1642 1337 1778 1369 faculta-

1121 1397 1184 1423 tum
1212 1391 1286 1423 dicti
1312 1390 1553 1423 eminentissimi
1579 1389 1683 1422 vicarii
1702 1401 1777 1433 pro-

1120 1443 1252 1476 cedendi
1278 1449 1340 1475 tam
1366 1443 1396 1475 iii
1423 1444 1507 1476 Urbe
1532 1454 1626 1486 quam
1648 1442 1678 1475 in
1704 1443 1777 1475 sub-

1120 1497 1218 1530 urbiis
1244 1503 1273 1530 ct
1297 1497 1441 1529 districtu
1472 1497 1503 1529 in
1537 1496 1640 1529 causis
1675 1497 1776 1528 omni-

1121 1550 1179 1583 bus
1205 1550 1348 1583 civilibus
1366 1556 1395 1582 et
1421 1549 1638 1582 criminalibus
1656 1554 1685 1581 ct
1702 1549 1777 1581 mix-

1123 1604 1181 1643 tis,
1207 1614 1294 1636 mere
1320 1603 1482 1636 laicalibus
1507 1606 1537 1635 et
1561 1602 1721 1645 profanis,
1747 1607 1777 1634 et

1123 1658 1202 1689 iuter
1221 1667 1307 1689 merc
1328 1657 1435 1696 laicos,
1456 1655 1493 1687 ad
1516 1655 1615 1688 instar
1640 1655 1775 1688 aliorum

1122 1712 1281 1744 Romanae
1299 1710 1410 1744 Curiae
1435 1708 1574 1742 iudicum
1603 1708 1777 1743 ordinario-

1121 1775 1203 1803 rum,
1229 1763 1281 1797 93.

1032 1818 1156 1852 CLXXI.
1182 1817 1386 1850 Confirmatio
1411 1816 1529 1850 decreti
1553 1817 1777 1862 Congregatio-

1120 1871 1168 1902 nis
1193 1871 1419 1914 episcoporum
1437 1874 1467 1904 el
1491 1870 1695 1913 regularium,
1714 1881 1776 1914 quo

1120 1923 1308 1967 prohibetur
1332 1923 1363 1955 in
1388 1923 1529 1956 futui-uni
1556 1923 1693 1966 capitulo
1723 1934 1777 1967 ge-

1121 1977 1221 2008 nerali
1246 1976 1371 2009 Ordinis
1407 1976 1538 2009 fratrum
1565 1976 1776 2010 Eremilarum

1122 2029 1219 2062 sancti
1237 2028 1404 2071 Augustini
1421 2029 1679 2062 Excalceatorum
1697 2039 1776 2062 nun-

1118 2087 1306 2126 cupatorum
1326 2082 1587 2125 Cougregationis
1606 2083 1776 2126 Hispaniae

1120 2139 1149 2169 et
1162 2135 1331 2175 Indiarum,
1349 2135 1519 2178 quominus
1538 2135 1689 2168 concedat
1706 2146 1775 2179 pro-

1120 2188 1304 2221 vincialatus
1328 2188 1526 2229 honorarios,
1556 2188 1624 2221 103.

1030 2241 1167 2275 CLXXII.
1186 2241 1391 2274 Confirmatio
1406 2241 1525 2284 aliquot
1539 2252 1690 2274 novarum
1705 2252 1775 2275 con-

1119 2294 1317 2327 stitutionum
1344 2300 1373 2328 et
1400 2295 1633 2328 ordinationum
1661 2296 1690 2327 in
1716 2306 1770 2329 ea-

1120 2348 1220 2392 pitulo
1238 2348 1377 2390 generali
1394 2348 1518 2382 Ordinis
1534 2348 1667 2381 fratrum
1681 2348 1774 2382 Beth-

1121 2401 1343 2433 Iehemitarum
1365 2401 1394 2433 in
1410 2401 1504 2434 Indus
1521 2401 1774 2436 Occidentalibus

1122 2464 1203 2487 auno
1238 2464 1380 2488 ninccxxx
1411 2456 1441 2486 in
1467 2455 1590 2487 civitate
1615 2456 1771 2489 Mexicana

1118 2508 1275 2541 celebrato
1290 2519 1348 2551 pro
1362 2508 1443 2541 felici
1461 2508 1614 2550 regimine
1633 2509 1773 2542 eiusdem

1119 2561 1245 2594 Ordinis
1271 2562 1445 2603 editarum,
1472 2562 1543 2595 toli.
