2232 3178
65 212 116 238 An.
132 212 162 239 C.
186 212 255 238 1735

82 1556 241 1582 (tungregaliuui

62 1583 193 1604 residuorum
214 1589 242 1603 tu·

62 1611 149 1630 teresse.

887 209 1028 235 CLEMENS
1056 210 1100 234 ιιι
1126 211 1175 235 rr.
1708 204 1749 237 55
1796 216 1844 239 An.
1865 214 1891 238 e.
1916 215 1981 241 1735

260 260 327 293 ees¹
349 261 480 294 nomina
514 270 623 293 eorum
651 259 855 299 debitorum,
881 259 999 303 quibus

260 320 386 357 tempus
404 313 579 347 solutionis
597 314 646 347 vel
663 314 725 347 iam
742 313 840 346 cessit
856 315 905 347 vel
927 323 1000 357 pro-

258 378 298 411 pe
317 367 425 407 instat,
448 367 598 401 distincte
618 377 654 400 ac
668 367 808 400 fideliter
829 367 1000 400 eontinen-

260 427 317 461 tes,
339 420 402 464 ipsi
431 419 635 453 thesaurario
661 420 805 462 generali
833 420 1000 458 deferant,

258 484 399 517 quorum
412 483 509 506 unum
525 473 617 506 nobis
628 484 683 506 seu
698 473 842 506 Romano
853 472 998 506 Pontifici

258 537 318 571 pro
341 532 485 570 tempore
504 526 654 560 existenti
674 527 855 566 exhibebit,
878 532 909 558 et
927 526 999 559 alte-

261 591 329 613 rum
345 591 446 624 penes
462 591 496 613 se
513 580 676 619 retinebit,
693 591 739 618 nc,
756 579 842 612 iuxta
857 584 999 612 nostram

256 644 313 666 seu
340 633 417 666 dicti
444 633 576 666 Romani
604 632 766 666 Pontificis
793 637 936 665 mentem
969 638 1001 665 et

256 689 458 721 voluntatem
486 688 524 720 ab
551 688 667 720 eodem
706 686 910 719 thesaurario
948 697 1000 729 ge-

257 741 359 774 nerali
380 741 424 773 eis
444 741 668 784 explicandam
690 746 719 773 et
739 740 999 783 significandam,

255 794 456 827 consimilem
493 794 630 827 aliamve
658 800 764 826 notam
792 793 1000 837 postmodum

255 847 446 890 consignent
461 847 729 880 sollicitatoribus
745 846 899 879 Gamerae
912 856 1001 889 prae·

257 901 349 939 fatae,
374 900 424 944 qai
445 900 482 933 ad
502 899 703 933 exactionem
723 899 892 932 nominum
913 909 1002 942 prae-

256 954 415 987 dictorum
443 953 614 996 invigilare
641 953 819 993 debebunt,
847 957 943 995 atque
963 952 1001 984 de

257 1007 412 1040 trimestri
439 1007 469 1039 in
497 1007 659 1039 trimestre
679 1006 717 1039 de
737 1006 921 1039 nominibus
949 1016 1002 1038 ex-

254 1061 335 1094 actis
372 1061 531 1094 rationem
570 1060 728 1100 reddent;
766 1070 877 1093 eorum
904 1070 1000 1109 vero,

255 1126 338 1158 quae
375 1114 534 1157 exigenda
571 1115 818 1153 remanebunt,
857 1115 1000 1147 notulam

255 1169 384 1203 tradent
409 1168 494 1201 dieto
520 1167 746 1200 commissario
773 1167 940 1209 generali,
967 1173 1001 1200 ut

254 1222 406 1255 omnibus
428 1220 623 1264 opportunis
652 1221 729 1253 iuris
761 1221 820 1253 viis
847 1227 878 1254 et
904 1221 1001 1254 ratio-

255 1275 350 1308 nibus
376 1274 561 1308 debitorum
600 1274 788 1307 huiusmodi
828 1274 1000 1307 morositas

255 1330 445 1361 coerceatur
471 1333 534 1361 tam
562 1327 594 1360 in
628 1327 774 1370 urgenda
807 1327 886 1360 reali
913 1328 1000 1360 solu-

256 1382 354 1422 tione,
381 1392 476 1425 quam
502 1381 599 1415 etiam
621 1381 651 1413 in
679 1381 883 1424 procuranda
907 1391 998 1414 seeu-

255 1435 348 1468 ritate
374 1435 519 1468 eiusdem
546 1434 699 1468 Gamerae
729 1445 790 1477 pro
823 1434 998 1474 residuali,

256 1488 282 1521 si
309 1488 395 1532 quod
422 1487 582 1531 supersit,
608 1488 677 1521 eius
704 1488 840 1521 credito.

298 1542 313 1585 ξ
339 1541 392 1576 13.
419 1541 457 1574 Et
482 1542 519 1574 ad
548 1542 610 1575 hoc
635 1547 668 1574 ut
692 1542 812 1585 singuli
848 1543 998 1586 superin-

255 1594 426 1628 tendentes
458 1595 625 1637 ceterique
667 1595 820 1628 Gamerae
858 1596 995 1629 ministri

254 1654 285 1682 et
309 1648 462 1681 officiales
488 1648 619 1691 praefati
646 1659 761 1681 munus
780 1660 875 1682 suum
893 1660 931 1682 eo
949 1649 996 1682 di-

254 1701 408 1745 ligentius
435 1701 552 1744 exequi
579 1702 755 1741 studeant,
782 1703 931 1735 volumus
968 1709 998 1736 et

252 1755 454 1795 ordinamus,
481 1761 515 1787 ut
540 1754 686 1797 qualibet
713 1755 814 1798 prima
836 1756 914 1789 seria
934 1761 997 1789 ter-

254 1809 295 1842 tia
320 1808 461 1841 cuiusvis
486 1808 607 1842 mensis
633 1808 755 1852 absque
783 1810 848 1842 ulla
869 1810 998 1853 praevia

254 1861 457 1895 intimatione
479 1861 641 1895 habeatur
658 1868 798 1906 quatuor
817 1862 905 1896 boris
923 1869 996 1897 ante

253 1914 421 1948 meridiem
447 1925 553 1948 coram
581 1916 697 1948 eodem
717 1916 923 1950 thesaurario
942 1927 997 1960 ge-

253 1967 353 2001 nerali
372 1967 590 2011 Congregatio
605 1978 687 2011 quae
700 1968 903 2002 residuorum
917 1981 998 2003 nun—

253 2028 404 2065 cupetur,
431 2022 463 2054 in
490 2032 554 2065 qua
580 2021 656 2055 dicti
689 2023 997 2065 superintendentes

252 2085 289 2108 ac
313 2075 452 2108 ministri
479 2081 509 2108 et
534 2075 689 2108 officiales
718 2079 778 2109 una
797 2078 995 2121 congregati,

253 2127 428 2171 propositis
443 2128 590 2161 omnium
605 2128 789 2162 debitorum
801 2130 995 2171 nominibus,

254 2180 421 2224 alteroque
447 2192 484 2214 ex
511 2181 604 2215 dictis
630 2181 792 2216 indicibus
819 2194 877 2226 per
907 2184 995 2227 ipsos

254 2234 556 2277 superintendentes
571 2236 678 2276 allato,
699 2236 759 2269 rite
778 2238 995 2280 perpendant,

255 2286 330 2329 quid
355 2288 495 2321 solutum
521 2299 558 2322 ac
584 2289 748 2323 residuum
775 2291 881 2330 suerit,
906 2291 994 2334 quid·

255 2349 317 2382 que
343 2350 546 2385 quacumque
565 2342 693 2377 ratione
713 2343 992 2388 dispungendum,

254 2398 286 2425 et
301 2393 464 2436 quomodo
482 2394 567 2428 circa
588 2397 763 2430 residualia
780 2398 905 2431 credita
919 2409 995 2441 pro-

254 2446 427 2480 videndum
452 2447 580 2488 veniat,
605 2454 638 2482 ut
663 2450 790 2484 scilieet
814 2452 993 2486 maturiora

252 2499 520 2544 expeditioraque
545 2501 683 2535 inveniri
710 2515 746 2536 ac
771 2504 846 2538 ferri
869 2506 993 2549 possint

288 2572 296 2596 1
323 2569 440 2598 Pessime
461 2571 525 2598 edit.
553 2571 633 2599 Malu.
656 2573 719 2609 legit
740 2575 853 2603 Iudices
873 2584 923 2610 pro
943 2576 991 2604 in-

250 2615 325 2643 dices
344 2622 381 2649 (R.
401 2620 449 2649 T.).

1043 259 1207 300 remedia,
1235 261 1351 304 quibus
1378 262 1523 296 eiusdem
1553 262 1707 296 Gamerae
1741 262 1788 294 in-

1044 312 1211 346 demnitati
1231 325 1269 347 ac
1287 315 1450 349 securitati
1467 316 1588 360 optime
1603 317 1786 350 consultum

1043 366 1108 406 sit3
1135 377 1199 410 qua
1225 369 1358 411 quidem
1385 369 1415 402 in
1443 380 1477 403 re
1504 370 1607 403 dictos
1640 370 1788 413 superin-

1043 419 1251 454 intendentes
1276 423 1359 455 adeo
1385 423 1543 456 sollicitos
1569 433 1642 456 esse
1666 424 1789 466 praeei-

1042 472 1173 515 pimus,
1202 480 1235 506 ut
1261 474 1291 506 iu
1318 475 1578 519 Congregatione
1603 476 1688 509 infra
1723 487 1789 509 me-

1044 526 1200 559 moranda
1215 538 1324 560 mense
1339 529 1515 572 septembri
1528 529 1700 563 cuiuslibet
1711 529 1786 562 anui

1043 579 1192 621 cogenda
1219 581 1380 623 integrum
1407 592 1442 615 ac
1467 583 1651 625 generalem
1670 588 1786 615 statum

1044 633 1186 666 omnium
1215 634 1311 667 totius
1337 636 1409 667 anni
1444 635 1647 669 residuorum
1683 637 1787 670 credi-

1046 692 1152 720 torum
1179 686 1279 730 ipsius
1306 687 1458 721 Gamerae
1485 689 1607 723 referre
1633 691 1772 723 valeant.

1088 740 1102 783 ξ
1133 740 1180 773 tt.
1214 741 1334 774 Sedulo
1370 752 1500 785 quoque
1537 749 1653 776 curent
1687 743 1785 777 iidem
1815 749 1981 770 hbrumnww

1798 783 1840 796 reiu
1874 779 1980 797 rationum

1046 794 1377 836 superintendentes,
1405 801 1439 827 nt
1468 797 1672 839 supradictus
1703 797 1980 830 liberto-'e-hsrenere

1797 829 1824 849 ad
1840 829 1879 849 boc
1892 832 1911 849 ut
1929 835 1981 855 quo-

1046 848 1148 879 maior
1173 847 1351 887 rationum,
1378 848 1417 880 ab
1442 849 1547 882 altero
1581 860 1692 882 eorum
1727 855 1980 907 pe1·¹sst›g¹oe³e¹fflffr23¹:3

1047 899 1151 942 ipsum
1172 900 1409 933 thesaurarium
1427 904 1612 944 generalem
1630 902 1785 946 deputan-
1798 909 1877 929 iusum,
1893 912 1966 935 rosv*-

1047 953 1086 985 do
1104 963 1164 996 pro
1184 959 1331 996 tempore
1351 955 1554 995 retinendus,
1572 956 1602 988 in
1620 966 1683 1000 quo
1699 967 1787 990 rece-

1046 1012 1100 1049 pta
1120 1012 1152 1038 et
1176 1017 1318 1050 expensa
1343 1017 1402 1050 per
1424 1013 1523 1040 totum
1545 1019 1664 1041 annum
1683 1009 1786 1042 conti-

1046 1064 1174 1098 nentur,
1201 1064 1288 1092 recte
1315 1059 1521 1101 conficiatur,
1549 1067 1580 1094 et
1604 1062 1664 1094 sub
1690 1061 1786 1095 tinem

1045 1112 1219 1146 cuiuslibet
1244 1113 1318 1145 anni
1346 1114 1383 1146 ad
1411 1116 1597 1156 generalem
1617 1121 1785 1160 computo-

1045 1176 1114 1198 rum
1141 1166 1371 1210 aequationem
1399 1173 1430 1199 et
1453 1167 1685 1201 solidationem
1715 1180 1788 1212 per-

1045 1218 1179 1252 ducatur
1197 1246 1204 1260 ‚
1230 1230 1361 1253 necnon
1387 1221 1514 1254 collatiS
1540 1221 1676 1255 invicem
1710 1234 1788 1256 con-

1043 1273 1126 1306 siliis
1152 1272 1181 1306 in
1208 1272 1239 1305 id
1267 1273 1465 1313 incumbant,
1488 1280 1521 1307 ut
1538 1277 1689 1318 generale
1707 1287 1788 1309 com-

1043 1332 1181 1370 putum,
1206 1337 1283 1367 seu,
1309 1333 1343 1360 ut
1370 1327 1480 1368 aiunt,
1507 1329 1683 1362 bilancium
1710 1330 1787 1363 anni

1043 1381 1269 1423 praecedentis
1295 1380 1502 1423 efformetur,
1522 1394 1558 1416 ex
1579 1394 1643 1427 quo
1661 1384 1787 1428 liquido

1042 1445 1079 1467 ac
1103 1434 1239 1467 strictim
1265 1441 1422 1478 appareat
1447 1437 1705 1481 unumquodque
1737 1450 1788 1472 ca-

1042 1493 1117 1531 put,
1144 1488 1210 1521 sive
1244 1489 1380 1531 partita,
1408 1490 1551 1523 omnium
1579 1496 1786 1535 receptorum

1042 1546 1073 1574 et
1099 1552 1329 1585 expensorum,
1356 1554 1428 1575 cum
1453 1544 1604 1587 specifica
1621 1545 1787 1579 mentione

1043 1595 1209 1629 titulorum
1236 1601 1267 1629 et
1291 1607 1472 1638 causarum,
1488 1598 1574 1630 unde
1587 1598 1784 1642 prodierint,

1042 1659 1124 1692 quos
1150 1655 1181 1682 et
1207 1660 1285 1693 quas
1311 1650 1386 1683 dicti
1413 1652 1724 1694 superintendentes
1746 1653 1788 1686 ita

1042 1702 1197 1746 prosequi
1231 1714 1267 1736 ac
1300 1704 1409 1737 rimari
1445 1710 1640 1744 teneantur,
1677 1712 1711 1738 ut
1747 1707 1786 1740 de

1043 1756 1080 1789 iis
1108 1759 1171 1789 una
1197 1768 1270 1790 cum
1297 1762 1364 1790 toto
1391 1763 1473 1791 statu
1501 1759 1715 1793 oeconomico
1742 1760 1788 1792 in-

1044 1811 1162 1843 troitus
1190 1817 1222 1844 et
1247 1811 1351 1844 exitus
1379 1817 1440 1844 tam
1472 1812 1653 1856 scripturae
1692 1825 1786 1857 quam

1042 1874 1169 1907 capsae,
1190 1869 1220 1896 et
1243 1876 1316 1897 eum
1342 1866 1518 1899 collatione
1544 1877 1599 1899 seu
1621 1877 1788 1910 compara-

1043 1917 1129 1949 tione
1146 1917 1238 1949 unius
1256 1918 1331 1950 anni
1346 1929 1415 1951 cuin
1431 1919 1493 1952 alio
1512 1920 1739 1962 praecedente,
1755 1921 1784 1953 in

1042 1971 1185 2013 generali
1210 1971 1470 2015 Congregatione
1496 1973 1647 2006 camerali
1675 1974 1785 2018 (quam

1042 2024 1122 2057 citra
1143 2025 1242 2057 ullam
1271 2025 1395 2068 pariter
1420 2025 1657 2060 intimationem
1681 2028 1785 2071 quoli-

1041 2077 1095 2110 bet
1122 2089 1207 2111 anno
1233 2084 1305 2112 ante
1328 2079 1421 2112 serias
1439 2082 1624 2123 generaleS,
1647 2081 1785 2125 penulti-

1041 2133 1091 2164 ma
1105 2142 1222 2175 nempe
1239 2132 1321 2165 seria
1335 2133 1427 2165 tertia
1442 2134 1562 2167 mensis
1577 2135 1780 2177 septembris,

1041 2190 1181 2228 quatuor
1199 2185 1321 2229 pariter
1340 2186 1430 2220 horis
1448 2193 1521 2221 ante
1541 2188 1711 2222 meridiem
1732 2189 1783 2221 ba-

1040 2238 1130 2278 beri,
1165 2243 1217 2279 et,
1250 2239 1290 2272 ad
1323 2240 1460 2273 sormam
1486 2246 1517 2273 et
1543 2241 1780 2285 praescriptum

1040 2292 1204 2324 cuiusdam
1238 2292 1455 2326 ordinationis·
1490 2294 1520 2326 in
1551 2294 1642 2327 libris
1670 2295 1782 2328 decre-

1041 2351 1145 2378 torum
1172 2345 1272 2389 ipsius
1304 2346 1575 2389 Congregationis
1609 2347 1779 2381 cameralis

1039 2400 1286 2442 registi-undae,
1326 2400 1484 2433 celebrari
1519 2400 1651 2433 omnino
1684 2402 1779 2435 etiam

1037 2454 1200 2496 volumus)
1228 2453 1408 2486 universam
1428 2454 1585 2487 rationem
1608 2454 1777 2489 instituere

1036 2517 1072 2540 ac
1098 2506 1256 2550 perticere
1282 2511 1410 2550 queant,
1438 2517 1532 2549 quam
1553 2507 1646 2540 nobis
1664 2518 1700 2542 ac
1719 2509 1779 2543 Ro-

1037 2560 1140 2593 manis
1167 2559 1375 2593 Pontificibus
1401 2561 1650 2593 successoribus
1686 2572 1777 2604 prae-

1036 2614 1108 2646 tatis
1133 2625 1192 2658 per
1229 2613 1377 2646 eumdem
1413 2613 1648 2647 thesaurarium
1681 2626 1778 2659 genc-
