2232 3178
12 683 19 976 l

66 1110 93 1131 Du
107 1082 152 1139 503⁰
166 1114 216 1135 pau·

41 1139 130 1164 perlatis.

840 182 984 208 CLEMENS
1009 181 1056 206 XII
1081 182 1132 206 PP.

231 234 289 270 sit,
313 238 341 264 et
363 242 432 263 voce
455 242 487 263 ac
508 232 572 263 loco
595 242 645 273 per
675 232 834 263 triennium
859 237 967 262 careat.

230 283 260 312 Si
277 287 371 313 autem
389 282 418 312 in
435 282 530 312 simile
547 286 697 321 peccatum
714 281 872 317 relabatur,
891 290 972 321 prae-

230 332 305 361 dicta
328 340 418 370 poena
443 330 619 370 duplicetur.

270 389 300 410 n.
323 380 464 415 Quoniam
488 385 584 409 autem
608 380 643 409 de
665 379 833 409 huiusmodi
858 379 971 408 delletis

231 429 313 468 plena
337 428 469 467 probatio
485 437 552 458 raro
568 429 632 457 fieri
652 429 755 462 valeat,
774 427 972 467 praecipimus

232 477 381 516 praelatis,
398 481 429 506 ut
444 477 580 514 religioso
592 477 626 506 de
644 477 798 516 praedictis
811 476 970 512 diffamato,

231 526 287 556 nisi
310 526 416 555 samam
446 535 527 555 suam
562 526 643 564 prius
669 526 708 555 ita
739 524 909 564 purgaverit
943 528 973 553 ut

230 574 344 604 nullum
369 574 505 604 sinistrae
529 574 563 603 de
586 583 616 603 se
639 573 769 612 opinioni
792 573 887 602 locum
906 573 972 602 reli-

232 622 329 662 quisse
353 623 485 653 videatur
508 623 597 662 (quod
620 623 737 661 quidem
761 631 812 661 pro
835 622 972 651 timorata

232 680 332 701 eorum
356 671 538 701 conscientia
566 676 653 710 atque
684 670 838 710 prudentia
862 670 972 699 iudica-

230 719 340 759 bunt),
366 720 492 749 bonores
525 720 668 757 denegent
701 724 729 749 et
758 719 869 757 gratias
898 728 971 758 quae

231 768 294 798 aliis
311 769 432 799 concedi
456 769 561 806 solent,
579 768 714 798 videlicet
737 768 841 805 officia,
862 768 969 805 studia,

231 817 359 853 ordines,
384 817 523 854 lecturas,
548 817 698 847 facultates
721 817 913 847 concionandi
943 821 971 846 et

229 866 428 896 consessiones
450 866 587 896 audiendi
611 870 638 895 et
660 875 674 896 e
697 870 840 896 conventu
864 876 972 896 exeun-

229 915 269 952 di,
294 919 350 944 etc.
377 915 556 954 Patrumque
580 915 803 953 provincialium
828 925 860 945 ac
885 915 972 945 mini-

228 967 356 993 strorum
373 964 566 994 conscientias
583 974 737 994 oneramus
761 968 791 994 ut
814 964 970 1003 specialem

227 1021 327 1041 curam
351 1012 492 1042 similium
515 1013 721 1049 religiosorum
745 1012 880 1042 habeant.

266 1070 286 1090 1.
301 1061 342 1090 Ad
357 1062 538 1100 paupertatis
562 1066 661 1091 votum
688 1065 810 1101 spectat,
830 1061 868 1091 nil
896 1066 970 1091 tam-

229 1118 315 1149 quam
339 1110 499 1149 proprium,
517 1114 567 1140 aut
589 1111 676 1140 etiam
700 1111 818 1140 nomine
842 1120 969 1140 conven-

230 1162 275 1188 tus
291 1182 299 1196 ‚
323 1159 472 1198 possidere
503 1159 547 1189 vel
571 1164 682 1189 tenere.
706 1160 815 1195 Quare,
840 1159 863 1188 si
887 1169 971 1189 secus

227 1206 351 1243 fecerit,
375 1207 419 1237 vel
449 1207 560 1247 aliquid
593 1208 803 1245 custodiendo,
827 1207 902 1237 intra
926 1207 970 1236 vel

229 1259 310 1285 extra
333 1255 450 1285 domum
481 1256 609 1295 praelato
639 1257 797 1293 celaverit,
823 1260 969 1296 tamquam

227 1304 399 1342 gravissime
421 1305 606 1344 delinquens,
625 1310 653 1335 et
671 1307 764 1344 poena
784 1306 970 1345 proprietarii

227 1362 260 1382 ac
283 1353 348 1383 aliis
371 1353 404 1383 ad
427 1353 579 1383 arbitrium
608 1355 792 1393 superiorum
817 1355 967 1394 puniatur.

227 1400 368 1432 Poterunt
398 1407 493 1432 tamen
522 1403 652 1441 religiosi
685 1404 729 1433 uti
753 1403 840 1434 rebus
869 1413 970 1434 neces-

227 1450 312 1480 sariis
334 1451 389 1480 sibi
413 1461 428 1481 a
451 1451 594 1489 religione
623 1452 717 1481 medio
739 1452 890 1491 superiore
917 1452 970 1482 im-

228 1499 351 1538 pertitis.
376 1499 414 1529 De
437 1500 481 1529 his
504 1504 614 1538 autem,
638 1501 699 1531 sive
723 1510 822 1531 eorum
840 1512 906 1539 usu,
925 1511 969 1531 re-

228 1548 448 1577 nunciationem
482 1553 548 1578 ante
571 1550 767 1588 receptionem
792 1559 892 1580 sacrae
914 1551 970 1580 Eu-

228 1596 382 1627 charistiae
413 1607 465 1637 pro
488 1607 556 1629 casu
589 1598 772 1628 infirmitatis
796 1608 893 1629 coram
917 1609 969 1629 suo

229 1646 356 1685 praelato
390 1647 496 1676 sacient
529 1648 661 1685 infirmi,
685 1647 813 1687 alioquin
837 1648 860 1677 si
883 1648 969 1678 aliter

227 1695 371 1725 malitiose
390 1696 523 1732 fecerint,
550 1700 697 1735 tamquam
722 1697 907 1736 proprietarii
924 1706 969 1727 re-

228 1748 367 1784 putentur
403 1749 467 1784 post
502 1750 638 1775 mortem.
663 1745 766 1775 Nullus
789 1750 940 1785 praeterea
959 1771 966 1784 ‚

227 1793 360 1833 quamvis
382 1795 420 1824 sit
443 1795 601 1834 praelatus,
618 1799 700 1824 extra
724 1799 901 1825 conventum
923 1805 969 1826 re-

227 1847 322 1873 servet
337 1843 459 1882 aliquid,
477 1843 530 1873 sub
544 1844 644 1874 eadem
660 1845 846 1884 proprietarii
861 1846 965 1884 poena.

226 1890 306 1927 Quod
328 1892 352 1922 si
375 1893 481 1932 aliquis
504 1893 641 1923 inventus
670 1894 758 1924 fuerit
782 1894 889 1924 habere
920 1903 968 1933 pe-

226 1941 327 1972 cunias
350 1942 413 1972 sine
435 1942 567 1980 licentia,
585 1943 699 1972 etiamsi
723 1943 787 1973 illas
811 1943 916 1973 babeat
933 1943 967 1973 ad

226 1990 380 2020 emendum
404 1991 514 2030 aliquid
538 1991 593 2021 sihi
628 1992 817 2022 commissum
834 2015 841 2029 ‚
866 1992 909 2022 vel
933 1992 967 2022 ad

227 2038 387 2070 faciendam
419 2040 547 2080 aliquam
581 2041 823 2080 restitutionem,
848 2042 891 2072 vel
916 2051 968 2081 per

226 2088 342 2118 modum
366 2089 500 2129 depositi,
519 2090 580 2120 sive
602 2090 658 2120 alio
681 2091 785 2130 quovis
801 2095 965 2130 praetextu,

227 2140 321 2176 poena
343 2139 425 2177 gravi
448 2140 603 2170 afficiatur.
629 2140 794 2178 Religiosus
821 2149 890 2171 vero
917 2141 966 2180 qui

226 2186 289 2216 sine
313 2187 432 2217 licentia
456 2189 590 2227 praelati,
614 2193 664 2219 aut
686 2191 822 2228 expressa
847 2190 968 2228 permis-

226 2234 308 2265 sione
330 2236 461 2274 utentis,
486 2237 541 2266 sibi
564 2238 723 2276 sumpserit
756 2247 817 2267 rem
840 2238 967 2277 aliquam

226 2292 262 2313 ex
286 2283 344 2314 illis
375 2294 447 2324 quas
470 2284 525 2315 sibi
548 2286 582 2315 ad
605 2294 690 2315 usum
714 2285 849 2316 babuerit
872 2287 964 2325 alter,

226 2340 326 2362 severe
349 2334 489 2373 puniatur
511 2344 526 2363 a
551 2334 690 2373 praelato.
707 2334 806 2365 Sciant
828 2335 905 2365 enim
923 2345 968 2365 re-

227 2380 332 2420 ligiosi,
356 2383 433 2422 quod
463 2388 567 2413 cuncta
591 2388 689 2413 nostra
723 2388 812 2421 sunt,
836 2384 885 2414 sed
909 2394 965 2414 non

226 2438 339 2470 semper
362 2436 390 2462 et.
412 2433 657 2472 quandocumque
673 2456 680 2469 ‚
704 2437 732 2463 et
755 2443 820 2463 cum
844 2434 967 2473 quisque

227 2478 372 2519 voluerit,
396 2481 447 2511 sed
472 2485 539 2511 tunc
563 2487 687 2521 nostra,
712 2491 777 2512 cum
800 2492 815 2512 a
839 2483 967 2522 praelato

227 2528 425 2559 conceduntur
448 2529 481 2560 ad
508 2539 604 2560 usum.

265 2585 295 2607 11.
318 2577 446 2614 Quilibet
470 2579 625 2618 religiosus
648 2580 754 2619 poterit
776 2580 805 2610 in
822 2580 895 2611 cella
919 2581 967 2611 ba-

1016 229 1084 260 bere
1101 239 1230 260 mensam
1249 239 1379 270 parvam,
1401 233 1429 260 et
1445 229 1605 259 scabellum
1622 239 1657 259 ex
1673 230 1752 269 pino,

1015 288 1047 309 ac
1070 279 1226 317 imaginem
1250 279 1407 315 Crucifixi,
1432 283 1460 308 et
1480 279 1511 308 B.
1536 279 1572 308 M.
1597 278 1630 308 V.
1654 278 1683 308 iu
1708 288 1757 317 pa-

1015 328 1088 358 riete
1111 328 1274 367 depictam,
1298 337 1347 357 seu
1372 328 1401 357 in
1425 337 1544 367 papyro,
1569 327 1679 367 absque
1703 327 1755 356 ali-

1015 378 1072 416 qua
1107 381 1202 406 tamen
1237 377 1474 413 illuminatione;
1499 386 1551 406 nec
1585 386 1655 406 auro
1672 399 1679 412 ,
1703 385 1755 405 nec

1016 429 1148 463 argento,
1173 425 1324 459 bombice,
1349 430 1376 454 et
1398 425 1543 455 similibus
1566 425 1671 464 aliquis
1693 430 1756 454 uta-

1017 477 1083 510 tur,
1108 474 1220 503 etiamsi
1245 474 1282 503 sit
1304 474 1332 503 in
1358 476 1445 513 parva
1469 474 1651 513 quantitate,
1676 478 1704 503 et
1726 474 1755 503 in

1016 527 1150 551 ornatum
1180 523 1371 561 reliquiarum
1403 533 1454 553 seu
1487 524 1659 561 imaginum.
1684 523 1755 553 Dum

1015 575 1114 600 autem
1138 581 1171 601 ex
1196 571 1283 601 rebus
1299 571 1354 601 sibi
1377 572 1412 602 ad
1437 582 1520 602 usum
1544 572 1690 602 concessis
1706 572 1757 601 ali-

1015 621 1073 658 qua
1095 630 1152 649 non
1182 625 1301 657 utatur,
1326 630 1388 650 eam
1423 626 1544 660 reponat
1576 622 1605 651 in
1638 621 1757 651 officina

1016 669 1144 705 comuni,
1170 670 1203 699 ad
1228 679 1314 708 quain
1346 670 1495 708 pertinet,
1527 675 1554 700 et
1582 671 1680 700 nullus
1703 680 1757 700 un-

1016 726 1101 756 quam
1126 722 1224 747 utatur
1247 717 1342 747 verbis
1364 718 1449 748 istis:
1475 729 1575 756 meum,
1601 724 1754 757 [1111111,e!c.

1055 774 1095 795 111.
1121 765 1235 801 Omnia,
1253 776 1326 805 quae
1344 771 1370 796 et
1393 777 1577 807 quocumque
1600 769 1683 798 titulo
1706 768 1756 797 ob-

1017 815 1150 844 venerint
1184 816 1341 853 rcligioso,
1366 816 1426 845 sive
1450 817 1477 845 in
1502 817 1672 855 communi,
1697 817 1756 846 sive

1017 863 1045 892 in
1070 864 1252 902 particulari,
1271 864 1424 894 tradantur
1446 866 1542 895 statim
1568 866 1707 904 praelato,
1726 870 1757 895 ut

1016 911 1051 941 de
1074 912 1132 941 illis
1155 913 1290 951 disponat
1307 918 1453 952 tamquam
1471 914 1505 943 de
1524 913 1609 944 bonis
1632 914 1756 953 propriis

1016 961 1258 998 communitatis,
1283 966 1310 991 et
1343 962 1371 991 in
1406 963 1520 992 officina
1544 964 1691 993 communi
1714 972 1757 992 re-

1016 1015 1173 1048 ponantur.

1055 1068 1092 1088 JV.
1117 1060 1242 1089 Pecunia
1265 1070 1380 1099 semper
1403 1061 1439 1091 sit
1462 1062 1490 1091 in
1514 1063 1593 1100 arca,
1610 1071 1683 1101 quae
1700 1067 1757 1092 tres

1016 1107 1120 1137 habeat
1143 1108 1294 1138 distinctas
1317 1110 1423 1139 claves.
1447 1110 1505 1139 Nec
1527 1111 1661 1149 superior
1676 1111 1755 1140 illam

1016 1156 1134 1193 babere,
1153 1167 1205 1187 nec
1228 1158 1408 1197 expendere,
1425 1169 1479 1189 nec
1502 1159 1649 1189 licentiam
1667 1160 1755 1189 alicui

1016 1205 1153 1243 religioso
1176 1207 1246 1236 dare
1276 1208 1382 1245 poterit
1412 1212 1442 1237 ut
1472 1208 1550 1237 iilam
1583 1207 1687 1238 habeat
1711 1208 1754 1237 vel

1015 1255 1174 1293 expendat,
1193 1255 1262 1294 quin
1286 1255 1367 1294 prius
1383 1256 1412 1285 in
1429 1257 1536 1286 dictam
1553 1266 1649 1286 arcam
1669 1257 1756 1286 suerit

1016 1303 1206 1339 intromissa;
1231 1303 1266 1333 ab
1290 1305 1338 1334 illa
1367 1309 1463 1334 autem
1494 1306 1635 1335 educetur
1668 1310 1698 1335 ut
1720 1305 1755 1335 ab

1015 1352 1191 1382 officialibus
1214 1358 1375 1383 conventus
1408 1354 1588 1393 expendatur
1618 1363 1684 1384 cum
1707 1364 1756 1384 ex-

1016 1402 1115 1440 pressa
1139 1402 1260 1440 praelati
1284 1403 1415 1432 licentia.

1053 1459 1080 1480 v.
1105 1451 1225 1486 Quando
1248 1451 1444 1481 definitorium
1469 1452 1618 1491 generale,
1642 1452 1688 1482 cui
1711 1461 1755 1482 so-

1015 1500 1073 1529 lum
1097 1501 1256 1539 competit,
1280 1501 1458 1531 concesserit
1480 1501 1566 1530 alicui
1591 1501 1754 1531 facultatem

1014 1549 1176 1588 accipiendi
1201 1550 1354 1588 pecuniam
1378 1550 1591 1589 aliquam,sive
1614 1560 1627 1579 a
1652 1559 1756 1589 paren-

1014 1597 1090 1627 tibus
1110 1598 1154 1627 vel
1176 1599 1347 1637 propinquis
1370 1599 1536 1638 specialiter
1553 1599 1682 1628 relictam
1703 1608 1754 1638 pro

1014 1646 1158 1684 religiosis
1180 1647 1240 1676 suis
1263 1646 1365 1676 usibus
1387 1652 1415 1676 et
1437 1647 1683 1685 necessitatibus,
1711 1648 1754 1677 in-

1015 1695 1162 1732 telligatur
1185 1695 1352 1725 huiusmodi
1387 1696 1502 1725 licentia
1526 1706 1591 1725 cum
1615 1698 1753 1735 expressa

1013 1744 1179 1773 conditione
1209 1744 1244 1773 tle
1267 1754 1300 1774 eo
1323 1744 1400 1783 quod
1429 1745 1552 1783 singulis
1575 1746 1660 1774 annis
1683 1750 1754 1775 tem-

1014 1802 1082 1832 pore
1112 1793 1234 1822 actualis
1271 1793 1446 1823 visitationis
1479 1794 1620 1824 rationem
1654 1794 1754 1823 reddat

1013 1851 1065 1871 suo
1089 1842 1260 1881 provinciali
1290 1842 1324 1872 de
1348 1843 1485 1882 expensis
1507 1852 1522 1872 a
1545 1852 1575 1872 se
1598 1843 1700 1881 sactis,
1725 1846 1753 1872 et

1013 1891 1177 1930 quantitate
1201 1891 1342 1930 pecuniae
1365 1896 1534 1930 extractae,
1559 1896 1588 1921 et
1610 1891 1665 1921 sibi
1689 1891 1752 1921 red-

1013 1941 1089 1971 ditae
1109 1951 1142 1970 ex
1166 1942 1236 1971 arca
1259 1942 1347 1971 trium
1371 1941 1508 1978 clavium,
1528 1942 1558 1971 in
1581 1951 1635 1981 qua
1659 1946 1753 1971 custo-

1012 1989 1068 2019 diri
1091 1989 1187 2028 debet,
1207 1989 1260 2020 snb
1285 1992 1379 2029 poena
1403 1991 1575 2030 privationis
1597 1990 1632 2019 ab
1655 1990 1751 2020 officio

1012 2040 1040 2069 in
1065 2044 1257 2079 perpetuum,
1280 2049 1349 2070 casu
1381 2049 1436 2079 quo
1464 2049 1477 2069 a
1503 2040 1636 2069 ministro
1668 2040 1753 2070 aliter

1011 2088 1195 2127 expendatur
1217 2098 1303 2128 quam
1327 2089 1357 2118 in
1381 2098 1451 2118 usus
1478 2098 1529 2128 pro
1552 2088 1658 2128 quihus
1681 2088 1751 2118 reli⁴

1012 2137 1110 2175 giosus
1134 2138 1293 2176 praefatam
1318 2137 1466 2166 licentiam
1491 2137 1660 2177 reportavit.

1051 2194 1089 2215 vr.
1113 2186 1216 2216 Nullus
1233 2186 1388 2224 religiosus
1405 2186 1508 2216 babeat
1524 2187 1634 2215 clavem
1650 2186 1751 2222 cellae,

1011 2244 1107 2272 arcae,
1131 2235 1267 2274 capsulae
1293 2235 1335 2264 vel
1358 2235 1478 2265 alterius
1501 2235 1605 2264 similis
1624 2235 1677 2272 rei,
1702 2243 1750 2263 ex-

1011 2284 1102 2323 ceptis
1135 2283 1336 2323 superioribus
1372 2283 1557 2321 generalibus
1589 2288 1615 2312 et
1651 2292 1751 2312 eorum

1011 2333 1197 2362 secretariis:
1215 2338 1311 2372 patres
1331 2342 1398 2362 vero
1414 2333 1584 2362 definitores
1600 2333 1752 2370 generales

1011 2386 1039 2411 et
1062 2382 1268 2420 provinciales,
1286 2385 1373 2421 atque
1396 2381 1523 2410 ministri
1546 2381 1750 2419 provinciales,

1012 2435 1216 2470 procuratores
1238 2431 1400 2469 generales,
1425 2431 1641 2469 redemptores,
1663 2434 1750 2469 atque

1012 2481 1179 2520 provinciae
1203 2485 1408 2520 procuratores
1424 2480 1457 2509 ad
1475 2480 1661 2510 custodienda
1681 2480 1752 2510 scri-

1012 2534 1057 2569 pta
1091 2534 1119 2559 et
1144 2539 1262 2559 suorum
1298 2529 1461 2558 officiorum
1490 2528 1584 2567 sigilla
1615 2532 1752 2568 poterunt

1012 2579 1118 2609 babere
1142 2579 1250 2609 clavem
1268 2578 1392 2609 alicuius
1409 2578 1544 2617 capsulae
1567 2587 1618 2608 seu
1638 2578 1748 2608 scrinii.

1652 172 1716 206 397
1763 180 1814 208 An.
1832 181 1860 208 c.
1884 182 1949 210 ¹738
