2232 3178
61 220 110 244 An.
127 216 157 243 C.
179 214 248 242 173⁵

94 596 188 618 Pon'ffut(
212 596 251 615 tiit<

68 624 205 643 cniireutihus
217 628 253 642 an-

69 654 128 676 tiqua
157 656 203 669 tnta
233 652 251 668 rt

77 677 179 701 miili-gia
204 681 252 696 con-

75 704 142 723 'rmah

106 2297 174 2318 Hasce
188 2298 267 2317 litteras

84 2327 186 2350 perpetuu
219 2324 267 2343 tuh-

84 2354 149 2371 turen.

880 206 1022 232 CLEMENs

258 265 319 296 hoc
342 261 489 306 sequitur
515 261 600 306 quod
636 259 880 304 praedictarum
920 256 1001 290 litte-

259 326 365 350 rarum
392 315 539 348 executio
561 315 658 348 modo
684 313 771 346 dicto
797 312 869 354 plns
895 309 1001 342 damni

260 377 357 411 quam
381 366 528 400 utilitatis
555 365 647 399 dictis
672 362 848 409 provinciis
874 360 1002 400 atteram

261 426 303 461 ct,
321 421 346 454 si
362 420 471 464 quoad
489 419 755 463 suppressionem
785 420 1003 449 conventuum

260 476 294 508 in
320 485 412 507 usum
438 473 623 513 adducitur,
649 472 680 505 in
706 471 876 504 maximam
903 468 1005 501 dicto-

264 540 332 562 rum
351 528 494 562 fidelium
513 527 690 571 perniciem
710 524 920 557 redundaret.

308 583 322 625 ᾖ
346 582 378 615 [ιι.
406 582 484 615 Cum
510 586 628 619 autem,
654 579 739 612 sieut
765 577 879 611 eadem
906 585 1006 618 expo-

264 637 336 669 sitio
358 635 584 678 subiungebat,
610 633 671 676 ipsi
698 637 910 676 exponentes,
941 640 1005 672 quo
1027 654 1028 659 ,

266 689 431 722 fraudibus
457 687 653 730 malitiisque
682 686 731 718 via
763 683 1004 728 praecludatur,

265 748 297 776 et
321 747 539 776 conventuum
558 739 765 773 indemnitati
793 743 823 771 et
848 737 1006 780 capitulo-

265 806 335 828 rum
362 795 658 837 religiosorumque
685 792 783 835 quieti
804 791 1004 829 consulatur,

265 854 453 892 opportune
474 848 505 880 in
524 846 711 891 praemissis
738 857 755 878 a
779 845 873 878 nobis
899 843 1007 888 provi-

266 901 334 934 deri
362 906 394 934 et
418 906 453 933 ut
478 900 562 932 infra
597 897 759 940 indulgeri
799 906 1007 939 summopere

266 955 480 988 desiderent:
508 964 578 994 nos,
605 953 692 996 ipsos
719 956 917 995 exponentes
941 961 1008 994 spe-

266 1008 401 1041 cialibus
441 1007 602 1040 savoribus
640 1013 670 1040 et
706 1005 816 1047 gratiis
853 1003 1006 1047 prosequi

266 1062 424 1101 volentes,
447 1066 478 1094 et
502 1071 615 1094 eorum
642 1059 824 1101 singulares
850 1067 1007 1101 personas

267 1126 285 1148 a
311 1115 475 1158 quibusvis
502 1111 854 1151 excotnnninicationis,
874 1121 1009 1153 suspen-

267 1168 367 1200 sionis
393 1173 426 1200 et
450 1166 624 1205 interdicti,
650 1165 787 1208 aliisque
814 1163 1010 1196 ecclesiasti-

268 1221 313 1253 eis
337 1220 518 1259 sententiis,
540 1219 685 1252 censuris
704 1224 735 1251 et
752 1218 881 1260 poenis,
906 1228 922 1249 a
941 1217 1009 1249 inre

267 1275 315 1308 vel
353 1274 391 1307 ab
421 1273 579 1313 homine,
606 1271 717 1315 quavis
755 1271 925 1304 occasione
961 1271 1009 1303 vel

268 1331 365 1363 eausa
381 1329 468 1367 latis,
495 1328 520 1360 si
547 1327 665 1371 quibus
691 1325 941 1369 quomodolibet,
963 1325 1010 1357 in-

268 1383 410 1416 nodatae
437 1381 588 1420 existunt,
611 1380 649 1413 ad
676 1379 824 1412 etl'ectnm
858 1389 1012 1422 praesen-

271 1438 348 1470 tium
376 1437 540 1470 dumtaxat
564 1434 860 1477 consequendum,
895 1433 1010 1465 harum

269 1491 353 1524 serie
378 1490 587 1523 absolventes
613 1494 644 1521 et
668 1488 831 1520 absolutas
852 1487 920 1519 t'orc
938 1496 1013 1519 cen-

270 1550 393 1584 sentes,
419 1541 712 1587 supplicationibus
739 1551 852 1573 corum
878 1542 1011 1575 nomine

270 1598 367 1631 nobis
393 1607 493 1640 super
511 1597 572 1629 hoc
589 1594 757 1628 humiliter
782 1594 942 1637 porrectis
965 1595 1013 1627 in-

271 1651 399 1690 clinati,
426 1655 461 1683 ut
495 1659 607 1683 omnes
632 1648 810 1691 supradicti
837 1654 1013 1681 conventus

272 1705 304 1737 in
329 1703 573 1748 possessionem
600 1701 862 1745 privilegiorum,
891 1701 922 1733 in
952 1713 1014 1744 qua

270 1768 373 1801 nsque
400 1757 497 1790 modo
524 1756 675 1796 suerunt,
703 1755 858 1798 deinceps
892 1755 1013 1798 absque

271 1812 337 1844 ulla
373 1809 567 1844 alteratione
603 1815 838 1853 permaneant,
865 1809 960 1841 ctiam
987 1809 1012 1841 si

271 1869 345 1898 octo
371 1864 543 1906 religiosos
569 1864 608 1896 dc
635 1863 755 1895 familia
783 1873 847 1895 non
876 1862 1012 1895 habeant

272 1923 325 1951 aut
344 1917 472 1961 possint
489 1918 588 1956 alere,
611 1927 791 1959 eorumque
810 1916 937 1959 priores
959 1926 1014 1948 seu

273 1971 410 2016 praelati
437 1971 582 2014 legitime
621 1970 715 2003 electi
753 1980 830 2003 voce
856 1970 959 2002 activa
983 1970 1014 2001 in

273 2025 424 2069 capitulis
445 2024 702 2068 provincialibus
729 2023 867 2067 aliisque
887 2023 1016 2056 electio-

273 2079 370 2112 nibus
389 2079 474 2111 sieut
490 2083 586 2111 antea
602 2077 770 2121 potiantur
796 2082 826 2110 et
844 2077 1015 2120 gaudeant,

275 2138 306 2165 et
331 2133 445 2165 eodem
471 2142 606 2175 prorsus
643 2131 741 2164 modo
779 2131 906 2174 priores
941 2142 1018 2164 con-

274 2191 428 2219 ventuum
452 2185 619 2225 Indorum,
646 2185 838 2218 anctoritate
865 2185 1018 2228 apostoli-

277 2240 324 2277 ca,
352 2243 466 2271 tenore
491 2238 724 2282 praesentium,
752 2238 971 2281 indulgemus.

322 2292 337 2333 ἓ
361 2291 392 2324 5.
419 2292 647 2333 DeeernenteS,
676 2293 804 2325 easdem
833 2298 1018 2336 praesentes

280 2344 401 2377 litteras
426 2344 543 2386 sirmas,
570 2346 691 2379 validas
718 2353 749 2379 et.
782 2347 928 2379 efficaces
954 2347 1020 2379 exi-

279 2402 364 2431 stere
391 2403 422 2431 et
447 2398 528 2439 sore,
555 2410 699 2443 suosque
727 2400 892 2443 plenarios
919 2406 951 2433 et
976 2401 1020 2433 in-

280 2456 389 2493 tegros
426 2451 559 2485 effectus
589 2453 695 2486 sortiri
733 2459 763 2486 et
793 2454 962 2493 obtinere,
990 2460 1042 2493 et.

279 2505 363 2545 illis,
391 2505 428 2538 ad
454 2515 533 2548 quos
560 2512 685 2550 spectat
721 2513 752 2540 ct
786 2518 846 2550 pro
874 2513 1019 2552 tempore

279 2558 450 2602 spectabit,
477 2559 508 2591 in
535 2559 685 2593 omnibus
703 2566 734 2593 et
751 2571 808 2604 per
826 2562 933 2595 omnia
952 2563 1021 2605 ple-

282 2612 413 2645 nissime
439 2612 620 2656 suflragari,
646 2620 675 2645 vt
704 2615 743 2647 ab
770 2615 815 2647 eis
842 2616 1020 2659 respective

1049 206 1095 229 ΧΠ
1121 206 1170 229 rr.
1728 193 1748 225 3
1796 202 1845 227 An.
1866 201 1894 227 c.
1918 202 1988 234 1734

1046 254 1278 287 inviolabiliter
1304 252 1469 287 observari
1486 279 1492 293 ‚
1519 252 1630 296 sicque
1650 251 1680 284 in
1699 261 1794 294 prae-

1047 308 1161 347 missis,
1182 318 1242 351 pcr
1267 317 1491 351 quoscumque
1513 306 1635 338 iudices
1661 304 1793 337 ordina-

1049 361 1114 394 rios
1139 367 1171 394 et
1203 361 1393 404 delegatos,
1419 360 1516 392 etiam
1542 368 1711 392 causarum
1738 368 1793 400 pa-

1048 415 1113 448 latii
1156 414 1325 458 apostolici
1367 414 1556 451 auditores,
1582 411 1718 444 iudicari
1762 416 1791 443 et

1049 468 1176 502 deliniri
1204 468 1324 502 debere
1343 496 1350 509 ,
1377 478 1413 500 ac
1439 467 1564 499 irritum
1591 471 1622 499 et
1647 465 1740 497 inane
1768 464 1793 496 si

1049 534 1142 556 secus
1168 532 1265 566 super
1291 522 1341 554 his
1368 533 1385 554 a
1411 531 1586 564 quoquam,
1608 519 1719 562 quavis
1740 529 1794 551 au-

1050 577 1212 616 ctoritate,
1240 576 1382 609 scienter
1407 576 1455 608 rel
1482 575 1684 618 ignoranter,
1718 583 1795 605 con-

1051 631 1161 673 tigerit.
1186 630 1348 662 attentari.

1094 683 1166 725 §tl
1193 683 1261 715 Non
1296 682 1501 715 obstantibus
1534 681 1671 724 praefati
1705 679 1793 712 Pauli
1854 689 1991 709 chamut-0³

1051 744 1081 770 et
1105 737 1176 770 aliis
1203 737 1422 769 homanorum
1442 735 1631 768 Pontificum
1658 734 1795 778 praede-
1807 716 1903 742 ΛΜΝ

1051 801 1213 824 cessorum
1250 796 1436 823 nostrorum
1471 789 1602 829 litteris,
1628 798 1686 831 per
1715 798 1794 831 quas

1052 845 1286 878 determinatus
1318 854 1473 876 numerus
1507 842 1736 885 religiosorum
1764 842 1796 872 in

1052 898 1259 932 monasteriis
1283 897 1491 942 praefinitur,
1512 896 1648 939 aliisque
1675 895 1797 928 consti—

1053 953 1232 986 tutionibus
1260 957 1290 985 ct
1307 951 1570 984 ordinationibus
1591 949 1795 993 apostolicis,

1052 1016 1181 1040 necnon
1207 1005 1461 1049 provinciarum,
1487 1003 1643 1037 Ordinum
1670 1006 1700 1036 et
1724 1013 1799 1035 con-

1053 1065 1205 1094 ventuum
1241 1058 1448 1098 huiusmodi,
1474 1057 1568 1090 ctiam
1595 1057 1797 1095 iuramento,

1053 1113 1298 1148 confirmatione
1322 1111 1512 1156 apostoliea,
1536 1112 1585 1143 vel
1612 1110 1723 1154 quavis
1748 1110 1799 1142 fir-

1053 1169 1164 1201 mitate
1197 1167 1257 1200 alia
1292 1166 1472 1206 roboratis,
1499 1165 1625 1197 statutis
1659 1169 1690 1196 et
1722 1174 1799 1197 con-

1054 1220 1292 1260 suetudinibus,
1319 1218 1500 1262 privilegiis
1527 1228 1670 1261 quoque,
1698 1216 1800 1249 indul-

1055 1275 1094 1307 tis
1121 1280 1152 1307 et
1176 1274 1293 1307 litteris
1319 1272 1507 1316 apostolicis
1540 1271 1570 1303 in
1600 1271 1799 1304 eontrarium

1054 1327 1312 1372 praemissorum
1339 1325 1591 1369 quomodolibet
1618 1324 1798 1362 concessis,

1055 1381 1255 1415 confirmatis
1280 1385 1312 1413 et
1337 1379 1520 1418 innovatis,
1548 1378 1667 1421 quibus
1694 1377 1801 1410 omni-

1055 1435 1117 1467 hus
1142 1441 1174 1468 et
1201 1434 1349 1477 singulis,
1376 1433 1510 1466 illorum
1541 1438 1674 1465 tenores
1699 1441 1798 1474 prae-

1057 1489 1207 1523 sentibus
1237 1498 1295 1531 pro
1324 1487 1423 1530 plene
1457 1491 1489 1518 et
1517 1484 1719 1518 sufficienter
1749 1494 1802 1517 ex-

1057 1543 1180 1587 pressis
1207 1547 1238 1574 et
1263 1542 1301 1574 de
1326 1541 1422 1573 verbo
1450 1540 1488 1572 ad
1514 1540 1647 1571 verbum
1669 1538 1802 1572 insertis

1058 1597 1228 1635 hahentes,
1255 1594 1320 1627 illis
1345 1593 1425 1626 alias
1452 1593 1483 1625 in
1506 1603 1563 1625 sno
1588 1592 1705 1625 robore
1732 1602 1803 1635 per-

1057 1649 1240 1688 mansuris,
1268 1648 1307 1681 ad
1339 1646 1596 1691 praemissorum
1632 1645 1801 1685 etl'ectum,

1058 1705 1119 1737 hae
1151 1704 1217 1736 viee
1251 1702 1435 1742 dumtaxat,
1467 1700 1652 1744 specialiter
1684 1705 1717 1732 et
1748 1710 1801 1732 ex-

1058 1768 1168 1802 presse
1188 1758 1400 1799 derogamus3
1421 1755 1605 1799 ceterisque
1631 1754 1802 1788 contrariis

1059 1812 1332 1855 quibuscumque.

1103 1866 1117 1908 ξ
1152 1865 1180 1898 7.
1205 1865 1361 1897 volumus
1396 1869 1503 1896 autem
1541 1868 1577 1895 ut
1613 1862 1999 1917 earumdem,lm-mmm

1060 1920 1242 1952 litterarum
1280 1918 1515 1961 transumptis,
1542 1928 1597 1950 seu
1623 1899 1973 1960 exemplis‚¹¹⁴⁶¹“‘²‘¹⁴'⁸¹¹'

1061 1973 1157 2007 etiam
1183 1972 1368 2016 impressis,
1404 1982 1500 2004 manu
1527 1970 1661 2004 alicuius
1686 1970 1804 2004 notarii

1060 2026 1182 2070 publici
1208 2024 1424 2068 subscriptis,
1454 2030 1485 2057 et
1509 2024 1618 2066 sigillo
1644 2034 1804 2067 personae

1062 2081 1093 2113 in
1114 2079 1333 2113 ecclesiastica
1351 2078 1508 2121 dignitate
1527 2077 1721 2110 constitutae
1742 2087 1807 2109 mu-

1061 2133 1158 2174 nitis,
1186 2133 1300 2166 eadem
1327 2142 1464 2175 prorsus
1496 2130 1575 2163 sides
1601 2130 1805 2169 adhibeatur,

1062 2197 1144 2230 quae
1179 2185 1258 2229 ipsis
1291 2184 1518 2227 praesentibus
1544 2183 1756 2216 adhiberetur
1781 2183 1805 2214 si

1064 2241 1169 2273 forent
1194 2238 1359 2272 exhibitae
1386 2238 1434 2270 rel
1461 2242 1625 2270 ostensae.

1107 2293 1220 2325 Datum
1246 2291 1375 2333 Romae,
1402 2291 1485 2334 apud
1512 2290 1542 2322 S.
1563 2289 1693 2322 Mariani
1716 2289 1806 2321 Maio-

1063 2359 1145 2387 rem,
1165 2348 1225 2378 sub
1247 2347 1368 2379 annulo
1387 2344 1568 2385 Piscatoris,
1587 2343 1637 2376 die
1662 2353 1712 2377 xlx
1738 2343 1805 2375 iulii

1063 2409 1256 2440 ninccxxxiv,
1282 2397 1489 2442 pontificatus
1516 2397 1615 2430 nostri
1642 2406 1727 2429 anno
1754 2407 1782 2428 v.

1100 2463 1160 2490 [lat.
1182 2462 1226 2488 die.
1247 2462 1281 2488 19
1302 2461 1358 2487 iulii
1380 2460 1466 2494 1734,
1488 2459 1590 2495 pontis.
1612 2467 1684 2485 anno
1704 2467 1731 2486 v.

1417 2514 1451 2546 1³.
1473 2512 1563 2545 card.
1583 2512 1767 2547 (unvanus,
