2232 3178
17 206 24 211 .
35 182 88 210 Αη.
102 181 130 207 C.
154 179 219 207 1739

53 1950 140 1970 Αεεοᾱίῑ
155 1950 212 1976 capi-

32 1976 68 1996 tuli
105 1976 213 1997 Salisbur-

32 2003 99 2028 gensis
123 2009 214 2024 cousen-

31 2034 74 2050 mm

842 180 984 204 CLEMENS
1009 180 1052 204 XII
1077 181 1128 204 ΓΡ.

223 228 255 258 in
273 228 362 258 causa
377 227 525 258 missionis
540 228 699 259 destinare.
717 228 966 265 Quemadmodum

225 277 329 307 etiam:

264 336 304 356 xi.
327 326 359 356 In
382 335 497 367 omnem
522 332 676 365 eventum,
700 337 756 368 quo
786 337 874 367 super
898 337 967 357 vero

224 374 375 405 intellectu
399 375 485 405 unius
508 375 665 406 alteriusve
695 377 796 416 puncti
820 376 864 405 vel
887 376 967 405 ordi-

224 423 351 453 nationis
383 433 417 453 ex
454 424 591 463 praefatis
624 434 810 464 quocumque
834 428 967 463 tempore

224 471 323 501 futuro
345 471 478 501 dubietas
502 472 545 501 vel
569 482 652 502 error
670 477 836 510 exurgeret,
857 472 965 502 eisdem

223 519 393 549 iudicialem
416 521 691 559 interpretationem
715 521 794 557 dare,
816 520 898 550 nobis
916 530 968 550 no-

224 568 352 608 strisque
389 569 418 598 in
456 569 710 609 archiepiscopatu
746 569 966 599 successoribus

223 618 390 648 omnimode
413 624 593 648 reservatum
617 620 764 649 volumus.

263 666 318 696 Pro
350 667 540 697 conclusione
571 667 688 697 demum
723 667 808 697 nobis
835 667 966 705 saepedi-

223 719 289 745 ctus
313 720 394 755 pater
424 716 613 755 provincialis
645 717 704 746 una
732 725 798 745 cum
830 715 966 745 definito-

223 763 305 794 ribus
329 764 426 794 onmia
450 768 477 794 et
500 764 614 802 singula
635 774 669 794 ex
692 764 848 803 praedictis
872 764 965 794 invio-

223 812 352 843 labiliter
385 813 488 852 quovis
512 816 642 852 tempore
676 822 811 849 servare,
845 813 964 842 nomine

224 862 313 891 totius
336 861 498 900 superioris
517 861 691 891 Germaniae
715 862 882 900 provinciae
912 871 964 891 nec

221 921 280 941 non
294 916 455 941 conventus
471 911 604 947 11uiaiis¹‚
622 911 780 950 spopondit
798 915 825 941 et
839 911 963 941 obtesta-

222 964 268 989 tus
291 964 352 989 est:
376 964 403 989 et
426 959 502 999 quod
526 969 579 989 nec
602 959 638 988 ab
661 960 736 998 ipso,
760 968 813 989 nec
836 959 901 989 aliis
917 969 964 988 su-

222 1008 388 1048 perioribus
432 1009 576 1048 praefatae
611 1009 779 1048 provinciae
794 1032 801 1045 ‚
838 1018 891 1038 nec
927 1008 962 1038 ab

222 1067 322 1087 eorum
345 1057 576 1093 successoribus,
594 1057 648 1086 sub
671 1067 857 1097 quocumque
879 1067 964 1087 exco-

222 1106 326 1144 gitatu‚
351 1111 506 1145 praetextu
522 1110 550 1136 et
566 1106 669 1140 forma,
684 1107 964 1136 contraveniendum

222 1154 270 1188 sit,
288 1155 417 1193 legitime
436 1155 586 1194 expeditas
603 1155 766 1185 reversales
782 1155 811 1184 in
829 1155 964 1194 proxime

223 1204 320 1233 futuro
342 1203 471 1243 capitulo
494 1203 671 1233 intermedio
694 1203 780 1233 nobis
810 1203 964 1234 submisis-

222 1253 295 1283 sime
318 1253 472 1283 extradere
496 1253 642 1291 promisit.

263 1303 373 1332 Cuncta
407 1301 533 1331 fideliter
565 1306 593 1331 et
618 1301 727 1340 absque
751 1302 827 1331 fuco.
862 1301 894 1331 In
917 1311 964 1332 cu-

222 1350 268 1380 ius
289 1350 332 1380 rei
355 1350 556 1380 testimonium
583 1360 617 1380 ex
651 1350 739 1380 huius
772 1350 963 1388 fundationis,

223 1399 387 1438 respective
423 1399 657 1429 confirmationis
680 1404 707 1430 et
739 1399 846 1430 indulti
877 1401 966 1430 causa

223 1456 361 1486 praesens
383 1446 501 1478 libellus
526 1448 688 1486 confectus,
714 1451 743 1478 et
766 1448 801 1478 ab
825 1448 964 1478 maiorem

223 1497 410 1526 securitatem
444 1506 458 1525 a
491 1496 578 1526 nobis
610 1501 639 1527 et
671 1500 772 1527 nostro
801 1497 963 1527 venerabili

223 1545 351 1584 capitulo
375 1545 601 1585 metropolitano
618 1546 806 1585 propriarum
824 1555 965 1576 manuum

223 1592 490 1633 subscriptionibus
512 1598 540 1624 et
562 1594 701 1633 appensis
717 1594 824 1632 sigillis
847 1594 965 1634 expedi-

223 1647 279 1681 tus,
303 1642 357 1672 sub
379 1642 495 1673 initium
519 1643 666 1673 nominato
689 1647 771 1682 patre
794 1643 965 1683 provinciali

222 1691 389 1722 extraditus
412 1692 477 1722 fuit.

262 1741 366 1770 Actum
390 1749 447 1770 xvu
479 1740 588 1770 mensis
624 1740 762 1770 februarii
795 1749 872 1770 anno
902 1744 966 1779 post

222 1788 329 1819 Christi
353 1789 549 1829 redemptoris
572 1789 666 1820 nostri
688 1789 869 1819 salutiferam
892 1788 967 1819 nati-

223 1838 343 1868 vitatem
366 1846 550 1868 moccxxxw.

739 1877 925 1908 Lsoronnes.

302 1935 359 1966 Nos
381 1935 514 1966 Andreas
546 1935 680 1975 Iacobus,
714 1945 811 1966 comes
845 1936 880 1966 de
903 1936 967 1966 Die-

224 1983 376 2014 trichstein
407 1985 603 2025 praeposituS‚
635 1985 796 2025 Leopoldus
824 1985 966 2015 Ernestus

223 2033 254 2063 L.
278 2033 310 2063 B.
334 2033 369 2063 de
391 2033 520 2064 Firmian
543 2034 688 2073 decanus,
710 2034 883 2064 Franciscus
906 2035 968 2063 Ma-

224 2082 394 2113 ximilianus
422 2092 519 2114 comes
541 2083 576 2113 de
604 2083 820 2114 Lieehtenstein
843 2083 964 2122 senior,

223 2135 251 2162 et
273 2132 443 2162 universum
466 2132 629 2172 capitulum
651 2132 899 2172 metropoliticum
918 2142 965 2162 ec-

223 2180 329 2211 clesiae
351 2180 583 2220 Salisburgensis
606 2181 779 2221 profitemur
807 2191 859 2221 pro
881 2180 965 2211 nobis

223 2239 257 2260 ac
278 2230 389 2260 nostris
412 2230 645 2268 successoribus,
662 2230 738 2270 quod
762 2230 871 2268 omnia,
891 2239 965 2269 quae

224 2278 254 2308 in
276 2278 322 2308 his
344 2278 452 2309 litteris
474 2279 656 2309 fundationis
677 2279 880 2316 continentur,
899 2288 964 2309 cum

223 2329 327 2358 nostra
341 2328 466 2358 scientia
481 2332 509 2358 et
521 2337 666 2358 consensu
683 2329 757 2358 sacta
774 2329 844 2366 sint,
864 2328 965 2368 sicque

223 2378 253 2408 in
277 2381 417 2417 perpetua
441 2377 557 2407 saecula
581 2377 827 2408 observabuntur.

264 2426 296 2456 ln
319 2427 403 2457 cuius
419 2426 674 2457 confirmationem
697 2427 749 2456 has
773 2427 884 2457 litteras
901 2426 967 2456 fun-

224 2475 350 2505 dationis
373 2475 458 2505 modo
490 2479 630 2505 consueto
662 2474 908 2515 subscripsimus,
938 2479 967 2505 et

224 2524 353 2563 sigillum
386 2528 519 2554 nostrum
551 2524 645 2554 maius
678 2524 799 2554 fecimus
827 2524 964 2563 appendi.

264 2579 271 2605 t
290 2577 334 2605 Sic
349 2577 432 2606 habet
446 2577 511 2605 edit.
530 2577 621 2613 atain„
638 2577 728 2605 forsan
744 2577 863 2605 Durani
875 2577 964 2613 (nm).

1637 171 1701 205 533
1751 182 1802 208 An.
1827 183 1855 208 c.
1880 184 1949 211 1739

1012 229 1115 259 Actum
1148 229 1326 268 salisburgi,
1358 239 1367 260 1
1403 230 1512 260 mensis
1544 230 1644 260 martii
1677 240 1753 260 anno

1012 287 1191 308 niriecxxxvl.
1207 279 1346 308 Axnnssas
1360 278 1485 308 Iaoom's
1498 279 1532 309 de
1546 278 1752 309 Dietrichstein

990 351 991 370 3
1013 328 1208 367 praepositus

1051 376 1223 406 Leoromrs
1253 376 1407 407 Enxasrt's
1437 376 1468 406 L.
1492 378 1528 406 B.
1553 376 1587 406 dc
1610 376 1751 414 Firmian,

1012 425 1151 455 decanus.

1051 473 1235 504 Fam-:iscis
1267 475 1481 505 Illtxuntilxxrs
1517 484 1613 505 comes
1635 475 1670 504 de
1693 474 1753 504 Lie-

1010 522 1184 561 chtenstein,
1209 524 1318 553 senior.

1057 591 1070 633 §
1096 590 1128 623 3.
1148 590 1351 623 Praeinserta
1376 596 1483 623 autem
1510 591 1671 634 capitula,
1702 601 1754 623 re·
1816 602 1948 633 ‚Praedicta

1766 636 1834 651 omnia
1853 636 1864 650 ss
1887 636 1950 654 811ιῖὲέ-

1010 645 1100 685 gulas
1120 648 1148 676 et
1172 644 1270 686 leges,
1297 650 1470 686 postquam
1492 644 1658 687 praefatus
1676 644 1857 677 Leo-rioms
1888 656 1950 676 onu-

1009 697 1124 740 poldus
1142 697 1408 740 archiepiscopus
1425 697 1637 738 condidisset,
1656 702 1687 730 et
1712 697 1751 730 ad
1764 686 1949 736 ῧῖζῖἀμὸῐῖἷξῗῖἷῗὲῗ

1009 750 1146 782 dilectos
1173 749 1255 783 filios
1288 750 1465 782 modernos
1496 756 1752 783 memoratorum
1765 740 1949 785 l?„¹¹.f:‚¹la¹'52'.„⁴'*¹'

1008 802 1164 836 Ordinum
1191 808 1221 835 et
1248 803 1471 835 institutorum
1498 804 1676 846 respective
1703 795 1868 836 su·¹¹¹³¹¹⁰¹¹'''

1008 856 1167 899 periotes,
1193 861 1227 888 ut
1252 856 1471 895 admitterent,
1498 856 1688 898 exciperent
1723 861 1755 889 et

1009 914 1141 952 accepta
1177 909 1355 950 haberent,
1381 909 1629 952 proposuisset,
1656 909 1753 942 iidem

1009 963 1155 996 moderni
1179 963 1374 1006 superiores,
1390 965 1427 995 exi
1448 973 1512 1006 qua
1529 973 1587 1006 par
1607 967 1674 995 erat
1691 962 1755 995 ani-

1008 1027 1134 1050 morum
1163 1017 1376 1049 consensione
1402 1022 1434 1049 et
1459 1016 1660 1055 obedientia,
1689 1015 1753 1048 iam

1008 1075 1139 1113 accepta
1157 1075 1189 1103 et
1205 1075 1275 1102 rata
1297 1070 1494 1109 habuerunt,
1513 1071 1552 1102 ad
1579 1080 1639 1103 nos
1658 1070 1754 1102 etiam

1009 1124 1202 1162 transmisit,
1225 1123 1418 1166 suppliciter
1442 1133 1560 1166 rogans
1581 1129 1616 1155 ut
1641 1133 1755 1166 appro-

1915 767 1948 786 tir-

1008 1176 1086 1209 bare
1124 1181 1157 1209 et
1197 1176 1390 1210 confirmare
1429 1177 1650 1219 dignaremur.
1688 1175 1752 1209 Nos

1008 1240 1084 1263 vero
1103 1231 1167 1269 illa,
1186 1235 1232 1270 ut,
1252 1230 1360 1273 quoad
1385 1240 1501 1263 omncs
1528 1235 1636 1273 partes
1662 1229 1754 1273 prius

1009 1283 1249 1317 accuratissime
1268 1283 1542 1323 examinarentur,
1562 1282 1600 1314 ad
1615 1283 1754 1325 Congre-

1009 1337 1174 1380 gationem
1203 1335 1440 1369 venerabilium
1467 1336 1600 1368 fratrum
1625 1341 1756 1368 nostro-

1008 1401 1079 1422 rum
1098 1389 1213 1423 §.P-E.
1234 1389 1448 1422 cardinalium
1475 1388 1615 1431 negotiis
1633 1388 1755 1431 Propa-

1008 1443 1131 1486 gandae
1150 1443 1240 1476 Fidei
1265 1442 1530 1486 praepositorum
1558 1442 1752 1476 remisimus.

1053 1498 1067 1541 ἓ
1085 1497 1137 1530 ⁶23.
1150 1497 1251 1530 Porro
1267 1497 1483 1540 Congregatio
1499 1495 1676 1540 praedicta,
1692 1502 1754 1528 tam
1779 1506 1845 1526 stem
1860 1507 1950 1530 congr-2.

1009 1550 1215 1584 institutione
1254 1550 1447 1583 missionum
1489 1549 1729 1593 praedictarum
1746 1536 1950 1590 ,ffil'lianfilssl'l'f'

1010 1614 1105 1647 quam
1133 1603 1296 1646 capitulis,
1323 1602 1447 1646 regulis
1485 1608 1517 1635 ct
1545 1602 1672 1645 legibus
1697 1602 1754 1634 hu-

1010 1656 1149 1689 iusmodi
1176 1662 1303 1689 maturo
1329 1656 1477 1689 examine
1502 1655 1685 1699 perpensis,
1713 1655 1752 1687 ad

1009 1721 1067 1743 nos
1098 1710 1221 1749 retulit,
1250 1720 1387 1753 acquum
1407 1719 1489 1749 esse,
1508 1715 1552 1748 ut,
1578 1709 1640 1752 piis
1667 1708 1754 1741 eius—

1010 1764 1081 1797 dem
1099 1763 1255 1806 Leopoldi
1274 1763 1512 1806 archiepiscopi
1531 1762 1614 1795 votis
1633 1768 1664 1794 et
1680 1772 1755 1806 pre-

1009 1817 1101 1849 cihus
1138 1816 1426 1857 obsecundantes,
1463 1815 1609 1859 praefata
1645 1814 1755 1848 omnia

1011 1874 1163 1913 tanquam
1188 1869 1333 1914 proficua
1358 1874 1390 1903 et
1414 1869 1566 1902 salutaria
1592 1869 1755 1912 approba-

1010 1935 1132 1965 remus,
1159 1929 1190 1957 et
1221 1923 1423 1967 apostolicae
1456 1922 1662 1956 auctoritatis
1697 1932 1755 1956 no-

1010 1982 1096 2010 strae
1122 1976 1303 2010 munimine
1328 1977 1575 2009 roboraremus,

1053 2031 1068 2074 ξ
1089 2030 1121 2064 lt.
1144 2030 1207 2063 Nos
1234 2030 1352 2073 itaque,
1380 2029 1530 2062 eumdem
1548 2028 1754 2072 Leopoldum

1009 2084 1297 2128 archiepiscopum
1320 2082 1517 2127 specialibus
1536 2082 1697 2116 favoribus
1724 2087 1756 2115 et

1008 2138 1121 2181 gratiis
1147 2139 1303 2182 prosequi
1322 2137 1481 2177 volentes,
1499 2141 1530 2170 et
1548 2147 1566 2169 a
1587 2136 1754 2180 quibusvis

1009 2190 1361 2231 excommunicationis,
1396 2190 1623 2234 suspensionis
1648 2195 1680 2222 et
1706 2190 1755 2221 in-

1011 2245 1152 2285 terdicti,
1165 2244 1302 2287 aliisque
1320 2243 1550 2277 ecclesiasticis
1571 2242 1753 2282 sententiis,

1008 2299 1156 2332 censuris
1182 2303 1214 2332 et
1238 2298 1362 2341 poenis,
1389 2308 1406 2330 a
1432 2297 1502 2329 iure
1520 2297 1570 2329 vel
1587 2297 1626 2329 ab
1646 2295 1754 2328 homi·

1007 2362 1060 2392 ne,
1086 2351 1198 2395 quavis
1224 2350 1395 2384 occasione
1420 2351 1470 2383 vel
1495 2351 1591 2383 causa
1616 2348 1702 2388 latiS,
1728 2348 1754 2381 si

1008 2407 1125 2450 quibus
1151 2405 1401 2449 quomodolibet
1431 2404 1603 2436 innodatus
1630 2402 1750 2441 existit,

1009 2459 1048 2492 ad
1074 2458 1222 2492 effectum
1240 2457 1464 2501 praesentium
1490 2457 1655 2489 dumtaxat
1681 2465 1755 2488 con-

1801 2038 1858 2065 l'apa
1874 2038 1948 2058 ooullr-

1766 2068 1816 2086 mat.

1009 2512 1224 2556 sequendum,
1244 2512 1358 2543 harum
1381 2509 1464 2543 serie
1490 2510 1696 2542 absolventes
1723 2513 1755 2541 et

1010 2567 1196 2601 absolutum
1216 2565 1283 2599 fore
1303 2569 1485 2605 censentes,
1511 2562 1754 2607 supplicationi-
