2232 3178
29 232 80 260 An.
99 231 131 258 C.
149 230 216 258 1737

846 228 989 255 CLEMENS
1015 229 1062 255 ΧΠ
1087 230 1137 255 ΡΡ.

1652 221 1710 255 281
1764 233 1813 259 An.
1832 233 1863 261 c.
1884 232 1948 260 1737

30 290 170 320 „oximorum
187 277 283 310 a-bus
311 278 467 311 maternis
493 278 672 319 habitabat,
700 279 917 322 frequentans,
937 283 969 312 et
1014 283 1046 312 et
1070 289 1087 311 a
1111 279 1274 322 regalibus
1299 279 1430 324 nuptiis,
1456 279 1543 313 nulla
1562 280 1619 313 sua
1641 281 1753 324 culpa,

30 322 96 339 nimis,
103 316 139 335 «ed
151 317 213 334 etiarn

29 342 153 371 corvam,-
178 332 467 375 sei-aegrotantium
492 332 672 365 inserviens
697 332 966 372 necessitatibus,

29 369 211 422 ffiensszhoperam
224 396 279 418 eos
306 384 412 418 verbis
437 385 601 418 animabat
626 385 663 418 ad
691 385 893 428 patientiam,
914 385 968 417 do-

225 438 337 471 ctrinis
355 438 536 471 instruebat
554 439 592 471 ad
612 438 779 481 pietatem.
800 437 913 477 Quare,
933 443 967 470 ut

222 491 476 534 benignissimus
495 491 578 525 Deus
597 491 745 524 eximiam
762 501 872 523 servae
890 501 966 523 suae

223 545 374 577 virtutem
388 544 420 576 in
439 544 543 578 oculis
567 544 734 577 hominum
754 544 965 576 illustriorem

222 597 384 638 redderet,
411 603 560 639 aegrotos
586 598 622 630 ad
650 597 719 630 eius
741 606 870 629 manum
890 606 966 629 con-

223 655 340 684 tactum
367 661 465 694 saepe
491 651 648 694 pristinae
667 650 794 683 sanitati
812 649 963 682 restituit.

222 704 302 738 Aliis
322 705 418 737 etiam
438 704 559 747 gratiae
579 704 673 737 donis
692 714 761 737 eam
779 703 963 746 insignivit;

221 756 307 788 inter
332 760 462 796 cetera,
495 760 530 788 ut
555 765 610 788 eos
626 781 633 795 ,
669 755 723 798 qui
748 754 965 796 virginitatem

222 808 384 849 colerent,
411 818 447 840 ex
473 807 554 840 mira
580 807 690 841 odoris
712 806 886 850 fragrantia
912 817 966 840 co-

221 866 408 903 gnosceret.

80 929 211 958 carissimas
266 914 280 957 ἓ
305 913 359 946 17.
387 913 422 946 ln
440 913 646 947 orationibus
665 918 771 946 autem
792 914 878 946 tanta
895 922 966 946 cae-

0 968 2 999 ἷ
30 957 310 1004 Z'ssff.?1⁸.‚m⁰⁹2'5.'i¹„¹.51estis
336 966 515 1000 dulcedinis
550 966 706 1000 suavitate
739 966 863 999 animus
896 965 965 999 eius

0 1014 2 1030 ’
30 1010 151 1057 'vf'ffifflm'n
167 1015 490 1064 ⁵⁰‘'pe1·fundebatur,
504 1025 540 1052 ut
557 1020 588 1052 in
608 1020 793 1063 frequentes
812 1025 963 1059 exstases,

222 1082 361 1116 corpore
387 1082 403 1106 e
429 1073 499 1106 solo
525 1073 557 1105 in
584 1073 682 1106 altum
709 1073 847 1112 sublato,
873 1081 965 1115 rape-

220 1130 325 1159 retur.
353 1126 392 1158 At
417 1136 494 1159 vero
522 1126 600 1159 illud
627 1125 769 1158 omnium
788 1125 912 1158 animos
931 1124 963 1157 in

221 1179 469 1212 admirationem
496 1179 544 1212 sui
570 1184 665 1222 atque
691 1189 834 1212 amorem
861 1178 965 1212 trahe-

220 1234 298 1274 bat,
324 1233 430 1277 quod,
456 1233 542 1266 inter
575 1238 638 1265 tam
670 1232 812 1275 insignia
837 1232 963 1265 divinae

221 1287 343 1330 gratiae
363 1288 448 1321 dona
467 1293 497 1320 et
515 1287 744 1320 admirantium
771 1286 839 1320 eius
866 1286 964 1319 virtu-

221 1345 283 1375 tem
301 1342 423 1382 laudes,
443 1341 589 1375 eamdem
608 1351 738 1384 semper
758 1340 963 1382 modestiam,

220 1395 505 1428 mansuetudinem
521 1399 552 1428 et
572 1394 787 1428 humilitatem
814 1394 961 1435 servavit,

14 1478 20 1496 s
221 1453 277 1488 ut,
303 1453 422 1492 quanto
459 1447 553 1481 altius
579 1448 732 1481 virtutum
758 1447 962 1480 incremento

222 1502 428 1542 eveheretur,
450 1506 541 1535 tanto
568 1501 742 1534 demissius
768 1500 963 1534 humilitatis

221 1554 444 1600 profunditate
466 1555 694 1588 descenderet.

21 1620 211 1651 *triumfum
266 1607 358 1652 518.
396 1608 532 1641 Demum
568 1607 766 1640 continuatis
808 1607 959 1648 ieiuniis,

31 1650 87 1706 llll-‘i
109 1648 212 1704 sii‘e‘iffiiff
223 1661 452 1705 diuturnisque
471 1661 577 1694 carnis
594 1661 878 1703 macerationibus,
897 1667 961 1694 tum

32 1702 71 1722 ἰη
86 1701 203 1721 demes&
222 1716 318 1750 etiam
345 1715 386 1749 ob
412 1715 551 1748 senilem
582 1719 716 1748 aetatem
733 1741 740 1755 ‚
765 1715 886 1758 quippe
919 1725 964 1748 se-

2 1766 5 1787 ¹
221 1769 433 1814 ptuagenaria
458 1768 583 1809 maior,
608 1768 767 1801 debilitati
801 1768 962 1801 stomachi

222 1823 336 1856 morbo
362 1822 502 1865 graviter
527 1821 648 1861 affecta,
670 1831 810 1865 eumque
835 1821 868 1854 in
894 1821 962 1854 dies

222 1876 503 1919 ingravescentem
521 1875 617 1908 hilari
637 1885 768 1918 semper
788 1875 875 1908 vultu
890 1885 964 1908 con·

20 1919 25 1965 l
222 1929 384 1973 stantique
405 1928 514 1962 animo
538 1928 723 1972 perferens,
750 1928 789 1961 ad
815 1928 963 1961 ultimum

21 1975 25 2015 i
222 1983 372 2027 spiritum
398 1983 529 2016 redacta
548 1987 608 2016 est.
629 1981 705 2015 Cum
723 1987 841 2023 autem,
862 1987 964 2015 extre-

22 2029 26 2069 l
224 2047 294 2070 mae
331 2035 495 2070 unctionis
532 2040 562 2069 et
596 2035 819 2079 poenitentiae
855 2046 963 2069 sacra-

23 2078 27 2091 *
224 2090 342 2124 mentis
380 2089 541 2133 receptis,
567 2099 691 2122 sacram
728 2089 962 2123 Eucharistiam

22 2093 28 2203 i
224 2144 265 2177 ob
282 2143 481 2186 indignantis
507 2142 666 2176 stomachi
685 2142 796 2176 vitium
822 2143 883 2176 sibi
910 2144 963 2177 de-

24 2204 28 2221 ·
222 2197 333 2240 negari
359 2196 540 2236 intellexit,
565 2196 739 2230 maximum
770 2197 799 2230 in
832 2197 962 2230 modum

24 2228 29 2296 i
223 2250 326 2284 doluit
351 2260 442 2283 sacra
465 2249 522 2283 Dei
547 2250 666 2283 ancilla
682 2250 713 2282 in
739 2255 881 2284 extremo
906 2251 963 2285 illo

223 2313 326 2347 agone
341 2303 570 2338 communione
586 2304 732 2347 corporis
748 2309 779 2337 et
794 2305 962 2347 sanguinis

222 2356 337 2391 Christi
364 2356 516 2390 destituta
537 2357 720 2400 procedere
742 2357 781 2390 ad
808 2368 962 2401 pugnam,

223 2415 255 2444 et
286 2409 488 2443 sanctissimo
524 2409 639 2443 viatico
677 2409 810 2443 minime
844 2410 963 2443 refecta

224 2475 259 2497 ex
286 2463 347 2496 hac
372 2462 499 2496 mortali
526 2463 588 2496 vita
613 2462 794 2506 proficisci,
821 2468 852 2497 et
876 2464 964 2497 deni-

224 2527 287 2561 que
312 2517 344 2549 in
362 2517 474 2550 ultimo
501 2516 582 2549 vitae
609 2522 773 2550 momento
792 2516 963 2550 adilectis-

30 2555 33 2614 l
224 2570 305 2604 simo
324 2569 448 2613 sponso
467 2580 524 2603 suo
543 2569 782 2614 quodammodo
800 2571 961 2614 separari,

31 2623 35 2714 N
225 2627 256 2658 et
279 2623 318 2656 ab
345 2623 521 2667 evangelici
559 2623 802 2668 patrisfamilias
838 2626 940 2658 coena

33 2722 35 2740 Ι
274 2686 354 2714 Ball.
374 2686 456 2716 Rom.
477 2701 510 2705 —-
534 2686 593 2714 Vol.
614 2685 715 2715 XXIV.
862 2685 896 2714 36

954 2652 961 2667 7
984 2654 987 2670 l

1012 331 1068 364 sed
1095 332 1165 365 sola
1190 332 1218 365 vi
1245 332 1361 373 morbi,
1380 332 1518 374 excludi,
1541 333 1683 376 graviter
1709 334 1755 366 iu-

1011 384 1147 426 gemuit.

1055 436 1068 479 §
1095 437 1147 470 tu.
1177 437 1215 470 Ut
1239 448 1315 472 vero
1342 439 1551 472 amantissimi
1571 439 1678 473 cordis
1704 440 1753 473 sui
1776 453 1950 482 Cactmtispanis

1766 486 1829 506 ἓΙΙμΓᾶ
1855 488 1899 502 Slus
1915 490 1948 509 ΡΒ·

1011 490 1169 532 angustiis
1207 491 1419 525 lenimentum
1454 493 1585 536 aliquod
1620 493 1951 533 adhibe-ausanium.

1011 548 1071 582 ret,
1099 544 1230 577 fratrem
1257 545 1402 579 eiusdem
1429 546 1557 579 Ordinis
1581 546 1753 579 Servorum
1766 534 1952 607 &odil-{20:353

1766 592 1789 606 ex
1820 591 1950 609 amianti-un

1011 596 1043 629 B.
1058 596 1176 630 Mariae
1195 599 1427 631 confessarium
1446 610 1539 632 suum
1560 600 1694 642 rogavit,
1709 606 1752 641 ut,
1765 613 1950 641 deuiis-mmmm

1011 651 1098 681 sacra
1117 650 1225 693 pixide
1243 651 1282 684 ad
1300 662 1332 684 se
1353 652 1468 693 delata,
1487 658 1618 695 aspectu
1638 654 1753 686 saltem
1766 640 1951 697 322?a“¹.¹¹2330¹',‘.‘.1&

1010 703 1228 744 augustissimi
1255 705 1449 737 sacramenti
1481 705 1628 738 dolorem
1655 696 1834 740 anitiiii'iiiff't
1857 700 1877 714 ¹¹¹
1901 700 1949 715 ω’

1010 754 1059 787 sui
1086 757 1260 790 solaretur.
1280 757 1487 801 Obsequentc
1509 758 1576 791 eius
1596 759 1752 791 voluntati

1009 809 1189 850 sacerdote,
1209 810 1317 843 statim
1338 821 1373 843 ac
1400 811 1634 845 eucharisticus
1661 812 1752 855 panis

1010 861 1064 895 illo
1087 862 1253 896 deferente
1278 865 1450 907 apparuit,
1473 865 1606 905 Iuliana,
1632 865 1753 898 viribus

1010 915 1177 956 destituta,
1196 917 1251 949 sed
1271 917 1423 950 ferventis
1442 918 1607 951 charitatis
1633 919 1754 951 robore

1009 973 1196 1009 sustentata,
1214 980 1245 1002 se
1261 970 1293 1002 in
1309 970 1442 1003 formam
1461 972 1565 1004 crucis
1581 982 1680 1015 super
1695 977 1754 1004 ter-

1009 1031 1075 1054 ram
1101 1022 1272 1056 Dominum
1295 1033 1388 1057 suum
1409 1024 1581 1057 adoratura
1608 1030 1764 1068 prostrat<

1008 1073 1069 1114 vit,
1088 1074 1222 1118 eiusque
1248 1076 1357 1117 facies,
1377 1083 1470 1110 antea
1496 1078 1650 1121 squalore
1668 1088 1752 1110 mor-

1009 1126 1039 1158 bi
1060 1132 1091 1160 et
1109 1128 1210 1161 macie
1234 1128 1424 1169 deformata,
1443 1130 1590 1172 angelico
1613 1131 1752 1174 quodam

1009 1180 1125 1214 decore
1160 1181 1329 1215 honestata
1362 1183 1474 1216 eluxit.
1502 1184 1564 1217 Sed
1591 1194 1747 1227 praesen-

1010 1233 1052 1266 tia
1076 1234 1267 1267 sanctissimi
1298 1236 1444 1280 corporis
1470 1237 1589 1270 Christi
1616 1238 1752 1271 immen-

1008 1298 1061 1320 sae
1086 1288 1253 1321 charitatis
1285 1295 1482 1332 exaggerato
1511 1291 1621 1334 potius
1655 1302 1750 1335 quam

1008 1341 1164 1374 restincto
1191 1342 1328 1383 ardore,
1356 1349 1428 1376 orat
1449 1348 1481 1378 ut
1506 1344 1567 1377 sihi
1592 1345 1688 1378 liceat
1709 1346 1752 1378 di-

1008 1394 1209 1428 vinissimum
1228 1403 1466 1430 sacramentum
1486 1398 1686 1438 deosculari3
1707 1409 1751 1432 re-

1007 1453 1127 1481 nuente
1145 1453 1252 1482 autem
1280 1450 1456 1491 sacerdote,
1475 1453 1612 1495 supplex
1634 1453 1749 1485 iterum

1008 1502 1169 1545 efflagitat,
1189 1508 1222 1536 ut
1239 1514 1336 1547 supra
1361 1510 1473 1547 pectus
1492 1516 1583 1538 suum
1610 1506 1749 1539 candido

1008 1565 1149 1599 expanso
1171 1558 1243 1590 velo
1269 1567 1358 1590 sacra
1383 1557 1487 1591 hostia
1505 1565 1657 1602 ponatur.
1677 1559 1748 1591 Voti

1008 1618 1141 1652 compos
1170 1609 1282 1643 effecta
1307 1616 1372 1651 est;
1398 1611 1453 1644 sed
1478 1612 1572 1655 panis
1597 1612 1652 1645 ille
1678 1623 1751 1645 cae-

1008 1661 1109 1702 lestis,
1134 1663 1189 1696 ubi
1215 1663 1395 1705 virgineum
1418 1665 1523 1706 attigit
1549 1670 1670 1708 pectus,
1689 1670 1750 1698 sta-

1009 1714 1073 1755 tim,
1099 1720 1133 1748 ut
1158 1717 1316 1750 credibile
1344 1723 1400 1758 est,
1428 1718 1585 1751 interiora
1609 1729 1749 1762 sponsae

1008 1778 1084 1800 suae
1109 1769 1253 1812 pectoris
1278 1780 1395 1803 arcana
1420 1776 1612 1813 penetrans,
1635 1782 1671 1804 ex
1698 1772 1749 1804 ad-

1008 1822 1161 1854 stantium
1189 1822 1289 1856 oculis
1316 1823 1493 1867 disparuit3
1521 1824 1577 1857 illa
1602 1835 1676 1858 vero
1702 1836 1749 1859 eo·

1009 1874 1080 1908 dem
1099 1877 1257 1919 temporis
1283 1882 1448 1910 momento
1467 1878 1640 1911 caelestem
1656 1889 1749 1922 spon-

1008 1939 1078 1962 sum
1117 1929 1255 1963 dulciter
1287 1931 1511 1974 compellans,
1544 1942 1580 1964 ac
1612 1932 1747 1965 dicens:

1008 1982 1122 2015 Dulcis
1143 1983 1190 2015 mi
1211 1983 1306 2023 Iesu,
1334 1983 1418 2016 inter
1436 1984 1632 2018 castissimos
1651 1985 1749 2024 divini

1008 2036 1117 2079 sponsi
1143 2037 1334 2080 complexus
1366 2037 1493 2070 felicem
1519 2038 1659 2071 animam
1685 2038 1749 2072 Deo

1008 2089 1151 2123 reddidit
1170 2100 1228 2124 XIII
1255 2090 1410 2123 kalendas
1436 2090 1531 2124 iulias
1555 2101 1638 2125 anno
1657 2091 1749 2125 Chri-

1007 2143 1045 2176 sti
1072 2152 1218 2177 MCCCth.

1051 2197 1066 2240 §t
1091 2196 1142 2230 20.
1168 2198 1248 2230 Dum
1276 2207 1350 2231 vero
1376 2208 1485 2232 sacrae
1518 2198 1650 2242 virginis
1679 2208 1748 2232 cor·
1760 2207 1820 2228 cuca
1837 2209 1942 2228 sint->num

1759 2238 1852 2260 pectoris
1887 2234 1943 2254 latus

1007 2261 1066 2294 pus
1092 2261 1108 2283 a
1133 2251 1197 2284 suis
1223 2251 1401 2292 sororibus,
1426 2257 1460 2284 ut
1485 2252 1555 2284 fieri
1581 2253 1677 2293 solet,
1700 2262 1826 2297 cu-rurfua
1842 2261 1941 2289 ,nuans

1008 2304 1149 2345 rabatur,
1168 2303 1301 2338 inventa
1326 2310 1375 2338 est
1400 2305 1484 2338 circa
1509 2304 1674 2338 sinistrum
1692 2293 1943 2349 pc-ffi'i'iiwtiiffmssa

1008 2357 1107 2390 ctoris
1132 2358 1217 2391 latus
1256 2357 1382 2391 hostiae
1409 2358 1511 2391 forma
1536 2358 1623 2391 carni
1650 2359 1746 2391 veluti

1007 2410 1116 2453 sigillo
1142 2410 1320 2454 impressa,
1353 2421 1435 2453 quae
1460 2411 1577 2444 Christi
1603 2411 1747 2445 crucifixi

1008 2464 1181 2507 imaginem
1203 2464 1386 2504 referebat;
1408 2464 1448 2496 ita
1466 2463 1572 2497 divina
1590 2470 1747 2507 operante

1007 2517 1258 2560 omnipotentia,
1277 2522 1311 2549 ut
1329 2517 1434 2559 imago
1456 2516 1574 2550 Christi
1593 2518 1746 2559 crucifixi,

1007 2580 1103 2614 quem
1128 2570 1236 2603 vivens
1261 2574 1367 2602 mente
1385 2575 1416 2602 et
1433 2569 1531 2602 corde
1549 2580 1678 2613 semper
1698 2582 1748 2613 ge·

1008 2629 1156 2666 stavcrat‚
1177 2623 1349 2657 defunctae
1375 2623 1408 2656 in
1434 2633 1571 2668 corpore
1588 2634 1605 2658 a
1629 2629 1747 2659 morta-
