2232 3178
39 221 86 248 An.
105 218 134 244 C.
152 216 218 244 ¹738

828 216 972 241 CLEMENS
997 217 1042 241 XII
1065 218 1116 242 Pr.

223 265 333 293 secreta
357 262 495 302 suffragia
519 273 533 293 a
558 264 692 303 praeside
709 264 827 304 capituli
845 266 962 304 provin-

222 312 316 350 ciatis,
334 312 383 351 qui
401 312 504 351 spirat,
522 317 550 342 et
571 313 684 343 duobus
708 313 855 353 prioribus
880 324 960 344 voca-

221 360 298 390 libus
321 361 487 399 praeteritis
506 361 705 400 approbentur
728 362 773 391 vel
802 362 961 401 reproben-

221 413 279 445 tur,
304 413 335 438 ut
357 418 392 438 ex
415 409 633 440 conlectoribus
652 411 694 440 vel
719 410 886 440 huiusmodi
911 420 960 449 ap-

221 458 348 496 probatis
370 458 503 496 superior
525 459 669 497 generalis
692 459 783 489 libere
807 459 895 497 eligat
918 460 959 488 le·
980 452 982 482 Ῑ

220 512 314 537 ctores
337 506 538 545 philosophiae
567 512 595 537 et
627 508 808 537 conlectores
838 517 957 544 eorum,

220 560 304 595 prout
327 565 399 595 opus
421 556 520 586 fuerit.
545 556 689 586 Similiter
711 556 847 596 superior
872 566 960 595 gene·
979 558 981 597 j

218 605 288 635 ralis
310 604 401 634 libere
424 605 513 643 eligat
535 605 660 635 lectores
690 605 852 643 theologiae
876 606 959 635 scho-
979 601 981 625 3

218 654 354 691 lasticae‚
379 654 557 693 expositivae
580 658 607 684 et
629 654 771 690 moralis,
795 663 957 694 eorumque

218 703 409 740 conlectores,
427 713 461 733 ex
477 703 533 733 illis
549 703 599 742 qui
617 703 830 742 philosophiam
853 704 959 733 decue·
979 708 980 720 ³

217 752 276 783 rint
291 753 310 789 ¹,
338 752 458 791 praevia
481 752 688 782 informatione
711 752 746 781 ad
773 761 838 781 eum
869 753 956 782 missii

218 811 268 841 per
280 801 480 831 definitorium
499 802 680 840 provinciale
696 801 771 831 circa
789 811 895 839 mores,
910 813 958 842 ap-

217 851 406 890 plicationem
429 854 457 880 et
480 850 719 889 intelllgentiam,
744 851 787 880 vel
811 851 899 881 etiam
923 861 956 881 ex

216 899 274 929 illis
307 899 357 938 qui
391 899 420 928 in
454 899 577 937 collegio
613 904 713 930 nostro
750 909 870 930 romano
907 910 958 940 per

216 948 375 978 triennium
402 947 580 985 studuerit2,
601 952 629 978 et
651 957 665 977 a
688 950 769 978 sacra
790 949 958 988 Propagan-

217 996 270 1026 dae
293 996 359 1026 fidei
387 996 618 1035 Congregatione
644 997 837 1037 ministroque
859 1003 887 1028 et
917 999 957 1028 le-

217 1045 348 1076 ctoribus
381 1045 491 1075 fuerint
523 1045 686 1085 approbati.
720 1046 749 1076 Si
782 1051 880 1076 autem
903 1058 957 1078 nec

216 1094 384 1125 huiusmodi
407 1094 547 1132 collegae,
572 1104 667 1134 neque
694 1095 895 1135 philosophiae
917 1097 957 1126 le-

215 1148 322 1179 ctores,
342 1143 391 1182 qui
415 1144 577 1174 triennium
602 1145 776 1183 peregerint,
795 1145 905 1175 suerint
927 1146 956 1175 in

216 1193 387 1232 provincia,
412 1193 500 1231 eligat
529 1193 664 1232 superior
686 1194 835 1231 generalis
869 1204 955 1234 quem

216 1241 342 1272 voluerit
364 1242 393 1271 in
417 1242 556 1272 lectorem
590 1242 755 1281 theologiae
789 1252 826 1272 ex
859 1244 957 1273 conle-

214 1290 362 1327 ctoribus,
385 1291 487 1330 previa
508 1300 623 1330 semper
646 1291 851 1321 informatione
875 1301 957 1331 prae-

214 1339 304 1370 dicta.
323 1340 386 1380 lpse
405 1340 539 1379 superior
561 1341 708 1379 generalis
726 1351 787 1379 eos,
805 1351 877 1381 quos
899 1342 957 1371 ele-

214 1391 289 1428 gerit
313 1390 342 1419 in
364 1390 500 1425 lectores,
525 1389 694 1428 praeveniat
724 1400 774 1420 sex
804 1389 955 1420 mensibus

214 1443 280 1469 ante
303 1448 434 1477 cursum,
458 1443 489 1468 ut
511 1448 540 1468 se
563 1444 756 1478 praeparent,
780 1449 955 1480 semperque

213 1487 332 1527 deputet
349 1496 488 1527 personas
504 1487 615 1525 doctas,
634 1487 836 1526 observantes,
854 1498 954 1518 aman-

216 1540 259 1566 tes
280 1536 386 1566 docere
408 1536 571 1566 doctrinam
589 1536 617 1566 S.
635 1536 774 1574 Thomae,
792 1547 849 1567 nou
866 1547 955 1577 quae-

213 1586 323 1616 stiones
338 1586 458 1616 inutiles
474 1590 502 1615 et
519 1586 698 1625 periculosas
713 1597 719 1624 3
738 1587 814 1626 quod
831 1587 854 1617 si
871 1597 954 1617 secus

214 1635 348 1673 fecerint,
373 1636 525 1674 priventur
547 1636 671 1672 lectura,
695 1640 733 1674 et,
758 1636 781 1665 si
804 1636 866 1666 lieri
890 1646 955 1676 pos-

217 1685 267 1723 sit,
291 1685 417 1715 lectores
439 1685 498 1715 sint
517 1694 551 1714 ex
575 1685 727 1724 provincia
756 1686 784 1715 in
808 1696 862 1725 qua
886 1691 955 1716 sunt

213 1733 348 1772 collegia.
366 1734 401 1764 Et
423 1743 523 1764 omnes
545 1743 661 1774 semper
677 1735 705 1764 in
730 1735 846 1773 scriptis
865 1735 955 1765 dicta-

213 1782 299 1820 bunt,
323 1782 381 1813 nisi
404 1792 418 1813 a
442 1783 594 1822 superiore
617 1784 747 1821 generali
763 1783 840 1813 aliud
856 1784 953 1823 dispo-

213 1836 299 1862 natur
319 1832 349 1862 in
373 1841 443 1862 casu
464 1842 541 1862 raro.
576 1833 731 1863 Praeterea
765 1833 953 1873 provincialis

212 1882 321 1921 eligere
354 1882 439 1912 debet
472 1882 596 1912 lectores
632 1883 796 1921 theologiae
833 1883 953 1913 moralis

214 1932 363 1971 practicae
393 1942 445 1972 pro
478 1932 624 1971 domibus,
649 1933 678 1963 iu
702 1932 826 1973 quibus,
850 1933 895 1963 vel
917 1943 951 1963 ex

213 1981 383 2020 donatione,
403 1981 447 2012 vel
470 1991 504 2012 ex
528 1982 584 2012 alio
607 1982 703 2016 titulo,
721 1982 888 2012 huiusmodi
912 1983 952 2012 fa-

211 2031 350 2062 cultatem
373 2031 477 2062 docere
501 2036 645 2067 tenemur,
669 2042 794 2072 eosque,
817 2033 952 2063 consulto

211 2089 264 2110 suo
296 2080 474 2119 definitorio,
508 2085 536 2111 et
568 2091 626 2111 non
658 2082 754 2120 aliter,
779 2082 876 2120 eligat.
903 2083 951 2112 llis

211 2138 280 2159 vero
302 2128 484 2167 lectoribus,
509 2130 562 2160 sub
595 2131 689 2170 poena
712 2131 884 2170 privationis
916 2131 951 2161 ab

212 2178 321 2216 officio,
334 2178 507 2217 prohibetur
524 2183 649 2209 tractare
664 2179 850 2218 quaestiones
866 2179 950 2209 scho-

211 2226 338 2265 lasticas,
356 2227 416 2257 sive
432 2228 608 2257 scholastico
632 2228 726 2265 modo,
743 2237 862 2267 easque,
880 2238 951 2267 quas

211 2276 339 2315 practice
363 2280 487 2306 tractare
503 2276 620 2313 debent,
639 2276 668 2306 in
684 2277 802 2316 scriptis
818 2277 927 2307 dictare
942 2287 948 2313 ς

211 2334 264 2354 nec
287 2324 456 2355 huiusmodi
471 2325 596 2355 lectores
612 2325 707 2365 quoad
726 2325 949 2363 graduationem

211 2376 240 2403 et
273 2374 426 2413 privilegia
459 2374 536 2404 inter
570 2378 684 2404 ceteros
715 2383 752 2404 ex
783 2374 840 2404 iam
866 2375 950 2404 dictis

211 2423 399 2462 computandi
421 2427 512 2462 sunt,
537 2423 689 2454 sufficiunt
712 2423 789 2453 enim
821 2424 879 2454 illis
906 2424 950 2453 in-

211 2470 252 2501 fra
281 2472 416 2502 dicenda.

248 2529 280 2551 11.
303 2520 450 2552 Assistant
472 2531 589 2561 semper
613 2522 738 2552 lectores
769 2521 882 2552 duabus
905 2521 949 2552 in-

246 2580 256 2606 1
279 2578 350 2606 Edit.
370 2579 449 2607 Main.
471 2579 535 2615 legit
554 2580 684 2608 docuerit
704 2580 743 2615 [n.
760 2580 808 2613 τ.>.

243 2623 259 2650 2
279 2623 350 2652 Edit.
371 2623 440 2652 Main
460 2624 525 2660 legit
543 2625 691 2653 studuerit
710 2624 751 2659 (n.
770 2624 820 2660 T.).

1007 267 1096 304 tegris
1131 267 1210 297 horis
1244 268 1370 298 orationi
1403 269 1537 303 mentali,
1573 269 1747 309 integroque

1007 315 1151 345 matutino
1185 320 1213 346 et
1244 317 1379 347 laudibus
1412 318 1575 348 Nativitatis
1608 318 1745 356 Domini,

981 370 983 411 ξ
1005 363 1135 393 Paschae
1158 370 1186 395 et
1208 365 1406 403 Pentecostes,
1431 367 1514 397 festis
1541 367 1592 398 SS.
1616 367 1746 397 Trinita-

1005 412 1053 448 tis,
1089 412 1138 442 SS.
1159 413 1341 444 Sacramenti
1365 415 1412 453 (si
1435 416 1521 445 fuerit
1543 415 1744 455 expositum),

1004 460 1032 489 in
1057 461 1160 491 diebus
1183 462 1258 492 infra
1283 468 1431 500 octavam,
1462 474 1575 494 necnon
1599 465 1745 494 matutino

980 525 981 531 κ
1003 510 1135 539 omnium
1160 512 1351 542 festivitatum
1368 513 1472 543 Christi
1496 514 1607 543 domini
1630 518 1658 543 et
1681 514 1744 543 eius

1004 558 1207 589 sanctissimae
1234 560 1359 598 Matris,
1384 571 1458 601 quae
1491 562 1599 592 fuerint
1634 562 1744 601 primae

1002 606 1114 645 classis,
1139 612 1166 638 et
1189 613 1355 639 nostrorum
1375 615 1542 640 sanctorum
1561 611 1745 650 patriarcha-

1001 665 1085 685 rum.
1121 656 1266 688 Assistant
1298 659 1384 688 etiam
1419 660 1508 690 choro
1541 665 1568 690 et
1601 661 1743 690 eeclesiae

1002 705 1139 735 omnibus
1163 707 1364 737 functionibus
1388 709 1508 738 maioris
1531 709 1742 747 hebdomadae,

1002 764 1115 784 necnon
1153 755 1292 785 assistant
1332 757 1468 786 omnibus
1505 758 1635 797 vesperis
1670 768 1744 797 quae

1001 808 1088 833 cantu
1112 803 1311 842 celebrantur,
1329 815 1361 834 ac
1384 806 1413 835 in
1437 806 1647 836 festivitatibus
1670 816 1744 846 quae

1001 852 1036 881 ad
1059 852 1214 882 colendum
1245 855 1491 892 pronunciantur,
1523 859 1552 884 et
1582 855 1613 885 B.
1638 856 1744 886 Mariae

1001 905 1029 931 et
1044 901 1163 931 Ordinis
1182 902 1285 940 nostri,
1303 902 1418 933 etiamsi
1436 913 1491 933 non
1510 909 1667 943 canuntur,
1686 905 1742 935 nisi

1002 950 1030 979 in
1054 951 1152 990 aliquo
1174 961 1207 981 ex
1231 951 1296 981 istis
1328 952 1430 982 diebus
1465 953 1590 984 habeant
1624 954 1744 984 conclu-

1001 999 1109 1029 siones
1134 1000 1168 1030 Et
1191 1000 1279 1030 etiam
1311 1001 1359 1039 (si
1389 1011 1446 1031 nou
1476 1002 1602 1033 habeant
1624 1004 1744 1034 conclu-

1001 1048 1098 1078 siones
1114 1049 1143 1078 in
1160 1049 1221 1088 ipsa
1238 1050 1308 1088 die)
1330 1050 1468 1081 assistant
1485 1052 1590 1081 missae
1607 1053 1741 1087 solemni,

1001 1107 1075 1136 quae
1098 1098 1126 1127 in
1147 1098 1304 1137 praedictis
1327 1099 1536 1130 festivitatibus
1560 1101 1738 1138 celebratur,

1001 1155 1115 1175 necnon
1138 1146 1253 1176 Primae
1277 1147 1305 1176 in
1330 1148 1430 1186 vigilia
1446 1148 1624 1186 Nahritatis,
1642 1149 1741 1180 Nonae

1000 1196 1029 1225 in
1046 1197 1092 1226 die
1109 1197 1297 1227 ascensionis
1313 1198 1440 1236 Domini,
1465 1203 1493 1228 ct
1514 1199 1629 1229 Tertiae
1652 1210 1743 1239 quan—

1000 1245 1034 1275 do
1058 1246 1185 1275 canitur.
1210 1246 1334 1286 Insuper
1350 1248 1488 1277 assistant
1504 1248 1742 1287 processionibus

999 1294 1188 1331 generalibus
1222 1299 1250 1325 et
1283 1294 1400 1326 Ordinis
1429 1297 1540 1333 nostri,
1565 1297 1742 1336 antiphonae

999 1343 1081 1373 Salve
1103 1346 1218 1383 regina,
1242 1344 1348 1373 officiis
1376 1349 1404 1374 et
1434 1346 1565 1385 exequiis
1593 1350 1620 1376 et
1643 1346 1742 1376 missis

999 1402 1073 1431 quae
1096 1397 1252 1422 cantantur
1275 1398 1302 1423 et
1325 1393 1399 1424 liunt
1423 1403 1473 1433 pro
1496 1395 1604 1424 nosti-is
1624 1395 1743 1434 religio-

999 1442 1038 1471 sis
1070 1441 1241 1479 (lesunctis,
1265 1443 1327 1472 sive
1361 1452 1412 1482 pro
1444 1443 1540 1482 Papa,
1577 1448 1742 1483 protectore

999 1489 1150 1528 religionis
1166 1514 1173 1527 ,
1198 1490 1242 1520 vel
1269 1490 1450 1529 principibus
1483 1492 1635 1530 territorii,
1660 1497 1687 1523 et
1710 1493 1740 1523 in

999 1538 1281 1569 Commemoratione
1313 1539 1443 1569 omnium
1478 1540 1607 1570 fidelium
1637 1541 1741 1571 defun-

999 1591 1124 1617 ctorum.
1140 1587 1288 1618 Assistant
1304 1588 1430 1628 denique
1447 1589 1574 1619 examini
1591 1590 1741 1620 conscien-

999 1636 1066 1674 tiae,
1092 1637 1280 1675 ssagellationi
1303 1638 1472 1676 communi,
1497 1638 1604 1668 ceteris
1626 1639 1739 1670 actibus

999 1690 1026 1715 et
1048 1686 1248 1716 functionibus
1268 1688 1490 1718 communitatis
1513 1692 1594 1718 extra
1617 1688 1738 1719 chorum

998 1736 1200 1766 ecclesiamve.
1225 1736 1285 1766 [llis
1310 1741 1405 1767 tamen
1421 1737 1450 1767 in
1467 1738 1617 1768 communi
1641 1739 1740 1769 tabula

999 1788 1112 1814 tantum
1135 1785 1303 1824 imponatur
1326 1785 1501 1816 humilitatis
1524 1787 1667 1817 officium.

1037 1843 1077 1863 tu.
1101 1833 1246 1873 Tempore
1269 1843 1373 1864 cursus
1403 1844 1455 1865 seu
1489 1836 1648 1866 lectionum
1672 1846 1739 1867 sua-

997 1891 1060 1912 rum
1084 1892 1142 1913 non
1166 1887 1272 1913 exeant
1294 1883 1417 1914 lectores
1440 1884 1475 1914 ad
1496 1885 1736 1924 praedicandum,

996 1941 1092 1972 neque
1114 1932 1149 1962 ad
1173 1932 1333 1962 audiendas
1364 1933 1562 1963 confessiones
1591 1938 1672 1964 extra
1696 1934 1737 1964 lo-

996 1991 1063 2011 cum
1086 1981 1115 2011 in
1139 1991 1196 2020 quo
1220 1985 1263 2011 est
1295 1981 1472 2020 collegium,
1505 1982 1533 2012 id
1567 1987 1662 2013 tamen
1696 1983 1737 2013 eis

996 2030 1094 2060 licebit
1117 2030 1146 2060 in
1170 2031 1273 2060 maiori
1296 2030 1487 2061 hebdomada.

1035 2088 1073 2109 1v.
1098 2080 1276 2118 Religiosus,
1302 2080 1352 2119 qui
1375 2080 1510 2111 habuerit
1534 2081 1683 2112 licentiam
1706 2083 1736 2113 in

995 2128 1113 2167 scriptis
1137 2138 1151 2157 a
1174 2128 1342 2158 definitorio
1365 2130 1494 2167 generali
1512 2140 1562 2169 pro
1579 2130 1736 2161 scribendo

996 2177 1070 2207 libro
1097 2177 1147 2216 qui
1178 2177 1253 2216 typis
1275 2178 1458 2208 mandandus
1487 2184 1541 2216 est,
1575 2181 1736 2220 exemptio-

996 2226 1082 2255 nibus
1099 2227 1223 2263 fruatur,
1240 2226 1347 2266 quibus
1363 2228 1490 2266 gaudent
1513 2229 1648 2267 lectores,
1666 2230 1735 2259 dum

996 2275 1076 2304 illum
1100 2275 1263 2314 scripserit,
1289 2276 1333 2305 vel
1358 2277 1445 2306 etiam
1469 2277 1537 2306 dum
1561 2278 1734 2315 excudatur,

995 2324 1018 2354 si
1055 2324 1116 2363 ipse
1152 2325 1328 2355 correctioni
1365 2326 1494 2356 assistat.
1533 2326 1567 2356 Et
1598 2327 1735 2356 similiter

994 2374 1151 2413 scriptores
1181 2378 1335 2404 teneantur
1358 2375 1515 2413 quotannis
1548 2379 1735 2414 praesentare

994 2426 1061 2452 ante
1077 2432 1162 2452 suurn
1179 2423 1380 2453 definitorium
1397 2423 1636 2453 elucubrationes
1654 2433 1731 2458 suaS,

995 2475 1024 2501 ut
1046 2471 1081 2501 ab
1103 2471 1166 2510 ipso
1188 2471 1334 2501 iudicetur
1357 2481 1393 2500 an
1417 2472 1495 2509 digni
1519 2472 1577 2501 sint
1601 2482 1652 2511 pro
1675 2472 1733 2502 illis

994 2521 1124 2560 praefato
1148 2521 1301 2560 privilegio
1324 2525 1351 2550 et
1374 2521 1571 2559 exemptione.

1033 2579 1060 2599 v.
1085 2569 1188 2599 Nullus
1210 2569 1365 2607 religiosus
1383 2569 1525 2607 percipiat
1548 2569 1680 2600 redditus
1698 2579 1731 2600 ex

994 2619 1132 2649 cathedra
1155 2619 1183 2648 in
1207 2619 1308 2657 aliqua
1330 2619 1542 2657 universitate,
1567 2628 1619 2650 nec
1651 2619 1730 2649 illam

1623 185 1709 246 ι499
1756 221 1809 249 An.
1826 221 1854 248 c,
1872 221 1939 249 ¹738
