2232 3178
57 212 106 240 An.
125 209 154 238 G.
172 207 238 235 1738

857 199 999 225 CLEMENS
1023 199 1068 225 xit
1094 200 1143 224 PP.

243 262 337 285 mores
369 255 487 282 sanctae
520 251 638 290 regulae
671 254 787 281 nostrae
824 254 855 280 ut
887 249 982 280 omnis

243 307 358 341 gestus,
382 301 458 338 vita,
484 301 558 330 aetio
591 304 619 330 et
652 299 749 330 onmia
782 299 837 329 alia
861 299 981 328 honesta

242 352 272 381 in
295 351 335 381 eis
358 349 554 390 reperiantur.

281 409 312 430 n.
344 399 553 429 Procuratores
581 398 732 436 generales
765 407 817 437 pro
850 397 982 427 Romana

243 448 333 479 Curia
368 447 494 486 eligendi
527 452 595 477 sunt
628 447 658 476 in
691 446 819 485 capitulo
851 445 981 484 generali

242 497 359 529 Ordinis
381 496 416 526 ad
438 496 615 526 sexennium
637 495 717 525 iuxta
741 495 817 524 dicta
841 504 866 523 c.
882 503 980 532 xxxix,

242 547 255 585 ἓ
277 546 312 584 5,
336 554 417 575 num.
441 553 501 574 xxu
522 543 562 573 De
583 545 674 583 fornici
697 543 853 572 celebrandi
875 543 982 581 capilu-

242 595 307 631 lum‚
324 598 352 623 et
368 593 417 632 qui
436 592 590 631 aliquando
607 592 714 621 suerint
735 590 905 620 definitores
927 590 983 619 sal-

242 649 298 674 tem
322 644 506 683 provinciae,
531 643 575 672 vel
598 642 658 681 apti
683 646 713 671 ut
746 641 926 679 eligerentur
948 640 982 669 ad

243 693 298 723 tale
320 701 428 722 munus
450 691 625 721 definitoris.
651 691 758 720 Eorum
786 694 883 719 autem
907 698 982 718 unus

241 742 298 772 erit
320 746 493 781 procurator
508 740 655 779 generalis
673 739 791 769 Ordinis
814 743 982 777 assumptus

242 800 276 820 ex
298 791 421 825 familia,
445 799 479 820 ex
502 799 557 829 qua
581 789 715 818 minister
737 786 883 826 generalis
906 787 983 825 expi-

242 843 303 876 rat3
320 839 467 869 secundus
491 841 663 877 procurator
685 836 830 875 generalis
853 835 981 865 familiae

242 887 393 926 eligendus
417 896 451 917 ex
474 886 585 916 familia
608 885 736 915 ministri
759 884 905 923 generatis
927 884 982 914 ele-

242 935 298 974 cti,
321 935 402 965 iuxta
424 934 531 964 ibidem
554 934 642 964 dicta.

280 993 321 1014 111.
350 984 475 1014 Possunt
502 987 598 1012 autem
625 982 694 1020 eligi
721 991 779 1012 non
803 990 816 1011 a
841 980 980 1020 capitum,

242 1033 292 1063 sed
315 1042 330 1063 a
353 1042 405 1062 suo
428 1032 593 1063 definitorio
616 1031 759 1070 generali,
780 1034 808 1060 et
831 1030 925 1060 solum
948 1029 982 1058 ad

242 1081 414 1119 triennium,
432 1081 483 1110 alii
506 1084 712 1120 procuratores
730 1079 883 1118 generales
906 1078 981 1108 eius-

241 1129 307 1160 dem
329 1129 530 1168 graduationis
553 1138 604 1168 pro
627 1128 725 1168 aliqua
748 1127 848 1163 curia,
873 1126 903 1156 in
926 1135 981 1165 qua

242 1178 391 1208 tractanda
424 1178 483 1207 sint
514 1177 610 1207 omnia
647 1176 866 1216 provinciarum
902 1175 982 1204 illius

241 1226 362 1256 ditionis
384 1226 504 1264 negocia
527 1225 661 1263 Ordinis,
685 1230 713 1255 et
742 1224 772 1254 hi
799 1223 981 1253 denominari

242 1275 350 1306 debent
372 1279 579 1315 procuratores
600 1274 752 1313 generales
778 1273 831 1303 sub
865 1273 982 1302 nomine

240 1325 319 1356 illius
342 1324 461 1354 ditionis
483 1324 512 1354 in
535 1333 591 1363 qua
614 1323 702 1353 fuerit
724 1323 817 1361 curia,
843 1326 874 1352 ut
897 1321 981 1351 modo

240 1374 346 1405 dicitur
369 1377 541 1413 procurator
563 1373 708 1411 generalis
732 1371 909 1411 Hispaniae,
935 1371 981 1400 cui

241 1424 285 1454 vel
308 1422 415 1463 quibus
437 1431 521 1452 suum
538 1421 736 1452 definitorium
755 1420 890 1459 generale
914 1419 982 1449 dare

241 1472 327 1503 debet
362 1471 530 1501 mandatum
566 1479 718 1510 procurae.
753 1470 980 1504 Procuratores,

241 1522 290 1562 qui
313 1531 370 1551 non
395 1520 525 1550 omnium
542 1520 592 1549 sed
615 1520 744 1559 plurium
762 1518 981 1558 provinciarum

241 1570 358 1602 Ordinis
379 1569 455 1599 intra
474 1569 602 1608 aliquam
625 1569 766 1598 ditionem
782 1568 850 1606 eligi
873 1567 981 1597 debent

240 1620 319 1651 iuxta
343 1619 419 1649 dicta
448 1627 512 1657 cap.
538 1627 590 1655 xc,
613 1618 626 1657 ἕ
648 1618 681 1656 t,
706 1627 788 1647 num.
814 1626 897 1653 xxm,
922 1627 980 1647 non

241 1679 255 1699 a
279 1667 484 1699 definitoribus
516 1667 565 1697 sed
599 1677 614 1697 a
646 1667 774 1706 capitulo
808 1667 981 1706 provinciali

241 1717 368 1757 eligendi
391 1721 476 1753 sunt,
500 1725 553 1746 nec
576 1715 747 1745 nominandi
777 1719 981 1755 procuratores

240 1767 410 1806 generales,
434 1769 579 1805 quatenus
602 1775 616 1795 a
639 1774 690 1795 suo
721 1765 889 1795 delinitorio
916 1774 982 1804 pro-

241 1817 358 1848 vinciali
375 1815 482 1846 habere
505 1815 611 1845 debent
635 1815 803 1845 mandatum
829 1824 979 1854 procurae.

280 1875 319 1896 ιν.
343 1864 526 1903 Quicumque
548 1863 626 1893 enim
649 1873 683 1893 ex
707 1863 752 1893 his
784 1863 980 1903 procuratori-

241 1914 295 1946 bus
317 1914 471 1945 confestim
494 1923 527 1943 ac
549 1913 634 1943 electi
658 1913 779 1951 suerint,
804 1913 911 1943 saciant
937 1913 981 1942 iu-

241 1968 405 1995 ramentum
427 1962 577 1992 fidelitatis
601 1962 630 1991 in
655 1962 790 1992 manibus
820 1962 981 2001 superioris

240 2013 396 2053 generalis,
421 2011 465 2042 vel
487 2011 608 2041 alterins
627 2011 662 2041 de
678 2012 741 2042 eius
763 2012 979 2042 commissione.

240 2060 489 2094 Concurrentibus
507 2064 616 2099 autem,
640 2061 797 2100 praecedat
820 2064 848 2090 et
872 2061 982 2100 praesi-

241 2113 307 2143 deat
329 2112 394 2142 aliis
418 2116 592 2151 procurator
623 2111 769 2149 generalis
801 2111 929 2149 Ordinis,
954 2115 982 2141 et

241 2166 306 2202 post
328 2161 423 2200 ipsum
448 2164 617 2200 procurator
639 2160 785 2198 generalis
808 2160 936 2190 familiae
952 2161 981 2190 in

241 2210 353 2244 Roma,
377 2209 534 2248 Hispaniae
565 2209 594 2238 in
628 2209 788 2248 Hispania,
811 2213 839 2238 et
861 2209 982 2239 alterins

241 2259 403 2290 ditionisin
417 2260 463 2288 ea.
484 2253 589 2287 Eorum
604 2258 731 2288 osticium
755 2262 845 2295 vacet,
866 2259 982 2298 quando

242 2309 357 2338 noviter
379 2307 464 2337 electi
488 2307 703 2346 possessionem
727 2308 906 2346 acceperint.
930 2308 983 2337 De-

243 2357 402 2387 finitorium
426 2361 524 2386 autem
557 2356 694 2394 generale
716 2356 833 2387 Ordinis
862 2366 911 2386 eos
935 2367 983 2396 po-

243 2407 309 2436 terit
330 2415 345 2436 a
369 2406 429 2435 suis
446 2405 549 2435 officiis
568 2405 704 2435 abdicare
721 2405 783 2435 sine
806 2405 982 2443 obligatione

242 2455 381 2486 reddendi
404 2464 519 2485 causam
542 2464 595 2485 cur
617 2455 645 2485 id
669 2455 770 2493 saciat,
793 2455 850 2484 nisi
881 2464 983 2485 sacrae

242 2504 477 2544 Congregationi‚
501 2504 616 2544 quando
639 2505 818 2544 requiratur.
844 2504 984 2535 Procura-

243 2559 287 2586 tor
309 2559 404 2585 autem
428 2554 594 2593 generalis,
619 2554 667 2594 qui
692 2563 725 2583 ex
750 2554 892 2593 Hispania
926 2564 982 2584 non

242 2604 330 2636 fuerit
351 2604 472 2643 electus,
496 2613 647 2643 nunquam
671 2603 700 2633 in
723 2608 868 2634 conventu
884 2608 983 2635 nostro

312 2663 393 2692 Ball.
413 2664 499 2692 Rom.
519 2678 553 2683 -—
576 2663 638 2694 Vol.
658 2663 760 2691 XXIV.
904 2662 938 2689 60

1024 250 1053 281 S.
1077 249 1172 280 Caroli
1196 249 1231 279 ad
1254 249 1384 285 Quatuor
1406 250 1511 280 Fontes
1534 248 1620 279 Urbis
1643 257 1769 279 commo-

1025 298 1084 328 rari
1107 303 1156 328 aut
1178 298 1308 328 residere
1332 299 1434 338 possit.

1064 356 1092 377 v.
1117 347 1148 377 In
1172 348 1331 387 provinciis
1355 358 1421 378 vero
1444 358 1458 377 a
1482 357 1533 377 suo
1557 347 1684 386 capitulo
1701 347 1769 385 eligi

1026 395 1132 426 debent
1154 397 1190 426 ad
1215 396 1375 426 triennium
1413 401 1617 435 procuratores
1652 396 1770 435 provin-

1025 445 1136 474 ciarum
1160 445 1195 474 ad
1228 454 1428 484 quaecumque
1461 445 1581 483 negocia
1614 454 1682 474 suae
1706 454 1770 484 pro-

1026 493 1155 530 vinciae,
1185 498 1382 523 conventuum
1415 498 1442 524 et
1474 494 1663 532 collegiorum
1694 494 1767 523 eius.

1027 542 1060 571 Ili
1094 543 1182 571 etiam
1217 547 1421 581 procuratores
1455 543 1581 581 eligendi
1612 547 1680 572 sunt
1711 542 1769 572 illis

1028 591 1210 630 prudentiae,
1235 591 1394 621 modestiae
1419 601 1451 620 ac
1473 591 1551 629 genii
1586 590 1702 621 dotibus
1726 600 1770 620 or-

1027 640 1096 674 nati,
1121 639 1228 679 quibus
1251 640 1349 669 ornari
1373 639 1477 669 debent
1502 644 1706 678 procuratores
1723 648 1770 677 ge-

1027 689 1166 727 nerales,
1200 693 1228 719 et
1264 689 1393 727 eligendi
1428 698 1485 718 non
1522 693 1590 718 sunt
1626 689 1683 718 nisi
1720 688 1769 727 qui

1027 738 1178 767 duodecim
1215 747 1308 767 annos
1345 742 1409 776 post
1445 738 1657 777 professionem
1693 746 1770 766 com-

1028 787 1172 825 pleverint
1204 791 1233 823 et
1261 786 1364 815 studiis
1395 795 1445 825 per
1477 786 1654 815 sexennium
1687 794 1770 814 vaca-

1027 836 1141 870 verint,
1177 836 1294 874 sintque
1328 835 1485 864 mulierum
1518 834 1712 871 confessarii,
1743 838 1771 863 et

1027 884 1086 923 apti
1109 885 1167 914 sint
1190 884 1224 913 ad
1245 884 1341 913 minus
1361 888 1391 913 ut
1411 884 1558 921 eligantur
1580 883 1609 912 in
1633 883 1767 912 vicarios.

1027 934 1078 963 His
1114 933 1314 963 delinitorium
1352 933 1532 972 provinciale
1568 931 1647 961 dabit
1683 940 1769 961 suum

1027 982 1195 1012 mandatum
1229 990 1388 1021 procnrae,
1413 985 1441 1010 et
1468 980 1503 1010 ab
1532 980 1590 1009 illis
1623 980 1771 1009 iuramen-

1028 1036 1089 1061 tum
1112 1032 1147 1061 de
1172 1030 1311 1060 fidelitate
1336 1030 1399 1059 sieri
1422 1029 1506 1060 debet
1524 1030 1552 1059 in
1571 1028 1705 1058 manibus
1725 1028 1770 1058 sui

1028 1080 1234 1120 provincialis,
1259 1079 1303 1109 vel
1327 1079 1449 1109 alterius
1482 1079 1517 1108 de
1541 1078 1602 1108 eius
1636 1077 1770 1108 commis-

1026 1129 1118 1159 sione.

1065 1177 1261 1208 v1.Praedicti
1278 1180 1481 1216 procuratores
1498 1179 1635 1215 poterunt
1652 1184 1666 1205 e
1683 1175 1769 1205 domo

1026 1227 1105 1257 exire
1127 1236 1245 1266 semper
1274 1236 1307 1256 ac
1340 1226 1462 1264 negocia
1486 1226 1515 1256 id
1539 1226 1667 1264 exigant,
1691 1225 1769 1254 socio

1025 1277 1170 1316 assignato
1193 1286 1206 1306 a
1231 1276 1375 1315 praelato,
1394 1280 1422 1306 et
1438 1275 1473 1305 ab
1491 1276 1546 1305 isto
1562 1275 1769 1305 benedictione

1025 1327 1156 1365 accepta.
1174 1325 1204 1355 In
1222 1334 1408 1364 quocumque
1425 1329 1570 1354 conventu
1587 1333 1656 1353 suae
1672 1333 1770 1363 respe-

1025 1375 1099 1405 ctive
1122 1374 1268 1409 familiae,
1294 1373 1339 1403 vel
1362 1373 1549 1413 provinciae,
1567 1373 1616 1403 uhi
1643 1373 1766 1409 fuerint,

1025 1428 1052 1453 et
1085 1427 1166 1463 pater
1199 1426 1372 1462 procurator
1409 1422 1556 1460 generalis
1588 1421 1706 1452 Ordinis
1738 1421 1768 1451 in

1025 1473 1161 1503 omnibus
1192 1471 1386 1502 conventibus
1409 1471 1538 1508 Ordinis,
1562 1471 1768 1501 conventuales

1025 1523 1083 1553 sint
1116 1532 1180 1552 cum
1211 1531 1280 1551 voce
1310 1525 1336 1551 et
1373 1521 1448 1550 loco.
1473 1521 1506 1551 Et
1539 1521 1569 1550 in
1603 1520 1717 1550 actibus
1740 1524 1768 1550 et

1026 1570 1227 1601 functionibus
1263 1570 1482 1600 communitatis
1519 1569 1704 1608 praesideant
1739 1579 1769 1598 o-

1025 1621 1153 1658 muibus,
1171 1629 1243 1659 quos
1267 1619 1464 1659 praecedunt,
1481 1619 1559 1648 iuxta
1584 1619 1765 1658 supradicta,

1024 1670 1110 1700 etiam
1134 1669 1262 1706 vicario,
1287 1678 1301 1698 a
1333 1677 1390 1707 quo
1423 1668 1452 1697 in
1484 1667 1619 1697 absentia
1642 1668 1768 1698 ministri

1024 1719 1136 1749 socium
1161 1717 1371 1758 postulabunt,
1395 1717 1444 1746 sed
1468 1716 1503 1746 ab
1527 1726 1560 1746 eo
1590 1715 1769 1746 benedictio-

1024 1777 1089 1798 nem
1112 1777 1170 1797 non
1193 1767 1359 1806 accipient,
1384 1765 1440 1795 nisi
1464 1766 1538 1795 sorte
1572 1765 1698 1795 vicarius
1731 1765 1769 1795 sit

1024 1817 1112 1848 simul
1136 1825 1254 1856 praeses
1289 1819 1409 1855 propter
1443 1815 1606 1845 absentiam
1641 1815 1768 1845 ministri

1024 1867 1058 1896 ab
1081 1866 1188 1905 oppido
1222 1865 1298 1895 ultra
1335 1864 1440 1902 viginti
1463 1869 1587 1904 quatuor
1610 1865 1715 1902 lioras3
1739 1867 1768 1894 et

1024 1924 1174 1955 nunquam
1198 1924 1228 1944 se
1261 1914 1463 1944 intromittant
1485 1914 1514 1943 in
1538 1913 1667 1951 regimen
1700 1922 1768 1943 con-

1024 1968 1127 1994 ventus
1142 1988 1149 2002 ,
1174 1963 1231 1993 nisi
1254 1962 1372 2002 quando
1396 1962 1455 1992 illis
1478 1966 1625 2001 competat
1659 1962 1768 2002 praesi-

1023 2012 1121 2043 dentia
1146 2021 1197 2052 per
1219 2011 1383 2041 absentiam
1401 2011 1540 2049 ministri,
1559 2011 1674 2049 vicarii,
1698 2011 1768 2041 defi-

1024 2062 1152 2092 nitorum
1176 2065 1204 2091 et
1226 2061 1422 2100 redemptoris
1446 2061 1638 2100 captivorum.

1064 2120 1112 2141 vn.
1146 2111 1270 2141 Litteras
1304 2119 1427 2147 eorum,
1462 2120 1534 2150 quas
1569 2109 1704 2140 scribunt
1741 2113 1768 2140 et

1024 2170 1097 2200 quas
1133 2159 1298 2199 recipiunt,
1323 2159 1424 2189 nullus
1458 2159 1606 2198 praelatus
1639 2159 1766 2199 aperire,

1025 2209 1134 2244 videre,
1158 2218 1209 2238 seu
1234 2208 1376 2247 impedire
1410 2208 1535 2244 audeat,
1560 2213 1682 2246 excepto
1715 2217 1768 2237 suo

1025 2259 1176 2298 superiore
1198 2258 1338 2297 generali,
1362 2258 1408 2288 cui
1425 2258 1591 2297 respective
1614 2257 1682 2287 dicti
1700 2267 1766 2295 pro-

1026 2313 1179 2339 curatores
1202 2307 1335 2338 notitiam
1360 2308 1490 2337 omnium
1511 2306 1699 2345 negociorum
1716 2306 1768 2337 Or-

1025 2358 1102 2387 dinis
1123 2357 1330 2397 praestabunt:
1355 2362 1382 2386 et
1400 2357 1572 2395 praesertim
1598 2360 1768 2394 procurator

1025 2407 1173 2446 generalis
1196 2407 1353 2445 Hispaniae
1387 2406 1413 2434 id
1446 2406 1532 2435 saciat
1565 2405 1689 2442 singulis
1722 2414 1767 2434 se-

1027 2455 1185 2486 mestribus
1209 2464 1260 2495 per
1294 2455 1424 2491 librum,
1448 2454 1477 2483 in
1511 2463 1568 2492 quo
1593 2458 1767 2483 cunctorum

1027 2505 1168 2535 rationem
1193 2504 1331 2544 scriptam
1365 2502 1487 2539 habeat,
1513 2507 1540 2532 et
1574 2502 1602 2531 in
1637 2501 1768 2532 absentia

1027 2554 1188 2593 superioris
1210 2552 1367 2592 generalis,
1387 2552 1520 2582 notithnn
1537 2551 1615 2581 illam
1633 2555 1660 2580 et
1682 2551 1768 2581 ratio-

1027 2613 1095 2634 nem
1118 2603 1256 2644 praebeat
1278 2602 1427 2634 delinitori
1456 2601 1588 2644 generali
1609 2601 1768 2641 antiquiori

1664 189 1729 224 473
1777 199 1827 227 An.
1849 199 1876 226 e.
1895 198 1962 226 1738
