2232 3178
280 272 329 297 An.
346 272 375 297 c.
400 270 465 297 1738
510 261 574 294 49ss
1067 267 1246 292 nULLARIUM
1272 267 1427 292 normann

463 319 564 351 sextis
602 318 690 351 scriis
728 317 913 350 huiusmodi
951 321 1075 360 septem
1101 326 1204 349 annos

463 376 494 403 et
520 371 652 404 totidem
678 371 899 413 quadragenas
917 370 956 402 de
980 371 1025 402 eis
1050 369 1203 402 iniunctis

464 425 513 456 vel
546 425 625 456 alias
664 423 912 466 quomodolibet
948 422 1066 455 debitis
1092 422 1200 465 poeni·

465 475 574 507 tentiis
611 475 790 517 apostolica
813 475 1007 507 aimtoritate
1032 480 1064 507 et
1089 479 1202 506 tenore

463 528 623 560 similibus
649 528 744 560 etiam
770 527 1028 559 misericorditer
1053 527 1083 558 in
1103 527 1204 559 llomi-

465 590 506 612 no
532 581 724 612 relaxamus.

507 633 521 673 g
546 632 577 665 3.
606 632 673 664 Non
697 632 899 663 obstantibus
925 631 1044 663 nostris
1069 636 1101 663 ct
1125 631 1203 663 Can-

1453 316 1590 343 Clemens
1612 317 1691 350 Papa
1711 315 1775 350 xn,
2197 325 2198 354 t

1382 361 1418 387 ad
1440 361 1575 388 futuram
1596 361 1641 388 rei
1661 361 1848 389 memoriam.
2196 358 2198 378 '³

1291 421 1305 463 ξ
1330 421 1360 453 ’1.
1389 421 1513 464 Exponi
1539 422 1632 454 nobis
1658 432 1764 464 nuper
1798 422 1874 455 fecit
1907 423 2043 479 dsse‘sn‘*
2060 435 2172 481 enum-¹022.
2197 414 2199 454 ἶ
2230 455 2232 458 ⁴

2005 467 2052 481 ine
2086 468 2174 487 μαι-ιω.
2198 472 2199 478 1
2227 479 2232 482 .

1246 478 1316 505 ctus
1344 473 1442 505 Filius
1465 473 1618 506 Nicolaus
1646 474 1806 506 ⁴antonius
1841 474 2034 507 Sciriam-12„
2052 486 2174 510 mia-unas.
2198 490 2199 503 t

1247 526 1330 565 nati,
1358 526 1448 568 prior
1480 526 1640 567 generalis
1679 526 1808 558 Ordinis
1850 516 2074 569 t'1·atr111nfii3‹i¹‹¹1'f¹
2100 521 2174 567 cssiiffis
2198 522 2199 558 Ῐ

1246 578 1462 611 Eremitarum
1481 579 1581 611 sancti
1596 580 1773 621 Augustini,
1787 579 1873 622 quod
1892 566 2174 622 alihs'23·fci{2:¹djcauu:g
2198 582 2216 606 ἶ·

1247 641 1363 674 nempe
1390 633 1441 664 die
1468 643 1539 665 xxiv
1565 633 1632 665 iulii
1660 642 1807 671 uncme,
1835 633 1865 664 in
1892 618 2174 668 Con-giiiissss'mm'
2211 630 2217 646 '⁸

270 675 348 692 cunti-u
357 678 428 691 urium.

326 1018 386 1030 hulst!

269 1038 339 1058 dan-la
356 1039 414 1058 trlrs.

463 685 615 717 cellariae
643 684 848 726 Apostolicae
875 684 998 725 regulis
1033 684 1071 715 de
1099 683 1204 716 indul-

463 736 581 778 gentiis
616 741 648 767 ct
683 736 839 768 clausulis
876 736 908 767 in
946 735 1008 768 illis
1034 735 1201 778 ponendis,

462 789 598 831 aliisque
623 788 913 821 constitutionibus
939 793 971 820 et
992 788 1203 821 ordinationi-

463 842 523 874 bus
560 841 770 884 apostolicis3
808 842 993 884 ceterisque
1029 840 1202 874 contrariis

463 895 733 937 (piibuscumque.
770 894 997 927 Praesentibus
1037 893 1202 936 perpetuis

464 947 581 980 t'ntnris
607 946 808 989 temporibus
834 946 1010 979 duraturis.

506 1000 521 1043 ἓ
546 1000 575 1032 4.
594 1001 747 1033 Volumus
767 1005 875 1033 autem
905 999 992 1042 quod
1013 998 1201 1032 earumdem

463 1053 682 1095 praesentium
704 1052 924 1095 transumptis,
946 1052 1042 1084 etiam
1068 1052 1203 1094 impres·

464 1105 530 1145 sis,
555 1105 774 1148 procuratoris
809 1104 972 1147 generalis
1009 1114 1065 1137 seu
1102 1103 1201 1136 zelosi

463 1159 539 1191 dicti
558 1158 696 1198 Ordinis,
714 1159 762 1191 vel
784 1158 899 1190 notarii
926 1158 1048 1201 publici
1074 1163 1105 1190 ct
1129 1168 1202 1200 per-

463 1222 564 1244 sonae
589 1211 724 1244 aticuius
749 1211 781 1243 in
807 1211 963 1253 dignitate
985 1210 1202 1243 ecclesiastica

464 1265 669 1305 constitutae,
695 1265 743 1297 vel
770 1275 830 1308 pro
856 1269 1001 1306 tempore
1038 1263 1202 1296 existentis

464 1317 659 1351 correctoris
678 1317 840 1360 generalis
858 1317 934 1350 dicti
948 1316 1076 1349 Ordinis
1094 1316 1203 1358 sigillo

464 1370 617 1410 munitis,
645 1371 759 1403 eadem
796 1381 930 1413 prorsus
967 1369 1045 1402 sides
1082 1369 1202 1412 ubique

464 1425 607 1456 locorum
633 1424 665 1456 in
692 1423 811 1457 iudicio
836 1429 867 1457 et
885 1428 973 1456 extra
997 1423 1203 1463 adhibeatur,

465 1487 545 1520 quae
571 1477 788 1509 adhiberetur
820 1477 941 1510 eisdem
974 1475 1202 1520 praesentibus

465 1529 491 1561 si
514 1535 624 1562 essent
649 1529 812 1562 exhibitae
839 1530 888 1562 vel
913 1534 1076 1562 ostensae.

507 1582 620 1615 Datum
646 1582 782 1622 Romae,
809 1582 893 1625 apud
924 1582 956 1615 S.
983 1582 1115 1615 Mariam
1141 1582 1203 1615 Ma-

464 1637 590 1675 iorem,
626 1647 711 1669 anno
748 1635 981 1668 lncarnationis
1022 1636 1202 1668 dominicae

463 1698 688 1727 mcccxxxvnt,
713 1688 860 1721 kalendis
885 1688 1044 1727 octobris,
1073 1689 1202 1732 pontiti-

464 1747 554 1774 catus
581 1742 684 1774 nostri
712 1751 797 1773 anno
823 1751 865 1774 ix.

498 1804 561 1830 Dat.
577 1803 622 1830 die
637 1803 672 1830 28
686 1803 852 1838 septembris
868 1804 947 1838 1738,
962 1804 1064 1838 pontif.
1079 1813 1151 1831 anno
1166 1811 1201 1831 tx.

537 1858 590 1889 ΡΗ,
619 1857 805 1890 Fniossmus.
832 1876 875 1880 —
900 1857 938 1890 M.
962 1857 1178 1892 Feanavicm.

573 1911 641 1938 Visa
661 1910 694 1937 de
715 1910 807 1938 Curia

831 1955 869 1988 M.
898 1956 934 1989 A.
961 1955 1200 1992 CAFFARELLUS.

829 2009 866 2041 A.
894 2008 1123 2044 Metoninnus.

544 2062 612 2092 Loco
627 2064 644 2097 †
658 2062 776 2101 plumbi.

856 2111 890 2143 F.
919 2111 954 2143 Α.
983 2111 1190 2153 ΡΑυιΕΤτυε,

860 2164 894 2196 R.
920 2164 952 2198 C.
981 2165 1005 2197 A
1030 2175 1114 2198 secr.

501 2226 656 2261 Registrata
676 2225 703 2253 in
724 2226 837 2253 Camera
857 2226 1019 2261 Apostolica.

756 2392 907 2426 CCXLIH.

1247 685 1436 726 gregatione
1452 685 1637 727 particulari
1655 686 1888 718 nonnullorum
1907 690 1984 717 tunc

1247 736 1453 769 existentium
1479 737 1510 770 S.
1531 738 1567 770 R.
1587 738 1620 770 Ε.
1649 738 1874 777 cardinalium,
1900 748 1917 769 a
1939 737 1984 770 se-

1248 788 1308 821 lice
1335 789 1562 823 recordatione
1588 790 1766 823 lnnocentii
1793 790 1899 832 Papae
1927 790 1981 829 xt,

1247 842 1500 884 praedecessore
1516 848 1635 883 nostro,
1651 844 1691 876 ad
1705 842 1891 875 instantiam
1907 847 1983 875 tunc

1247 894 1369 936 pariter
1389 894 1557 927 existentis
1574 894 1798 938 procuratoris
1821 894 1982 937 generalis

1247 946 1393 979 eiusdem
1414 947 1553 987 Ordinis,
1573 948 1723 990 deputata
1749 958 1808 990 pro
1834 948 1984 980 modera-

1249 998 1333 1031 tione
1360 999 1564 1032 decretorum
1591 1001 1630 1032 de
1651 1001 1810 1043 apostatis
1825 1005 1857 1033 et
1873 1000 1984 1033 eiectis

1247 1062 1264 1083 a
1288 1051 1548 1094 Congregatione
1575 1058 1651 1085 tunc
1683 1063 1812 1095 quoqne
1846 1053 1984 1086 existen-

1249 1103 1324 1135 tium
1349 1104 1564 1137 cardinalium
1591 1105 1857 1147 Congregationis
1872 1106 1984 1139 Conci-

1247 1156 1279 1188 lii
1305 1156 1485 1189 Tridentini
1524 1157 1736 1200 interpretum
1776 1163 1807 1190 et
1834 1168 1851 1190 a
1879 1158 1983 1191 bonae

1246 1209 1423 1242 memoriae
1444 1209 1574 1242 Urbano
1590 1210 1675 1252 Papa
1689 1210 1749 1242 Vlll
1766 1210 1876 1243 itidem
1892 1221 1984 1254 prae-

1247 1262 1419 1294 decessore
1433 1267 1542 1295 nostro
1558 1262 1729 1304 editorum,
1746 1263 1906 1296 sancitum
1925 1264 1984 1296 suit

1247 1314 1332 1346 inter
1356 1314 1428 1355 alia,
1455 1320 1489 1346 ut
1515 1315 1656 1354 facultas,
1676 1317 1707 1348 in
1730 1315 1824 1348 dictis
1845 1316 1982 1349 decretis

1247 1367 1286 1399 de
1313 1378 1397 1400 anno
1422 1378 1562 1401 nncxxw
1587 1368 1752 1412 prioribus
1772 1375 1803 1402 et
1820 1369 1981 1412 magistris

1245 1422 1455 1464 generalibus
1481 1422 1635 1455 Ordinum
1670 1423 1870 1466 regularium
1907 1434 1984 1457 con-

1245 1484 1334 1507 cessa
1348 1475 1385 1507 ad
1401 1475 1580 1508 eiiciendos
1595 1475 1836 1518 incorrigibiles
1855 1477 1894 1510 de
1912 1488 1984 1510 con-

1246 1527 1316 1560 silio
1342 1533 1374 1560 et
1398 1538 1528 1560 assensu
1554 1539 1608 1561 sex
1633 1539 1671 1562 ex
1698 1529 1900 1572 gravioribus
1933 1541 1984 1574 pa—

1246 1579 1347 1613 tribus
1373 1580 1405 1612 in
1439 1581 1745 1623 congregationibus
1775 1583 1982 1624 generalibus

1245 1634 1432 1666 eorumdem
1458 1634 1614 1667 Ordinum
1641 1635 1810 1678 eligendis
1829 1636 1924 1669 etiam
1942 1638 1982 1671 ad

1246 1687 1370 1729 priores
1394 1693 1425 1719 et
1448 1688 1612 1721 ministros
1639 1689 1850 1732 provinciales
1876 1695 1984 1723 exten-

1246 1740 1395 1779 deretur,
1420 1740 1484 1783 qni‚
1512 1741 1623 1774 electis
1650 1743 1774 1784 pariter
1791 1743 1824 1774 in
1846 1753 1984 1785 congre-

1244 1793 1428 1835 gationibus
1454 1794 1709 1836 provincialibus
1744 1805 1797 1827 sex
1830 1795 1985 1837 graviori-

1246 1846 1305 1877 bus
1332 1846 1370 1878 de
1396 1846 1562 1888 provincia
1587 1846 1750 1889 religiosis
1788 1858 1804 1880 a
1840 1848 1984 1890 generali

1245 1899 1372 1931 Ordinis
1396 1909 1454 1942 pro
1487 1904 1632 1942 tempore
1666 1899 1826 1933 existente
1865 1900 1984 1933 contir-

1246 1952 1382 1993 mandis,
1408 1953 1446 1985 de
1473 1952 1604 1985 illorum
1631 1953 1767 1986 consilio
1792 1958 1824 1986 et
1849 1964 1984 1986 assensu

1246 2016 1356 2038 causas
1394 2006 1582 2038 huiusmodi
1619 2016 1840 2048 cognoscere,
1867 2011 1918 2047 et,
1945 2006 1984 2040 ad

1246 2058 1394 2091 effectum
1435 2058 1585 2091 eiiciendi
1627 2059 1869 2102 incorrigibiles
1908 2069 1984 2094 suae

1246 2111 1431 2155 provinciae
1457 2116 1489 2144 ct
1509 2111 1703 2145 eiectionem
1731 2112 1983 2155 pronunciandi,

1245 2165 1420 2198 accedente
1446 2164 1681 2207 approbatione
1708 2165 1869 2208 generalis
1889 2192 1896 2206 ‚
1932 2165 1985 2199 de-

1246 2215 1353 2249 finiri*
1390 2217 1567 2257 deberent,
1607 2218 1692 2249 salva
1719 2223 1825 2250 tamen
1855 2227 1985 2261 semper

1247 2269 1344 2301 liuius
1368 2268 1504 2301 Sanctae
1529 2268 1621 2302 Sedis
1638 2274 1670 2301 et
1688 2269 1833 2302 eiusdem
1846 2270 1985 2312 Congre-

1246 2322 1385 2364 gationis
1410 2322 1443 2354 in
1467 2332 1541 2354 casu
1566 2332 1718 2355 recursus
1744 2328 1775 2355 et
1795 2322 1984 2366 appellatio-

1246 2375 1294 2407 nis
1321 2375 1523 2408 auctoritate.

1289 2428 1303 2471 ἓ
1329 2428 1359 2461 ⁶2.
1386 2428 1464 2461 Cum
1490 2432 1617 2467 autem,
1644 2427 1725 2460 sicut
1750 2428 1863 2461 eadem
1889 2438 2014 2482 expo·in
2028 2434 2170 2488 ‘'trigamo-32⁸·

1246 2481 1320 2514 sitio
1344 2481 1580 2523 subiungebat,
1607 2481 1638 2513 in
1678 2481 1854 2523 provinciis
1880 2482 2169 2539 India-ieggtgogivnigffl

1245 2544 1313 2566 rum
1339 2534 1482 2567 eiusdem
1507 2533 1659 2573 Ordinis,
1686 2535 1726 2566 ob
1751 2544 1906 2567 summam
1932 2538 2169 2592 effigssffigffiissffss‘g'ssf
2204 2539 2206 2583 ᾗ

1245 2597 1314 2618 rum
1341 2586 1379 2618 ab
1405 2586 1466 2619 hac
1490 2586 1572 2619 alma
1599 2585 1683 2619 Urbe
1709 2586 1911 2629 distantiam,
1928 2594 2048 2631 ap-suni.

1283 2649 1292 2675 l
1314 2648 1411 2683 Aptius
1430 2648 1490 2683 lege
1510 2647 1632 2684 definire
1652 2648 1691 2683 (a.
1711 2647 1759 2682 12).

465 2481 644 2514 Moderatio
669 2480 840 2514 cuiusdam
858 2481 976 2513 decreti
988 2481 1204 2524 particularis

510 2534 776 2577 Conqreqationis
796 2543 893 2576 super
906 2534 1058 2566 eiectione
1074 2533 1205 2576 reliyio-

508 2597 616 2619 sorum
648 2586 783 2619 Ordinis
812 2587 955 2629 fratrum
986 2586 1201 2619 Eremitarum

509 2639 542 2671 S.
556 2638 740 2682 Auquscozi
755 2639 999 2684 provinciarum
1011 2638 1201 2673 Indiarum.
