2232 3178
32 179 82 205 An.
99 177 128 204 C.
152 178 223 206 1740

844 177 986 202 CLEMENS

226 225 414 265 distribuant,
433 231 463 256 ut
481 236 554 266 quae
573 226 696 257 nimium
719 225 864 256 laboriosa
887 230 965 263 sunt,

227 280 270 306 ter
293 276 337 306 vel
366 281 470 315 quater
499 276 528 305 in
558 285 634 306 anno
658 280 771 306 mutare
800 275 913 315 possint
940 278 968 304 et

227 324 368 354 debeant:
393 324 523 364 alioquin
547 324 637 354 abbas
659 324 824 363 generalis,
847 323 871 352 si
894 332 967 362 quae

227 373 360 403 oriantur
376 374 577 403 contentiones
595 373 638 403 vel
658 372 905 402 murmurationes
925 371 969 400 in-

228 427 271 452 ter
283 432 398 452 sorores
409 423 443 452 de
456 423 674 461 gravaminibus
687 422 862 459 officiorum,
873 424 969 450 aucto-

228 471 311 501 ritate
325 472 378 500 sua
392 471 544 510 providere
561 471 676 510 poterit,
690 470 846 509 omniaque
860 469 967 504 officia,

229 524 344 558 praeter
359 519 523 549 abbatissae
540 519 630 549 solius
643 519 826 557 dignitatem,
841 522 967 547 mutare.

228 568 411 598 Abbatissam
428 573 538 605 autem,
555 577 650 607 neque
666 576 781 597 sorores
793 575 905 604 omnes,
920 575 970 595 ne-

228 626 285 656 que
307 616 396 646 abbas
422 616 589 654 generalis,
614 620 680 646 ante
705 615 852 654 expletum
880 615 971 643 trien-

228 665 322 701 nium,
339 664 485 704 deponere
502 664 620 704 poterit‚
641 664 751 702 absque
773 663 900 702 episcopi
921 666 970 692 aut

229 713 468 743 reverendissimi
483 712 595 742 domini
612 711 796 751 patriarchae
811 710 941 740 licentia.

269 771 308 791 xi.
338 761 537 792 Confessarius
575 760 745 790 monialium
779 759 907 797 eligatur
936 759 971 788 ab

230 810 334 841 abbate
366 810 514 849 generali,
544 809 594 848 qui
624 809 661 838 sit
695 808 829 839 sacerdos
861 808 970 846 gravis,

230 860 322 891 bonae
345 860 435 889 famae
459 863 487 889 et
511 862 665 897 provectae
687 857 812 894 aetatis,
847 866 900 887 nec
921 867 972 887 au-

231 909 296 940 deat
318 908 433 947 ingredi
456 917 555 938 earum
580 907 801 945 monasterium,
836 906 892 936 nisi
924 915 973 936 ur-

230 962 316 996 gente
349 957 535 995 necessitate,
570 961 597 986 et
630 956 666 986 ob
699 965 816 994 gravem
849 955 972 985 alicuius

230 1007 453 1043 infirmitatem,
482 1010 511 1036 et
538 1014 689 1045 nunquam
712 1005 809 1043 solus,
834 1005 883 1034 sed
906 1014 972 1034 cum

232 1056 309 1086 socio
332 1055 394 1085 viro
417 1054 507 1094 probo
531 1059 558 1084 et
582 1059 711 1083 maturae
734 1054 848 1091 aetatis,
866 1053 915 1092 qui
938 1053 973 1082 ab

232 1105 294 1134 eius
317 1104 406 1133 latere
429 1113 486 1133 non
510 1103 637 1140 recedat,
655 1103 694 1132 ita
712 1108 743 1132 ut
763 1112 877 1142 semper
900 1102 974 1132 alter

232 1152 267 1182 ab
299 1153 391 1182 altero
424 1151 580 1188 videatur3
614 1160 668 1180 nec
700 1151 892 1189 ingrediatur,
916 1151 974 1180 nisi

233 1211 299 1232 cum
322 1201 398 1231 stola
420 1210 508 1239 super
531 1200 661 1229 habitum
685 1200 879 1230 monasticum
895 1209 902 1236 3
920 1209 974 1229 nee

232 1250 360 1289 aliquam
395 1249 550 1278 monialem
586 1248 696 1286 visitet,
721 1253 770 1278 aut
792 1248 973 1287 alloquatur3

232 1299 282 1329 sed
305 1299 340 1329 ab
363 1299 511 1328 abbatissa
533 1298 577 1327 vel
600 1298 662 1328 eius
686 1298 805 1336 vicaria,
828 1300 887 1328 una
909 1308 973 1327 cum

232 1348 344 1378 duabus
371 1348 437 1378 aliis
459 1347 646 1384 monialibus,
670 1347 794 1377 ducatur
811 1357 877 1377 cuni
897 1348 975 1377 socio

233 1396 268 1426 ad
291 1396 394 1426 cellam
418 1396 493 1433 eius,
517 1405 590 1435 quae
613 1401 731 1436 peccata
750 1405 801 1426 sua
827 1395 975 1434 confiteri,

235 1445 278 1475 vel
301 1449 516 1475 sacramentum
539 1445 738 1475 Eucharistiae
771 1449 799 1474 et
829 1449 975 1475 extremae

236 1494 383 1524 unctionis
415 1494 546 1533 recipere
579 1493 675 1524 debet.
708 1494 848 1534 Reliquae
881 1503 976 1523 sacra-

235 1546 332 1573 menta
356 1552 371 1572 a
405 1542 522 1582 proprio
555 1542 735 1572 confessario
770 1542 914 1581 recipiant
946 1542 976 1572 in

234 1592 361 1622 ecclesia
395 1591 584 1621 monasterii:
620 1591 841 1631 curandumque
874 1596 905 1621 ut
934 1591 977 1620 in-

234 1642 357 1672 ducatur
378 1644 514 1680 receptus
536 1649 607 1675 mos,
633 1640 684 1670 ubi
700 1641 822 1670 necdum
839 1640 977 1670 inductus

234 1695 300 1729 est,
334 1695 365 1720 ut
398 1689 538 1719 nimirum
570 1689 713 1719 moniales
735 1699 772 1719 ex
795 1693 913 1729 patente
941 1689 976 1719 ad

235 1739 312 1769 hunc
343 1739 495 1768 dumtaxat
526 1738 614 1768 linem
646 1738 798 1768 fenestella
815 1738 977 1768 communi-

234 1792 313 1826 cent,
330 1797 414 1827 quae,
432 1788 550 1826 peracta
572 1787 789 1824 communione,
814 1787 975 1817 claudenda

235 1837 309 1875 erit,
343 1836 491 1875 clavisque
523 1835 559 1865 ab
592 1835 739 1866 abbatissa
773 1836 974 1867 custodienda.

235 1885 434 1916 Confiteantur
457 1889 553 1915 autem
578 1894 632 1924 per
653 1885 841 1924 interpositas
869 1890 974 1915 crateS.

235 1935 327 1965 Horas
350 1943 418 1964 vero
440 1933 597 1964 canonicas
630 1943 668 1963 ex
700 1935 789 1964 choro
822 1935 978 1965 decantent

235 1983 366 2014 cratibus
388 1983 512 2013 munito.

276 2042 326 2063 xn.
353 2032 472 2063 Curabit
503 2031 592 2062 abbas
624 2031 784 2070 generalis,
815 2036 846 2062 ut
874 2033 978 2072 quovis

237 2081 362 2112 triennio
381 2081 576 2111 confessarius
598 2081 764 2111 ordinarius
787 2086 927 2119 mutetur,
950 2087 978 2112 et

240 2131 313 2161 alter
330 2131 357 2160 111
375 2131 437 2160 61115
453 2131 548 2160 locum
566 2131 711 2161 succedat.
729 2130 864 2166 Quolibet
879 2135 976 2161 autem

237 2189 313 2209 anno
336 2179 408 2219 ipsis
436 2179 612 2209 monialibus
634 2180 885 2210 extraordinarius
911 2190 979 2210 con-

237 2229 376 2259 fessarius
405 2232 508 2267 quater
539 2228 733 2267 exhibeatur,
764 2229 813 2268 qui
845 2229 976 2259 omnium

237 2278 436 2308 confessiones
458 2277 560 2307 audire
582 2278 685 2317 possit.

278 2336 337 2357 xnr.
362 2326 423 2356 Nisi
451 2326 480 2356 in
511 2327 688 2356 monasterio
711 2327 785 2361 sint,
811 2336 884 2366 quae
906 2327 978 2357 alias

238 2375 379 2406 moniales
398 2376 505 2413 legere.
523 2375 653 2406 scribere
670 2379 697 2405 et
714 2376 800 2406 horas
822 2376 978 2406 canonicas

237 2428 355 2454 cantare
389 2424 494 2453 docere
527 2424 655 2463 possint,
688 2424 750 2463 ipse
783 2425 979 2455 confessarius

237 2477 319 2502 extra
338 2472 444 2502 ostium
463 2472 631 2502 monasterii
651 2472 755 2502 sedens
778 2472 805 2502 id
829 2477 979 2512 praestare

238 2521 355 2560 poterit,
373 2525 497 2561 quatuor
517 2521 619 2551 saltem
643 2521 819 2551 monialibus
842 2530 979 2560 praesen-

238 2569 325 2600 tibus.

1014 177 1059 202 ru
1084 178 1134 201 pr.
1642 164 1706 199 (523

1051 234 1108 256 xiv.
1127 225 1185 256 Etsi
1207 225 1367 256 curandum
1391 226 1427 255 sit
1451 230 1481 256 ut
1504 225 1646 255 moniales
1669 228 1750 254 extra

1010 279 1092 314 septa
1109 275 1278 305 monasterii
1294 284 1445 314 nunquam
1461 274 1664 313 egrediantur,
1683 273 1751 313 quia

1011 327 1108 353 tamen
1126 324 1153 353 id
1171 324 1279 363 ubique
1299 324 1450 354 commode
1473 323 1599 353 obtineri
1623 332 1679 353 non
1705 332 1752 362 po-

1012 376 1078 410 test,
1103 376 1209 401 curent
1231 373 1343 402 saltem·
1357 378 1387 402 ut
1410 372 1444 402 ad
1469 372 1668 412 possessiones
1692 381 1752 400 mo-

1011 422 1141 451 nasterio
1164 422 1328 460 contiguas,
1342 422 1377 451 ad
1400 431 1472 461 quas
1495 431 1547 461 pro
1569 420 1752 451 necessitati-

1012 470 1065 499 bus
1092 470 1262 500 monasterii
1292 470 1371 500 exire
1396 474 1550 508 coguntur,
1575 469 1631 499 nisi
1654 468 1751 506 binae,

1013 521 1112 547 ternae
1135 522 1184 547 aut
1206 522 1366 557 quaternae
1382 543 1389 556 ‚
1414 528 1471 548 non
1495 517 1675 557 procedant:
1699 527 1754 547 nec

1012 566 1104 596 ullum
1132 567 1226 596 virum
1257 568 1359 606 quovis
1387 571 1538 606 praetextu
1559 567 1600 596 ibi
1623 567 1752 602 versari,

1013 615 1124 652 vagari,
1141 619 1191 644 aut
1213 615 1295 644 illinc
1318 616 1445 645 transire
1468 615 1648 653 permittant.
1665 614 1755 653 quue

1013 663 1102 693 abbas
1118 664 1264 701 generalis
1280 668 1307 693 et
1323 664 1519 693 confessarius
1535 663 1570 692 ab
1585 664 1649 702 ipso
1665 664 1755 702 depu-

1015 716 1101 749 tatus,
1122 711 1172 750 qui
1189 711 1218 740 in
1235 711 1297 741 loco
1314 721 1328 740 a
1345 711 1522 741 monialibus
1538 721 1657 750 prorsus
1673 721 1756 750 sepa-

1015 765 1077 789 rato
1092 764 1119 789 et
1134 760 1349 799 aliquantulum
1367 765 1478 790 remoto
1494 760 1675 790 domicilium
1688 770 1754 790 cum

1015 809 1094 839 socio
1111 808 1241 847 habebit,
1254 809 1330 848 apud
1347 810 1516 849 episcopum
1532 813 1559 839 et
1575 810 1757 839 reverendis-

1015 859 1121 888 simum
1141 858 1291 888 dominum
1309 859 1504 897 patriarcham
1520 858 1676 897 diligenter
1692 868 1759 898 pro-

1016 907 1122 937 videat.
1140 906 1168 937 Si
1186 907 1254 946 quid
1279 916 1347 936 vero
1363 907 1392 936 11]
1410 907 1495 937 dictis
1515 907 1758 946 possessionibus,

1016 961 1064 987 aut
1081 958 1167 987 etiam
1186 957 1261 986 intra
1281 957 1491 987 monasterium
1507 957 1672 987 faciendum
1689 957 1757 992 erit,

1016 1006 1090 1046 quod
1124 1015 1278 1045 operarum
1311 1006 1508 1036 ministerium
1541 1006 1693 1045 requirat,
1729 1006 1758 1035 id

1017 1059 1169 1093 praesente
1192 1055 1369 1084 confessario
1392 1064 1457 1084 cum
1480 1055 1570 1091 socio,
1589 1059 1617 1084 et
1637 1055 1757 1084 semotis

1018 1103 1195 1133 monialibus
1212 1104 1272 1133 fiat.
1291 1104 1333 1133 Ad
1351 1104 1510 1134 visitandas
1526 1108 1624 1134 autem
1648 1104 1758 1134 vicinas

1017 1153 1212 1182 saecularium
1235 1154 1278 1182 vel
1303 1154 1512 1183 monachorum
1536 1153 1688 1191 ecclesias,
1713 1153 1757 1182 vel

1017 1201 1164 1240 quaslibet
1186 1202 1400 1231 ecclesiasticas
1428 1206 1479 1232 aut
1507 1202 1671 1232 saeculares
1694 1211 1760 1241 per-

1017 1259 1114 1286 sonas,
1139 1260 1153 1279 e
1176 1250 1353 1280 monasterio
1385 1251 1464 1280 exire
1497 1250 1666 1280 nullatenus
1696 1259 1761 1289 per-

1018 1298 1185 1336 mittantur,
1223 1299 1279 1329 nisi
1316 1304 1452 1339 parentes
1488 1300 1548 1329 sint
1581 1299 1626 1329 vel
1658 1299 1761 1329 affines

1018 1357 1111 1387 usque
1145 1348 1178 1378 ad
1212 1349 1332 1378 tertium
1365 1349 1504 1387 gradum,
1529 1358 1601 1388 quos
1634 1349 1761 1387 graviter

1018 1397 1194 1426 decumbere
1218 1397 1374 1436 contigerit
1393 1408 1398 1427 :
1423 1398 1458 1428 ad
1480 1398 1547 1428 illos
1569 1397 1660 1436 enim,
1684 1397 1708 1427 si
1731 1397 1761 1427 111

1020 1445 1126 1476 vicinia
1156 1446 1306 1485 habitent,
1336 1447 1475 1477 accedere
1499 1451 1652 1486 poterunt,
1677 1446 1761 1476 modo

1019 1498 1115 1525 tamen
1139 1495 1197 1525 sint
1219 1500 1320 1525 ternae
1353 1496 1397 1526 vel
1431 1500 1614 1536 quaternae,
1639 1506 1693 1526 nec
1721 1496 1761 1526 ibi

1020 1543 1198 1582 prandeant,
1231 1548 1281 1573 aut
1315 1549 1459 1582 coenent,
1491 1548 1542 1574 aut
1577 1549 1759 1584 pernoctent.

1061 1601 1107 1622 xv.
1126 1592 1221 1622 Semel
1241 1593 1269 1622 in
1293 1602 1369 1623 311110
1392 1603 1443 1632 per
1465 1603 1495 1624 se
1517 1594 1624 1633 ipsum,
1643 1594 1687 1623 vel
1711 1604 1763 1634 per

1019 1641 1208 1672 substitutum
1239 1642 1421 1672 sacerdotem
1451 1642 1646 1678 monachum,
1671 1642 1761 1673 abbas

1018 1691 1163 1729 generalis
1194 1691 1292 1721 visitet
1327 1691 1535 1721 monasterium
1573 1692 1760 1727 monialium,

1018 1744 1046 1769 et
1066 1733 1196 1778 inquirat
1227 1739 1263 1769 de
1296 1739 1479 1770 observantia
1503 1741 1685 1778 monastica,
1710 1741 1759 1771 de-

1019 1797 1075 1827 que
1097 1788 1202 1818 celeris
1224 1798 1298 1827 quae
1320 1789 1356 1818 ad
1373 1789 1514 1819 moniales
1537 1790 1762 1819 monasterium-

1019 1847 1074 1876 que
1107 1841 1251 1877 speetant.
1276 1838 1384 1868 Caveat
1421 1842 1535 1875 tamen,
1570 1839 1664 1878 quoad
1699 1839 1763 1868 fieri

1020 1887 1138 1926 poterit,
1168 1883 1333 1924 ingressum
1368 1887 1559 1924 monasterii;
1594 1887 1681 1926 idque
1705 1887 1762 1917 nisi

1021 1939 1142 1972 urgente
1175 1936 1264 1964 causa
1295 1944 1353 1964 non
1385 1935 1492 1972 faciat;
1529 1937 1611 1975 sique
1645 1935 1762 1973 fecerit,

1020 1994 1111 2014 unum
1128 1984 1172 2014 vel
1188 1983 1260 2014 duos
1277 1984 1372 2014 socios
1388 1993 1487 2014 secum
1505 1988 1592 2014 testes
1615 1984 1761 2015 adhibeat.

1060 2042 1117 2062 xvi.
1134 2032 1238 2063 Nullus
1257 2042 1291 2062 ex
1315 2032 1477 2071 monacbis,
1494 2033 1607 2063 etiamsi
1627 2033 1766 2072 begume-

1020 2091 1076 2112 nus
1099 2083 1145 2112 vel
1173 2081 1263 2111 abbas
1296 2082 1399 2119 fuerit,
1425 2086 1540 2121 praeter
1571 2091 1620 2112 eos
1649 2083 1699 2121 qui
1728 2082 1764 2112 ab

1020 2131 1123 2161 abbate
1145 2130 1276 2169 generali
1299 2130 1334 2160 ad
1358 2131 1489 2169 regimen
1520 2131 1674 2171 spirituale
1704 2141 1765 2161 mo-

1021 2180 1143 2209 nialium
1167 2179 1298 2218 deputati
1321 2184 1405 2216 sunt,
1430 2180 1539 2219 poterit
1561 2180 1596 2210 ad
1620 2185 1766 2210 monaste-

1021 2229 1096 2259 rium
1120 2238 1221 2258 earum
1244 2229 1394 2265 accedere,
1413 2229 1456 2259 vel
1474 2229 1592 2259 missam
1610 2230 1639 2259 111
1663 2240 1763 2259 earum

1021 2278 1147 2307 ecclesia
1169 2277 1271 2307 audire
1294 2281 1343 2307 aut
1366 2277 1525 2315 celebrare,
1541 2278 1584 2307 vel
1606 2278 1672 2307 illas
1695 2278 1766 2307 allo-

1021 2327 1071 2366 qui
1104 2331 1153 2356 aut
1185 2326 1220 2356 ad
1253 2335 1301 2355 eas
1333 2326 1475 2362 scribere,
1500 2327 1561 2356 sive
1594 2327 1709 2356 litteras
1737 2332 1765 2357 et

1021 2385 1141 2405 munera
1165 2375 1201 2404 ab
1224 2375 1260 2404 iis
1283 2374 1437 2413 accipere,
1462 2374 1515 2404 sub
1546 2376 1639 2414 poena
1668 2375 1764 2413 gravis

1021 2425 1136 2464 culpae.
1161 2424 1259 2463 Neque
1283 2424 1423 2453 moniales
1454 2429 1575 2462 possunt
1608 2424 1642 2453 ad
1666 2434 1765 2464 quem-

1021 2482 1109 2513 quam
1132 2473 1324 2510 monachum,
1349 2477 1466 2511 praeter
1489 2472 1620 2502 abbatem
1643 2483 1765 2511 genera-

1022 2523 1078 2552 lem
1101 2528 1128 2552 et
1150 2521 1362 2552 confessarium
1385 2521 1541 2558 actualem,
1559 2521 1672 2551 litteras
1695 2522 1765 2552 scri-

1022 2571 1111 2609 bere,
1136 2575 1185 2601 aut
1207 2571 1242 2601 ad
1274 2570 1450 2610 colloquium
1480 2570 1647 2601 admittere.
1672 2571 1764 2607 Quae-

1752 176 1802 201 An.
1822 175 1850 202 C.
1875 174 1945 201 t740
