2232 3178
29 202 75 226 Αιι.
90 199 118 225 G.
139 194 206 223 1737

15 669 20 975 ἱ

27 1290 126 1310 ‘enuntia
152 1294 200 1308 eon-

17 1291 127 1350 'mutuli
149 1315 200 1336 irre·

18 1355 20 1360 ,
27 1345 75 1363 ιιιιε.

833 190 974 215 ΕῙᾸΞΜΕΝΞ
1002 191 1046 213 xit
1072 191 1121 214 I'I‘.

214 243 292 275 stico
317 240 447 274 tradere
484 246 515 273 et
547 240 739 284 consignare
776 239 880 284 possit
916 249 952 272 ac

214 295 346 333 debeat,
387 293 507 326 exactis
534 299 639 327 tamen
666 293 891 336 receptisque,
918 292 949 324 in

213 353 283 380 actu
310 346 493 379 traditionis
513 352 544 379 ct
561 345 816 388 consignationis
844 345 952 377 hnins-

213 400 317 441 modi,
349 410 366 432 a
398 399 504 431 iudice
530 400 660 442 quidem
688 399 844 431 saeculari
872 398 951 430 iura-

213 458 334 493 mento,
361 458 392 486 et
418 454 456 485 ab
483 453 705 486 ecclesiastico
732 451 949 494 promissione

212 507 243 539 in
272 506 369 538 verbo
403 506 560 545 veritatis,
598 506 636 538 de
663 505 865 538 restituendo
896 515 949 536 ex-

213 565 346 592 tractum
373 558 530 591 ecclesiae
568 560 681 591 locove
708 557 863 597 immuni,
889 557 950 589 sul)

213 613 316 655 poena
342 611 680 644 excommunicationis
706 612 786 643 latae
821 615 950 642 seuten-

213 665 274 697 tiae
300 663 393 696 nobis
419 668 451 696 et
474 663 582 696 eidem
619 663 766 696 Romano
803 662 949 695 Pontifici

212 728 270 761 pro
298 723 441 760 tempore
468 716 617 750 existenti
644 722 847 754 reservatae,
875 727 951 758 qua-

212 777 306 804 tenus
332 775 492 803 extractus
533 770 564 802 in
604 769 669 802 suis
695 769 949 808 defensionibus,

213 833 295 868 quae
320 824 359 856 ad
387 823 531 855 tramites
560 823 635 855 iuris
656 828 688 856 et
709 822 950 855 ordinationum

211 877 463 920 apostolicarum
503 877 529 909 ci
563 882 769 920 competunt,
807 876 951 919 praefata

212 931 309 964 elidat
327 941 381 963 seu
403 931 506 963 diluat
531 930 671 968 indicia3
699 936 743 969 et,
765 930 789 962 si
817 929 871 962 illa
897 929 961 961 nii--

212 985 300 1017 nime
328 984 453 1016 eliserit
490 983 554 1016 sive
593 983 742 1022 diluerit,
781 988 812 1016 et
850 983 952 1015 delin-

211 1048 311 1081 quens
336 1043 489 1080 repertus
518 1037 625 1075 fuerit,
654 1037 751 1069 iudici
774 1048 842 1075 suo,
870 1037 953 1069 scili-

211 1095 259 1123 cet
284 1090 506 1123 ecclesiastico
533 1090 565 1122 in
599 1090 770 1130 clericum,
797 1089 950 1122 saeculari

211 1142 242 1175 in
267 1143 393 1182 laicum,
421 1148 456 1174 ut
481 1142 559 1175 iuris
586 1153 658 1175 esse
685 1142 860 1182 censuerit,
887 1140 953 1173 ani-

211 1197 413 1229 madvertere
436 1196 545 1230 liceat.

260 1261 273 1282 <t
298 1250 428 1288 Quoties
453 1255 561 1283 autem
587 1250 626 1282 de
653 1250 713 1282 iam
740 1249 874 1282 bannito
901 1253 955 1280 aut

211 1303 243 1336 in
268 1303 504 1336 contumaciam
531 1303 683 1336 damnato
710 1313 745 1335 ex
777 1304 873 1334 causa
899 1302 955 1334 ho-

211 1356 330 1390 micidii
359 1356 509 1399 superius
536 1355 662 1398 excepti
689 1355 754 1388 sive
782 1355 863 1387 laico
889 1354 953 1387 sive

211 1409 433 1443 ecclesiastico
449 1414 574 1451 agetur,
591 1408 727 1452 quilibet
746 1408 839 1440 iudex
856 1408 956 1440 eccle-

211 1463 376 1502 siasticus‚
402 1469 437 1495 ut.
461 1463 656 1505 praefertur,
682 1467 890 1505 competens,
916 1461 954 1493 ad

211 1516 307 1556 illius,
328 1514 419 1549 laici¹
442 1516 592 1548 nimirum
617 1515 757 1548 instante
779 1515 867 1547 curia
887 1525 956 1547 sae-

211 1569 323 1609 culari,
341 1576 371 1602 et
388 1569 498 1602 clerici
525 1579 561 1601 ex
588 1568 706 1608 officio,
725 1568 956 1600 extructionem

211 1623 250 1655 ab
275 1622 411 1656 ecclesia
435 1623 549 1655 locove
576 1621 735 1660 immuni,
763 1632 834 1653 eum
861 1620 956 1653 inter-

212 1682 308 1709 ventu
331 1686 461 1719 qnoque
480 1686 642 1718 personae
658 1674 898 1708 ecclesiasticae
917 1674 955 1706 ab

212 1729 366 1772 episcopo
385 1728 599 1771 deputandae,
619 1739 655 1760 ac
674 1727 880 1760 traditionem
898 1737 956 1758 suo

212 1782 389 1825 respective
416 1782 527 1820 iudici,
555 1781 637 1814 sicut
664 1792 735 1814 mox
764 1780 956 1823 dispositum

213 1841 270 1877 est,
295 1835 465 1878 procedat;
488 1836 658 1878 solamque
685 1834 866 1867 sententiae
884 1844 958 1866 eon-

213 1889 387 1922 tumacialis
413 1894 445 1921 et
470 1894 632 1927 actorum,
660 1888 778 1930 quibus
804 1888 859 1920 illa
886 1888 955 1919 fuu-

213 1943 319 1982 datur,
345 1942 580 1975 exhibitionem
596 1942 632 1973 ad
655 1942 717 1974 hoe
735 1941 882 1973 sufficere
903 1940 957 1973 de-

213 1995 384 2035 cernimus,
404 2001 438 2026 ut
463 1995 567 2027 dictus
587 1995 681 2027 iudex
703 1993 954 2033 ecclesiasticus,

213 2060 249 2082 ex
275 2049 405 2082 illorum
428 2048 630 2091 inspectione
657 2048 821 2080 dumtaxat
846 2046 956 2089 agnito

214 2113 288 2135 num
315 2103 495 2135 istiusmodi
521 2102 682 2135 sententia
709 2100 956 2134 contumacialis

215 2156 356 2198 legitime
383 2155 531 2198 iusteque
558 2156 685 2198 prolata
712 2155 778 2193 sit,
814 2154 852 2186 ad
891 2154 955 2185 for-

214 2219 296 2241 mam
322 2209 592 2241 constitutionum
619 2208 867 2251 apostolicarum
888 2218 956 2250 pro-

215 2262 367 2295 nunciare
393 2273 429 2295 ac
455 2263 622 2295 declarare
651 2267 746 2305 queat
778 2267 808 2293 et
841 2261 957 2293 debeat

215 2325 254 2347 au
279 2315 427 2347 bannitus
454 2321 485 2347 et
511 2315 542 2347 iu
569 2314 801 2347 contumaciam
829 2313 957 2346 damna-

217 2372 264 2400 tus
288 2368 528 2411 consignandns
554 2368 676 2407 veniat,
705 2378 763 2400 nee
796 2377 855 2406 ne;
885 2377 957 2399 exa-

216 2421 275 2453 ctis
300 2422 422 2463 pariter
447 2427 476 2454 et
502 2420 657 2464 receptis,
685 2425 847 2463 quatenus
880 2430 956 2452 con-

216 2474 365 2516 signetur,
384 2485 401 2507 a
419 2475 523 2507 iudice
541 2474 695 2507 saeculari
715 2475 907 2512 iuramento,
931 2473 955 2505 si

218 2527 409 2570 delinquens
438 2527 478 2560 sit
510 2528 631 2566 laicus,
659 2528 698 2559 ab
736 2526 955 2559 eeclesiastico

252 2590 262 2616 1
284 2589 384 2617 Vocem
406 2589 475 2617 laici
496 2598 544 2617 nos
564 2589 688 2617 addimus
707 2589 747 2623 (u.
765 2590 813 2623 Ἦ).

994 249 1094 278 vero,
1129 238 1154 271 si
1192 239 1287 272 fuerit
1324 239 1480 279 elei-icus,
1514 239 1736 283 promissione

995 292 1124 334 ipsum,
1151 298 1186 324 ut
1210 303 1328 335 supra,
1355 292 1547 325 restituendi
1578 291 1735 325 ecelesiae

995 345 1104 378 locove
1130 346 1290 386 immuni,
1317 347 1375 378 sub
1402 351 1476 378 ante
1511 346 1595 379 dicta
1630 347 1737 388 poena

994 399 1348 434 excommunicationis.
1373 399 1397 431 si
1425 404 1588 431 extractus
1613 399 1645 430 in
1671 398 1735 430 suis

994 451 1143 484 similiter
1168 453 1411 485 defensionibus
1438 453 1465 485 ei
1503 453 1542 485 ad
1579 451 1738 495 praescri·

994 511 1081 547 ptum
1107 506 1348 548 praedictarum
1375 506 1642 539 constitutionum
1663 516 1737 549 apo-

993 557 1180 590 stolicarum
1207 559 1467 601 competentibus
1492 559 1674 591 nullitatem
1707 563 1738 591 et

994 610 1440 645 iniustitiamcontumacialis
1453 612 1632 645 sententiae
1644 623 1738 655 prae-

995 663 1099 696 dictae
1125 665 1315 703 ostenderit,
1342 671 1373 697 et
1399 666 1532 698 sceleris
1558 665 1676 698 indicia
1690 665 1737 698 di·

995 716 1104 756 luerit3
1132 718 1218 760 quod
1244 718 1271 750 si
1297 718 1327 750 id
1354 725 1520 761 praestare
1547 719 1738 761 nequiverit,

995 776 1024 802 et
1050 782 1086 803 ex
1114 771 1236 804 eisdem
1263 772 1425 804 sententia
1452 778 1483 804 et
1507 772 1584 804 actis
1610 772 1670 804 rite
1707 777 1739 805 et

995 830 1081 856 recte
1119 825 1218 865 gestis
1257 835 1330 857 reus
1356 830 1506 868 repertus
1531 825 1648 864 fuerit,
1687 825 1739 857 iu-

995 877 1054 909 dex
1079 877 1146 909 eius
1172 883 1363 920 competens
1381 878 1577 910 sententiam
1605 878 1735 921 exequi,

995 934 1044 968 et,
1070 930 1199 972 quando
1226 931 1366 973 aliquem
1403 930 1434 962 in
1468 933 1571 973 poena
1597 930 1739 973 irrogata

996 993 1163 1014 excessum
1181 983 1449 1025 deprehenderit,
1469 983 1563 1015 etiam
1579 983 1738 1016 moderari

997 1036 1113 1075 valeat3
1136 1035 1179 1067 ita
1204 1036 1292 1078 quod
1320 1047 1541 1078 quaecumque
1561 1035 1738 1068 declaratio

996 1100 1012 1120 a
1038 1088 1204 1129 praedicto
1232 1088 1336 1121 iudice
1364 1089 1586 1121 ecclesiastico
1609 1089 1689 1121 facta
1707 1089 1739 1120 in

997 1141 1117 1174 iudicio
1144 1141 1384 1174 ecclesiasticae
1411 1141 1621 1173 immunitatis
1640 1151 1741 1183 snper

997 1194 1244 1236 consignatione
1263 1194 1387 1226 banniti
1408 1193 1486 1226 etin
1504 1194 1740 1226 contumaciam

998 1247 1138 1279 damnati
1158 1248 1291 1290 eiusque
1318 1247 1533 1289 denegatione
1559 1247 1742 1279 nullatenus

998 1300 1162 1332 deservire
1189 1306 1220 1333 et
1245 1311 1263 1333 a
1287 1301 1415 1333 nemine
1436 1300 1570 1341 allegari
1589 1299 1693 1343 possit
1709 1299 1741 1332 in

998 1353 1060 1386 alio
1087 1354 1213 1386 diverso
1241 1364 1276 1386 ac
1301 1358 1451 1396 separato
1474 1353 1604 1393 iudicio,
1624 1353 1654 1385 in
1674 1363 1739 1395 quo

998 1407 1121 1440 scilicet
1147 1408 1185 1440 de
1212 1407 1376 1450 praefatae
1414 1407 1595 1439 sententiae
1628 1411 1743 1439 contn-

999 1461 1142 1494 macialis
1168 1461 1362 1493 executione
1388 1460 1598 1503 postmodum
1632 1460 1742 1502 dispu-

1001 1515 1058 1547 tari
1084 1515 1307 1557 contingerem
1331 1515 1369 1546 ad
1396 1524 1492 1557 quem
1522 1513 1671 1545 effectum
1695 1512 1742 1546 di-

999 1573 1048 1600 cta
1073 1568 1247 1600 declaratio
1278 1567 1391 1600 iudicis
1426 1566 1635 1599 ecclesiastici
1667 1576 1740 1609 per-

1000 1622 1074 1654 inde
1093 1621 1253 1654 habeatur
1278 1632 1313 1654 ae
1338 1622 1362 1653 si
1390 1630 1454 1653 non
1476 1624 1663 1657 emanasset,
1683 1629 1742 1651 nee

999 1676 1086 1708 ullus
1123 1675 1238 1708 exinde
1272 1675 1443 1717 scrupulus
1479 1674 1586 1706 animo
1623 1673 1741 1705 iudicis

1000 1728 1215 1771 competentis
1236 1727 1268 1760 in
1287 1727 1514 1769 cognoscenda
1533 1732 1563 1758 et
1585 1725 1743 1758 definien—

1001 1783 1040 1815 da
1069 1782 1232 1815 validitate
1259 1792 1317 1814 seu
1345 1780 1511 1819 nullitate,
1540 1779 1661 1811 iustitia
1686 1789 1742 1811 seu

1001 1835 1158 1867 iniustitia
1185 1834 1330 1867 eiusdem
1361 1833 1541 1866 sententiae
1575 1837 1742 1864 contuma-

1001 1888 1091 1921 eialis
1118 1889 1286 1930 ingeratur
1314 1901 1340 1919 ι).

1044 1942 1058 1984 ᾗ
1083 1940 1114 1973 Q.
1142 1942 1219 1973 Cum
1246 1946 1351 1972 antem
1379 1940 1461 1973 inter
1494 1944 1625 1978 cetera,
1661 1948 1743 1981 qnae

1000 1995 1032 2026 in
1059 1999 1192 2028 tractatu
1219 1994 1387 2035 vigintisex
1415 1992 1558 2025 articulis
1596 1987 1939 2034 eorupre-svrrvffiom1¹¹-

1001 2049 1104 2080 henso
1141 2058 1176 2080 ac
1213 2058 1270 2090 per
1306 2053 1446 2079 mutuam
1478 2046 1938 2088 reciprocamquesmexten-hm·-

1000 2106 1144 2134 nostram
1187 2106 1218 2133 et
1257 2099 1414 2132 carissimi
1453 2099 1484 2131 in
1520 2098 1648 2131 Christo
1686 2097 1744 2130 filii

1000 2154 1099 2187 nostri
1118 2153 1260 2196 Philippi
1283 2152 1511 2196 Hispaniarum
1529 2151 1615 2193 regis
1635 2151 1745 2184 catho-

1001 2207 1050 2240 lici
1077 2207 1325 2239 ratificationem
1352 2216 1387 2238 ac
1417 2204 1683 2237 ratihabitionem
1712 2204 1744 2235 iu

1000 2266 1193 2304 perpetuum
1219 2260 1303 2292 inter
1329 2259 1539 2302 apostolicam
1566 2258 1649 2290 hane
1666 2257 1745 2289 San-

1000 2320 1081 2347 ctam
1107 2314 1222 2346 Sedem
1250 2319 1281 2346 et
1309 2312 1495 2345 earumdem
1515 2310 1744 2354 Hispaniarum

1002 2377 1102 2409 regna
1126 2366 1251 2398 tirmato
1278 2376 1314 2397 ac
1348 2364 1552 2398 constabilito
1590 2368 1743 2396 contenta

1000 2425 1031 2452 et
1055 2420 1250 2452 concordata
1276 2418 1421 2455 fuerunt,
1447 2422 1544 2459 prout
1570 2415 1600 2447 in
1620 2415 1743 2448 nostris

1000 2473 1141 2516 desuper
1167 2472 1198 2504 in
1225 2471 1321 2504 simili
1350 2468 1452 2502 forma
1479 2469 1586 2502 Brevis
1613 2468 1664 2501 die
1699 2479 1743 2501 xii

1000 2526 1162 2559 currentis
1198 2524 1319 2557 mensis
1356 2522 1541 2555 novembris
1583 2520 1742 2564 expeditis

1001 2579 1115 2612 litteris
1142 2577 1271 2610 uberius
1298 2576 1491 2616 continetur,
1517 2574 1595 2607 illud
1612 2585 1741 2618 quoquc

1744 191 1791 215 An.
1812 189 1839 214 C.
1864 188 1930 216 1737

1809 1945 1938 1965 Cnuxllln'l')

1756 1977 1760 1996 ι
1764 1978 1813 1991 =====
1817 1972 1867 1990 lit-ta
1917 1971 1938 1991 Ia

1756 2031 1879 2050 §paulatum

1909 2031 1939 2044 ld-
