2232 3178
29 263 76 291 An.
97 263 125 288 G.
145 261 210 288 1737

39 430 108 451 Mutus
123 429 204 449 statuae

27 456 137 484 provinciis
160 461 204 475 iuo-

25 485 60 509 pia
75 488 150 508 pressis
175 487 203 501 iu-

26 512 79 535 sseiiti
105 514 204 534 pecunia-

26 542 68 556 rum
84 540 144 561 copia
156 534 203 554 sub-

26 562 90 585 venit,
104 564 124 581 et
147 560 202 580 domi

25 594 74 609 uuae
98 587 202 608 parisien-

25 621 52 636 με
64 614 90 635 ad
106 614 146 634 duu
158 613 203 633 inil-

23 642 51 663 lia
100 645 202 666 pauperos

24 667 116 695 quotidie
128 667 201 687 reticit-

42 1330 80 1351 Tot
94 1330 200 1355 tantisque

23 1360 104 1378 vexatus
132 1362 200 1380 curis,

23 1389 124 1410 nunquam
164 1383 199 1402 de·

22 1411 129 1437 primitur,
162 1409 199 1429 sed

22 1443 96 1463 prunus
110 1442 135 1456 au
145 1442 199 1456 sum·

22 1469 52 1485 me
92 1463 199 1483 beneficus

22 1495 90 1510 omnes
116 1495 198 1515 aequa-

22 1517 101 1537 nimiter
115 1516 199 1541 accipit,

22 1549 46 1563 ac
59 1549 75 1564 s·
90 1542 146 1562 atiud
169 1543 197 1562 ni-

21 1570 49 1590 bil
75 1569 113 1589 sun
143 1571 197 1589 esset

21 1595 130 1622 ast-ndum.

823 261 967 286 CLEMENS
994 262 1035 285 xu
1062 262 1111 286 Pr.

216 309 370 353 dispulsis
407 309 580 343 idolatriae
618 310 762 343 tenebris
788 311 827 343 ad
853 311 958 344 lucem

215 363 358 397 veritatis
383 363 529 396 adduxit.

258 415 355 460 §⁶25
394 417 427 449 ln
465 417 600 450 remotis
636 423 743 450 autem
782 417 958 460 provinciis

214 470 393 503 animarum
420 470 556 502 salutem
583 476 753 513 expetens,
781 481 957 513 corporum

215 523 311 557 etiam
339 524 541 565 egestatibus
575 525 744 557 consulere
771 535 836 557 uon
863 524 957 557 ouiit-

216 577 312 616 tebat,
338 583 373 608 ut
399 588 457 619 per
489 578 684 620 temporalia
717 578 861 610 subsidia
894 588 958 610 ear-

213 631 303 663 nales
322 629 473 663 homines
495 631 532 663 ad
553 631 653 663 Deum
679 631 872 663 attraheret.
898 630 956 662 lta-

214 694 276 726 que
303 694 367 716 non
395 684 493 716 modo
529 683 787 725 Lotharingiam,
823 683 957 726 Campa-

213 736 308 776 niam,
335 736 528 775 Picardiam,
556 742 658 778 peste,
693 736 774 768 sume
800 737 956 779 belloque

213 795 361 829 vastatas,
386 789 522 831 largiter
542 789 665 828 refecit,
689 789 798 821 missis
816 788 956 831 ingenti-

212 843 272 875 bus
290 842 502 885 pecuniarum
521 842 667 881 summis,
689 842 726 874 ad
750 851 829 885 quas
847 842 955 874 distri-

210 896 358 928 buendas
390 896 478 928 fideli
506 898 605 939 opera
637 896 819 928 Puellarum
846 894 956 928 Cliari-

213 949 283 982 tatis
309 950 482 988 utebatur,
515 950 573 982 sed
606 949 637 981 in
673 949 744 982 aliis
781 948 877 981 etiam
911 959 956 982 re-

212 1002 400 1035 motissimis
427 1002 618 1045 regionibus
636 1002 823 1035 bominibus
845 1002 955 1045 inopia

211 1061 266 1088 aut
292 1055 476 1088 calamitate
502 1054 609 1098 aliqua
636 1055 862 1089 laborantiluis
884 1056 955 1088 sub-

211 1109 310 1142 venit.
339 1109 375 1141 Et
411 1119 483 1141 cuin
520 1109 590 1152 ipsa
616 1109 810 1142 Parisiorum
842 1109 953 1142 civitas

211 1162 335 1205 ingenti
361 1173 511 1196 annonae
531 1163 666 1206 penuria
685 1163 874 1205 gravissime
902 1174 955 1196 ve-

211 1222 355 1256 xaretur,
384 1216 470 1249 domi
497 1227 573 1249 suae
600 1217 638 1249 ad
665 1217 727 1249 duo
755 1216 857 1249 millia
878 1227 955 1259 pau-

210 1280 325 1314 perum
351 1271 557 1303 sustentavit.

254 1324 269 1368 §
294 1323 347 1356 26.
377 1324 413 1356 Et
434 1334 628 1367 quamquam
655 1324 752 1356 variis
779 1324 954 1367 multisque

212 1382 276 1410 tum
303 1378 412 1421 regiae
438 1379 545 1419 aulae,
574 1383 640 1410 tum
670 1388 747 1410 suae
774 1378 955 1421 Congrega-

212 1431 319 1471 tionis,
356 1431 559 1474 aliorumque
596 1432 745 1463 locorum
777 1441 858 1474 quae
884 1431 955 1463 sun-

210 1485 361 1525 daverat,
387 1485 435 1517 vel
462 1495 598 1528 quorum
635 1495 745 1516 curam
785 1484 928 1516 babebat.
946 1511 953 1524 ,

210 1538 373 1571 diStentus
393 1538 533 1580 negotiis
552 1543 650 1577 essct,
667 1537 833 1581 inquibus
849 1537 956 1570 omni-

209 1593 270 1625 bus
297 1592 493 1625 indefessam
518 1591 557 1624 ad
577 1591 631 1624 Dei
651 1591 789 1633 gloriam
817 1592 956 1624 navabat

209 1656 362 1688 operam',
392 1651 497 1678 tamen
526 1645 670 1677 omnium
702 1645 954 1678 necessitatibus

209 1699 434 1737 subveniebat,
461 1698 606 1731 omnium
633 1698 822 1732 sublevabat
858 1710 956 1741 angu-

208 1752 299 1792 stias,
319 1753 444 1784 nullum
471 1763 487 1784 a
513 1762 546 1784 se
571 1753 768 1795 repellebat,
791 1763 904 1786 onmes
922 1753 954 1785 in

208 1805 336 1838 Christo
357 1806 651 1848 complectebatur.
671 1805 820 1838 Profecto
836 1805 953 1838 mirum

208 1865 276 1892 erat
301 1859 388 1902 quod
409 1859 530 1891 nemini
555 1859 592 1891 ad
613 1869 646 1891 se
666 1864 801 1901 negaret
820 1859 951 1899 aditum,

208 1912 321 1945 faciles
341 1911 484 1945 omnium
504 1912 781 1955 postulationibus
808 1924 955 1946 accomo-

208 1965 300 1998 daret
318 1975 420 2004 aures,
436 1965 558 1997 blande
577 1965 802 2009 responderet,
818 1966 954 1999 comiter

208 2019 390 2062 exciperet,
417 2018 540 2051 nullius
566 2019 745 2052 concitaret
774 2019 951 2061 invidiam,

207 2073 273 2112 sed,
302 2072 455 2105 omnibus
474 2072 586 2106 omnia
607 2073 715 2113 faetus,
735 2074 872 2106 aliorum
899 2085 953 2107 cu-

206 2131 295 2159 raret
320 2136 470 2169 corpora,
490 2126 627 2159 aliorum
653 2133 782 2159 sanaret
807 2127 950 2170 spiritus,

208 2184 239 2212 et
261 2186 360 2222 prout
385 2179 523 2223 quisque
549 2179 703 2222 indigens
722 2186 802 2221 erat,
823 2187 875 2213 aut
901 2193 953 2214 ve·
972 2198 974 2204 ·

207 2233 380 2273 stimentis,
408 2238 461 2265 aut
486 2233 688 2276 sumptibus,
716 2240 769 2267 aut
794 2235 950 2275 doctrina,

207 2285 357 2326 vestiret,
384 2287 508 2326 aleret,
536 2287 737 2327 instrueret,
772 2288 974 2332 ostendens,¹

207 2339 645 2381 ‹⁷1ueuiaduiodum,etsinon
662 2340 815 2373 omnibus
832 2342 950 2382 emnia,
971 2374 973 2388 ,

207 2393 358 2425 erunibus
385 2399 490 2425 tamen
525 2393 692 2432 charitas,
721 2395 801 2427 nulli
836 2389 973 2433 debeas

208 2451 258 2478 tur
291 2445 431 2485 iniuria,
460 2446 581 2478 etenim
616 2446 750 2480 iniurias
768 2475 775 2487 ‚
803 2459 884 2491 quae
913 2439 973 2490 ab}

207 2497 278 2530 aliis
295 2498 354 2530 sibi
376 2502 514 2540 propter
532 2498 686 2531 iustitiam
709 2499 949 2542 inserebantur,
972 2495 974 2509 '

208 2555 330 2594 tantum
353 2550 468 2590 abfuit,
488 2555 531 2591 ut,
550 2561 620 2583 ctuu
641 2551 733 2585 facile
760 2559 879 2595 posset,
905 2556 952 2588 ul-

207 2603 393 2644 cisceretur,
418 2602 496 2647 quin
523 2613 630 2647 neque
654 2615 797 2648 unquam
824 2606 862 2638 de
889 2606 952 2640 illis

208 2657 300 2703 queri
326 2658 455 2692 auditus
473 2658 579 2700 suerit,
599 2658 687 2703 quia,
709 2659 747 2692 dc
766 2669 799 2693 se
822 2660 952 2694 humili-

1642 254 1705 288 239

1004 316 1051 343 ter
1076 311 1235 352 sentiens,
1254 312 1339 352 illas,
1360 313 1385 345 si
1406 313 1538 355 quando
1558 312 1748 356 accipiebat,

1002 364 1117 397 merito
1143 375 1176 398 se
1203 366 1269 408 pati
1301 366 1477 399 iudicabat.
1517 366 1628 409 ltaque
1665 366 1747 399 adeo

1002 417 1138 460 patienti
1158 419 1265 452 animo
1286 429 1338 452 eas
1365 419 1448 459 tulit,
1470 425 1504 452 ut
1529 430 1545 452 a
1563 419 1746 452 convicium

1002 470 1062 503 sibi
1090 470 1228 504 saciente
1254 472 1379 505 veniam
1402 472 1492 505 ssexis
1511 472 1648 515 genibus
1665 473 1748 515 peti-

1002 524 1099 563 verit,
1123 525 1318 566 percutienti
1341 531 1449 558 autern
1476 526 1651 567 maxillam,
1671 527 1748 560 alte-

1000 587 1067 610 ram
1093 577 1261 611 huiniliter
1282 578 1484 621 praebuerit.

1044 630 1058 673 ἓ
1083 630 1137 663 ⁶27.
1158 631 1312 664 Militibus
1338 635 1433 665 caeca
1458 632 1547 665 rabie
1575 638 1606 666 et
1632 633 1745 667 insano
1778 646 1828 665 init.
1849 647 1942 667 sur-mm

1756 673 1846 692 tntillum
1858 673 1941 697 ptam-ni

1001 683 1125 716 surore¹
1145 684 1378 717 infortunatum
1397 686 1568 728 quemdam
1588 686 1891 729 artificem„vm-imm.>
1906 707 1931 719 1...

999 737 1062 769 iam
1089 738 1292 770 vulneratum
1318 738 1414 771 nudis
1441 739 1566 781 gladiis,
1590 745 1624 771 ut
1650 728 1940 773 mortiL‘:.{¹.Z‘s't.1''¹.'L‘I.T-¹.¹l

1001 791 1175 830 traderent,
1202 792 1489 834 persequentibus,
1509 803 1629 836 eorpus
1651 803 1743 826 suum
1757 780 1794 800 '³¹¹⁵
1815 784 1886 806 ‘'¹⁸¹‘'

999 844 1165 887 opposuit,
1191 850 1223 877 et
1247 855 1280 878 se
1307 845 1338 877 in
1365 851 1515 888 apertum
1533 846 1616 880 vitae
1636 846 1746 879 discri-

1000 907 1070 929 ni.n
1097 897 1236 938 obiecit,
1266 903 1301 930 ut
1325 898 1391 931 Deo
1418 899 1620 941 lucraretur,
1648 910 1746 943 quem

999 961 1014 983 e
1042 950 1187 984 saucibus
1219 952 1402 994 praesentis
1440 953 1569 993 mortis,
1596 953 1745 996 periculo

999 1004 1115 1047 capitis
1140 1010 1171 1037 et
1196 1005 1365 1046 sanguinis
1391 1004 1460 1045 sui,
1488 1005 1685 1049 eripuisset3
1714 1012 1747 1040 et

998 1057 1143 1100 quidem,
1171 1060 1258 1090 tanta
1294 1063 1425 1101 tamque
1458 1058 1612 1092 inusitata
1643 1060 1745 1093 animi

998 1110 1190 1144 fortitudine
1215 1111 1360 1144 attonitis
1388 1117 1419 1145 et
1445 1112 1551 1145 verbis
1578 1113 1662 1146 servi
1687 1114 1745 1147 Dei

998 1164 1132 1197 mollitis
1153 1165 1291 1198 militum
1317 1165 1441 1205 animis,
1469 1166 1573 1209 pacati
1600 1176 1746 1200 recesse-

998 1222 1092 1257 runt·,
1119 1217 1218 1250 miser
1243 1223 1350 1251 autem
1376 1219 1432 1252 ille
1459 1219 1547 1251 vivus
1569 1219 1682 1253 evasit.

1043 1272 1058 1312 ξ·
1084 1269 1138 1303 028.
1166 1270 1226 1304 Sed
1261 1271 1412 1314 quoniam
1445 1272 1629 1306 dominicus
1655 1283 1743 1316 ager,
1782 1284 1843 1305 Licet
1861 1285 1939 1305 attacta

998 1324 1089 1357 cuius
1106 1323 1184 1358 nos²
1199 1325 1340 1368 operarii
1360 1337 1476 1366 sumus,
1497 1331 1628 1360 rorante
1648 1314 1940 1367 degn-{Ziiwfflfiiff‘issf}

998 1389 1058 1421 per
1082 1378 1186 1421 gratia
1204 1378 1269 1418 Dei,
1291 1377 1353 1412 [ide
1372 1379 1526 1420 munitur,
1545 1380 1677 1414 ieiuniis
1695 1370 1940 1437 ex-{iii’ss¹[2¹¹c‘}¹ss¹„.'⁵‘it¹ss¹s.

1769 1424 1804 1438 era
1818 1423 1877 1438 lones
1910 1425 1929 1439 ln

998 1437 1141 1471 ercetur‚
1160 1432 1377 1476 eleemosynis
1395 1433 1523 1475 seritur,
1539 1434 1743 1468 orationibus
1756 1447 1859 1468 ternuuu,
1875 1430 1940 1469 ³024

1755 1473 1804 1491 veru
1829 1472 1877 1491 dum
1900 1473 1927 1491 ti·-

999 1485 1232 1526 foecundatam
1271 1486 1345 1519 ideo
1386 1486 1500 1520 beatus
1537 1487 1821 1529 Vincentius,ci.--m
1843 1505 1940 1523 reanum-

997 1550 1037 1573 ne
1063 1540 1209 1572 mortalis
1242 1540 1389 1583 corporis
1422 1540 1584 1584 spirituali
1617 1526 1941 1576 cultura{?.i.¹.'.iii‘¹v¹i-‘s's‘iii-‘

998 1594 1146 1635 neglecta
1167 1603 1361 1635 generosum
1387 1604 1520 1636 germen
1547 1594 1687 1638 periret,
1712 1582 1796 1628 etun*

999 1645 1243 1678 innascentibus
1269 1645 1369 1688 spinis
1397 1658 1433 1679 ae
1451 1647 1580 1680 tribulis
1607 1658 1643 1681 ea
1668 1659 1746 1692 pro-

999 1699 1208 1739 ducerentur,
1236 1710 1317 1742 quae
1344 1700 1467 1733 urenda
1491 1707 1565 1734 sunt
1589 1702 1742 1743 flammis,

997 1763 1061 1785 non
1081 1763 1162 1796 quac
1184 1752 1352 1786 dominicis
1367 1753 1493 1787 horreis
1509 1756 1744 1796 reconduntur,

997 1807 1144 1839 membra
1169 1816 1226 1839 sua
1252 1807 1398 1848 domare,
1423 1808 1530 1841 cilicio
1557 1814 1742 1851 conterere,

997 1858 1128 1891 ieiuniis
1154 1859 1292 1903 aliisque
1319 1860 1545 1903 poenitentiae
1572 1862 1744 1905 operibus,

996 1913 1173 1956 praecipue
1199 1913 1231 1945 in
1258 1914 1487 1948 communibus
1512 1915 1610 1949 totius
1628 1916 1745 1950 Gallia-

996 1976 1066 1999 rum
1092 1967 1186 2010 regni
1213 1973 1244 2000 et
1264 1967 1449 2002 Catholicae
1466 1968 1631 2003 Ecclesiae
1657 1971 1742 2004 cala-

1758 266 1811 293 An.
1828 266 1854 291 t).
1876 266 1941 293 «737

973 2028 975 2041 ³
996 2020 1174 2060 mitatibus,
1201 2023 1382 2054 consuevit.

1040 2075 1054 2117 g
1081 2073 1134 2107 ⁶20.
1162 2074 1192 2108 Si
1220 2074 1251 2107 in
1278 2075 1412 2118 negotio
1443 2075 1554 2120 aliquo
1587 2077 1676 2120 gravi
1711 2083 1743 2112 et
1775 2083 1939 2130 ,Q'hf'wss‘fi

997 2127 1120 2160 difficili
1153 2128 1346 2160 sententiam
1382 2134 1514 2171 rogatus
1548 2116 1871 2181 1'esponsumffii3'iwum
1900 2118 1927 2130 Μ’

996 2180 1073 2213 dare
1099 2186 1286 2223 cogeretur,
1314 2186 1368 2214 aut
1392 2181 1418 2214 si
1446 2182 1570 2226 aliquid
1604 2170 1883 2242 ardiiumffikffussn
1902 2198 1925 2236 'k

996 2238 1026 2265 et
1051 2233 1218 2266 insolitum
1245 2233 1428 2267 faciendum
1446 2235 1507 2268 sibi
1534 2236 1813 2279 propositum-w·u
1851 2228 1936 2279 sau-“13

996 2292 1092 2328 esset,
1106 2286 1217 2327 Deum,
1233 2292 1268 2319 ut
1285 2293 1418 2321 sanctus
1436 2299 1491 2321 rex
1512 2289 1621 2330 David,
1639 2277 1844 2333 prius-‹iiii-”mm
1877 2276 1936 2291 ’Μ-

995 2351 1091 2384 quam
1117 2351 1185 2373 rem
1211 2341 1457 2384 aggrederetur,
1477 2343 1683 2383 consulebat,
1710 2350 1743 2376 et

995 2395 1129 2436 supplex
1157 2404 1175 2426 a
1201 2394 1293 2426 Patre
1319 2394 1476 2427 luminum
1496 2396 1684 2438 postulabat
1707 2402 1742 2429 ut

995 2446 1094 2480 menti
1122 2457 1199 2480 suae
1226 2448 1331 2480 lucem
1358 2447 1428 2480 eius
1455 2447 1611 2481 claritatis
1633 2448 1740 2483 insun-

996 2500 1110 2542 deret,
1147 2501 1209 2544 qua
1246 2506 1277 2533 et
1314 2511 1395 2544 quae
1431 2502 1662 2545 respondenda
1687 2509 1741 2536 aut

1032 2583 1042 2607 1
1067 2581 1189 2608 Pessime
1210 2581 1253 2608 ed,
1273 2581 1355 2609 Maia.
1371 2581 1439 2616 legit
1453 2583 1553 2616 favore
1573 2590 1621 2617 pro
1641 2584 1741 2618 furore

1033 2645 1038 2651 .
1055 2631 1080 2651 τ.
1099 2645 1106 2653 .

1030 2670 1046 2696 2
1067 2628 1136 2697 liittt.
1159 2669 1239 2697 Main.
1262 2669 1329 2705 legit
1350 2679 1405 2698 uon
1427 2679 1474 2707 pro
1496 2679 1546 2699 uos
1566 2674 1603 2707 (n.
1619 2673 1668 2706 T.).

995 2627 1025 2659 (n
