2232 3178
2131 0 2232 109 Ἤ

2205 109 2210 123 t

2207 173 2211 196 l

302 267 396 296 Amc.
419 267 485 294 t738
532 259 595 292 476
1073 268 1252 291 normaton
1276 267 1432 290 Romnum

383 1425 479 1452 pei-onnia

293 1457 333 1472 non
364 1452 479 1472 admitti-n·

294 1479 326 1498 dis
341 1479 368 1498 ad
385 1481 478 1498 nostrum

293 1509 390 1525 nanctum
416 1504 478 1525 hatn-

294 1533 345 1553 tum.

534 325 572 346 tv.
597 316 704 346 Omnes
728 315 830 344 novitii
855 315 961 345 debent
984 315 1133 354 suscipere
1155 315 1235 344 hubi-

496 369 568 399 tum,
591 366 710 404 ipsoque
729 364 826 393 vestiri
845 365 871 393 in
890 364 975 394 domo
993 364 1161 401 novitiatus,
1179 365 1233 394 nisi

446 416 459 429 ‘
493 423 560 443 raro
583 418 610 443 et
634 415 772 452 expressit
795 414 915 442 licentia
937 414 1098 453 superioris
1115 410 1263 451 genera-i

495 461 529 490 lis
552 471 615 491 cum
641 462 737 500 aliquo
763 462 812 491 stat
843 461 1020 500 dispensatio
1050 466 1081 491 ut
1105 461 1232 491 habitum

494 510 615 548 recipiat
641 510 668 539 in
693 510 777 539 domo
800 510 868 547 alia,
893 510 920 539 in
945 519 999 548 qna
1024 510 1110 539 fucrit
1132 520 1235 549 appro-

493 558 598 595 batus,
623 563 650 588 et
674 559 770 588 statim
803 568 834 587 ac
857 563 997 588 statutum
1027 563 1143 588 nostrae
1166 559 1232 588 reli-

493 608 588 645 gionis
624 608 754 637 habitum
786 608 972 647 susceperit,
1004 608 1166 637 deducatur
1199 608 1233 637 ad

493 656 678 692 novitiatum‚
703 655 756 685 sub
780 658 873 695 poen-:t
902 656 999 694 gravis
1028 657 1130 695 culpae
1158 656 1232 685 inlli—

496 704 592 741 genda
614 705 759 743 superiori
792 705 840 743 qui
871 705 953 734 illum
977 705 1153 741 detinuerit,
1180 715 1233 735 nec

494 752 684 791 provincialis
719 753 747 782 in
776 753 829 781 hoc
859 753 962 791 poterit
994 753 1173 792 dispensare.
1198 753 1233 783 Ut

492 806 589 830 autem
609 803 637 831 in
654 802 738 830 domo
763 802 923 832 novitiatus
946 802 1046 831 habitu
1070 807 1168 832 nostro
1191 803 1234 831 in-

492 851 610 888 duatur,
635 852 731 880 statim
756 860 788 880 ac
811 851 917 890 aliquis
940 852 1101 890 perveniat,
1126 852 1234 881 suflicit

493 901 569 938 quod
605 900 792 938 recipiendus
825 900 858 929 ad
892 900 1013 930 chorum
1049 901 1183 930 ministro
1207 905 1232 930 et

493 948 633 985 magistro
666 949 842 977 novitiorum
872 949 1023 986 consignet
1050 948 1162 978 litteras
1186 958 1233 987 pa-

493 1000 586 1026 tentes
611 997 820 1035 provincialis,
845 997 887 1026 vel
913 997 1097 1036 recipiendus
1120 998 1154 1026 ad
1178 1002 1235 1026 sta-

492 1049 552 1074 tum
578 1046 642 1075 laici
667 1046 779 1074 litteras
803 1046 962 1084 superioris
985 1046 1128 1084 generalis
1152 1055 1234 1085 prae-

491 1094 627 1132 cipientis
657 1094 714 1123 illis
747 1104 812 1123 eum
846 1094 944 1124 babitu
974 1095 1083 1124 vestiri.
1109 1095 1231 1124 Praelati

492 1151 559 1170 vero
577 1151 724 1180 nunquam
749 1142 859 1171 similes
875 1143 987 1172 litteras
1003 1143 1164 1172 concedere
1184 1148 1233 1171 aut

493 1190 609 1227 elargiti
630 1195 778 1229 poterunt,
795 1191 864 1229 quin
883 1192 964 1229 prius
982 1191 1038 1220 illis
1055 1196 1166 1220 constet
1182 1201 1234 1220 au-

492 1239 621 1268 thentice
645 1241 678 1268 de
702 1240 911 1278 approbatione
941 1240 1181 1269 informationum
1206 1245 1233 1269 et

492 1289 711 1317 communitatis
747 1289 824 1317 circa
859 1298 971 1326 mores,
1008 1293 1232 1327 ceterorumque

491 1346 564 1375 quae
589 1337 697 1366 fuerint
721 1338 896 1366 necessaria.

530 1396 549 1414 1.
575 1385 635 1414 Non
661 1386 851 1415 admittantur
873 1387 907 1415 ad
932 1390 1062 1416 nostrum
1086 1386 1230 1422 habitum,

490 1434 540 1473 qui
558 1434 756 1464 infirmitatem
775 1435 877 1465 habeat
894 1437 1102 1474 contagiosam,
1121 1436 1164 1465 vel
1181 1437 1230 1474 qui

490 1483 527 1512 sit
551 1483 593 1512 vel
617 1483 705 1512 fuerit
729 1484 919 1522 mancipium,
940 1494 992 1513 nce
1015 1485 1063 1523 qui
1089 1485 1229 1514 saeculari

490 1537 568 1561 veste
592 1531 710 1561 indutus
733 1538 864 1561 nostrum
888 1532 1020 1563 habitum
1044 1533 1183 1572 petierit,
1207 1534 1230 1562 si

490 1580 577 1610 fuerit
601 1581 760 1619 professus,
784 1581 846 1610 sive
870 1582 980 1619 valide,
1005 1582 1065 1611 sive
1088 1581 1230 1619 invalide,

488 1630 537 1659 in¹
552 1631 606 1660 alia
627 1641 811 1671 quacumque
828 1632 1052 1670 congregatione
1069 1633 1156 1662 etiam
1180 1641 1231 1662 no-

488 1677 542 1706 stri
557 1676 686 1715 Ordinis,
704 1687 730 1707 V.
745 1688 773 1715 g.
790 1678 819 1707 in
843 1679 974 1717 patribus
992 1679 1100 1708 nostris
1117 1679 1231 1709 Calcea-

489 1725 537 1763 tis,
557 1731 605 1755 aut
627 1726 712 1756 etiam
731 1727 759 1756 in
779 1727 966 1757 Discalceatis
990 1728 1033 1757 vel
1056 1728 1230 1758 Reformatis

488 1775 619 1804 eiusdem
648 1775 766 1805 Ordinis
793 1785 849 1805 non
883 1776 1024 1806 subiectis
1047 1781 1162 1806 nostrae
1188 1777 1231 1806 iu-

487 1824 664 1854 risdictioni.
683 1824 740 1854 Nec
757 1825 843 1854 etiam
865 1825 1037 1855 admittatur
1053 1825 1229 1864 neophitus

488 1882 541 1902 nec
564 1873 614 1912 qui
638 1873 822 1903 descenderit
845 1883 897 1913 per
928 1874 1034 1903 lineam
1068 1878 1177 1904 rectam
1200 1874 1229 1903 in

488 1921 617 1960 quolibet
640 1922 731 1959 gradu
755 1931 769 1951 a
792 1922 915 1960 iudaeis,
934 1923 1100 1959 haereticis,
1120 1923 1230 1952 mauris

488 1970 532 1999 vel
556 1971 710 2001 mauriscis
725 1995 732 2009 ‚
756 1981 809 2001 nec
832 1971 931 2010 ullus,
956 1972 1039 2002 euius
1063 1971 1231 2011 praedeces-

488 2029 570 2048 sores
593 2029 644 2058 per
667 2020 773 2050 tineam
798 2020 883 2050 etiam
907 2025 1028 2058 rectam,
1050 2030 1084 2050 ac
1106 2021 1134 2050 in
1158 2030 1230 2059 quo-

487 2068 557 2097 libet
579 2069 666 2098 etiam
690 2069 792 2107 gradu,
811 2069 846 2100 ob
869 2070 1000 2100 haeresis
1023 2070 1068 2100 vel
1091 2070 1228 2100 iudaismi

488 2117 531 2146 vel
549 2121 645 2146 sectae
668 2118 890 2148 mahometanae
907 2119 1030 2148 crimina
1055 2119 1149 2158 puniti
1167 2119 1229 2148 fue-

487 2165 547 2194 rint
571 2164 606 2194 ab
628 2165 793 2195 haereticae
816 2167 969 2206 pravitatis
991 2166 1226 2205 inquisitoribus

486 2213 566 2248 Quod
591 2214 613 2243 si
637 2215 744 2253 aliquis
777 2225 811 2244 ex
844 2216 929 2245 dictis
957 2216 986 2245 in
1012 2216 1064 2245 hac
1086 2216 1229 2245 constitu-

488 2263 578 2301 tione,
596 2264 694 2293 celans
718 2264 835 2303 aliquod
858 2275 891 2294 ex
915 2266 1115 2304 praenarratis
1137 2265 1228 2304 impe-

486 2311 638 2350 dimentis,
656 2313 865 2352 professionem
883 2314 984 2343 fecerit
999 2314 1073 2353 apud
1092 2323 1155 2351 nos,
1170 2318 1228 2343 sta-

487 2360 535 2390 tim
560 2370 593 2390 ac
615 2361 767 2399 detegatur
784 2362 841 2391 tale
856 2362 1109 2401 impedimentum,
1129 2363 1227 2392 eiicia-

486 2414 554 2447 tur,
578 2411 645 2450 quia
669 2411 771 2449 religio
805 2421 861 2441 non
894 2415 1022 2451 praestat
1051 2421 1134 2441 suum
1158 2421 1226 2441 con-

486 2468 603 2489 sensum
626 2460 659 2489 ad
684 2460 769 2489 talem
794 2461 1016 2500 professionem.
1041 2460 1226 2500 Quapropter

485 2517 585 2538 omncs
608 2508 637 2537 in
661 2508 776 2547 publico
805 2518 901 2539 coram
934 2509 1142 2539 communitate
1165 2519 1225 2539 mo-

484 2562 609 2587 neantur
632 2562 697 2587 ante
719 2558 914 2597 receptionem
939 2558 1066 2596 habituS,
1091 2563 1118 2588 et
1140 2558 1224 2588 etiam

484 2611 550 2637 ante
573 2606 794 2646 professionem.
819 2607 899 2643 Quod
918 2608 942 2637 si
959 2607 1085 2637 habeant
1108 2607 1224 2647 aliquod

520 2661 530 2687 1
554 2659 703 2696 Praeposit.
724 2660 758 2688 in
778 2668 827 2688 uos
847 2660 971 2688 addimus
989 2660 1031 2695 (a.
1047 2661 1097 2695 T.).

1279 325 1312 344 ex
1337 314 1553 353 impedimentis
1581 314 1609 344 in
1633 315 1687 344 hoc
1710 323 1832 344 numero
1861 313 2015 352 enarrans,

1279 364 1420 403 professio
1443 363 1569 401 (etiamsi
1589 363 1650 402 stat)
1668 363 1791 393 invalida
1815 368 1843 394 et
1866 364 1943 393 nulla
1960 367 2014 399 est,

1278 409 1410 446 quamvis
1439 408 1571 446 pluribus
1602 409 1686 437 annis
1719 408 1747 437 in
1781 408 1922 444 religione
1944 408 2014 437 sint.

1278 457 1474 487 Admonemus
1508 462 1602 487 tamen
1636 457 1669 486 asl
1699 457 1870 486 eiectionem
1895 456 2016 495 professi

1279 506 1395 544 procedi
1418 516 1473 535 non
1500 515 1592 544 posse,
1611 506 1666 535 nisi
1683 506 1758 535 infra
1782 507 2015 545 quinquennium

1278 564 1291 583 a
1315 555 1361 584 die
1386 555 1586 593 professionis,
1606 559 1634 584 et
1652 555 1785 584 dedoctis
1801 554 1896 584 causis
1918 563 2014 584 coram

1278 603 1428 642 superiore
1450 612 1501 632 suo
1517 606 1545 631 et
1568 602 1734 640 Ordinario,
1752 603 1785 632 ad
1802 602 2014 641 praescriptum

1277 651 1352 681 sacri
1371 652 1492 681 Concilii
1508 651 1690 688 Tridentini;
1709 652 1796 690 quod,
1814 661 1848 681 ex
1871 651 2016 680 sententia

1277 709 1376 730 sacrae
1399 701 1658 738 Congregationis,
1686 701 1820 730 vendicat
1842 699 1896 730 sibi
1919 700 2015 730 locum

1277 759 1334 778 non
1359 749 1443 779 modo
1466 749 1583 788 quando
1611 749 1746 779 subditus
1779 749 1842 779 vult
1870 749 2016 778 deducere

1277 807 1378 827 causas
1397 798 1541 827 nullitatis
1558 807 1626 827 suae
1649 798 1849 836 professionis,
1863 797 1912 826 sed
1929 797 2015 826 etiam

1277 847 1392 885 quando
1415 847 1548 886 superior
1566 847 1625 876 vult
1642 847 1723 876 illum
1746 847 1852 876 eiicere
1868 851 2015 885 tamquam

1277 895 1397 925 nulliter
1419 896 1593 934 professum.

1316 953 1345 973 n.
1380 944 1441 973 Non
1476 945 1669 974 admittantur
1701 949 1853 983 praeterea
1886 944 2015 982 religiosi

1278 993 1396 1031 professi
1421 993 1544 1022 alioruin
1568 993 1720 1027 Ordinum,
1745 993 1931 1031 religionum,
1949 1002 2017 1022 con-

1277 1043 1492 1079 gregationum,
1517 1042 1560 1071 vel
1584 1043 1771 1079 societatum,
1796 1042 1904 1081 absque
1928 1042 2017 1072 licen-

1277 1091 1318 1120 tia
1334 1091 1453 1129 capituli
1471 1091 1627 1129 generalis,
1647 1091 1889 1121 concurrentibus
1904 1091 2015 1122 duabus

1277 1140 1408 1178 partibus
1430 1150 1464 1169 ex
1488 1139 1583 1170 tribus
1616 1140 1824 1178 suffragiorum
1848 1140 2014 1170 vocalium:

1276 1194 1304 1217 et
1333 1198 1394 1218 eam
1422 1198 1479 1218 non
1504 1189 1660 1227 concedat,
1684 1190 1754 1228 quin
1781 1189 1862 1228 prius
1888 1189 2014 1228 perdat¹

1277 1237 1428 1276 privilegia
1468 1238 1612 1268 dictorum
1651 1238 1793 1268 Ordinum
1828 1241 1856 1267 et
1897 1246 2014 1268 causam

1277 1286 1437 1321 transitus,
1462 1291 1489 1316 et
1512 1291 1690 1316 concurrant
1724 1287 1778 1316 alia
1808 1287 1947 1326 requisita
1970 1295 2016 1316 sa-

1275 1344 1391 1364 crorum
1415 1344 1572 1365 canonum.

1315 1393 1354 1413 nt.
1381 1384 1504 1423 lnsuper
1537 1394 1590 1414 nec
1623 1384 1784 1424 recipiatur
1813 1385 1848 1414 ad
1870 1385 2012 1422 chorum,

1275 1433 1324 1471 qni
1348 1443 1405 1462 non
1429 1433 1532 1463 habeat
1565 1434 1667 1463 aetatis
1700 1433 1866 1472 quindecim
1900 1443 2012 1470 annos;

1276 1492 1328 1511 nec
1351 1482 1384 1511 ad
1407 1487 1513 1511 statum
1548 1482 1634 1519 laici,
1658 1483 1708 1521 qui
1736 1492 1792 1512 non
1816 1482 1951 1512 habuerit
1973 1482 2016 1512 vi-

1274 1531 1360 1567 ginti,
1379 1530 1423 1559 vel
1443 1531 1493 1569 qui
1515 1531 1673 1560 excesserit
1696 1531 2014 1570 trigesimumquintum

1275 1588 1406 1613 annuum
1430 1588 1483 1608 nee
1505 1579 1611 1618 aliquis
1639 1580 1812 1617 eunuchus,
1836 1589 1889 1609 nec
1913 1588 2015 1610 uxora-

1276 1632 1333 1663 tus,
1357 1628 1381 1657 si
1404 1637 1477 1657 uxor
1501 1632 1615 1657 maneat
1648 1628 1676 1657 in
1707 1629 1843 1662 saeculo:
1868 1638 1922 1659 nec
1944 1629 2015 1659 irre-

1276 1677 1346 1706 titus
1369 1677 1467 1716 aliqua
1500 1677 1739 1715 irregularitate,
1771 1678 1819 1716 qui
1853 1677 2015 1708 difficiliter

1275 1725 1441 1764 dispensari
1465 1726 1573 1765 possit3
1594 1735 1647 1755 nec
1666 1725 1776 1756 babens
1792 1725 1949 1756 notabilem
1965 1725 2015 1756 de-

1275 1773 1473 1811 formitatem,
1498 1783 1550 1804 nec
1582 1774 1737 1812 religiosus
1770 1775 1917 1813 professus
1938 1775 2014 1814 apud

1276 1827 1373 1862 patres
1396 1827 1511 1853 nostros
1544 1823 1716 1860 Calceatos,
1747 1823 1792 1853 vel
1821 1823 1895 1863 apud
1925 1824 2012 1854 aliam

1274 1873 1366 1902 nostri
1392 1872 1510 1902 Ordinis
1533 1874 1788 1911 congregationem
1815 1878 1896 1903 extra
1925 1873 2013 1904 iuris-

1274 1921 1431 1951 dictionem
1464 1927 1615 1960 nostram,
1645 1931 1698 1951 nec
1731 1922 1838 1961 aliquis
1870 1931 1904 1952 ex
1934 1931 2013 1952 com-

1274 1971 1426 2010 prehensis
1449 1971 1478 2000 in
1502 1971 1726 2009 interrogatorio
1752 1979 1804 2010 pro
1832 1971 2013 2002 informatio-

1273 2019 1359 2049 nibus
1374 2019 1552 2049 novitiorum
1572 2019 1646 2049 infra
1665 2020 1759 2059 posito
1776 2020 1957 2060 paragrapho
1970 2029 2012 2050 se-

1272 2069 1384 2107 quenti.
1404 2068 1506 2098 anlus
1524 2078 1557 2097 ex
1582 2068 1738 2107 praedictis
1760 2068 1789 2098 in
1813 2069 1867 2099 hoc
1891 2078 2011 2099 numero

1272 2118 1360 2147 tertio
1382 2117 1541 2156 recipiatur
1568 2117 1677 2156 absque
1702 2117 1820 2147 licentia
1852 2117 2011 2148 definitorii

1271 2166 1416 2204 generalis
1445 2166 1524 2195 illius
1556 2165 1701 2202 familiae,
1725 2171 1753 2196 et
1780 2166 1809 2196 in
1842 2166 1957 2196 casibus
1979 2166 2010 2197 in

1271 2215 1376 2254 quibus
1399 2215 1477 2244 illam
1495 2215 1654 2245 concedere
1668 2215 1759 2254 possit
1775 2216 1854 2246 iuxta
1870 2216 1916 2246 ius
1931 2225 2009 2246 com-

1271 2273 1358 2293 mune
1381 2267 1408 2293 et
1427 2268 1541 2293 nostras
1563 2264 1798 2302 constitutiones,
1815 2268 1843 2294 et
1860 2273 2009 2304 nunquam

1270 2312 1349 2342 illam
1380 2312 1540 2351 concedat,
1575 2317 1606 2343 ut
1633 2313 1738 2343 iterum
1770 2313 1928 2353 recipiatur
1959 2313 2009 2352 qui

1270 2362 1323 2391 suit
1345 2366 1428 2392 antea
1452 2362 1578 2392 novitius
1601 2367 1716 2392 nostrae
1739 2363 1890 2401 religionis
1909 2362 1953 2392 vel
1969 2362 2010 2393 al-

1270 2410 1384 2448 terius,
1416 2410 1478 2440 sine
1508 2411 1625 2450 praevio
1661 2411 1797 2441 examine
1828 2421 1932 2441 causae
1963 2410 2009 2441 sui

1269 2468 1402 2497 egressus
1430 2460 1464 2490 de
1488 2460 1579 2499 ipsius
1611 2460 1770 2490 definitorii
1803 2460 2009 2490 commissione

1270 2509 1411 2539 faciendo.
1443 2509 1584 2539 Volumus
1616 2514 1710 2540 tamen
1741 2510 1818 2549 quod
1847 2510 1870 2540 si
1902 2510 2008 2550 aliquis

1269 2567 1303 2587 ex
1328 2559 1414 2588 dictis
1444 2563 1471 2589 et
1504 2559 1660 2598 prohibitis
1690 2559 1719 2589 in
1752 2560 1796 2589 his
1819 2559 1934 2590 duobus
1955 2569 2008 2590 nu-

1269 2607 1356 2637 meris
1379 2609 1507 2646 (nempe
1531 2608 1658 2637 secundo
1684 2612 1712 2638 et
1735 2609 1819 2638 tertio
1848 2608 1934 2639 huius
1958 2617 2008 2648 pa-

1304 2661 1315 2687 1
1338 2659 1439 2688 Forsan
1455 2661 1564 2696 pendat
1582 2662 1625 2696 (R.
1647 2661 1698 2697 T.).
1834 2660 1836 2663 '

2020 265 2074 293 An.
2089 266 2119 295 G.
2139 238 2211 298 1738ἐ
