2232 3178
285 219 381 244 Amo.
402 217 468 245 ¹735
514 208 555 241 32

478 270 592 300 contra
614 266 698 299 lianc
722 270 866 299 nostram
892 264 1162 309 prohibitionem,
1180 264 1219 297 ab

478 320 524 353 eis
550 330 729 363 eorumque
766 319 886 359 curiis,
913 329 1042 352 necnon
1080 319 1177 352 etiam
1203 330 1220 351 a

479 373 573 406 dictis
599 373 816 406 cardinalibus
842 372 881 406 de
906 374 1006 407 latere
1030 373 1155 416 legatis,
1183 383 1219 405 ac

478 426 691 458 cardinalium
733 425 1038 468 congregationibus
1054 453 1061 465 ,
1105 426 1218 458 tactum

480 479 587 519 fuerit,
612 490 684 512 cum
710 479 785 511 inde
812 479 935 521 pariter
960 479 1120 522 sequutis,
1149 479 1218 522 ipso

478 532 548 564 iure
574 532 698 564 nullum
724 542 760 563 ac
784 531 930 572 irritum,
959 531 1144 574 nulliusque
1169 542 1219 565 ro-

476 585 563 618 boris
590 591 621 618 et
646 585 802 618 momenti
829 586 908 626 sore,
933 595 994 618 nec
1024 590 1086 618 tam
1113 585 1144 617 in
1171 585 1218 617 iu-

476 638 560 670 dicio
578 648 672 681 quam
691 643 778 670 extra
796 638 874 672 illud
893 638 1105 682 delinquenti,
1120 638 1215 671 etiam

475 690 512 722 ad
535 689 680 723 effectum
706 691 882 723 inducendi
909 696 941 724 et
965 691 1126 733 allegandi
1159 691 1216 724 bo-

475 753 548 775 nam
568 742 676 784 tidem,
696 744 858 777 ullatenus
880 744 1045 787 sutl'ragari
1068 754 1164 787 posse
1186 749 1216 777 et

476 796 608 829 debere.

294 861 462 886 Armonnnigiw
517 849 532 892 g
557 849 588 881 6.
616 849 661 882 Ad
685 849 766 883 haec
783 860 823 883 ne
842 851 909 883 ulla
928 850 1023 890 actio,
1041 850 1079 883 ad
1101 860 1214 883 necem

280 887 611 948 1:22⁰'5.3¹‘113'51221tendens
637 913 694 935 seu
720 902 959 945 praeordinata,
985 903 1089 935 inulta
1113 912 1215 936 rema-

280 942 568 995 ⁵¹iiiissrsfnissliff⁵neah
594 955 757 989 sancimus
793 962 825 989 et
861 956 1071 997 ordinamus,
1097 961 1131 988 ut
1155 966 1214 999 pro

281 992 430 1014 ‘'mm“”mae'
472 1003 640 1040 armoqun
676 1008 852 1050 ignitorum
890 1008 1079 1052 explosione
1110 1009 1215 1041 delin-

473 1070 595 1104 quens,
622 1060 647 1094 si
674 1062 854 1095 deliberate
880 1061 1060 1105 exploserit
1085 1067 1117 1094 et
1141 1062 1214 1094 sub-

472 1120 610 1158 sequuta
647 1114 688 1147 sit
724 1114 884 1155 offensio,
921 1115 1025 1148 ultimi
1062 1115 1212 1159 supplicii

473 1177 613 1210 poenam
634 1167 666 1200 in
687 1172 881 1211 perpetuum
906 1169 1062 1208 incurrat,
1082 1169 1132 1201 sin
1158 1179 1214 1201 au-

475 1226 537 1253 tem
564 1231 627 1253 non
647 1221 827 1254 deliberata
850 1222 1042 1265 explosione
1069 1222 1212 1265 aliquem

475 1274 668 1314 offenderit,
693 1275 875 1308 triremium
908 1285 1049 1318 poenam
1076 1275 1108 1307 in
1134 1286 1210 1318 per-

475 1332 610 1372 petuum
643 1327 772 1368 subeat·,
805 1334 855 1368 et,
886 1328 912 1360 si
945 1328 1054 1361 animo
1080 1329 1212 1372 quidem

475 1381 676 1421 deliberato,
703 1381 757 1413 sed
793 1381 915 1425 absque
948 1381 1085 1414 alicuius
1115 1381 1214 1415 oll'en-

475 1435 576 1474 sione,
595 1434 755 1467 eiusmodi
778 1444 864 1466 arma
892 1435 1061 1473 laxaverit,
1090 1445 1213 1478 poenae

476 1486 655 1519 triremium
674 1497 732 1530 per
749 1487 945 1520 decennium
971 1488 1133 1521 obnoxius
1158 1488 1213 1529 sit;

475 1550 511 1572 ac
540 1540 668 1572 demum
699 1539 754 1571 ubi
786 1550 846 1572 nec
879 1541 1130 1583 praemeditatio
1155 1552 1215 1574 nec

474 1592 611 1626 offensio
646 1593 896 1632 intervenerint,
931 1594 1069 1637 simplex
1105 1599 1212 1628 tamen

475 1646 634 1690 explosio‚
654 1645 889 1689 quinquennali
910 1646 1125 1689 remigatione
1148 1648 1215 1680 vin-

476 1700 613 1733 dicetur.

305 1762 463 1783 aommanones
519 1753 534 1796 §
559 1753 590 1786 7.
616 1753 663 1786 Ad
691 1752 931 1786 nominationes
957 1763 1101 1797 quoquc,
1131 1764 1213 1797 quae

280 1790 461 1837 υῗὶἷῗᾞὲἒῖῗζῖι-
474 1806 555 1839 fiunt
568 1817 628 1850 pro
647 1806 840 1839 liberatione
859 1817 988 1840 reorum
1008 1807 1071 1840 iam
1085 1807 1215 1840 damna-

279 1842 462 1890 ¹?31'„¹⁰fflv2¹l'}53'2.⁰'
475 1865 581 1892 torum
611 1870 629 1892 a
657 1859 837 1902 promerito
871 1860 1054 1904 supplicio,
1084 1865 1213 1894 nostrae

475 1912 654 1955 dirigentes
689 1912 956 1946 considerationis
981 1913 1154 1955 intuitum,
1181 1914 1213 1947 in

474 1977 513 1999 eo
539 1966 625 2010 quod
651 1966 766 1999 attinet
797 1967 836 1999 ad
861 1967 933 2000 illas
959 1967 1212 2008 nominationes,

474 2018 591 2062 quibus
617 2019 793 2052 nonnullae
829 2020 1211 2060 arcliiconsraternitates,

474 2072 623 2115 aliaeque
648 2072 820 2106 societates
838 2072 932 2106 Urbis
957 2079 988 2106 et
1006 2073 1136 2106 ditionis
1156 2075 1216 2106 hu-

475 2125 622 2164 iusmodi,
650 2126 691 2158 ob
717 2125 848 2168 egregia
874 2136 953 2169 quae
975 2126 1101 2159 assidue
1127 2138 1216 2160 exer-

475 2185 550 2212 cent
581 2179 710 2223 pietatis
748 2185 779 2212 et
815 2180 1011 2213 christianae
1047 2181 1214 2215 charitatis

475 2243 596 2275 opera,
636 2244 673 2265 ex
710 2232 861 2276 specialis
894 2232 985 2266 Sedis
1010 2235 1216 2277 Apostolicae

476 2286 709 2325 concessione,
744 2296 825 2329 quac
852 2291 957 2319 tamen
990 2287 1031 2319 sit
1064 2287 1096 2319 in
1121 2287 1215 2320 viridi

475 2339 693 2378 observantia,
718 2338 896 2381 potiuntur,
923 2349 1071 2383 quaeque
1097 2341 1216 2373 satelli-

475 2394 560 2426 tibus
586 2403 643 2426 seu
668 2392 776 2425 curiae
801 2392 1044 2435 apparitoribus
1062 2403 1121 2436 pro
1139 2394 1217 2426 ban-

473 2447 615 2480 nitorum
648 2451 679 2478 et
704 2446 734 2478 in
761 2446 998 2479 contumaciam
1024 2446 1217 2480 condemna-

475 2505 581 2533 torum
620 2501 753 2542 captura
797 2498 831 2531 in
877 2499 1057 2542 praemium
1098 2499 1218 2532 laboris

477 2552 613 2586 concedi
632 2557 880 2593 consueverunt,
895 2552 977 2586 nihil
996 2557 1125 2596 praeter
1142 2563 1218 2586 con-

473 2605 684 2639 suetudinem
725 2606 942 2640 innovandum
983 2605 1185 2640 decrevimus
1207 2617 1215 2647 ;

1046 215 1229 240 BULLARIUM
1256 215 1413 240 ROMANUM

2011 218 2061 242 An.
2080 218 2107 243 c.
2127 218 2194 246 1735

1264 263 1310 296 at¹
1330 263 1565 298 nominationes
1580 265 1770 298 eorumdem
1792 265 1999 298 bannitorum

1264 322 1295 351 et
1320 317 1351 350 in
1376 318 1611 352 contumaciam
1649 318 1895 357 damnatorum,
1922 328 2001 362 quas

1264 382 1298 404 ex
1325 372 1427 413 gratia
1452 371 1554 405 dictae
1582 371 1675 404 Urbis
1700 371 1909 414 gubernator,
1938 382 2000 405 car-

1264 424 1418 457 dinalium
1437 424 1723 467 Congregationes,
1748 434 1784 457 ac
1809 424 1869 468 ipsi
1895 424 1999 458 cardi-

1264 479 1352 510 nales
1378 478 1416 510 dc
1443 479 1545 511 latere
1572 477 1669 519 legati
1696 478 1925 510 executoribus
1951 478 1998 510 iu-

1263 530 1365 563 stitiae
1392 536 1422 563 et
1447 531 1517 563 aliis
1543 530 1799 573 quibuscumque
1821 531 1998 564 attribuere

1262 584 1378 623 solent,
1395 584 1478 616 vires
1497 584 1649 627 deinceps
1668 585 1817 618 nolumus
1839 584 2000 622 obtinere,

1262 647 1322 669 nec
1353 637 1526 670 nominatis
1562 648 1598 670 ex
1636 639 1733 669 causa
1770 637 1939 669 homicidii
1966 637 1998 669 in

1262 690 1370 734 aliquo
1395 691 1566 734 prodesse,
1594 690 1654 723 nisi
1680 690 1775 723 nobis
1801 700 1855 722 seu
1883 690 1999 723 eodem

1261 742 1416 776 Pontifice
1442 753 1502 786 pro
1531 747 1676 786 tempore
1714 743 1873 775 existente
1909 742 2000 786 prius

1261 796 1425 837 consultis,
1445 795 1623 839 habitoque
1646 797 1787 839 desuper
1812 801 1925 828 nostro
1950 795 1999 829 vel

1261 849 1331 882 eius
1357 859 1502 882 assensu.

1304 901 1317 944 g
1339 901 1370 934 8.
1397 901 1435 934 Et
1460 902 1613 945 quoniam
1650 901 1876 944 experimento
1913 911 1999 934 com-
2036 913 2115 943 §.fenum
2133 914 2194 943 priu-

1259 960 1386 998 pertum
1404 961 1463 995 est,
1483 955 1796 988 administrationem
1815 965 1850 988 ac
1868 965 1998 988 cursum
2011 940 2195 996 ἶῖἶῖξῖἒιῐξοῑῗζᾶἶῖζῖ

1259 1013 1366 1042 rectae
1392 1014 1422 1040 et
1447 1008 1618 1051 expeditae
1643 993 2194 1051 iustitiae,qnareipu-{3111-agffilffr'ss'¹”¹¹'

1259 1062 1363 1094 blicae
1388 1062 1473 1094 salus
1498 1061 1673 1104 praecipue
1709 1060 1880 1101 innititur,
1908 1071 2001 1094 sum-

1259 1125 1393 1158 mopere
1418 1114 1586 1147 obturbari
1613 1115 1660 1147 vel
1686 1115 1725 1146 ab
1747 1114 1912 1147 excessivo
1941 1124 2000 1147 nu-

1258 1179 1348 1201 mero
1369 1168 1660 1211 privilegiatorum,
1688 1167 1864 1210 vulgariter
1885 1172 2000 1211 paten-

1260 1222 1320 1254 tati
1345 1227 1630 1264 nuncupatorum,
1656 1222 1705 1253 vel
1733 1232 1749 1253 a
1773 1220 1879 1253 minus
1910 1223 1998 1254 recta

1258 1274 1475 1317 intelligentia
1490 1274 1736 1318 privilegiorum
1751 1284 1994 1308 concessorum:

1258 1328 1407 1371 proinde,
1436 1327 1531 1361 salvis
1556 1327 1722 1371 firmisque
1750 1327 1995 1361 remanentibus

1259 1381 1397 1414 decretis
1423 1391 1459 1413 ac
1484 1381 1741 1414 resolutionibus
1766 1392 1847 1424 quae
1873 1386 2000 1424 tempo-

1258 1434 1346 1466 ribus
1384 1433 1485 1466 selicis
1512 1433 1635 1476 pariter
1669 1433 1908 1466 recordationis
1935 1433 1997 1466 Ur-

1258 1487 1332 1520 bani
1369 1487 1472 1529 Papae
1499 1487 1560 1519 Vlll
1593 1492 1624 1519 et
1656 1486 1815 1519 dictorum
1842 1487 2000 1520 Innocen-

1260 1540 1292 1572 tii
1312 1540 1349 1573 XI
1374 1551 1410 1572 ac
1428 1540 1606 1572 Innocentii
1628 1540 1680 1572 Xll
1706 1541 1999 1583 praedecessorum

1259 1598 1312 1625 aut
1338 1593 1416 1625 alias
1439 1593 1710 1635 quandocumque
1731 1595 1767 1625 ea
1785 1603 1882 1636 super
1907 1603 1942 1625 re
1967 1603 1999 1625 e-

1258 1651 1452 1684 manarunt,
1488 1645 1633 1678 volumus
1669 1645 1757 1688 quod
1792 1645 1999 1688 privilegium

1259 1699 1320 1732 sori
1346 1698 1467 1731 nemini
1502 1708 1781 1742 quorumcumque
1814 1698 2000 1742 privilegia—

1260 1758 1363 1786 torum
1390 1752 1577 1785 huiusmodi
1607 1757 1668 1784 tam
1694 1751 1726 1784 in
1745 1751 1830 1785 Urbe
1851 1763 1946 1795 quam
1968 1752 2000 1786 in

1259 1806 1384 1850 reliquo
1415 1806 1503 1839 Statu
1535 1805 1764 1838 Ecclesiastico
1797 1805 1997 1848 praedictis;

1259 1860 1466 1904 (officialibus
1486 1859 1624 1903 aliisque
1642 1859 1854 1902 privilegiatis
1881 1870 1898 1892 a
1917 1860 2000 1893 Con-

1259 1914 1448 1957 gregatione
1473 1923 1532 1956 pro
1559 1918 1707 1956 tempore
1734 1912 1940 1945 existentium
1969 1923 2001 1946 e-

1259 1967 1384 2000 iusdem
1424 1966 1455 1999 S.
1491 1966 1528 1998 R.
1564 1965 1597 1998 E.
1631 1965 1845 1998 cardinalium
1887 1971 2002 1999 contra

1260 2020 1457 2053 haereticam
1473 2019 1665 2062 pravitatem
1680 2019 1880 2062 generalium
1895 2019 2001 2064 inqui-

1259 2073 1415 2113 sitorum,
1453 2082 1489 2105 ac
1523 2071 1679 2105 ministris
1704 2072 1895 2105 necessariis
1928 2078 2000 2106 actu

1259 2125 1525 2165 inservientibus,
1552 2124 1818 2167 archiepiscopis,
1839 2124 2000 2169 episcopis

1260 2189 1295 2212 ac
1312 2178 1491 2212 Ordinariis
1508 2177 1676 2222 praefatis,
1690 2187 1869 2221 eorumque
1888 2178 1999 2219 curiis,

1260 2233 1424 2266 dumtaxat
1448 2231 1614 2274 exceptis)
1647 2241 1706 2273 pro
1732 2230 1870 2263 crimine
1897 2231 2001 2265 homi-

1260 2286 1334 2319 cidii
1360 2284 1570 2328 suffi‘agetur;
1597 2284 1653 2316 sed
1684 2284 1759 2316 dicti
1785 2284 2000 2327 privilegiati,

1260 2343 1420 2382 quatenus
1447 2337 1591 2371 clericali
1617 2337 1807 2370 charactere
1834 2336 2001 2380 insigniti,

1260 2391 1507 2431 ecclesiasticae,
1534 2395 1566 2424 et
1591 2395 1747 2434 quatenus
1772 2390 1845 2424 laici
1870 2391 2002 2432 fuerint,

1260 2446 1419 2480 saeculari
1436 2444 1653 2478 iurisdictioni
1672 2444 1882 2486 subiaceant;
1902 2455 2003 2479 reser-

1261 2504 1372 2533 vantes
1390 2499 1485 2533 nobis
1504 2498 1690 2531 facultatem
1708 2497 1907 2539 declarandi,
1930 2498 2003 2542 qui-

1261 2563 1334 2586 nam
1374 2557 1518 2597 quotque
1543 2562 1613 2586 esse
1640 2552 1778 2586 debeant
1810 2552 1876 2585 veri
1912 2552 2002 2585 sami-

1301 2616 1308 2641 l
1332 2614 1399 2642 Male
1418 2614 1462 2642 ed.
1483 2613 1567 2643 Main.
1588 2613 1654 2649 legit
1673 2616 1704 2641 ut
1723 2621 1773 2649 pro
1793 2615 1823 2641 at
1841 2613 1880 2648 (n.
1893 2612 1932 2648 Τ.)
