2232 3178
41 235 89 262 Αη.
104 232 132 260 C.
155 231 222 259 1737

41 298 61 318 οι
90 293 219 321 postmodum
230 287 302 313 men
321 278 565 323 pronunciaret,
585 279 692 312 statim
718 284 814 323 atque
841 290 973 313 moven-

41 321 296 377 pii's'iisia'fftiissz'iiistem
333 342 389 366 ora
423 332 663 373 animadvertit,
695 333 818 376 impetu
855 333 972 366 amoris

41 381 107 422 ἓῖιῗῖια
122 373 220 426 555&
232 385 421 419 sanctissimi
447 386 589 419 nominis
612 386 757 430 abrepta,
781 387 894 430 suique
917 387 973 419 ob-

232 439 304 479 lita,
329 438 443 472 foetidi
469 444 500 472 et
524 439 706 483 pestilentis
731 440 795 473 oris
818 440 904 473 labia
924 451 973 473 cx-

233 493 376 526 osculata
401 498 472 531 est,
497 504 633 536 quorum
659 499 830 533 contactu,
858 493 972 527 eodem

233 545 354 579 insecta
370 547 497 588 morbo,
515 557 627 590 parum
646 546 759 587 abfuit,
778 546 855 590 quin
878 547 973 580 vitam

233 609 303 632 cum
321 605 425 633 morte
444 605 671 634 commutaret.
690 601 829 634 Sanitate
856 600 973 634 deinde

233 652 289 686 Dei
306 654 472 687 voluntate
491 654 550 687 sihi
569 654 727 694 restituta,
747 654 851 687 nihilo
870 654 973 687 secius

234 716 269 739 ac
290 711 395 747 antea,
413 707 500 740 nulla
525 708 674 741 cautione
700 708 854 749 adhibita,
874 707 974 741 omni-

234 770 296 802 que
313 760 398 793 vitae
416 765 446 793 et
463 760 575 793 salutis
601 761 746 804 periculo
772 765 971 804 contempto,

233 813 370 856 pristina
406 823 483 857 erga
520 814 665 847 infirmos
702 814 833 857 pietatis
870 814 975 847 officia

234 866 349 899 alacris
376 871 406 899 et
432 868 515 900 laeta
540 867 684 910 repetiit.
721 867 762 900 Ex
797 868 973 900 abundanti

233 919 320 952 enim
346 919 445 953 divini
471 920 592 954 amoris
619 921 708 954 sonte
727 921 900 954 emanabat
917 921 975 954 mi-

233 983 270 1006 ra
294 973 350 1007 illa
374 976 515 1017 pectoris
540 975 721 1008 constantia
747 980 778 1008 et
803 975 901 1008 animi
928 975 975 1007 sir-

233 1026 328 1060 mitas
345 1028 377 1060 in
395 1029 556 1061 currenda
572 1029 621 1061 via
638 1029 765 1062 Domini
791 1035 822 1062 et
850 1034 975 1062 sectan-

235 1080 283 1113 dis
308 1081 433 1114 semitis
458 1081 540 1115 eius.
559 1081 637 1115 Nam
655 1082 740 1115 idem
757 1093 887 1126 semper
911 1084 976 1116 vul-

235 1139 304 1174 tus,
331 1135 511 1178 eademque
549 1136 660 1175 frons,
686 1140 719 1169 et
743 1137 910 1179 praeclara
942 1137 973 1168 in

235 1188 323 1220 omni
360 1194 430 1221 actu
468 1189 551 1222 vitae
589 1189 789 1232 aequalitas3
823 1189 975 1229 humilis,

16 1216 21 1283 Ι
234 1240 329 1281 mitis,
355 1242 502 1274 modesta
539 1246 569 1274 et
605 1241 805 1282 misericors,
834 1242 976 1275 humana

235 1294 432 1338 despiciens,
455 1295 607 1328 caelestia
633 1295 813 1338 inquirens,
841 1295 977 1328 admira-

233 1346 333 1381 bilem
362 1348 553 1381 suavitatem
578 1347 611 1380 in
637 1348 745 1381 verbis
770 1358 806 1381 ac
829 1349 976 1381 moribus

234 1401 497 1445 praeseferebat3
517 1411 629 1434 omnes
647 1401 686 1434 ad
702 1412 736 1434 se
753 1401 977 1444 confugientes

236 1454 420 1498 excipiebat
443 1455 595 1498 benigne,
622 1461 770 1489 amanter
800 1455 976 1496 solabatur,

234 1508 418 1551 prudenter
440 1508 647 1550 admonebat,
673 1514 825 1552 prompte
851 1520 887 1542 ac
912 1515 978 1542 stu-

235 1561 326 1595 diose
352 1562 567 1602 sublevabat;
594 1572 658 1595 una
684 1568 715 1595 et
745 1563 874 1595 assidua
908 1564 977 1596 eius

235 1625 312 1648 cura
337 1619 367 1649 et
391 1621 552 1659 perpetua
577 1616 730 1659 cogitatio
756 1622 825 1650 erat
841 1617 897 1650 Dei
924 1617 979 1650 lio-

235 1678 304 1708 nor,
331 1668 436 1712 gloria
461 1675 491 1702 et
515 1670 584 1702 laus
610 1670 752 1703 nominis
779 1671 858 1711 eius,
885 1671 979 1704 vitio-

236 1732 306 1755 rum
332 1733 368 1755 ac
385 1723 548 1755 scelerum
567 1723 752 1763 destructio,
775 1724 977 1767 peccantium

235 1776 413 1816 conversio,
439 1776 619 1809 animarum
645 1778 751 1817 salus;
778 1778 809 1810 id
836 1779 978 1819 curabat,

235 1893 348 1917 omnes
375 1889 406 1917 et
431 1883 578 1917 sedulam
601 1884 688 1917 illam
714 1895 810 1928 quam
829 1896 887 1928 pro
906 1897 978 1919 cor-

235 1937 368 1981 poribus
386 1938 607 1982 proximorum
629 1940 783 1973 sanandis
809 1941 978 1974 sublevan-

235 1991 347 2035 disque
373 2002 484 2025 curam
511 1991 701 2025 adhibebat.

47 2049 224 2099 morffiiurpffilsffiff
278 2045 293 2087 ἓ
319 2045 371 2078 16.
395 2045 508 2078 Plures
534 2045 634 2088 igitur
659 2047 818 2079 abeuntes
844 2047 875 2079 in
901 2058 978 2079 con-

47 2098 306 2152 2:3,f‘¹¹²‘³¹⁰¹'⁰·siliss
343 2099 542 2142 impiorum,
569 2104 601 2132 et
636 2105 811 2143 sequentes
849 2100 978 2133 semitas

236 2152 368 2195 saeculi7
386 2152 588 2186 orationibus
609 2158 642 2186 et
666 2154 873 2187 suasionibus
898 2155 975 2196 suis,

236 2313 366 2353 accidit,
381 2313 469 2357 quod
489 2314 556 2347 sore
571 2314 748 2357 Apostolus
763 2315 978 2358 praedixerat,

237 2372 273 2399 ut
293 2366 551 2400 sanctificaretur
585 2368 635 2400 vir
660 2379 719 2411 per
744 2369 918 2402 mulierem
944 2369 979 2401 Γι-

237 2419 356 2452 delem.
390 2419 468 2453 Nam
495 2420 590 2453 etiam
625 2420 783 2454 lulianum
813 2422 978 2454 Adurnum

236 2472 341 2505 virum
359 2483 450 2506 suum
471 2475 593 2506 lucrata
611 2478 660 2506 est
674 2474 823 2515 Domino,
843 2477 979 2519 loquens

239 2525 286 2559 illi
324 2527 444 2560 sanctis
480 2526 626 2560 moribus
651 2527 728 2568 suis,
757 2529 876 2572 quibus
911 2540 979 2562 eam

240 2577 322 2613 Deus
359 2580 528 2623 pulchram
566 2580 685 2614 fecerat
725 2586 756 2614 et
793 2588 981 2616 reverenter

24 2610 29 2779 ἱ
239 2633 409 2667 amabilem
447 2639 543 2677 atque
581 2634 816 2668 admirabilem.
852 2635 978 2670 Etenim

854 230 995 256 CLEMENS
1022 231 1068 255 ΧΠ
1094 231 1143 255 ΡΡ.

236 2205 344 2239 divina
378 2211 536 2249 operante
568 2207 804 2247 misericordia,
831 2208 869 2241 ad
895 2209 1000 2241 viam·

237 2258 363 2293 Domini
401 2259 585 2299 revocavit;
613 2266 645 2294 et
669 2261 872 2304 potissimum
897 2262 976 2295 illud
998 2271 1000 2294 t

1658 222 1722 256 967
1769 232 1863 260 mc.
1888 235 1954 262 ¹737

1016 280 1157 323 primum
1190 280 1229 313 ab
1267 291 1305 313 eo
1341 280 1528 324 impetravit
1563 284 1598 313 ut
1630 280 1690 313 sibi
1727 281 1760 313 in

1016 334 1164 367 castitate
1192 334 1298 367 vivere
1319 334 1454 375 liceret,
1478 333 1597 367 deinde
1615 333 1687 376 ipse
1713 334 1760 366 ul—

1018 391 1065 419 tro
1091 387 1130 419 ad
1155 387 1243 420 illam
1279 388 1431 428 veniens,
1458 387 1653 430 collatisque
1689 397 1760 419 cum

1017 441 1054 471 ea
1079 440 1232 480 consiliis,
1252 451 1269 473 a
1293 441 1352 473 viis
1373 441 1493 474 saeculi
1520 440 1692 477 recedens,
1713 439 1762 472 in-

1017 492 1097 525 duto
1124 493 1238 526 babitu
1263 493 1362 526 Tertii
1389 494 1519 527 Ordinis
1544 494 1645 526 sancti
1670 493 1763 526 Fran-

1017 546 1105 585 cisci‚
1131 546 1218 590 piam
1250 547 1377 580 vivendi
1416 547 1574 581 rationem
1609 546 1760 580 instituit.

1017 598 1096 633 Cum
1114 604 1221 633 autem
1237 600 1270 633 in
1289 602 1455 644 postrema
1472 599 1676 643 aegritudine
1694 602 1761 639 sua,

1017 658 1052 685 ut
1077 658 1146 686 erat
1166 654 1205 686 ad
1230 654 1313 687 iram
1338 654 1500 701 proclivis,
1518 653 1622 686 morbi
1641 654 1762 687 incom-

1018 707 1207 740 moditatum
1234 713 1414 751 pertaesus,
1441 709 1528 740 tanta
1554 713 1638 741 esset
1662 707 1764 751 impa-

1020 760 1131 793 tientia
1157 766 1188 794 et
1212 761 1439 804 indignatione
1466 767 1646 805 correptus,
1671 766 1707 793 ut
1731 761 1764 793 in

1019 815 1165 857 periculo
1191 820 1344 848 aeternae
1370 815 1479 848 salutis
1497 815 1615 849 versari
1641 815 1765 848 videre-

1021 873 1090 909 tur;
1118 869 1149 902 id
1174 869 1228 902 ubi
1259 874 1369 903 saneta
1395 880 1476 902 uxor
1501 869 1683 912 conspexit,
1710 869 1761 902 in-

1019 933 1134 964 gressa
1152 923 1337 956 cubiculum
1356 934 1447 956 suum
1465 923 1569 956 oravit
1593 922 1764 955 Dominum

1020 975 1074 1019 qui
1099 976 1203 1009 ventis
1230 981 1261 1009 et
1287 976 1534 1020 tempestatibus
1559 975 1707 1019 imperat,
1735 981 1766 1008 et

1020 1029 1230 1063 serenitatem
1257 1031 1359 1070 caelo,
1387 1030 1467 1063 mari
1496 1029 1764 1073 tranquillitatem

1021 1083 1143 1124 reddit·,
1164 1088 1195 1116 et
1215 1084 1322 1116 statim
1349 1084 1388 1116 ab
1414 1083 1591 1117 immortali
1616 1083 1682 1116 Deo
1708 1083 1767 1116 ob-

1022 1136 1115 1168 tinuit
1139 1142 1175 1169 ut
1200 1137 1467 1180 tranquillaretur
1503 1137 1677 1181 impatiens
1703 1146 1767 1169 ma-

1021 1189 1073 1221 riti
1111 1190 1256 1230 animus,
1297 1195 1333 1222 ut
1368 1191 1553 1234 procellosa
1592 1195 1766 1233 tempestas

1020 1243 1200 1276 sedaretur.
1221 1243 1401 1287 Siquidem,
1421 1244 1567 1276 nondum
1585 1243 1674 1276 finita
1699 1253 1768 1277 ora-

1021 1297 1121 1336 tione,
1138 1296 1195 1336 vir,
1215 1297 1423 1340 stupentibus
1443 1297 1606 1336 omnibus,
1624 1302 1766 1330 mutatus

1022 1355 1081 1389 est,
1107 1355 1139 1382 et
1166 1351 1376 1394 tranquillato
1403 1350 1521 1390 animo,
1540 1350 1767 1394 submissoque

1022 1403 1149 1436 divinae
1174 1404 1348 1444 voluntati,
1367 1405 1598 1448 patienterque
1618 1405 1765 1437 toleratis

1022 1462 1183 1491 extremae
1209 1458 1293 1491 vitae
1319 1458 1477 1492 molestiis
1512 1469 1550 1492 ac
1587 1458 1767 1499 doloribus,

1022 1516 1160 1544 mortem
1186 1510 1298 1544 obivit.

1066 1565 1080 1609 ἓ
1105 1564 1158 1597 17.
1176 1564 1279 1597 Anxia
1304 1570 1410 1598 autem
1428 1565 1619 1599 Catharinae
1640 1576 1717 1599 eura
1735 1570 1766 1599 et
1804 1575 1856 1596 uffa
1873 1577 1917 1607 em}
1934 1576 1959 1596 at,

1022 1619 1206 1652 sollicitudo
1232 1619 1271 1652 de
1297 1620 1400 1652 salute
1425 1620 1619 1660 animarum,
1647 1626 1677 1652 et
1703 1620 1766 1653 ser-
1777 1604 1960 1651 543111'31152'13'335

1022 1683 1079 1705 vor
1105 1673 1172 1706 eius
1198 1674 1364 1707 charitatis
1382 1684 1459 1717 erga
1476 1674 1670 1718 proximum,
1690 1684 1763 1718 pars

1023 1726 1141 1769 exigua
1167 1732 1235 1760 erat
1260 1727 1437 1761 immensae
1463 1728 1621 1767 flammae,
1643 1738 1707 1771 qua
1733 1728 1765 1759 in

999 1805 1001 1814 ⁴
1024 1780 1078 1813 Dei
1105 1791 1250 1814 amorem
1273 1785 1449 1822 exarserat,
1470 1786 1501 1814 et
1519 1791 1580 1824 qua
1598 1791 1635 1813 ex
1660 1780 1766 1813 animo

235 1829 266 1862 id
293 1829 471 1873 satagebat,
492 1830 556 1862 huc
577 1830 739 1863 referebat
764 1831 979 1874 cogitationes
1000 1854 1001 1859 ,

1023 1834 1180 1867 refluente
1205 1834 1238 1866 in
1264 1845 1381 1878 corpus
1408 1845 1472 1868 non
1498 1835 1603 1867 sulum
1635 1845 1692 1868 cor
1722 1836 1768 1867 vi-

1023 1888 1184 1931 cinaeque
1202 1893 1311 1931 partes
1330 1888 1430 1921 divini
1449 1888 1533 1931 ignis
1561 1888 1677 1921 ardore
1704 1888 1767 1921 ser-

1022 1952 1095 1975 vere
1121 1942 1324 1981 videbantur,
1358 1942 1415 1975 sed
1448 1943 1581 1985 insuper
1611 1952 1686 1985 pars
1713 1942 1767 1975 illa

1022 1994 1115 2034 cutis,
1132 2005 1216 2038 quae
1236 1995 1342 2028 cordis
1356 1995 1526 2038 regionem
1543 1995 1654 2033 ambit,
1669 1995 1766 2037 igneo

1022 2047 1160 2081 rubore¹
1188 2047 1311 2081 suffusa
1335 2053 1412 2091 post
1445 2048 1571 2082 felicem
1599 2048 1668 2081 eius
1694 2048 1764 2081 obi-

1023 2107 1089 2134 tum
1116 2102 1302 2134 mortalium
1327 2101 1430 2135 oculis
1455 2101 1616 2145 apparuit.

1066 2155 1080 2196 ξ
1104 2154 1158 2188 18.
1178 2155 1298 2198 Itaque,
1324 2155 1377 2187 ubi
1404 2165 1469 2188 non
1494 2155 1630 2188 vocabat
1650 2155 1788 2207 ehari-ss

1023 2214 1068 2241 tas
1092 2210 1141 2242 vel
1167 2208 1302 2242 aliorum
1327 2212 1502 2252 praecepta
1538 2209 1762 2252 impellebant,

1022 2263 1061 2296 ad
1085 2263 1267 2296 orationem
1300 2263 1438 2303 redibat,
1463 2263 1494 2295 in
1521 2274 1583 2306 qua
1615 2264 1762 2296 caelesti-

1022 2316 1079 2348 bus
1101 2316 1209 2348 sruens
1227 2316 1512 2359 contemplationis
1538 2316 1670 2355 deliciis,
1686 2316 1765 2348 alie-

1022 2369 1160 2402 nabatur
1185 2380 1201 2401 a
1228 2369 1388 2409 sensibus,
1409 2374 1440 2402 et
1457 2369 1595 2409 animae,
1615 2380 1631 2402 a
1657 2379 1765 2402 rerum

1022 2424 1226 2457 sensibilium
1253 2425 1390 2456 tumultu
1410 2429 1442 2456 ct
1464 2423 1712 2467 perturbatione
1729 2423 1766 2456 li-

1021 2476 1145 2518 berae&
1160 2477 1191 2510 in
1206 2477 1397 2510 suavissima
1413 2476 1518 2520 quiete
1538 2487 1633 2520 supra
1651 2482 1764 2519 pectus

1023 2530 1122 2564 divini
1149 2530 1292 2573 magistri
1312 2530 1527 2569 recumbenti,
1545 2530 1697 2563 caelestia
1715 2541 1765 2563 re-

1830 2164 1917 2184 ,statiua
1940 2170 1958 2184 in

1792 2194 1880 2211 wittune,

1060 2603 1069 2629 1
1094 2601 1163 2628 Edit.
1186 2601 1264 2628 Μαίη.
1288 2600 1351 2636 legit
1372 2601 1472 2629 robore
1492 2600 1534 2635 (n.
1550 2601 1598 2635 ⁷12).

1057 2646 1073 2672 Ξ).
1094 2646 1161 2673 Edit.
1186 2646 1263 2674 Maia,
1288 2645 1350 2680 legit
1372 2645 1460 2674 libere
1480 2646 1518 2681 (a.
1535 2646 1584 2679 τ.),
