2232 3178
13 197 62 226 An.
76 194 106 222 C.
127 192 194 221 1738

39 1948 175 1969 Prooemium.

821 186 963 210 CLEMENS
989 185 1033 209 xtt
1058 186 1096 210 1²1³
1103 202 1108 209 .

199 239 269 279 lica,
295 239 345 271 vel
371 237 482 280 quavis
500 236 651 269 firmitate
677 236 740 269 alia
765 234 939 273 roboratis,

199 292 325 327 statutis
362 297 393 324 et
428 291 728 329 consuetudinibus,
762 289 941 333 privilegiis

200 354 340 389 quoque,
367 343 503 376 indultis
537 349 569 376 et
601 342 719 375 litteris
753 341 940 385 apostolicis

199 398 231 431 in
257 397 458 430 contrarium
486 396 739 439 praemissorum
765 395 940 438 quomodo-

199 451 280 485 libet
298 449 474 488 concessis,
492 448 691 481 confirmatis
711 454 743 480 et
760 447 939 486 innovatis·‚
961 458 963 506 1
984 511 1044 532 me
1093 510 1221 533 nemon
1249 510 1472 543 quwfflmque
1499 500 1671 543 priVilegia
1696 505 1727 532 CL

1010 522 1018 532 t
1050 527 1056 539 ‚
1295 523 1298 530 ,
1347 526 1349 529 ,

200 505 318 547 quibus
359 503 511 535 omuibus
549 507 581 533 et
616 500 772 543 singulis,
811 500 940 533 illorum

200 563 330 590 tenores
355 555 581 599 praesentibus
608 565 668 597 pro
692 554 786 597 plene
806 559 837 585 et
862 553 942 585 suffi-

199 610 324 642 cienter
348 607 509 650 expressis
541 618 576 640 ac
609 608 647 639 de
673 606 771 639 verbo
798 606 836 638 ad
870 616 941 638 ver-

199 663 276 695 bum
302 661 432 694 insertis
458 661 626 699 habentes,
645 660 707 692 illis
726 659 804 692 alias
825 659 856 691 in
882 669 940 691 suo

199 715 317 749 robore
346 713 579 756 permansuris,
611 713 651 745 ad
689 712 962 755 praemissorum*

200 767 360 807 effectum,
380 767 441 799 hac
466 766 534 799 vice
560 767 734 804 dumtaxat,
752 765 942 808 specialiter

200 827 231 854 et
249 830 404 864 expresse
424 820 645 861 derogamus3
665 818 847 861 ceterisque
866 829 939 850 con-

200 873 307 907 trariis
333 872 606 916 quibuscumque.

244 927 357 959 Datum
383 925 516 965 Romae,
542 926 628 969 apud
646 925 677 958 S.
698 925 829 957 Mariam
849 924 940 958 Maio-

199 990 278 1020 rem,
302 979 360 1012 sub
386 980 507 1012 annulo
527 978 711 1018 piscatoris,
739 978 790 1010 die
818 988 840 1010 11
865 977 939 1009 maii

198 1042 420 1072 nnccxxxvni,
437 1031 643 1075 pontificatus
670 1031 771 1064 nostri
797 1041 849 1063 an.
868 1040 936 1063 viu.

234 1095 293 1122 Dat.
316 1094 360 1121 die
381 1096 396 1121 ⁹2
416 1094 481 1121 maii
504 1093 586 1127 1738,
607 1093 702 1128 pontif.
724 1101 794 1120 anno
814 1099 868 1119 vul.

492 1240 645 1275 CCXXXI.

201 1312 407 1355 Confirmatio
432 1312 547 1345 Brevis
574 1312 699 1345 Urbani
720 1313 806 1346 VIII
826 1313 941 1356 confir-

241 1366 376 1399 matorii
400 1366 543 1398 aliorum
574 1377 595 1398 α
627 1367 689 1399 Pio
714 1366 762 1407 II,
790 1367 879 1400 Iulio
904 1367 941 1399 II

242 1424 270 1452 et
289 1419 382 1453 Sixto
404 1419 430 1452 V
452 1419 625 1460 editorum,
651 1420 815 1453 nonnulla
836 1420 940 1463 privi-

243 1474 329 1516 leyia
354 1477 383 1505 et
407 1472 541 1505 indulta
566 1473 798 1506 communitati
832 1479 859 1507 el
885 1474 940 1506 lto-

241 1528 387 1560 mz'nibus
415 1527 559 1560 civitatis
583 1528 829 1560 Beneventanae
860 1538 940 1560 con-

242 1591 327 1614 cessa
351 1581 596 1620 continentium,
621 1582 827 1624 praesertim,
854 1582 941 1625 quod

239 1635 367 1677 primae
391 1638 419 1666 el
442 1634 600 1667 secundae
626 1634 808 1667 instantiae
825 1645 939 1667 causa-

241 1698 315 1720 rum
343 1688 572 1731 temporalium
595 1688 645 1721 vel
670 1688 820 1721 civilium
849 1693 940 1721 eoelra

242 1740 362 1774 dictam
378 1742 541 1774 civilatem
558 1742 704 1785 coynosci
720 1752 786 1774 non
800 1742 937 1785 possint.

406 1822 540 1849 Clemens
562 1823 644 1856 Papa
669 1822 731 1853 XII,

312 1866 349 1893 ad
369 1870 548 1900 perpetuam
568 1867 615 1893 rei
635 1866 819 1894 memoriam.

243 1937 390 1979 Paterna,
418 1948 512 1980 quam
539 1938 577 1970 de
603 1937 722 1970 nostris
750 1943 780 1971 et
800 1937 831 1971 S.
849 1938 886 1971 R.
904 1938 937 1971 E.

200 1991 295 2024 etiam
322 1992 427 2034 quoad
456 1991 646 2034 temporalia
685 1991 823 2024 subditis
856 1991 940 2035 geri-

200 2055 281 2085 mus,
308 2055 383 2077 cura
408 2055 465 2077 nos
490 2049 583 2087 urget
609 2051 704 2088 atque
724 2045 870 2088 impellit,
893 2051 939 2086 ut,

201 2109 311 2131 eorum
338 2098 517 2131 commodis
536 2097 601 2140 iugi
621 2098 785 2141 vigilantia
811 2099 941 2132 studen-

201 2156 258 2192 teS,
285 2163 332 2193 ea,
368 2162 448 2195 quae
486 2163 503 2184 a
540 2151 693 2185 Romanis
732 2152 941 2186 Pontificibus

201 2206 510 2249 praedecessoribus
527 2206 644 2239 nostris
663 2217 721 2249 pro
747 2207 941 2248 civitatibus,

202 2260 332 2303 oppidis
370 2265 401 2292 ct
437 2259 532 2291 terris
570 2260 758 2303 temporalis
796 2260 941 2293 eiusdem

201 2313 232 2346 S.
253 2314 290 2346 R.
310 2313 344 2346 Ε.
380 2313 512 2346 ditionis
551 2313 584 2345 in
620 2314 708 2356 pacis
746 2314 941 2347 amoenitate

202 2367 429 2400 conservandis
454 2367 596 2411 benigne
615 2367 845 2411 sapienterque
871 2379 941 2401 con-

202 2430 292 2453 cessa
317 2426 348 2453 et
371 2420 521 2453 ordinata
551 2431 622 2453 esse
656 2426 848 2461 noscuntur,
877 2432 941 2465 quo

202 2473 338 2516 perenni
374 2474 526 2507 firmitate
560 2474 746 2514 subsistant,
772 2475 940 2517 apostolici

202 2527 390 2559 muniminis
427 2526 527 2560 nostri
562 2527 744 2570 patrocinio
778 2528 941 2561 constabi-

203 2579 328 2613 liamus.

288 2643 367 2671 Bull.
388 2642 473 2672 Rom.
493 2659 526 2663 —
551 2644 613 2673 Vol.
632 2644 735 2673 XXIV.
866 2644 900 2671 47

1028 234 1042 275 ᾗ
1068 234 1098 266 t.
1123 233 1247 266 Dudum
1274 233 1435 276 siquidem
1455 231 1556 265 felicis
1574 230 1724 264 recorda-

985 288 1081 320 tionis
1120 288 1267 320 srbanus
1305 287 1362 320 [¹1³.
1393 286 1455 319 Vltt
1493 286 1725 329 praedecessor

984 347 1095 373 noster
1121 341 1228 373 onmia
1254 347 1285 373 et
1311 341 1439 382 singula
1456 344 1574 372 statuta
1593 339 1726 371 dilecto-

984 405 1053 426 rum
1072 394 1213 427 tiliorum
1233 393 1474 427 communitatis
1500 399 1531 426 et
1557 392 1726 425 hominum

984 447 1122 480 civitatis
1150 452 1292 486 nostrae,
1317 452 1393 479 tunc
1419 458 1505 486 suae,
1528 447 1727 479 Beneventa-

984 553 1108 586 indulta
1134 553 1260 586 eisdem
1287 553 1510 585 communitati
1539 559 1570 585 et
1587 552 1726 585 homini-

983 606 1043 638 bus
1070 616 1128 649 per
1153 606 1233 638 alios
1259 606 1421 638 Romanos
1440 605 1613 638 Pontifices
1638 616 1725 648 prae-

984 660 1173 692 decessores
1192 664 1333 698 nostros,
1354 665 1429 691 tunc
1454 669 1540 698 suos,
1561 664 1592 691 et
1613 669 1725 692 eorum

984 713 1172 755 quemlibet,
1194 711 1445 754 quomodolibet
1465 722 1629 751 concessa,
1649 723 1724 744 con-

985 765 1109 797 firmata
1136 770 1168 797 et
1192 765 1365 803 innovata,
1395 765 1587 807 pracsertim
1609 775 1625 797 a
1657 765 1726 797 feli-

984 817 1027 850 cis
1050 817 1288 850 recordationis
1315 817 1370 849 rio
1396 817 1419 849 Il
1446 824 1476 850 et
1501 817 1587 850 Sixto
1608 818 1629 850 V
1656 818 1725 860 (qui

984 870 1089 910 etiam,
1107 876 1140 902 ut
1161 870 1199 903 ad
1218 881 1362 913 unguen]
1381 869 1645 910 observarentur,
1665 875 1727 902 sta-

985 923 1045 956 tuit
1061 929 1092 956 et
1110 929 1268 967 perpetuo
1286 923 1460 963 ordinavit)
1477 922 1630 956 Romanis
1648 923 1727 956 Pon-

984 976 1124 1009 tificibus
1149 975 1457 1020 praedecessoribus
1484 977 1622 1016 nostris,
1652 982 1727 1009 tunc

983 1029 1062 1070 suis,
1087 1030 1280 1073 approbavit
1315 1034 1346 1062 et
1378 1028 1591 1069 confirmavit,
1626 1033 1666 1068 et,
1692 1034 1727 1061 ut

983 1082 1016 1114 in
1034 1082 1253 1115 bannimentis
1271 1083 1479 1125 generalibus
1498 1082 1584 1115 circa
1600 1081 1725 1115 Statum

983 1135 1247 1168 Ecclesiasticum
1274 1135 1368 1168 editis
1394 1141 1426 1169 et
1451 1136 1586 1169 edendis
1615 1135 1725 1168 civitas

984 1189 1212 1222 Beneventana
1236 1189 1405 1232 praedicta
1438 1200 1505 1223 non
1538 1194 1727 1223 censeretur

984 1243 1235 1286 comprehensa,
1272 1243 1333 1276 nisi
1372 1254 1522 1286 expresse
1559 1243 1727 1276 nominata

984 1296 1121 1335 suisset,
1148 1297 1310 1330 concessit
1335 1302 1367 1330 et
1391 1297 1548 1338 indulsit;
1575 1302 1607 1330 et
1631 1297 1725 1337 alias,

983 1356 1081 1394 prout
1107 1349 1238 1382 uberius
1264 1350 1453 1383 continetur
1484 1350 1516 1382 in
1543 1350 1645 1393 ipsius
1670 1350 1727 1383 Ur-

983 1403 1058 1436 bani
1084 1403 1349 1447 praedecessoris
1373 1404 1489 1436 litteris
1526 1404 1668 1447 desuper
1693 1403 1726 1436 in

983 1457 1079 1490 simili
1107 1457 1207 1489 forma
1228 1457 1337 1490 Brevis
1356 1457 1408 1490 die
1435 1468 1443 1490 1
1470 1457 1539 1490 iulii
1565 1466 1726 1491 uncxxxiv

983 1509 1166 1553 expeditis,
1199 1510 1320 1542 tenoris
1350 1510 1404 1553 qui
1436 1510 1607 1553 sequitur,
1638 1510 1727 1543 vide-

983 1563 1078 1596 licet:
1111 1575 1122 1593 α
1155 1562 1302 1595 Urhcmus
1327 1563 1396 1596 PP.
1427 1563 1527 1603 VIII,
1554 1563 1595 1596 (1ιί
1617 1574 1727 1607 perpe-

985 1621 1075 1649 tuam
1103 1617 1151 1648 rei
1180 1617 1381 1649 memoriam.
1419 1616 1569 1650 Sincerae
1596 1617 1668 1650 [idei
1695 1623 1727 1651 et

984 1670 1168 1703 devotionis
1186 1669 1333 1712 affectus,
1353 1681 1416 1713 quo
1436 1671 1544 1703 dilecti
1567 1671 1624 1704 lilii
1643 1681 1727 1704 com-

984 1723 1124 1757 munitas
1162 1728 1194 1755 et
1231 1722 1379 1756 homines
1417 1723 1554 1757 civitatis
1595 1730 1726 1758 nostrae

984 1777 1229 1810 Beneventanae
1255 1787 1312 1810 nos
1338 1782 1370 1810 et
1402 1777 1579 1811 Romanam
1608 1789 1723 1821 prose-

984 1835 1129 1874 quuntur
1153 1830 1338 1871 Ecclesiam,
1364 1837 1583 1875 promeretur,
1601 1837 1652 1872 ut,
1672 1842 1728 1865 eo-

984 1895 1053 1917 rum
1080 1884 1161 1917 votis
1186 1889 1343 1927 quantum
1381 1895 1454 1917 cum
1480 1885 1617 1919 Domino
1652 1896 1726 1929 pos-

985 1949 1096 1971 sumus
1115 1943 1306 1978 annuentes,
1320 1938 1518 1982 specialibus
1537 1950 1591 1972 eos
1608 1939 1640 1971 in
1659 1939 1727 1972 dies

985 1992 1147 2024 favoribus
1173 1996 1205 2024 et
1226 1991 1338 2034 gratiis
1363 2002 1610 2034 prosequamur.
1642 1992 1728 2026 Alias

985 2045 1146 2088 siquidem
1166 2044 1268 2078 felicis
1287 2044 1525 2077 recordationis
1539 2045 1612 2078 Pius
1626 2045 1726 2078 [³1³.ss

984 2098 1219 2140 praedecessor
1243 2103 1358 2130 noster
1390 2098 1513 2130 civibus
1550 2103 1581 2131 et
1613 2097 1727 2130 incolis

985 2156 1016 2184 et
1036 2151 1274 2184 habitatoribus
1294 2150 1431 2183 civitatis
1446 2151 1618 2194 praefatae,
1636 2161 1676 2184 ne
1695 2151 1726 2183 in

985 2205 1244 2248 quibuscumque
1277 2204 1380 2237 causis
1408 2205 1642 2248 temporalibus
1668 2215 1726 2237 seu

985 2258 1131 2292 civilibus
1158 2259 1188 2291 iu
1215 2258 1344 2302 primis,
1381 2264 1412 2291 et
1436 2264 1509 2302 post
1534 2259 1726 2302 deputatum

985 2312 1125 2345 iudicem
1141 2311 1371 2356 appellationis
1387 2312 1538 2344 secundis
1553 2311 1726 2350 instantiis,

985 2376 1042 2409 per
1068 2375 1291 2409 quoscumque
1328 2371 1417 2398 extra
1449 2365 1610 2398 civitatem
1636 2375 1727 2407 prac-

986 2421 1113 2461 dictam,
1135 2420 1244 2463 quavis
1266 2419 1456 2453 auctoritate
1476 2419 1526 2452 vel
1544 2417 1725 2460 occasione,

987 2475 1067 2507 tralii
1095 2485 1151 2507 seu
1178 2473 1345 2507 conveniri
1371 2472 1507 2516 possint,
1526 2477 1565 2513 et,
1593 2472 1619 2505 si
1645 2472 1727 2505 sorte

986 2528 1196 2561 traherentur
1221 2527 1269 2560 vel
1292 2527 1564 2567 convenirentur,
1590 2526 1669 2570 ipsis
1691 2536 1726 2559 se

987 2581 1199 2622 trahentibus,
1237 2590 1293 2614 seu
1326 2579 1577 2624 quomodolibet
1612 2589 1726 2614 convc-

1621 171 1685 206 369
1732 180 1784 208 An.
1801 179 1829 207 c.
1851 179 1919 208 1738

1793 243 1919 261 Concessum

1737 268 1763 288 ab
1782 268 1866 288 L'ibano
1879 274 1920 293 pii-

1738 296 1843 320 rilegiuin.

1765 1573 1835 1594 'sunm‘
1852 1573 1923 1594 brevis

1738 1599 1827 1621 cusam.
