2232 3178
41 208 96 235 An.
118 205 147 232 C.
166 203 232 231 1736

235 251 275 283 ab
290 249 335 282 eis
353 249 532 291 respective
546 247 778 280 iuviolabiliter
796 246 974 285 observari,

854 196 997 221 CLEMENS

1023 196 1067 219 κη
1092 196 1141 219 Pr.
1664 182 1723 215 181
1776 191 1826 217 An.
1847 191 1875 217 C.
1896 191 1961 219 1736

1318 242 1474 276 CLXXVI.

235 312 345 345 S¹Cq¹¹e
377 311 408 333 Π]
446 311 635 344 praem¹SS¹S
666 309 724 343 Pes
759 308 977 342 quoscumque
1023 314 1218 355 Confirmata
1243 313 1363 346 decreto
1395 312 1581 346 Innocentii
1604 311 1675 351 XI,
1703 321 1766 354 quo

234 355 358 387 iudices
389 354 575 387 ordinarios
609 358 640 386 et
668 352 854 393 delegatos,
881 351 976 383 etiam

235 418 405 441 causarum
431 406 544 449 palatii
582 405 751 449 apostolici
788 404 976 440 auditores,

234 460 371 493 iudicari
397 466 429 492 et
449 459 579 492 definiri
598 459 729 497 debere,
750 468 785 489 ac
802 456 929 488 irritum
948 462 979 487 et

234 513 331 545 inane
350 512 509 556 quidquid
537 522 630 545 secus
655 521 754 553 super
780 510 830 542 his
857 520 873 541 a
899 520 979 552 quo-

235 576 347 609 quam,
377 566 490 609 quavis
527 564 731 605 auctoritate,
760 563 900 596 scienter
928 562 977 594 vel

235 620 436 662 ignoranter,
460 618 637 661 contigerit
661 616 826 650 attentari.

87 684 224 706 obstantibus
279 672 293 715 ἓ
319 671 349 704 7.
377 671 444 704 Non
462 671 670 704 obstantibus
689 669 979 703 constitutionibus

45 713 136 738 ‘¹⁸‘⁰³'¹¹'
234 731 266 758 et
289 725 551 758 ordinationibus
588 723 779 767 apostolicis
800 750 806 762 ,
835 732 977 761 necnon,

235 783 392 822 quatenus
414 788 495 821 opus
521 778 569 817 sit,
590 777 692 821 ipsius
710 775 981 819 Congregationis

235 832 504 875 presbyterorum
532 830 769 869 saecularium,
796 840 854 862 seu
881 829 979 861 colle-

236 884 288 927 gii,
316 885 427 917 aliisve
453 884 631 927 quibusvis,
660 884 758 916 etiam
783 882 976 921 iuramento,

234 937 481 971 confirmatione
502 937 684 981 apostolica
699 963 706 976 ‚
728 937 776 970 vel
798 936 908 979 quavis
931 935 980 967 lir-

236 991 348 1024 mitate
373 991 434 1023 alia
465 991 645 1030 roboratis,
673 990 803 1022 statutis
838 994 870 1021 et
894 999 980 1022 con-

234 1044 485 1083 suetudinibus,
517 1043 764 1083 stabilimentis,
796 1042 909 1075 usibus
950 1047 981 1074 et

235 1098 376 1138 naturis,
403 1098 582 1141 privilegiis
609 1108 762 1140 quoque,
790 1096 923 1129 indultis
949 1101 981 1129 et

235 1152 354 1184 litteris
380 1151 569 1194 apostolicis
597 1151 626 1183 in
659 1150 858 1183 contrarium
886 1160 980 1192 prac-

235 1205 408 1237 missorum
436 1204 686 1246 quomodolibet
706 1203 883 1242 concessis,
902 1212 981 1234 con-

234 1257 368 1290 firmatis
394 1263 426 1290 et
460 1257 650 1297 innovatis;
673 1257 793 1300 quibus
829 1255 980 1288 omnibus

235 1316 267 1344 et
303 1311 463 1353 singulis,
490 1310 623 1343 illorum
661 1315 792 1342 tenores
824 1318 979 1351 praesen-

236 1365 321 1398 tibus
346 1375 407 1408 pro
435 1365 533 1408 plene
559 1368 591 1397 et
618 1363 822 1396 sufficienter
848 1371 980 1405 expres-

235 1419 277 1451 sis
303 1429 339 1451 ac
358 1418 396 1451 de
422 1418 521 1451 verbo
547 1418 586 1450 ad
612 1416 750 1450 verbum
778 1416 908 1449 insertis
927 1415 980 1447 lia-

234 1472 360 1513 bentes,
380 1472 444 1505 illis
462 1472 541 1505 alias
566 1471 599 1504 in
618 1482 675 1504 suo
691 1471 812 1503 robore
830 1479 980 1512 perman-

235 1524 340 1565 suris,
372 1525 411 1558 ad
444 1525 700 1568 praemissorum
729 1522 890 1562 ellectum,
918 1522 980 1554 hac

235 1578 303 1611 vice
340 1579 526 1618 dumtaxat,
553 1577 742 1620 specialiter
768 1583 799 1609 et
825 1585 979 1618 expresse

236 1631 454 1674 derogamus3
484 1631 670 1673 ceterisque
707 1629 882 1663 contrariis
914 1628 981 1671 qui-

236 1685 452 1727 buscumque.

280 1737 351 1781 §8.
391 1738 547 1770 Volumus
580 1741 688 1769 autem
727 1741 761 1768 ut
793 1735 979 1768 earumdem

236 1791 459 1836 praesentium
477 1791 658 1823 litterarum
679 1788 904 1832 transumptis,
925 1798 979 1820 seu

236 1844 403 1888 exemplis,
419 1843 516 1876 etiam
535 1843 715 1886 impressis,
731 1852 826 1874 manu
842 1841 980 1874 alicuius

235 1897 354 1931 notarii
391 1897 516 1940 publici
552 1896 769 1939 subscriptis,
803 1900 835 1928 et
871 1895 980 1938 sigillo

10 1978 13 1995 ,
235 1960 396 1994 personae
422 1950 453 1982 in
479 1948 698 1982 ecclesiastica
724 1937 880 1991 dignitase
907 1958 982 1980 con-

10 2004 14 2077 i
236 2004 370 2037 stitutae
409 2003 564 2043 munitis,
602 2002 714 2035 eadem
741 2011 876 2045 prorsus
902 2000 981 2033 sides

10 2079 14 2134 ι
236 2057 357 2100 ubique
394 2056 608 2095 adhibeatur,
634 2066 717 2099 quae
755 2054 981 2098 praesentibus

237 2110 317 2154 ipsis
338 2110 553 2143 adhiberetur
572 2109 598 2142 si
620 2109 730 2142 forent
750 2108 914 2142 exhibitae
932 2109 980 2141 vel

10 2136 15 2207 l
238 2169 401 2197 ostensae.

10 2210 14 2229 ⁸
280 2217 396 2250 Datum
423 2217 556 2257 Romae,
587 2217 673 2260 apud
699 2216 730 2249 S.
762 2216 892 2249 Mariam
919 2214 981 2248 Ma-

238 2270 361 2310 iorem,
387 2271 445 2303 sub
472 2271 593 2303 annulo
620 2269 815 2308 piscatoris,
840 2269 892 2302 die
918 2278 980 2301 xxu

237 2323 343 2356 martii
381 2333 587 2363 unccxxxvi,
623 2322 832 2366 pontificatus
876 2321 979 2354 nostri

239 2386 324 2410 anno
351 2387 393 2410 vu

274 2438 336 2465 Dat.
357 2437 401 2465 die
420 2438 454 2465 22
475 2437 565 2464 martii
587 2438 665 2471 1735,
683 2437 781 2472 pontis.
799 2444 870 2463 auno
890 2442 927 2464 vt.

548 2490 581 2524 F.
602 2490 687 2524 card.
707 2490 887 2525 Ot1vea1us.

82 1744 225 1771 'transumptis

45 1773 100 1793 crusti
116 1773 180 1794 iubet.

1068 367 1199 399 Graecis
1223 367 1456 409 cuiuscumque
1477 365 1672 398 conditionis
1694 374 1768 406 pro-

1067 419 1221 451 hibentur
1238 419 1515 462 quaestuationes,
1536 417 1679 459 sinqulis
1696 426 1767 448 car-

1067 472 1236 504 dinalibus
1251 472 1365 514 Ieyatis
1380 476 1407 503 e!
1421 472 1551 503 nunciis
1565 470 1763 513 apostolicis,

1067 525 1240 568 ceterisque
1269 525 1473 557 ecclesiarum
1498 524 1657 567 praelatis
1682 534 1766 555 com-

1067 578 1225 617 mittitur,
1242 578 1287 610 eis
1302 588 1365 610 non
1385 582 1512 610 tantum
1529 578 1654 609 litteras
1671 587 1767 620 quae-

1067 632 1243 663 stuatiom's
1258 659 1265 669 ,
1293 631 1347 663 sed
1371 631 1537 674 quaesitas
1561 641 1689 674 quoque
1712 640 1767 673 pe-

1068 684 1184 716 cunias
1208 683 1362 717 adimere.

1237 765 1371 791 Clemens
1392 765 1472 798 Papa
1491 765 1556 796 XII,

1160 809 1197 836 ad
1218 809 1358 836 futuram
1379 809 1424 836 rei
1447 809 1636 836 memoriam.

1070 880 1084 923 ἓ
1110 879 1141 912 1.
1169 879 1295 912 Dudum
1317 879 1480 912 emanavit
1505 890 1521 912 a
1542 879 1643 911 felicis
1661 889 1769 912 recor·
1807 888 1962 909 noenum„-

1778 918 1869 936 ῃηιϊῐιιιι
1883 916 1907 935 ΧΙ
1919 921 1960 940 quo

1026 932 1166 965 dationis
1192 932 1381 965 Innocentio
1408 932 1492 974 Papa
1517 931 1554 964 Xl
1573 931 1961 974 p1·aedeces-G1-„0.-t<laesi...

1744 984 1750 990 .
1777 972 1830 989 citur
1847 969 1960 994 elcemosy-

1025 996 1098 1018 sore
1124 991 1234 1018 nostro
1260 985 1290 1017 in
1317 984 1576 1027 Congregatione
1602 990 1678 1017 tunc
1703 995 1962 1021 exi-nasqutesmare.

1025 1038 1176 1070 stentium
1204 1038 1235 1070 S.
1259 1038 1296 1070 R.
1324 1038 1358 1070 E.
1391 1037 1602 1070 cardinalium
1628 1037 1767 1079 negotiis

1026 1092 1257 1134 Propagandae
1271 1091 1359 1123 Fidei
1379 1091 1639 1134 praepositorum
1657 1100 1765 1123 coram

1025 1144 1095 1187 ipso
1111 1145 1302 1177 Innocentio
1319 1145 1571 1187 praedecessore
1590 1144 1698 1176 habita
1716 1144 1766 1176 de-

1025 1203 1146 1230 cretum
1163 1198 1247 1240 typis
1262 1198 1400 1230 subinde
1419 1198 1612 1240 impressum
1630 1207 1665 1228 ac
1682 1197 1768 1229 evul-

1025 1256 1132 1293 gatum
1161 1251 1283 1283 tenoris
1316 1250 1368 1293 qui
1395 1251 1562 1293 sequitur,
1590 1249 1764 1282 videlicet:

1065 1318 1114 1347 Die
1138 1327 1204 1347 xxix
1227 1317 1351 1347 ianuarii
1382 1325 1551 1352 Mmmxxvu,
1586 1316 1614 1345 iu
1647 1325 1767 1353 congre-

1025 1367 1142 1405 gatione
1166 1365 1295 1404 generali
1318 1365 1352 1394 de
1372 1364 1557 1404 Propagamla
1576 1364 1644 1393 Fide
1667 1363 1766 1393 habita

1025 1416 1054 1445 in
1079 1415 1185 1454 palatio
1209 1414 1367 1453 apostolico
1400 1422 1496 1443 coram
1520 1412 1765 1442 reverendissimo

1026 1464 1144 1494 domino
1168 1467 1269 1493 nostro
1291 1462 1462 1492 Innocentio
1485 1462 1560 1500 Papa
1581 1461 1615 1490 XI
1640 1470 1672 1490 ac
1695 1461 1765 1490 emi-

1025 1513 1207 1544 nentissimis
1235 1516 1263 1542 et
1292 1511 1546 1542 reverendissimis
1569 1510 1765 1540 cardinalibus

1025 1562 1155 1592 eiusdem
1173 1571 1272 1591 sacrae
1288 1560 1528 1599 Cougrcgationis
1550 1559 1711 1595 decretum,
1729 1568 1765 1588 ne

1026 1611 1212 1651 permittatur
1234 1610 1350 1640 Graecis
1373 1610 1585 1648 cuiuscumque
1618 1612 1709 1637 status
1738 1612 1766 1637 et

1025 1659 1212 1697 conditionis,
1248 1663 1316 1696 etc.,
1351 1658 1489 1698 pecunias
1512 1661 1697 1696 quaestuare,
1721 1657 1765 1686 vel

1025 1708 1128 1748 quovis
1151 1708 1206 1737 alio
1230 1707 1314 1737 modo
1335 1707 1533 1745 eleemosynas
1557 1709 1665 1745 petere.
1695 1704 1764 1734 Cum

1025 1761 1122 1787 sancta
1147 1757 1208 1786 loca
1232 1755 1505 1795 llierosolymitana,
1524 1754 1675 1793 inquibus
1698 1753 1767 1783 Ver-

1026 1806 1093 1835 bum
1117 1815 1186 1835 caro
1210 1806 1318 1835 sactum
1341 1808 1397 1840 est,
1421 1808 1448 1833 et
1471 1807 1587 1833 nostrae
1606 1802 1766 1842 reparatio-

1026 1855 1071 1884 nis
1094 1854 1245 1893 mysteria,
1263 1853 1321 1883 Deo
1338 1853 1507 1888 miserante,
1526 1851 1668 1891 completa
1685 1855 1764 1887 sunt,

1025 1905 1164 1934 hactenus
1186 1901 1435 1932 administrationi
1458 1905 1485 1931 et
1507 1900 1656 1930 custodiae
1672 1899 1766 1929 sancti

1025 1952 1173 1983 Francisci
1196 1952 1232 1981 de
1254 1950 1448 1981 Observautia
1470 1960 1483 1979 a
1508 1950 1610 1978 sancta
1633 1948 1707 1978 Sede
1730 1948 1767 1977 Λ-

1026 2001 1168 2041 postolica
1191 2000 1357 2035 commissa,
1375 1998 1554 2038 nuperrimis
1571 1998 1649 2027 hisce
1665 1997 1766 2027 dicbus

1025 2062 1039 2080 a
1059 2050 1177 2081 Graecis
1193 2048 1399 2086 schismaticis,
1417 2047 1582 2077 subornatis
1598 2046 1681 2076 aulae
1695 2045 1767 2076 Tur-

1025 2100 1104 2129 cicae
1128 2098 1285 2135 ministris,
1305 2098 1341 2127 de
1364 2106 1451 2126 manu
1474 2096 1618 2126 dictorum
1643 2096 1765 2124 fratrum

1025 2148 1117 2178 sancti
1134 2147 1282 2177 Francisci
1305 2155 1419 2175 summo
1442 2145 1599 2174 latinorum
1623 2143 1766 2173 dedecore

1024 2200 1162 2235 usurpata
1185 2195 1260 2230 sint,
1285 2194 1320 2224 iis
1346 2193 1501 2233 praecipue
1525 2191 1664 2221 subsidiis
1693 2200 1765 2230 quae

1025 2256 1058 2275 ex
1075 2245 1203 2275 fidelium
1223 2243 1452 2273 christianorum
1469 2240 1662 2279 elecmosynis
1678 2240 1765 2269 iidem

1024 2294 1125 2325 Graeci
1150 2296 1361 2333 perceperunt3
1391 2295 1422 2320 ut
1445 2290 1512 2320 huic
1535 2289 1639 2319 sceleri
1663 2288 1765 2317 modus

1025 2344 1202 2383 imponatur,
1230 2351 1301 2371 neve
1323 2350 1357 2370 ex
1381 2339 1511 2369 fidelium
1543 2338 1649 2376 pietate
1676 2336 1766 2366 schis-

1025 2391 1141 2421 maticis
1162 2394 1190 2420 et
1209 2389 1357 2430 perpetuis
1380 2387 1527 2417 Ecclesiae
1547 2387 1693 2415 Romanae
1717 2384 1765 2414 ho-

1024 2441 1117 2470 stibus
1140 2440 1235 2470 aditus
1258 2438 1293 2468 ad
1317 2445 1405 2467 novas
1428 2433 1616 2465 cuumlandas
1640 2433 1763 2462 iniurias

1024 2490 1183 2530 aperiatur,
1208 2486 1409 2517 sanctissimus
1436 2483 1572 2513 domiuus
1600 2485 1699 2511 noster
1721 2481 1764 2511 ln-

1025 2538 1177 2569 nocentius
1196 2536 1250 2566 PP.
1274 2534 1321 2571 xl,
1355 2541 1474 2563 suorum
1509 2530 1765 2571 praedecessorum

1025 2588 1212 2619 Summarum
1229 2584 1405 2615 Pontificum
1423 2580 1553 2620 vestigiis
1570 2579 1762 2621 inhaerendo,
