2232 3178
19 202 76 230 An.
96 201 127 229 C.
145 200 212 228 1737

61 1000 139 1026 sieque
160 1005 204 1020 ser·

22 1027 110 1074 :sptium
128 1026 203 1047 statui-

841 199 983 225 CLEMENS
1010 199 1056 224 ΚΠ
1082 201 1130 225 ΡΡ.

217 248 287 282 iure
314 248 363 282 vel
399 247 439 282 ab
461 247 596 282 homine
614 276 621 289 ‚
653 248 763 292 quavis
788 249 958 283 occasione

216 304 265 336 vel
283 304 376 336 causa
403 302 495 343 latis,
522 303 547 335 si
574 303 691 346 quibus
711 303 958 346 quomodolibet

217 356 391 389 innodatae
429 356 582 394 esistunt,
616 357 654 389 ad
688 356 839 389 effectum
865 367 957 399 prae-

216 410 355 442 sentium
393 410 556 442 dumtaxat
581 410 872 453 consequendum,
901 410 958 443 lia-

216 473 286 494 rum
312 462 396 495 serie
418 462 622 495 absolventes
647 468 678 495 et
703 462 868 495 absolutas
887 462 956 495 sore

216 520 403 554 censentes,
434 515 728 558 supplicationibus
761 526 872 548 eorum
905 525 958 548 no—

215 568 301 601 mine
336 567 432 601 nobis
467 579 566 612 super
603 569 666 601 hoc
689 569 858 602 humiliter
883 579 959 612 por-

216 622 312 655 rectis
329 621 493 661 inclinati,
513 622 676 654 decretum
702 622 956 665 praeinsertum,

216 674 408 707 auctoritate
434 674 631 717 apostolica,
660 680 775 707 tenore
804 685 958 718 praesen-

216 725 310 767 tium,
337 727 556 770 approbamus
584 733 615 759 et
647 726 895 768 confirmamus,
921 727 959 760 il-

215 779 303 822 lique
337 779 532 812 inviolabilis
567 780 766 822 apostolicae
800 780 958 813 firmitatis

214 832 315 865 robur
340 832 533 866 adiicimus:
560 833 647 865 salva
673 838 779 866 tamen
806 833 836 865 in
866 844 960 877 prae-

214 885 321 918 missis
342 885 533 919 auctoritate
555 891 755 919 memoratae
776 886 959 929 Congreget-

217 938 314 972 tionis
339 938 566 972 cardinalium.

259 991 331 1035 §ln
365 992 612 1033 Decernentes,
648 993 734 1037 ipsas
770 998 958 1037 praesentes

213 1045 339 1079 litteras
365 1045 486 1086 sirmas,
513 1046 636 1080 validas
661 1052 693 1079 et
722 1046 869 1080 efficaces
895 1047 959 1079 exi-

215 1103 301 1131 stere
327 1103 357 1131 et
380 1098 469 1138 sore,
495 1109 639 1142 suosque
666 1099 835 1143 plenarios
860 1105 892 1133 et
913 1100 959 1132 in-

216 1156 324 1194 tegros
349 1151 484 1185 effectus
509 1152 617 1185 sortiri
652 1158 684 1186 et
718 1153 869 1186 obtinere
889 1180 897 1193 ‚
924 1164 959 1186 ae

213 1204 300 1245 illis,
330 1205 368 1237 ad
395 1215 476 1248 quos
507 1211 631 1248 spectat
662 1211 693 1239 et
720 1217 780 1249 pro
810 1211 958 1249 ternpore

215 1258 398 1302 spectabit,
423 1258 614 1302 plenissime
640 1259 808 1302 suffragari
828 1286 835 1299 ,
863 1265 894 1292 et
920 1259 959 1292 ab

215 1311 262 1345 eis
295 1312 478 1355 respective
509 1311 745 1346 inviolabiliter
773 1312 958 1352 observari,

213 1364 326 1408 sicque
360 1365 394 1398 in
430 1365 616 1408 praemissis
649 1376 708 1408 per
734 1376 958 1409 quoscumque

214 1417 337 1451 iudices
368 1417 553 1451 ordinarios
578 1424 609 1451 et
638 1419 805 1461 delegatos
823 1446 830 1459 ‚
864 1419 959 1452 etiam

213 1481 383 1503 causarum
414 1471 528 1514 palatii
561 1471 733 1514 apostolici
770 1471 959 1512 auditores,

212 1523 350 1558 iudicari
375 1529 406 1557 et
430 1524 556 1557 definiri
586 1524 727 1565 debere,
760 1536 797 1559 ac
832 1526 958 1558 irritum

214 1582 247 1611 et
270 1578 367 1611 inane
388 1578 413 1611 si
439 1589 532 1611 secus
551 1579 719 1622 superbis
748 1590 764 1611 a
786 1590 958 1622 quoquam,

214 1631 326 1675 quavis
354 1631 547 1665 auctoritate
567 1659 574 1672 ,
601 1631 745 1666 scienter
782 1634 830 1665 vel
868 1633 960 1675 igno-

214 1689 323 1718 ranter
341 1711 349 1725 ‚
376 1684 551 1728 contigerit
575 1686 739 1718 attentari.

228 1754 230 1756 ·
258 1738 273 1780 ἓ
297 1737 329 1770 4.
356 1736 425 1770 Non
456 1737 661 1770 obstantibus
687 1739 895 1782 praemissis,
922 1750 958 1772 ac

214 1790 498 1824 constitutionibus
531 1796 562 1824 et
596 1791 856 1824 ordinationibus
882 1803 958 1835 apo-

214 1844 348 1884 stolicis,
373 1855 514 1885 necnon,
539 1849 698 1888 quatenus
725 1856 806 1888 opus
833 1846 882 1887 sit,
903 1846 958 1879 Or-

215 1897 299 1930 dinis
323 1903 355 1931 et
379 1897 646 1941 Congregatiouis
674 1898 878 1939 huiusmodi,
905 1899 957 1932 et¹

214 1950 411 1991 iuramento,
429 1950 676 1984 confirmatione
699 1952 889 1995 apostolica,
908 1954 956 1986 vel

215 2004 327 2048 quavis
352 2003 503 2037 firmitate
533 2004 596 2037 alia
620 2005 782 2038 roboratis
798 2031 805 2045 ,
830 2005 956 2038 statutis

215 2063 246 2091 et
273 2058 575 2097 consuetudinibus,
599 2058 777 2101 privilegiis
805 2070 956 2103 quoque,

214 2111 351 2144 indultis
377 2117 407 2144 et
432 2111 549 2145 litteris
570 2112 758 2155 apostolicis
776 2112 807 2144 in
830 2118 958 2145 contra-

215 2164 299 2197 rium
325 2165 583 2208 praemissorum
608 2165 856 2208 quomodolibet
881 2176 957 2198 con-

215 2217 324 2258 cessis,
350 2218 549 2251 consirmatis
571 2223 603 2251 et
629 2219 808 2257 innovatis;
837 2219 955 2262 quibus

213 2271 363 2304 omnibus
400 2276 430 2304 et
463 2272 625 2315 singulis,
654 2271 784 2304 illorum
823 2277 955 2306 tenores

213 2324 436 2367 praesentibus
466 2335 524 2368 pro
557 2326 653 2368 plene
691 2330 723 2358 et
756 2325 957 2358 sufficienter

214 2377 375 2420 expressis
396 2388 433 2410 ac
456 2377 495 2411 de
513 2378 610 2411 verbo
633 2378 672 2410 ad
696 2379 827 2411 verbum
855 2378 956 2411 inser-

216 2429 254 2462 tis
280 2430 460 2471 habentes,
491 2430 555 2463 illis
588 2430 666 2463 alias
695 2430 726 2463 in
753 2441 808 2464 suo
836 2431 955 2464 robore

214 2484 444 2526 permansuris
464 2484 503 2516 ad
522 2484 776 2527 praemissorum
793 2484 954 2525 effectum,

215 2537 276 2570 hac
311 2536 377 2570 vice
410 2536 592 2577 dumtaxat,
619 2537 806 2580 specialiter
842 2543 873 2570 et
904 2549 956 2571 ex-

251 2601 261 2626 1
281 2599 380 2627 Forsan
396 2599 472 2627 deest
487 2601 556 2627 altis
572 2601 731 2635 quibusvis,
749 2601 838 2628 ctiam
856 2602 894 2635 (u.
905 2603 954 2635 12).

264 2653 343 2681 Ball.
365 2653 446 2682 Rom.
468 2668 501 2673 --
524 2653 584 2682 Vol.
606 2654 709 2683 XXIV.
857 2655 890 2681 28

1645 192 1708 225 ⁶217

1001 260 1111 293 presse
1133 250 1346 294 derogamus;
1367 250 1548 294 ceterisque
1574 250 1745 284 contrariis

1002 303 1271 347 quibuscumque.

1045 356 1160 389 Datum
1180 357 1318 397 Romae,
1336 357 1422 400 apud
1447 356 1478 390 S.
1499 357 1629 390 Mariam
1649 357 1746 390 Maio-

1002 419 1081 449 rem,
1097 410 1157 442 sub
1175 411 1298 443 annulo
1316 409 1502 449 Piscatoris,
1517 411 1568 443 die
1586 421 1623 444 111
1638 410 1744 443 martii

1000 472 1207 504 MDCCXXXVH,
1225 463 1434 506 pontificatus
1455 465 1559 497 nostri
1581 475 1666 496 anno
1688 474 1743 497 vu.

1037 525 1095 552 Dat.
1117 525 1160 552 die
1179 526 1196 552 3
1216 526 1307 552 martii
1327 523 1407 558 1737,
1431 525 1526 560 pontif.
1548 534 1620 553 anno
1641 532 1686 552 vu.

1320 668 1431 702 CXCV.

1003 738 1244 781 Confirmaneur
1268 739 1331 772 cluo
1357 739 1481 773 decreta
1505 740 1593 773 edila
1620 740 1653 773 in
1671 750 1745 773 con-

1044 796 1138 824 ventu
1162 793 1310 835 ¹qeneralt'
1329 793 1597 836 Conyreqntionis
1622 794 1746 826 Missio-

1045 844 1096 876 nis
1121 844 1163 877 ad
1189 844 1333 878 tollenda
1364 845 1465 878 dubia
1496 856 1579 889 quae
1603 845 1746 878 suboriri

1043 902 1172 940 possent
1207 909 1304 941 super
1340 898 1562 942 inlelle'yentiti
1594 900 1746 932 constitu-

1048 951 1173 983 tionum
1199 951 1342 984 eiusdem
1368 952 1646 995 Conyreyaliom's.

1211 1032 1349 1059 clemens
1369 1033 1449 1066 Papa
1468 1033 1533 1065 XII,

1144 1078 1179 1103 ad
1199 1077 1334 1104 futuram
1354 1078 1399 1104 rei
1420 1077 1608 1114 memoriam,-

1046 1146 1087 1179 Ex
1116 1146 1261 1180 iniuncto
1280 1147 1373 1181 nobis
1391 1148 1525 1181 caelitus
1545 1149 1743 1192 apostolicae

1003 1200 1165 1233 servitutis
1191 1211 1337 1241 munere,
1364 1202 1437 1241 illa,
1465 1212 1546 1245 quae
1571 1213 1631 1246 pro
1659 1203 1743 1236 felici

1003 1255 1183 1288 directione
1210 1260 1242 1288 et
1263 1255 1494 1298 tranquillitate
1520 1257 1746 1299 congregatio-

1004 1318 1078 1341 num
1105 1308 1247 1341 virorum
1274 1308 1569 1342 ecelesiasticorum
1587 1309 1618 1341 in
1636 1309 1746 1343 Eccle-

1003 1361 1050 1394 sia
1075 1361 1130 1395 Dei
1156 1361 1208 1405 ple
1245 1367 1422 1406 sancteque
1453 1362 1672 1395 institutarum
1711 1373 1746 1396 ac

1004 1415 1121 1448 uberes
1135 1415 1293 1448 bonorum
1312 1426 1446 1459 operum
1461 1415 1581 1448 fructus
1599 1416 1746 1449 studiosa

1004 1469 1161 1502 charitate
1187 1469 1303 1512 iugiter
1328 1469 1565 1512 proferentium
1603 1470 1745 1513 pruden-

1005 1527 1052 1555 ter
1088 1522 1287 1566 provideque
1325 1523 1501 1555 constituta
1533 1528 1563 1555 et
1599 1523 1745 1556 ordinata

1003 1586 1075 1609 esse
1101 1582 1291 1615 noscuntur,
1316 1581 1349 1607 ut
1374 1575 1465 1608 firma
1491 1586 1622 1619 semper
1647 1581 1744 1619 atque

1003 1628 1125 1661 illibata
1150 1628 1332 1672 persistant,
1360 1629 1530 1672 apostolici
1556 1629 1743 1662 muniminis

1003 1682 1183 1726 patrocinio
1210 1683 1350 1716 libenter
1374 1683 1578 1716 roboramus.

1046 1736 1117 1779 gl.
1151 1735 1274 1779 Exponi
1307 1736 1466 1780 siquidem
1505 1736 1599 1769 nobis
1637 1747 1743 1780 nuper

1003 1789 1074 1821 fecit
1093 1789 1227 1822 dilectus
1247 1788 1329 1822 filius
1346 1790 1482 1823 Ioannes
1500 1789 1598 1833 Coniy
1609 1789 1627 1829 ¹,
1647 1801 1743 1834 supo-

1002 1842 1070 1875 rior
1095 1842 1255 1885 generalis
1281 1842 1550 1886 Congregationis
1571 1843 1742 1884 Missionis,

1001 1896 1087 1939 quod
1124 1897 1156 1928 in
1187 1896 1362 1930 novissimo
1399 1902 1561 1930 conventu
1598 1898 1741 1940 generali

1001 1949 1116 1992 ipsius,
1136 1961 1220 1983 anuo
1240 1950 1388 1993 proxime
1413 1951 1593 1994 praeterito
1612 1951 1643 1984 in
1665 1952 1742 1984 eivi-

1002 2008 1065 2036 tate
1085 2003 1258 2036 Parisiensi
1285 2004 1409 2044 habito,
1429 2004 1504 2036 bina
1530 2004 1663 2037 decreta
1682 2015 1740 2048 pro

1001 2056 1190 2089 dirimendis
1217 2057 1437 2100 tollendisque
1463 2057 1588 2101 aliquot
1613 2057 1739 2098 dubiis,

1000 2120 1082 2152 quae
1107 2120 1204 2153 super
1224 2110 1441 2153 intelligentia
1465 2121 1522 2143 seu
1548 2111 1740 2154 interpreta-

1002 2162 1086 2195 tione
1105 2164 1338 2197 nonnullorum
1360 2164 1568 2197 articulorum
1586 2165 1741 2197 constitu-

1002 2215 1124 2249 tionum
1151 2216 1297 2250 eiusdem
1315 2216 1583 2260 Congregationis
1601 2218 1741 2251 auctori-

1001 2275 1064 2303 tate
1085 2270 1261 2314 apostolica
1279 2270 1542 2304 confirmatarum
1564 2282 1740 2315 progressu

1001 2324 1156 2368 temporis
1171 2324 1264 2357 facile
1283 2325 1421 2357 suboriri
1436 2325 1635 2368 potuissent,
1656 2326 1740 2359 edita

1000 2378 1149 2418 suerunt,
1170 2378 1294 2411 tenoris
1313 2378 1366 2421 qui
1394 2378 1550 2421 sequitur,
1569 2378 1739 2412 videlicet:

1039 2450 1058 2470 1.
1076 2440 1106 2470 In
1122 2444 1267 2470 conventu
1280 2440 1409 2478 generali
1423 2439 1662 2478 congregationis
1676 2441 1742 2471 Mis-

999 2490 1111 2525 sionis,
1136 2490 1185 2530 qui
1210 2499 1309 2519 mense
1340 2490 1443 2519 martio
1472 2490 1541 2519 anni
1570 2492 1741 2521 ›snccxva

1036 2558 1045 2584 l
1071 2557 1141 2584 Edit.
1163 2556 1241 2583 Main.
1263 2556 1328 2589 legit
1349 2556 1447 2583 Couez‘z·
1465 2557 1504 2590 (a.
1520 2558 1570 2589 τ.).

1034 2601 1050 2628 2
1069 2602 1124 2628 Aut
1145 2600 1234 2636 potius
1256 2601 1323 2628 1736
1344 2602 1382 2635 (a.
1399 2601 1447 2634 r).

1756 203 1802 227 Au.
1823 203 1853 229 C.
1874 202 1938 231 1737

1781 1166 1924 1188 Prooemium.

1789 1751 1810 1772 ln
1832 1754 1936 1772 conventu

1754 1778 1868 1798 Pausian„
1895 1778 1937 1798 duo

1754 1805 1811 1825 edita
1827 1805 1922 1825 decreta.

1779 2453 1888 2476 Quomodo
1905 2454 1936 2472 ‘m-

1754 2480 1868 2505 [eumen-ta
1908 2482 1934 2498 «ι’

1752 2513 1819 2528 uiator
1835 2513 1882 2533 Γπ»
1894 2507 1934 2527 susv
