2232 3178
13 228 61 255 An.
78 224 106 252 C.
129 222 194 250 1737

204 279 274 303 rum
298 267 475 312 praesecto,
500 266 525 300 si
551 277 665 311 preces
691 266 818 300 veritati
843 266 947 299 nitan-

207 329 265 365 tur,
283 321 486 366 supradictas
512 321 797 354 confraternitates
824 325 887 353 tam
913 320 946 352 in

205 375 351 410 ecclesiis
388 375 578 408 eorumdem
612 374 848 417 exponentium
878 383 947 406 ere-

204 435 270 463 etas
291 435 322 462 et
339 429 520 472 erigendas,
542 439 637 472 quam
655 428 786 461 illorum
804 427 947 460 oratoria

204 482 325 515 ruralia
345 482 389 514 ab
407 481 588 514 Ordinariis
613 481 756 513 locorum
781 490 848 512 non
875 490 946 513 esse

204 535 375 576 visitanda,
395 535 450 568 sed
469 545 485 566 a
506 534 731 577 superioribus
756 533 946 577 praedictae

204 588 472 631 Congregationis
517 587 709 630 Hispaniae,
755 586 946 619 auctoritate

205 641 394 685 apostoliea,
416 646 529 674 tenore
551 640 784 684 praesentium,
804 639 947 672 declara-

204 705 275 728 mus
300 704 336 727 ac
362 693 576 727 decernimus.

24 789 28 792 ι
53 760 129 786 sicque
145 757 193 787 ηυῑ-Δ
248 748 263 791 ἓ
281 747 312 781 5.
325 747 546 780 Decernentes
562 745 695 790 pariter,
710 745 839 779 easdem
855 756 948 789 prae-

16 788 192 845 :ssssicjptfisivitif
204 806 313 835 sentes
338 801 462 833 litteras
488 810 618 843 semper
643 799 758 838 sirmas,
778 799 899 832 validas
918 805 948 832 et

18 840 90 862 'mn'
204 853 351 888 efficaces
371 852 510 886 existere
529 858 560 886 et
577 853 658 892 sore,
676 862 819 895 suosque
838 853 948 895 plena-

203 906 269 940 rios
294 912 326 939 et
349 906 494 949 integros
521 905 652 939 effectus
677 905 783 938 sortiri
811 910 842 937 et
867 904 948 938 obti-

203 970 296 1000 nere,
324 969 360 992 ac
383 958 467 999 illis,
493 959 533 991 ad
559 969 641 1002 quos
666 963 791 1002 spectat
824 963 855 990 et
888 968 947 1001 pro

205 1018 352 1057 tempore
377 1012 558 1056 spectabit,
587 1012 620 1044 in
657 1011 809 1045 omnibus
835 1016 866 1044 et
891 1022 949 1055 per

204 1065 314 1099 omnia
338 1065 529 1110 plenissime
555 1064 744 1108 suffragari,
773 1065 884 1108 sieque
915 1064 948 1097 in

205 1120 391 1163 praemissis
416 1130 477 1164 per
502 1130 727 1163 quoscumque
752 1119 876 1152 iudices
901 1129 951 1152 or-

206 1173 352 1206 dinarios
383 1178 415 1206 et
447 1173 632 1215 delegatos,
659 1172 754 1205 etiam
781 1182 948 1205 causarum

205 1227 317 1271 palatii
355 1226 527 1270 apostolici
558 1226 732 1265 auditores,
758 1225 892 1258 iudicari
919 1231 950 1258 et

206 1279 334 1314 definiri
362 1280 496 1320 debere,
525 1290 561 1312 ae
587 1279 715 1311 irritum
742 1283 774 1311 et
798 1278 896 1311 inane
923 1278 947 1310 si

204 1344 298 1368 secus
324 1344 425 1377 super
449 1333 499 1366 his
527 1344 544 1365 a
565 1343 736 1376 quoquam,
763 1332 873 1375 quavis
895 1342 947 1364 au—

205 1388 363 1428 ctoritate,
389 1387 530 1421 scienter
563 1387 612 1420 vel
644 1386 842 1429 ignoranter,
868 1396 947 1419 eon-

205 1442 315 1485 tigerit
335 1441 502 1475 attentari.

248 1495 263 1539 §
286 1494 317 1528 4.
338 1494 409 1528 Non
429 1493 635 1527 obstantibus
656 1492 948 1526 constitutionibus

205 1553 237 1583 et
261 1547 525 1582 ordinationibus
543 1546 743 1590 apostolicis,
763 1546 947 1590 ceterisque

205 1601 377 1636 contrariis
404 1601 674 1646 quibuscumque.

248 1656 362 1689 Datum
385 1655 524 1694 Romae,
553 1655 638 1697 apud
669 1653 700 1687 S.
728 1653 860 1687 Mariam
886 1654 949 1686 Ma-

205 1709 324 1750 iorem,
351 1709 411 1742 sub
441 1709 562 1741 annulo
589 1707 777 1746 Piscatoris,
799 1707 850 1740 die
876 1718 948 1741 xxxi

204 1761 341 1796 ianuarii
357 1771 550 1796 MDecxxxvu
567 1788 574 1801 ,
608 1759 819 1804 pontificatus
845 1760 948 1793 nostri

206 1826 292 1849 anno
313 1826 369 1849 vn.

241 1879 303 1905 Dat.
325 1878 370 1905 die
391 1878 419 1906 3¹
444 1877 559 1905 ianuarii
584 1877 660 1909 1737,
682 1877 778 1913 pontis.
795 1886 866 1906 auno
884 1884 930 1904 ru.

61 1503 194 1525 obstantibus

20 1531 108 1557 «inrogat.

533 2021 630 2055 CXCI.

17 1942 22 2014 !

18 2020 22 2036 Ι

20 2091 23 2149 l
207 2103 422 2138 Alto-nativis
434 2103 529 2146 factis
541 2113 601 2146 pro
619 2101 818 2140 nationibus,
832 2102 952 2145 quibus

21 2154 25 2242 1
251 2157 411 2200 conflatur
423 2157 593 2200 provincia
606 2155 801 2189 Germanica
817 2154 952 2189 Ordinis

22 2255 26 2312 Ι
252 2211 421 2244 Servorum
444 2209 479 2242 B.
499 2209 542 2242 M.
571 2209 614 2249 V„
640 2209 707 2241 iam
728 2208 917 2252 approbatis
934 2219 953 2240 α

252 2263 373 2296 vicario
386 2263 536 2306 qenerali
547 2262 683 2296 Ordinis
693 2261 845 2301 eiusdem,
858 2261 954 2294 robur
973 2287 975 2296 ,

253 2316 506 2358 confirmationis
532 2315 726 2359 apostolicae
751 2314 921 2347 adiicitur.

418 2397 555 2423 clemens
577 2397 660 2429 Papa
681 2395 746 2427 xn,

333 2441 367 2468 ad
387 2445 567 2475 perpetuam
587 2441 633 2467 rei
648 2440 832 2467 memoriam,

50 2513 186 2536 ¹''⁰⁰“¹²'¹¹“¹·
256 2513 431 2547 pastoralis
456 2511 553 2546 officii
579 2511 679 2545 nostri
700 2511 852 2544 (livinitus
871 2521 955 2544 com-

212 2567 300 2601 missi
325 2566 513 2600 sollicitudo
541 2576 599 2599 nos
625 2566 797 2605 admonet,
823 2569 873 2605 ut,
900 2575 955 2608 pa-

29 2643 32 2661 ,
215 2626 339 2655 ternam
365 2620 592 2663 religiosorum
617 2620 771 2658 virorum,
799 2619 852 2662 qui
871 2629 903 2651 se
921 2630 955 2652 se

30 2668 32 2684 ³
281 2683 361 2711 Βαιι.
382 2683 465 2711 Rom.
490 2698 522 2703 -
545 2682 605 2710 Vol.
626 2681 731 2710 XXIV.
896 2680 929 2708 27

831 216 974 243 CLEMENS
998 216 1042 241 ΧΗ
1067 216 1115 241 ΡΡ.

1631 204 1699 239 209
1746 214 1784 240 An
1811 214 1839 240 c.
1865 214 1930 241 ¹737

991 265 1051 299 sub
1066 264 1155 298 suavi
1170 263 1316 298 arctioris
1333 264 1415 297 vitae
1432 264 1508 307 iugo
1528 263 1736 306 devoverunt,

990 330 1100 352 euram
1126 325 1293 362 gerentes,
1313 329 1362 358 ea,
1384 329 1466 362 quae
1494 317 1648 352 tollendis
1669 317 1738 350 ani-

991 383 1118 405 morum
1160 372 1305 405 dissidiis
1351 371 1614 414 stabiliendaque
1652 371 1738 403 inter

991 435 1045 458 eos
1071 425 1217 457 fraterna
1242 425 1418 458 eoncordia
1451 424 1586 468 provide
1619 423 1739 456 consti-

990 483 1058 511 tuta
1083 489 1153 511 esse
1180 484 1378 518 noscuntur,
1406 489 1470 521 quo
1497 477 1586 510 firma
1606 487 1739 520 semper

991 537 1086 575 atque
1105 531 1259 564 inviolata
1277 531 1465 574 persistant,
1486 531 1655 574 apostolici
1674 541 1738 562 mu-

991 584 1125 616 niminis
1152 584 1255 616 nostri
1282 584 1448 627 praesidio
1474 584 1680 617 roboremus.

1035 638 1049 681 g
1075 637 1106 670 1.
1133 637 1259 680 Exponi
1279 637 1440 681 siquidem
1460 637 1553 670 nobis
1572 647 1677 680 nuper
1695 636 1735 669 se·
1763 647 1934 669 mammem-

1749 681 1830 694 n=anwa
1844 675 1932 694 hmines

991 695 1106 724 cerunt
1132 691 1241 723 dilecti
1269 690 1323 723 filii
1350 691 1610 735 Symphorianus
1640 691 1931 723 hiarino-anamma..

991 744 1130 784 llolzer,
1158 745 1258 777 Frater
1293 754 1449 787 expresse
1482 745 1651 787 professus
1683 730 1933 807 Or-{?8S¹s²33..33{{3;

1764 787 1786 800 ΓΟ
1798 786 1873 800 ultione
1885 786 1933 800 COD·

992 797 1076 829 dinis
1101 796 1276 829 Servorum
1293 797 1327 829 B.
1348 797 1386 829 M.
1409 797 1440 829 V.
1462 807 1519 840 per
1534 797 1934 829 Germaniam‹mundanae-12

991 851 1131 884 vicarius
1147 851 1322 893 generalis,
1340 851 1504 894 ceterique
1524 850 1668 893 religiosi
1687 834 1932 884 ηῐι-ῗῖιηὲἵῗῖυκνιῗῗ-ῙΓῘ

993 904 1090 936 tionis
1108 904 1307 944 Austriacae,
1325 905 1423 948 quod,
1442 915 1514 937 cum
1534 914 1646 937 eorum
1664 914 1739 947 pro·
1750 887 1933 939 iitsh'p'filimffiiiiii

993 958 1096 991 viru-ia
1122 969 1158 990 ex
1186 958 1311 991 duabus
1336 957 1514 1002 praecipue
1540 944 1893 996 nationibus,‘''⁰¹¹‘'”‘³¹²⁵'

992 1011 1162 1055 Tyrolensi
1189 1012 1342 1045 videficet
1366 1022 1438 1044 cum
1470 1011 1618 1054 proxime
1650 1011 1740 1043 adia-

993 1065 1167 1106 centibus,
1202 1075 1239 1098 ex
1275 1067 1360 1105 unzi,
1395 1065 1565 1097 Austriaca
1597 1075 1674 1097 vero
1707 1069 1738 1096 et

994 1119 1198 1162 [lungai·iea‚
1225 1130 1260 1152 ex
1297 1120 1396 1153 altera
1431 1125 1545 1163 parte,
1571 1124 1739 1162 compacta

993 1172 1197 1216 reperiatur;
1224 1184 1352 1214 verum,
1377 1178 1513 1217 propter
1537 1173 1658 1206 varium
1684 1183 1740 1205 na-

993 1227 1118 1259 tionum
1135 1227 1315 1270 ingenium,
1335 1227 1502 1270 ingentem
1518 1233 1738 1260 conventuum

992 1280 1030 1313 ad
1056 1280 1195 1313 invicem
1229 1279 1431 1320 distantiam,
1462 1279 1608 1323 aliasque
1643 1279 1740 1323 pluri-

993 1344 1060 1366 mas
1087 1344 1216 1374 causas,
1245 1339 1308 1366 tam
1335 1333 1514 1377 spiritualis
1541 1343 1637 1376 quam
1665 1339 1740 1366 tem-

991 1388 1111 1431 poralis
1137 1387 1342 1427 oeconomia,
1361 1397 1490 1420 necnon
1512 1386 1653 1420 fraterna
1668 1387 1740 1419 cha-

991 1441 1067 1475 ritas
1093 1446 1124 1475 et
1150 1440 1323 1484 disciplina
1349 1440 1527 1483 regularis,
1555 1451 1591 1473 ae
1616 1440 1739 1473 iustitia

991 1496 1133 1539 denique
1161 1494 1366 1528 distributiva
1391 1499 1505 1527 sancte
1534 1494 1655 1526 servari
1689 1493 1737 1526 vix

992 1550 1122 1593 possit,
1148 1548 1210 1581 nisi
1238 1559 1309 1581 eum
1336 1547 1512 1590 praedictis
1550 1547 1737 1580 nationibus

992 1603 1173 1646 aequalitas
1207 1602 1238 1634 in
1273 1601 1426 1634 omnibus
1461 1607 1491 1634 et
1524 1601 1608 1633 insta
1642 1601 1736 1634 alter-

993 1657 1099 1690 nativa
1131 1655 1267 1688 firmiter
1300 1655 1500 1688 stabiliatur:
1528 1654 1738 1687 consentien-

994 1711 1146 1743 tientibus
1173 1709 1318 1743 eiusdem
1345 1708 1534 1752 provinciae
1561 1708 1735 1752 religiosis,

993 1765 1153 1808 quaedam
1180 1763 1366 1796 huiusmodi
1404 1762 1616 1796 alternativae
1653 1762 1739 1805 capi-

995 1820 1060 1852 tula
1086 1818 1163 1850 liinc
1188 1817 1265 1850 inde
1290 1817 1476 1859 subscripta
1495 1816 1635 1855 suerunt,
1653 1826 1737 1858 quae

994 1871 1112 1905 deinde
1138 1882 1212 1904 cum
1237 1869 1671 1914 approbationeimperialis
1685 1870 1738 1902 de-

995 1925 1072 1958 creti
1100 1924 1240 1963 munita,
1263 1929 1295 1957 et
1319 1935 1336 1956 a
1361 1924 1480 1957 dilecto
1505 1923 1575 1956 filio
1597 1922 1737 1966 losepbo

995 1979 1091 2012 Maria
1109 1979 1149 2012 de
1168 1977 1364 2020 lngbiramis
1379 1977 1466 2010 Curti
1481 1976 1736 2019 Viglevaneusis,

994 2033 1026 2065 in
1045 2033 1136 2065 saera
1153 2031 1321 2074 theologia
1338 2030 1493 2073 magistro
1520 2040 1556 2062 ac
1581 2029 1658 2062 dicti
1680 2029 1737 2062 Or-

996 2086 1080 2119 dinis
1106 2085 1278 2118 Servorum
1304 2085 1338 2118 B.
1367 2084 1405 2116 M.
1433 2083 1467 2116 V.
1495 2082 1614 2115 vicario
1644 2093 1737 2125 gene-

996 2140 1055 2172 rali
1082 2138 1275 2182 apostolico,
1294 2138 1482 2181 approbata,
1509 2143 1550 2176 et,
1577 2141 1736 2179 quatenus

996 2202 1078 2236 opus
1098 2190 1360 2232 est,0011fi1·mam
1379 2190 1524 2229 suerunt,
1542 2188 1662 2221 tenoris
1681 2189 1735 2231 qui

996 2245 1161 2289 sequitur,
1189 2243 1359 2277 videlieett

1037 2331 1134 2361 Frater
1165 2330 1259 2369 Ioseph
1284 2329 1375 2359 Maria
1400 2329 1431 2357 de
1462 2328 1629 2365 Inyhz'ramis
1656 2327 1735 2357 Curti
1786 2339 1854 2359 Tener
1880 2343 1929 2358 mn.

1000 2379 1205 2418 Vigylecanensis
1236 2387 1330 2407 sacrae
1362 2376 1510 2415 theologiae
1535 2375 1646 2405 humilis
1672 2372 1771 2415 pro-⁰¹⁸
1808 2374 1820 2386 ⁴

996 2432 1094 2468 sessor,
1118 2438 1149 2457 (tc
1175 2429 1257 2457 totius
1282 2427 1395 2457 Ordinis
1416 2425 1563 2455 Servorum
1584 2424 1619 2454 B.
1637 2424 1676 2455 M.
1704 2425 1735 2454 V.

998 2479 1116 2508 vicarius
1136 2476 1274 2515 ,qenerolis
1290 2475 1463 2514 apostolicus.
1488 2473 1602 2504 Dilectis
1618 2473 1690 2503 vobis
1708 2475 1735 2502 in

999 2526 1108 2557 Christo
1126 2525 1270 2554 mlmodum
1288 2523 1435 2552 merendo
1448 2523 1524 2561 patri
1541 2523 1643 2551 oleario
1656 2532 1736 2560 yene-

1000 2575 1053 2604 ralt'
1075 2578 1183 2607 nostro,
1217 2571 1384 2612 prouinciali
1411 2571 1481 2599 socio
1495 2594 1502 2607 ‚
1526 2570 1714 2609 definitoribus
1728 2594 1735 2605 ,

997 2623 1148 2663 prioribus,
1167 2622 1314 2661 ceterisque
1330 2620 1457 2661 putribus
1475 2629 1505 2649 ac
1522 2619 1658 2659 fratribus
1673 2629 1737 2660 pro-
