2232 3178
37 196 85 224 An.
101 194 129 222 C.
152 193 218 221 ¹738

847 187 987 212 CLEMENS

229 241 393 284 drigentos
412 238 577 278 undecim,
599 243 745 282 quartam
765 241 888 280 partem
915 246 970 269 eo-

227 304 307 332 rum,
333 292 481 325 videlicet
507 291 785 334 trigintaquinque
806 300 865 333 pro
892 299 969 332 quo-

227 347 320 385 libet,
348 350 379 378 et
404 344 536 377 insimul
563 342 620 376 ad¹
651 349 780 376 centum
807 342 966 385 quinquc;

226 409 354 433 necnon
381 409 416 431 ex
443 398 618 441 prioratus,
638 397 691 440 qui
713 397 751 430 ad
770 397 967 440 quingentos

226 451 339 495 viginti
365 452 459 491 duos,
487 457 628 494 quatuor
653 460 754 483 nonas
779 455 889 492 partes
915 458 969 481 eo-

227 516 308 545 rum,
323 505 474 538 videlicet
492 505 647 537 ducentos
669 502 801 545 triginta
820 503 914 541 duos,
931 512 968 534 ex

227 559 424 597 cantoratuS,
443 557 497 600 qui
518 557 555 590 ad
575 561 736 589 trecentos
756 555 969 598 quadraginta

226 616 361 655 septem,
388 616 528 653 quatuor
563 620 666 642 nonas
703 614 811 652 partes
843 618 966 647 corum,

227 664 376 697 videlicet
399 669 526 696 centum
553 661 791 706 quinquaginta
812 666 967 704 quatuor,

228 729 264 751 ex
284 717 507 750 thesaurariae
535 716 630 749 etiam
659 715 840 758 respective
866 714 969 757 digni-

228 776 335 809 tatum,
363 770 416 813 qui
443 770 481 802 ad
509 770 667 802 ducentos
692 768 867 811 sexaginta,
895 778 970 811 qua-

228 829 301 857 tuor
325 833 427 856 nonas
453 827 562 866 partes
588 832 708 860 eorum,
727 821 877 854 videlicet
897 831 969 853 cen-

228 884 294 911 tum
319 876 500 916 sexdecini;
526 886 562 908 ac
588 887 625 908 ex
659 875 773 908 decem
799 874 970 907 canonica-

227 937 315 963 tuum
333 936 364 963 et
381 929 639 972 praebendarum
658 929 780 971 pariter
794 927 969 960 saecularis

227 987 260 1015 et
285 981 391 1013 forsan
419 979 554 1022 insignis
581 979 774 1022 collegiatae
811 978 969 1011 ecclesiae

227 1035 257 1069 S.
275 1035 391 1068 Mariae
417 1034 456 1067 de
474 1034 590 1067 Ourem
610 1033 784 1066 Leiriensis
810 1032 971 1065 dioecesis

229 1088 408 1131 respective
442 1087 608 1126 fructibus,
633 1087 815 1120 redditibus
841 1092 872 1119 et
897 1097 972 1129 pro-

227 1141 388 1181 ventibus,
408 1140 472 1184 qui,
486 1140 638 1173 videlicet
658 1140 830 1172 cuiuslibet
847 1149 971 1179 eorum,

227 1195 265 1228 ad
284 1200 413 1228 centum
436 1194 640 1237 septuaginta
664 1199 726 1226 tres
745 1194 877 1226 ducatos
903 1193 971 1225 auri

229 1250 267 1282 de
292 1249 425 1282 Camers}
450 1247 637 1280 huiusmodi
668 1247 834 1279 annuatim
859 1256 972 1289 respe-

228 1301 309 1336 ctive
329 1301 560 1340 ascendebant,
587 1305 620 1333 et
645 1300 779 1332 insimul
807 1299 896 1332 mille
929 1309 972 1331 se-

227 1355 416 1400 ptingentos
443 1353 574 1396 triginta
599 1353 733 1386 ducatos
752 1352 821 1385 auri
848 1352 971 1385 similes

228 1409 481 1447 constituebant,
512 1408 591 1440 duas
620 1407 749 1450 quintas
775 1412 884 1450 partes
910 1417 972 1439 eo—

227 1473 311 1500 rum,
336 1462 488 1494 videlicet
512 1461 717 1504 septuaginta
736 1471 796 1504 pro
815 1460 972 1503 quolibet,

229 1522 261 1550 et
294 1516 424 1548 insimul
466 1514 691 1558 septingentos
728 1515 861 1547 ducatos
903 1513 972 1546 auri

228 1580 323 1613 pares
349 1568 529 1611 respective
556 1568 801 1606 constituentes,
820 1567 973 1610 respecti-

228 1634 265 1656 ve
290 1621 535 1655 dismembravit
553 1626 584 1653 et
602 1621 776 1663 separavit·,
805 1631 840 1653 ac
866 1621 896 1653 S.
915 1620 973 1652 Ma-

228 1676 296 1709 riae
332 1675 442 1718 oppidi
478 1675 517 1707 de
556 1674 675 1707 Obidos
708 1673 971 1717 Ulyssiponensis

229 1728 442 1763 occidentalis
460 1728 632 1767 dioecesis,
647 1727 740 1760 cuius
759 1727 974 1770 quadringen-

229 1788 335 1816 torum
361 1781 597 1826 quinquaginta
616 1786 701 1818 octo.
722 1786 753 1813 et
778 1781 809 1814 S.
831 1780 975 1813 Mametis

229 1836 292 1869 loci
319 1837 359 1869 de
385 1835 535 1875 Lindoso,
561 1835 651 1867 cuius
680 1836 894 1868 ducentorum
921 1835 974 1866 tri-

231 1889 319 1932 ginta
338 1894 486 1932 quatuor‚
506 1899 541 1921 ac
560 1888 710 1921 &iacobi
730 1888 792 1920 toci
812 1888 850 1920 de
871 1887 973 1926 Anba,

231 1943 321 1975 cuius
358 1942 673 1986 quadringentorum
711 1941 903 1980 octodecim,
939 1951 974 1972 ac

231 1996 263 2030 S.
290 1995 407 2029 Mariae
443 1995 555 2038 oppidi
588 1995 712 2028 Cbaves
741 1994 975 2027 Bracliarensis

232 2049 412 2092 respective
439 2048 614 2088 dioecesis,
642 2049 749 2080 forsan
776 2048 974 2080 habitualem

232 2107 370 2142 tantum,
387 2103 574 2134 nullatenus
593 2112 668 2134 vcro
687 2103 846 2134 actualem
866 2112 973 2134 curam

233 2156 415 2188 animarum
443 2156 623 2193 habentes,
645 2155 799 2188 ecclesias
837 2165 893 2187 seu
925 2166 973 2187 ca-

233 2209 356 2253 pellas,
383 2213 437 2240 aut
472 2208 652 2251 respective
686 2209 716 2240 in
753 2208 797 2241 eis
828 2209 877 2240 vel
904 2209 974 2241 aliis

233 2261 414 2305 respective
434 2263 576 2294 locorum
596 2261 858 2304 Ulyssipouensis
883 2261 973 2294 occi-

235 2315 372 2349 dentalis
391 2320 422 2347 et
436 2315 670 2347 Bractiareusis
690 2314 869 2356 respective
888 2315 977 2348 dioc-

234 2378 342 2400 cesum
362 2367 545 2400 huiusmodi
569 2372 600 2400 ct
625 2367 803 2410 respective
829 2367 976 2400 ecclesiis

235 2421 371 2455 totidem
386 2425 547 2465 perpetua
565 2420 727 2463 simplicia
745 2421 974 2461 ecclesiastica,

234 2474 400 2517 prioratus
419 2485 475 2507 seu
493 2474 653 2513 abbatias,
674 2474 769 2506 etiam
797 2475 976 2517 respective

235 2533 440 2571 nuncupatas
466 2538 522 2560 scu
548 2533 751 2570 nuncupata,
776 2527 815 2560 ad
841 2529 889 2560 vel
916 2529 975 2561 sub

273 2592 282 2618 1
307 2590 453 2626 Praeposit.
476 2591 513 2617 ad
534 2589 647 2617 delenda
668 2589 774 2616 videtur
794 2592 832 2624 (u.
854 2591 902 2625 'r.).

1013 186 1057 210 ΧΠ
1082 186 1130 210 Pr.

1013 234 1044 268 S.
1072 234 1188 268 Mariae
1220 246 1257 268 ac
1289 235 1319 268 S.
1343 233 1490 268 Mametis
1523 239 1554 266 et
1587 233 1616 266 S.
1646 233 1753 265 Iacobi

1014 299 1139 321 necnon
1166 288 1197 321 S.
1220 288 1337 321 Mariae
1362 287 1547 320 huiusmodi
1575 287 1754 329 respective

1013 341 1125 374 altaria
1162 352 1218 374 scu
1255 341 1435 384 respective
1473 339 1752 380 invocationibus,

1012 395 1104 427 cuius
1124 395 1378 438 quingentorum
1405 394 1640 437 quinquaginta
1660 393 1755 425 trium

1013 448 1202 481 ducatorum
1222 448 1290 480 auri
1311 447 1465 480 similium
1489 447 1669 490 respective
1696 447 1756 479 sru-

1012 508 1099 542 ctus,
1140 502 1287 535 redditus
1324 507 1355 535 et
1391 507 1565 544 proventus
1610 502 1754 535 valorem

1013 565 1158 587 annuum
1194 565 1259 588 non
1294 555 1515 595 excedebant,
1554 559 1643 587 certo
1680 559 1756 587 tunc

1014 618 1167 650 expresso
1203 607 1301 640 modo
1328 613 1478 640 vacantes
1513 617 1569 640 seu
1600 607 1754 647 vacantia,

1013 660 1073 692 sub
1099 660 1196 692 certis
1218 660 1316 692 modo
1344 666 1375 693 et
1394 660 1497 693 forma
1524 665 1600 692 tunc
1626 670 1757 703 expres-

1013 714 1057 746 sis
1089 715 1272 757 suppressit
1298 719 1329 747 et
1355 714 1512 747 extinxit:
1540 724 1575 747 ac
1607 719 1755 757 quartam

1014 773 1136 810 partem
1165 768 1311 800 omnium
1338 772 1367 801 et
1393 779 1673 812 quorumcumque
1692 769 1755 801 sru-

1014 827 1131 860 ctuum‚
1148 821 1334 854 reddituum
1350 826 1381 854 et
1395 827 1611 863 proventuum
1629 827 1690 854 tam
1706 832 1757 854 na-

1015 875 1166 908 turalium
1194 886 1289 918 quam
1310 875 1547 908 industrialium
1567 881 1598 908 et
1615 875 1756 908 civilium

1014 928 1237 971 patriarchalis
1274 928 1537 971 Ulyssiponensis
1571 928 1757 961 occidenta-

1014 981 1074 1020 lis,
1102 981 1432 1024 archiepiscopalium
1466 987 1496 1014 et
1521 981 1756 1024 episcopalium

1016 1034 1228 1067 ecclesiarum
1265 1034 1470 1074 huiusmodi,
1512 1044 1640 1067 necnon
1677 1034 1757 1067 alios

1016 1088 1152 1127 fructus,
1179 1087 1327 1120 redditus
1353 1092 1384 1119 et
1411 1093 1585 1129 proventus
1603 1097 1639 1119 ex
1659 1087 1758 1128 digni-

1017 1145 1117 1172 tatum
1134 1150 1169 1172 ac
1183 1140 1432 1173 canonicatuum
1451 1145 1482 1172 et
1495 1139 1758 1182 praebendarum

1016 1194 1260 1236 collegiatarum
1302 1193 1487 1225 huiusmodi
1524 1193 1701 1233 fructibus,
1727 1199 1760 1225 ut

1016 1248 1204 1291 praefertur,
1228 1247 1491 1280 dismembratam
1510 1252 1542 1280 et
1567 1253 1759 1290 separatam,

1016 1312 1052 1333 ac
1077 1300 1328 1334 dismcmbratos
1355 1305 1385 1332 et
1417 1305 1603 1344 separatos,
1630 1310 1759 1332 necnon

1017 1354 1226 1388 ecclesiarum
1253 1365 1309 1386 seu
1336 1355 1534 1397 capellarum
1560 1359 1614 1386 aut
1639 1353 1761 1386 benefi-

1017 1409 1156 1447 ciorum,
1182 1413 1217 1440 ut
1242 1408 1436 1450 praefertur,
1457 1417 1702 1450 suppressarum
1730 1412 1761 1440 et

1017 1461 1248 1500 extinctarum‚
1285 1471 1339 1492 seu
1375 1471 1627 1504 suppressorum
1653 1465 1683 1493 et
1709 1471 1761 1493 ex-

1019 1515 1193 1547 tinctorum
1219 1514 1420 1553 huiusmodi,
1447 1515 1588 1554 fructus,
1613 1514 1760 1547 redditus

1017 1572 1049 1600 et
1072 1572 1260 1610 proventus,
1287 1566 1500 1609 dignitatibus
1527 1572 1558 1599 et
1584 1566 1761 1599 canonica-

1019 1621 1103 1653 tibus
1129 1626 1158 1652 et
1185 1620 1400 1663 praebendis,
1428 1630 1555 1653 necnon
1590 1619 1761 1652 duodecim

1019 1673 1187 1706 beneficiis
1223 1673 1370 1706 ciusdem
1397 1673 1622 1716 patriarchalis
1660 1673 1761 1706 eccle-

1018 1727 1083 1760 siae
1127 1726 1389 1769 Utyssiponensis
1429 1727 1660 1766 occidentalis,
1702 1727 1760 1760 sub

1018 1780 1114 1813 certis
1141 1780 1237 1812 modo
1257 1785 1286 1812 et
1307 1780 1408 1813 forma
1433 1780 1582 1813 similiter
1607 1785 1682 1812 tunc
1708 1790 1761 1813 ex-

1019 1834 1148 1877 pressis,
1175 1834 1355 1876 apostolica
1387 1834 1579 1866 auctoritate
1608 1834 1759 1876 praelata,

1020 1893 1106 1920 motu
1145 1888 1212 1920 eius
1250 1887 1404 1930 proprio,
1438 1893 1470 1920 et
1495 1888 1535 1920 de
1561 1888 1760 1930 apostolicae

1020 1941 1186 1984 potestatis
1213 1940 1433 1983 plenitudine,
1459 1940 1634 1984 applicavit
1658 1946 1689 1973 et
1715 1951 1761 1973 as-

1019 1994 1167 2036 signavit,
1187 2004 1224 2026 ac
1243 1994 1421 2036 respective
1439 1994 1595 2026 annexuit
1612 1999 1643 2026 et
1661 1993 1762 2026 incor-

1017 2048 1161 2090 poravit:
1181 2057 1216 2079 ac
1235 2047 1325 2085 alias,
1346 2052 1443 2088 prout
1468 2046 1499 2078 in
1527 2046 1671 2079 eiusdem
1693 2045 1762 2080 Cle-

1021 2101 1135 2132 mentis
1151 2099 1413 2143 praedecessoris
1429 2099 1545 2132 litteris
1564 2099 1602 2131 al)
1618 2100 1762 2133 eiusdem

1020 2154 1256 2186 recordationis
1288 2153 1478 2186 Innocentio
1510 2152 1576 2185 Xlll
1614 2153 1762 2186 similiter

1019 2207 1275 2250 praedecessore
1289 2212 1409 2245 nostro,
1427 2216 1485 2248 pro
1505 2216 1543 2239 eo
1566 2206 1650 2249 quod
1669 2216 1763 2249 prae-

1021 2261 1125 2294 dictus
1152 2261 1299 2293 Clemens
1322 2260 1566 2302 praedecessor,
1589 2264 1761 2302 antequam

1020 2314 1108 2358 ipsae
1137 2314 1276 2356 desuper
1306 2312 1567 2352 conficerentur,
1595 2312 1679 2344 sicut
1703 2312 1762 2344 Do-

1020 2367 1107 2400 mino
1134 2366 1265 2410 placuit,
1284 2366 1322 2398 ab
1340 2365 1488 2397 humanis
1516 2366 1709 2404 decesserat,
1729 2364 1762 2397 in

1020 2422 1121 2454 forma
1138 2419 1274 2454 Ratzssom'
1292 2419 1441 2461 conqruz'l
1468 2418 1610 2460 desuper
1636 2418 1762 2460 expedi-

1021 2474 1089 2514 tis¹,
1107 2475 1166 2506 sub
1182 2473 1291 2505 datum
1312 2471 1464 2504 videlicet
1481 2470 1566 2511 apud
1583 2469 1614 2503 S.
1632 2470 1761 2504 Petrum

1019 2538 1104 2560 anno
1131 2525 1364 2559 lucarnationis
1396 2523 1577 2557 dominicae
1609 2533 1760 2565 nucem,

1058 2591 1065 2616 1
1090 2590 1149 2616 Nou
1171 2589 1295 2623 leguntur
1315 2587 1341 2614 in
1362 2586 1478 2614 Bullario
1499 2592 1536 2621 tn.
1553 2585 1602 2620 in).

1653 174 1717 207 319
1763 183 1812 209 An.
1830 183 1858 209 c.
1882 182 1947 210 ¹738
