2232 3178
489 172 552 207 688
1031 182 1207 208 nummum
1231 183 1384 209 nomnen

441 243 683 276 Matrimonium.
704 263 747 267 ——
770 242 912 276 Facultas
937 242 1015 276 sacta
1039 243 1182 287 patribus
1206 244 1369 278 Societatis
1393 242 1463 276 lesu
1486 241 1687 285 dispensandi
1712 251 1782 275 curn
1804 244 1972 287 neopyhtis

528 295 686 328 lndiarum
706 294 737 327 in
755 295 904 337 gradibus
922 295 990 328 iure
1006 295 1110 329 divino
1128 306 1190 330 non
1206 296 1374 340 prohibitis
1389 295 1426 328 ad
1445 293 1643 328 matrimonia
1660 294 1882 336 contrahenda,
1899 296 1918 329 5
1936 297 1970 336 b;

527 353 706 390 renovatur,
731 346 750 380 6
775 358 795 380 α
819 352 850 381 et
875 348 915 388 b,·
939 348 1150 390 matrimonia,
1170 349 1232 381 iam
1256 353 1416 383 contracta
1441 358 1512 382 cum
1537 347 1625 392 dicta
1644 346 1876 390 dispensatione
1900 352 1972 393 post

528 400 702 443 expiratum
728 400 910 442 terminum,
938 401 1125 443 validantur⁷
1151 402 1168 435 7
1195 413 1223 435 a.
1942 418 1945 421 ’

439 453 608 486 Matthaeus
632 453 710 497 Ripa
734 454 883 487 fundator
919 454 1042 497 collegii
1079 464 1135 487 seu
1159 454 1417 498 Congregationis
1442 454 1556 488 Sacrae
1579 452 1728 487 Familiae
1756 452 1825 486 Iesu
1856 452 1970 488 Christi

525 517 583 549 pro
604 506 739 538 alumnis
763 506 947 540 Sinensibus
972 512 1002 540 et
1025 506 1127 548 Indis,
1156 507 1219 540 123
1245 508 1279 547 b3
1305 507 1369 541 347
1395 508 1428 547 b3
1454 506 1517 540 349
1542 507 1570 539 b.

439 559 607 592 Medicinae
634 564 664 591 et
688 559 869 602 chirurgiae
893 564 975 592 artes
1006 560 1172 593 exercendi
1204 561 1333 605 facultas
1368 560 1484 594 tributa
1514 558 1698 603 Capuccinis
1729 558 1824 593 Gallis
1849 560 1971 593 missio-

524 612 621 644 nariis
646 612 676 644 in
702 612 844 655 partibus
870 612 1061 655 infidelium,
1087 613 1129 645 26
1154 614 1181 646 ἰ).
1304 644 1307 646 .

437 664 624 706 Meindarts‚
649 664 1045 709 pseudo-archiepiscopus
1070 666 1315 710 Ultraiectensis,
1339 666 1411 700 vide
1435 666 1546 699 Petrus
1570 666 1700 699 Ioannes
1724 664 1902 699 Meindarts.

435 717 614 757 Melchitae,
641 717 712 750 vide
736 717 878 750 Monachi
903 717 1012 751 Graeci
1038 718 1211 751 Melchitae.

435 770 664 802 Messanensem
689 770 964 814 archiepiscopum
989 771 1070 803 inter
1095 776 1125 804 et
1149 772 1431 806 archimandritam
1457 771 1761 805 commendatarium
1786 772 1969 806 monasterii

522 821 550 855 S.
576 822 745 855 Salvatoris
769 822 808 856 de
834 823 955 865 Lingua
979 823 1072 855 Phari
1097 825 1269 868 nuncupati
1294 825 1419 858 Ordinis
1439 825 1469 859 S.
1497 824 1603 858 Basilii
1628 825 1861 858 controversiae
1879 825 1970 859 iuris-

523 875 707 908 dictionales
731 876 865 919 agitatae
890 877 1088 918 referuntur,
1115 877 1173 909 «111
1203 887 1222 909 a
1240 882 1270 910 et
1288 888 1361 921 scq.;
1380 877 1550 911 concordia
1567 888 1662 921 super
1683 877 1743 910 illis
1763 877 1849 918 inita,
1869 877 1933 910 112
1949 888 1970 911 α

523 933 553 961 ct
577 939 653 972 seq.;
679 929 886 962 confirmatur
910 940 927 962 a
952 929 1121 970 Pontifice,
1146 929 1210 963 120
1235 941 1255 963 ct
1280 935 1310 963 ct
1334 931 1360 963 b.

434 981 597 1014 Michclina
621 982 681 1025 (B.)
707 982 900 1015 pisaurensis
934 982 1027 1015 vidua
1063 993 1079 1015 e
1114 982 1211 1015 nobili
1245 983 1440 1016 Metellorum
1477 987 1587 1025 gente,
1612 981 1676 1015 223
1701 993 1736 1021 α;
1763 992 1858 1025 super
1883 982 1969 1015 cultu

520 1034 765 1067 immemorabili
800 1034 845 1066 illi
883 1035 1035 1078 praestito
1071 1035 1234 1069 decretum
1267 1035 1527 1079 Congregationis
1560 1035 1687 1068 Rituuin
1721 1035 1927 1069 confirmatur
1951 1046 1968 1068 a

520 1086 681 1127 Pontifice,
705 1086 769 1120 223
794 1088 810 1119 b
835 1093 865 1120 et
888 1099 948 1132 seq.

431 1139 543 1173 Milites
568 1140 691 1174 Ordinis
715 1141 1007 1186 Hierosolymitani,
1033 1142 1104 1175 virle
1127 1141 1264 1185 Equites.

430 1193 537 1227 Militia
562 1193 599 1226 de
623 1194 779 1235 Montesa,
803 1195 874 1228 vide
898 1194 1036 1238 Equites.

430 1246 561 1280 Minimi.
585 1266 624 1271 —
646 1247 808 1280 Fratribus
832 1247 1091 1290 Congregationis
1116 1247 1302 1291 Hispanicae
1333 1247 1426 1281 huius
1457 1248 1581 1282 Ordinis
1612 1248 1685 1282 licet
1716 1249 1899 1293 promoveri
1929 1250 1968 1282 ad

517 1300 657 1332 lauream
682 1299 876 1333 doctoralem
902 1304 932 1333 et
957 1300 1174 1342 magisterium
1199 1300 1231 1332 in
1255 1300 1392 1344 publicis
1423 1301 1680 1334 universitatibus
1704 1303 1905 1336 solummodo
1929 1303 1968 1336 ad

517 1352 704 1386 obtinendas
729 1354 903 1393 cathedras,
928 1363 991 1386 non
1016 1353 1150 1396 gradum
1171 1363 1405 1397 quemcumque
1430 1354 1462 1386 in
1487 1353 1612 1396 Ordine,
1634 1353 1698 1387 ‘184
1722 1354 1737 1387 b
1762 1360 1792 1387 et
1816 1366 1877 1400 seq.

429 1405 565 1438 Minores
589 1406 764 1449 Capuccini.
789 1425 833 1429 —-
856 1406 954 1439 Huius
979 1406 1103 1439 Ordinis
1130 1405 1320 1438 missionarii
1346 1406 1424 1440 Galli
1450 1407 1481 1439 in
1506 1407 1649 1450 partibus
1680 1407 1852 1440 infidelium
1879 1418 1968 1442 exer-

519 1469 590 1490 cere
614 1464 746 1501 possunt
769 1464 852 1491 artes
870 1458 1042 1491 medicinae
1067 1463 1097 1491 et
1121 1458 1312 1500 chirurgiae,
1330 1458 1371 1491 26
1389 1459 1420 1498 b,
1445 1459 1640 1502 indulgentia
1664 1459 1804 1503 plenaria
1828 1460 1872 1493 eis
1896 1471 1969 1494 con-

517 1521 604 1543 cessa
628 1511 692 1544 207
718 1512 750 1550 h3
775 1511 826 1544 hic
850 1511 933 1544 Ordo
957 1521 1014 1555 per
1039 1517 1157 1544 rectam
1184 1511 1298 1544 lineam
1324 1512 1391 1544 sine
1415 1511 1478 1544 ulla
1503 1512 1737 1546 intermissione
1768 1513 1928 1547 descendit
1951 1525 1968 1547 a

517 1564 545 1597 S.
565 1563 741 1605 Francisco‚
759 1563 801 1596 42
819 1575 839 1597 α
856 1569 886 1596 et
902 1564 935 1604 b;
956 1564 1094 1607 generali
1112 1568 1142 1596 et
1159 1563 1339 1597 definitorio
1356 1564 1426 1597 data
1451 1565 1579 1598 facultas
1599 1565 1791 1599 concedendi
1808 1566 1966 1600 licentiam

515 1615 674 1648 nonnullis
698 1616 792 1648 huius
816 1615 941 1649 Ordinis
966 1616 1116 1649 fratribus
1140 1616 1348 1649 saecularium
1374 1617 1538 1661 utriusque
1563 1628 1654 1651 sexus
1678 1618 1824 1651 audiendi
1845 1620 1967 1653 confes-

516 1668 630 1709 siones,
660 1668 750 1709 ibid,
769 1668 869 1701 eidem
896 1669 1041 1702 ministro
1066 1669 1205 1711 generali
1230 1674 1260 1702 et
1283 1670 1478 1703 secundariis
1503 1671 1723 1714 superioribus
1739 1672 1778 1704 ab
1795 1682 1832 1705 eo
1848 1672 1967 1716 depen-

517 1720 664 1754 dentibus
688 1721 736 1754 ius
761 1722 922 1765 competit,
947 1722 1002 1755 ubi
1027 1722 1121 1755 etiam
1145 1722 1197 1755 alii
1221 1722 1361 1755 eiusdem
1387 1722 1512 1756 Ordinis
1540 1724 1683 1758 Tertiarii
1714 1724 1839 1767 fuerint,
1870 1736 1967 1759 novas

517 1773 660 1816 erigendi
685 1774 965 1817 confraternitates,
987 1774 1022 1808 61
1054 1786 1074 1808 α
1100 1780 1129 1808 et
1154 1786 1233 1820 seq.;
1258 1776 1408 1810 tertiariis
1432 1776 1525 1811 huius
1544 1777 1668 1811 Ordinis
1693 1778 1966 1812 communicantur

517 1826 731 1870 indulgentiae
756 1827 831 1860 alias
856 1838 1024 1861 concessae
1055 1829 1269 1862 confratribus
1294 1834 1324 1862 et
1353 1829 1517 1862 sororibus
1541 1830 1576 1864 B.
1601 1830 1715 1863 Mariae
1740 1831 1778 1864 de
1810 1831 1966 1874 Carmelo,

517 1879 579 1912 122
603 1890 624 1913 α
641 1885 671 1913 et
687 1880 718 1920 b;
743 1880 856 1914 fratres
881 1881 974 1914 huius
998 1881 1123 1915 Ordinis
1148 1881 1179 1914 in
1203 1881 1374 1925 provinciis
1398 1882 1503 1915 ltaliae
1528 1882 1678 1927 deputare
1702 1884 1733 1916 in
1759 1884 1966 1919 confessarios

516 1932 694 1966 ordinarios
711 1933 895 1966 monialium
913 1934 1070 1978 episcopis
1087 1934 1219 1978 aliisque
1238 1934 1382 1968 locorum
1402 1934 1580 1969 Ordinariis
1600 1941 1741 1979 cautum,
1760 1937 1823 1970 197
1844 1948 1864 1970 a
1885 1943 1915 1971 et
1931 1939 1964 1978 b3

513 1985 656 2018 nonnulli
674 1991 843 2021 conventus
861 1987 1048 2030 provinciae
1062 1987 1232 2020 Brixiensis
1249 1987 1328 2020 uniti
1345 1988 1526 2031 provinciae
1538 1988 1755 2029 Lombardiae,
1769 1988 1833 2022 206
1850 2001 1870 2024 ct
1887 1995 1918 2024 et
1933 1991 1962 2024 b.

383 2082 385 2085 ι
426 2038 560 2072 Minores
584 2039 818 2073 Conventuales.
841 2059 885 2064 --
908 2040 932 2073 A
958 2040 1109 2074 fratribus
1136 2040 1262 2074 Ordinis
1287 2040 1381 2074 huius
1405 2040 1538 2074 faciendi
1568 2052 1716 2075 recursus
1743 2042 1899 2085 gradatim
1926 2044 1964 2076 ad

516 2091 696 2135 superiores
720 2091 844 2126 Ordinis
869 2092 953 2126 iuxta
977 2093 1218 2127 constitutiones
1243 2098 1272 2126 et
1296 2094 1399 2127 Bullas
1424 2094 1612 2138 pontificias,
1637 2094 1702 2128 543
1725 2096 1743 2127 b
1767 2101 1797 2129 et
1819 2107 1883 2140 seq.

428 2144 565 2178 Minores
589 2145 807 2179 Observantes.
828 2166 869 2171 —
886 2147 947 2180 Pro
965 2149 1069 2180 erecta
1095 2147 1289 2181 bibliotheca
1313 2151 1343 2180 et
1367 2146 1508 2180 archivio
1525 2147 1556 2180 in
1574 2153 1730 2181 conventu
1747 2149 1963 2184 Aracaelitano

515 2197 554 2230 de
579 2197 664 2231 Urbe
687 2198 786 2231 sancit
810 2198 904 2241 leges,
929 2198 994 2232 ⁶293
1018 2209 1039 2232 α
1064 2204 1094 2232 et
1117 2210 1191 2243 seq.;
1215 2209 1314 2233 novae
1346 2199 1438 2232 aedes
1462 2199 1500 2232 ad
1525 2205 1715 2234 conventum
1738 2201 1771 2234 B.
1795 2202 1832 2235 Μ.
1858 2202 1894 2236 V.
1925 2203 1965 2237 de

518 2251 593 2284 Nive
625 2250 663 2284 de
695 2251 853 2285 Palazzola
881 2257 1081 2285 constructae
1105 2252 1183 2285 nulli
1209 2252 1298 2285 alteri
1330 2252 1400 2285 usui
1432 2252 1636 2297 applicandae
1670 2259 1893 2299 praeterquam
1925 2256 1963 2290 ad

522 2303 693 2348 hospitium
718 2304 954 2338 benefactorum
980 2304 1114 2344 Ordinis,
1139 2304 1203 2338 358
1228 2305 1245 2337 b
1270 2310 1299 2337 et
1324 2316 1385 2350 seq.

434 2357 570 2391 Minores
594 2358 797 2392 Observantes
814 2358 1005 2392 Discalceati.
1022 2378 1066 2382 —
1082 2358 1262 2393 Conventus
1287 2364 1318 2392 et
1342 2360 1473 2393 ecclesia
1490 2360 1537 2394 Ss.
1556 2361 1768 2405 Quadraginta
1790 2363 1962 2408 Martyrum

513 2411 551 2444 de
585 2410 666 2444 Urbe
691 2411 729 2444 ad
753 2412 867 2444 fratres
890 2411 1098 2445 Discalceatos
1124 2412 1264 2445 nationis
1289 2412 1455 2456 Hispaniae
1479 2419 1510 2446 et
1533 2414 1693 2447 Indiarum
1718 2420 1838 2449 tantum
1867 2418 1963 2461 perti-

510 2468 579 2504 net,
604 2463 667 2496 0230
691 2474 711 2496 α
745 2468 776 2496 et
810 2464 846 2504 b;
878 2463 1052 2497 Alexander
1090 2465 1139 2497 VII
1175 2464 1327 2498 fratribus
1364 2465 1547 2509 provinciae
1582 2467 1775 2502 Ss.10annis
1808 2469 1963 2514 Baptistae

515 2521 545 2550 ct
569 2516 695 2560 losephi
720 2516 887 2551 transitum
918 2517 1067 2561 prohibet
1090 2517 1128 2550 ad
1156 2517 1249 2551 aliam
1281 2518 1485 2562 religionem,
1510 2519 1573 2553 662
1595 2521 1623 2562 b;
1650 2521 1710 2556 hoc
1741 2522 1825 2556 idem
1856 2524 1962 2560 statuit

512 2569 653 2605 Clemens
672 2569 726 2604 XII
749 2580 809 2615 pro
833 2570 1000 2616 provincia
1025 2570 1057 2605 S.
1083 2571 1212 2608 Antonii
1236 2571 1268 2606 in
1291 2572 1437 2617 Brasilia‚
1463 2572 1528 2607 664
1550 2583 1571 2608 α
1593 2579 1625 2608 et
1648 2575 1674 2609 b.
