2232 3178
285 204 335 229 An.
354 204 381 230 c.
406 203 472 230 173⁴
521 193 561 224 ‘2ss

327 474 460 493 <iterantium

341 508 343 510 -
373 507 390 515 ι,

276 1844 385 1862 Clau-ittae
398 1848 457 1867 prae·

274 1872 402 1889 sci-mutae.

475 256 525 289 et,
551 250 575 282 si
613 260 704 282 secus
741 258 838 291 super
875 248 924 279 liis
949 258 967 279 a
992 254 1208 289 quocumque,

474 303 586 346 quavis
611 302 812 341 auctoritate,
834 301 973 333 scienter
990 299 1037 332 vel
1060 299 1211 341 ignoran-

475 362 532 393 ter,
551 355 725 397 contigerit
743 353 902 392 attentari,
922 352 1050 384 irritum
1070 357 1101 384 et
1115 351 1209 383 inane

474 408 694 441 decernimus.

517 462 531 501 ,ξ
555 460 586 493 4.
614 460 682 493 Non
709 457 926 498 obstantibus,
947 461 1103 500 quatenus
1130 467 1210 500 opus

473 514 523 554 sit,
537 513 631 546 etiam
651 512 681 544 in
701 511 923 555 synodalibus,
943 509 1208 554 provincialibus,

473 566 700 608 generalibus,
725 564 1028 606 universalibusque
1063 562 1209 595 conciliis

472 617 565 650 editis
590 618 638 649 vel
664 616 809 655 edendis,
834 615 1030 658 specialibus
1047 616 1095 648 vel
1115 624 1210 656 gene-

472 670 603 707 ralibus,
628 668 914 701 constitutionibus
941 673 972 700 et
997 667 1210 701 ordinationi-

472 723 531 754 bus
556 722 761 765 apostoliciS,
786 721 965 764 privilegiis
990 731 1138 764 quoque,
1165 719 1211 752 in-

472 775 568 807 dultis
594 780 625 807 et
648 774 764 807 litteris
800 773 1009 817 apostolicis,
1042 772 1209 816 quibusvis

472 827 620 871 personis
645 827 740 860 etiam
767 827 796 859 in
822 837 942 870 genere
967 827 1016 860 vel
1043 826 1074 858 iu
1100 825 1209 869 specie

472 882 503 913 iu
530 881 725 914 contrarium
750 880 1000 923 praemissorum
1028 880 1210 922 quomodo-

472 935 552 967 libet
576 933 750 972 concessis,
775 933 964 976 approbatis
982 938 1011 965 et
1031 932 1207 973 innovatis;

471 986 589 1029 quibus
616 986 766 1019 omnibus
791 991 823 1018 et
846 985 994 1027 singulis,
1022 985 1143 1018 etiamsi
1171 986 1209 1018 de

472 1041 536 1073 illis
573 1049 752 1081 eorumque
786 1038 861 1071 totis
897 1038 1064 1072 tenoribus
1089 1038 1210 1081 specia-

472 1092 521 1132 lis,
549 1090 708 1134 specifica,
734 1101 886 1134 expressa
912 1096 943 1124 et
967 1090 1147 1131 individua,
1173 1101 1209 1124 ae

471 1145 509 1178 de
534 1145 632 1177 verbo
667 1144 706 1176 ad
742 1144 893 1183 verbum,
921 1154 988 1177 non
1021 1149 1127 1177 autem
1153 1154 1210 1186 per

471 1198 630 1230 clausulas
666 1198 837 1238 generales
874 1197 960 1229 idem
995 1196 1209 1239 importantes

471 1251 592 1284 mentio
618 1261 673 1283 seu
700 1250 834 1293 quaevis
867 1250 929 1282 alia
963 1250 1131 1293 expressio
1157 1250 1206 1283 fa-

470 1304 585 1337 cienda
611 1308 642 1336 et
668 1303 819 1336 habenda
844 1309 897 1336 aut
931 1303 1038 1346 aliqua
1071 1304 1133 1336 alia
1158 1314 1209 1336 ex-

471 1357 588 1400 quisita
614 1357 716 1389 fornia
752 1357 790 1389 ad
828 1357 890 1389 hoc
922 1357 1080 1389 servanda
1106 1357 1209 1397 soret,

471 1421 581 1443 eorum
607 1410 748 1443 omnium
782 1415 812 1442 et
848 1409 1053 1452 singulorum
1080 1415 1209 1443 tenores

471 1464 593 1496 eisdem
630 1463 856 1506 praesentibus
893 1463 989 1496 etiam
1023 1474 1083 1506 pro
1114 1465 1208 1506 plene

470 1522 502 1548 et
526 1515 725 1547 sullicieuter
750 1514 912 1557 expressis
938 1516 1118 1555 babentes,
1146 1515 1209 1548 illis

470 1569 547 1602 :ilias
581 1568 613 1600 in
647 1578 705 1600 suo
731 1568 852 1601 robore
889 1569 1134 1611 permansuris,
1169 1570 1209 1601 la-

471 1621 591 1653 tissime
617 1626 648 1653 et
679 1620 870 1663 plenissime
902 1630 938 1653 ac
969 1620 1155 1663 specialiter
1181 1626 1212 1654 et

471 1685 624 1718 expresse
661 1680 772 1713 motu,
798 1674 934 1707 seientia
970 1679 1002 1707 et
1040 1674 1211 1717 potestatis

470 1727 674 1769 plenitudine
700 1727 861 1760 similibus
888 1727 1099 1769 derogamus;
1126 1733 1210 1760 cete-

470 1780 580 1823 riSque
605 1780 775 1812 contrariis
806 1780 1075 1823 quibuscumque.

513 1834 528 1876 g
553 1833 584 1866 5.
604 1833 757 1866 Volumus
775 1839 881 1866 autem
908 1834 1092 1866 earumdem
1119 1843 1210 1877 prae-

469 1885 609 1918 sentium
626 1886 845 1929 transumptis
860 1886 956 1918 etiam
977 1886 1058 1929 typis
1077 1886 1211 1929 impres-

469 1939 522 1978 sis,
538 1950 634 1972 manu
651 1939 786 1972 alicuius
801 1940 916 1972 notarii
933 1940 1053 1983 publici
1069 1940 1209 1972 subscri-

471 1992 544 2033 ptis,
572 1997 602 2024 et
627 1991 736 2034 sigillo
761 1991 899 2024 alicuius
924 2002 1083 2034 personae
1109 1992 1141 2024 in
1163 2003 1209 2026 ee·

470 2044 650 2077 ‹Jlesiastica
677 2044 832 2087 dignitate
849 2046 1040 2077 constitutae
1060 2046 1209 2087 munitis,

470 2097 582 2129 eadem
603 2107 735 2138 prorsus
756 2096 835 2129 sides
862 2097 893 2128 in
919 2096 1038 2130 iudicio
1065 2105 1096 2131 et
1120 2104 1209 2131 extra

471 2150 551 2182 illud
577 2150 777 2188 adhibeatur,
799 2160 880 2192 quae
907 2149 1031 2182 eisdem
1059 2161 1210 2193 praesen—

473 2203 556 2234 tibus
593 2202 804 2235 adhiberetur
829 2203 852 2235 si
880 2202 954 2235 illae
980 2203 1142 2236 exhibitae
1168 2205 1208 2237 so·

472 2261 543 2287 rent
569 2256 617 2288 rel
648 2261 811 2287 ostensae.

515 2309 529 2349 ,ξ
548 2307 578 2340 5.
596 2307 681 2341 Nulli
697 2318 774 2350 ergo
793 2307 925 2340 omniuo
946 2307 1128 2349 hou'iinum,
1146 2314 1207 2343 etc.

515 2361 627 2394 Datum
654 2361 796 2401 Romae,
822 2362 908 2404 apud
934 2361 965 2394 S.
994 2361 1123 2394 Mariam
1148 2363 1210 2395 Ma-

473 2414 599 2453 iorem,
636 2425 720 2447 anno
756 2414 991 2447 Incarnatiouis
1028 2415 1208 2449 dominicae

472 2476 662 2507 nnccxxmv,
691 2478 707 2500 v
733 2467 804 2500 idus
831 2467 1025 2508 decembris,
1046 2468 1210 2510 pontifica-

475 2525 523 2552 tus
549 2520 652 2553 nostri
677 2531 762 2553 anno
788 2531 816 2552 v.

509 2581 569 2609 bat.
591 2581 635 2609 die
655 2581 672 2608 9
692 2581 849 2609 decembris
872 2582 949 2616 1734,
971 2582 1068 2618 pontif.
1091 2591 1163 2610 auno
1184 2592 1208 2612 ν.

1062 196 1241 221 IIULLARIUM
1267 195 1422 220 ROMANUM
2008 197 2060 224 An.
2076 197 2104 225 C.
2126 197 2194 226 1735

1561 244 1688 277 CXLIX.

1254 314 1408 348 Facultas
1423 315 1572 358 patribus
1592 315 1785 358 Capaecccim's
1800 316 1906 350 Gallis
1921 317 1995 350 mis-

1298 368 1454 401 sionart't's
1479 367 1664 411 apostolicis
1689 369 1724 401 in
1746 370 1898 412 partibus
1924 370 1997 412 infi-

1298 420 1419 453 delium
1445 420 1633 464 deflentibus
1651 421 1820 455 ezei-cendi
1837 426 1922 456 artes
1935 432 1995 455 mc—

1299 472 1428 506 dicinae
1452 477 1480 507 el
1504 473 1705 517 chiruryiae.

1462 551 1601 579 clemens
1622 552 1702 586 Papa
1721 552 1788 585 ΧΠ,

1400 595 1437 622 ad
1456 595 1591 623 futuram
1611 596 1656 624 rei
1675 597 1860 625 memoriam.

1298 665 1313 708 g
1338 665 1369 698 1.
1397 665 1487 706 Cum,
1515 666 1597 699 sicut
1623 666 1758 700 dilectus
1794 667 1879 702 filius
1917 668 1997 703 Che·
2043 681 2190 706 summatum

1256 719 1391 752 rubinus
1416 720 1454 752 de
1475 719 1590 760 Noves,
1619 721 1717 754 frater
1742 731 1895 765 expresse
1920 709 2192 766 pro-¹iiis'1'1'0'iissauaiiif'

1255 772 1359 805 sessus
1384 772 1512 806 Ordinis
1530 773 1688 807 Minorum
1706 775 1808 807 sancti
1830 775 1994 809 Francisci
2007 761 2192 813 ‘ssi'affissssffl‘l‘l'ss'i

1254 825 1510 868 capuccinorum
1546 832 1811 870 nuncupatorum
1847 838 1883 861 ae
1919 815 2131 862 mis-¹¹⁰⁰⁰³¹’¹¹¹'

1255 878 1380 911 siouum
1419 885 1601 912 exterarum
1628 881 1819 914 eorumdem
1845 881 1996 924 Capucci-

1256 941 1369 964 norum
1395 931 1559 965 Gallorum
1585 932 1616 965 iu
1643 933 1790 976 partibus
1815 933 1996 968 infidelium

1255 983 1375 1026 degens
1392 984 1424 1017 in
1443 985 1588 1018 Romana
1606 985 1699 1019 Curia
1717 992 1923 1029 procurator,
1942 998 1996 1021 no-

1255 1038 1303 1071 bis
1327 1048 1433 1082 nuper
1458 1039 1576 1081 exponi
1604 1039 1690 1079 fecit,
1716 1039 1851 1083 praefati
1871 1040 1997 1074 missio-

1254 1091 1336 1124 narii
1363 1091 1444 1124 Galli
1467 1091 1498 1124 in
1518 1091 1640 1125 eisdem
1660 1092 1807 1136 partibus
1826 1093 1998 1126 elaboran-

1256 1149 1302 1177 tes
1328 1144 1510 1177 medicinae
1537 1150 1567 1177 et
1585 1145 1769 1187 chirurgiae
1788 1146 1910 1179 artibus
1929 1151 1996 1180 tum

1254 1197 1500 1237 catholicorum,
1528 1208 1607 1240 quos
1631 1198 1664 1230 in
1689 1197 1752 1231 side
1778 1199 1994 1239 consolidant,

1256 1255 1321 1283 tum
1347 1250 1546 1290 infidelium,
1574 1261 1657 1294 quos
1682 1261 1745 1284 non
1773 1262 1846 1285 raro
1880 1253 1919 1285 ad
1947 1264 1996 1285 ve-

1255 1303 1358 1336 ritatis
1395 1303 1612 1346 cognitionem
1646 1304 1828 1344 adducunt,
1854 1305 1997 1339 benevo-

1255 1357 1387 1390 lentiam
1424 1357 1484 1389 sibi
1522 1357 1720 1398 eoncilient;
1758 1358 1788 1390 id
1824 1368 1899 1391 vero
1936 1368 1995 1401 per

1254 1410 1504 1443 constitutiones
1530 1410 1658 1443 Ordinis
1685 1410 1841 1453 praedicti
1867 1421 1937 1454 cap.
1966 1423 1994 1452 v,

1255 1463 1444 1495 auctoritate
1463 1463 1643 1506 apostolica
1660 1463 1876 1503 confirmatas,
1892 1464 1995 1497 omni-

1255 1516 1314 1547 bus
1341 1525 1491 1557 expresse
1517 1516 1732 1558 prohibeatur
1756 1527 1797 1549 ne
1822 1521 1906 1550 artes
1939 1517 1994 1550 liu-

1254 1567 1395 1600 iusinodi
1414 1574 1503 1601 extra
1521 1568 1674 1601 Ordinem
1693 1574 1877 1602 exerceant:
1901 1570 1996 1603 nobis

1255 1625 1432 1663 propterea
1468 1620 1571 1653 dictus
1596 1620 1801 1654 Cherubinus
1827 1622 1994 1656 humiliter

1255 1673 1433 1716 supplicari
1470 1673 1546 1706 fecit
1582 1679 1617 1706 ut
1653 1673 1684 1706 in
1723 1674 1912 1717 praemissis
1938 1685 1997 1719 op-

1254 1731 1395 1769 portune
1421 1725 1594 1768 providere
1614 1730 1645 1758 et
1665 1732 1698 1758 ut
1718 1726 1801 1759 infra
1823 1727 1996 1770 indulgere

1255 1779 1293 1811 de
1319 1779 1523 1820 benignitate
1549 1779 1727 1822 apostoliea
1748 1779 1970 1822 dignaremur.

1298 1832 1312 1874 ἓ
1338 1831 1368 1864 2.
1395 1831 1459 1864 Nos
1484 1831 1596 1874 igitur,
1616 1832 1716 1875 ipsius
1742 1831 1920 1866 cherubini
1945 1833 1998 1866 de·
2028 1843 2150 1874 concussio,
2166 1844 2192 1873 «ῃ

1254 1884 1374 1917 siderio
1393 1885 1452 1917 hac
1471 1885 1501 1917 in
1521 1895 1566 1924 re,
1587 1890 1744 1927 quantum
1769 1895 1841 1918 eum
1858 1885 1996 1919 Domino
2007 1876 2049 1897 ΨΜ
2066 1869 2192 1892 'niumm‘

1254 1949 1446 1981 possumus,
1473 1937 1690 1971 favorabiliter
1715 1949 1859 1972 annuere
1885 1940 1996 1972 volen—

1256 1997 1312 2031 tes,
1338 2001 1477 2034 eumque
1502 2001 1520 2023 a
1544 1991 1711 2034 quibusvis
1738 1992 1998 2026 excommunica-

1255 2043 1361 2084 tionis,
1388 2043 1612 2086 suspensionis
1637 2049 1669 2076 et
1703 2043 1888 2084 interdicti,
1915 2045 1997 2077 aliis·

1254 2107 1316 2140 que
1343 2095 1573 2129 ecclesiasticis
1598 2095 1782 2136 sententiis,
1800 2096 1947 2129 censuris
1965 2101 1998 2130 et

1254 2149 1368 2192 poenis
1386 2176 1393 2190 ‚
1421 2160 1438 2181 a
1463 2149 1533 2181 iure
1559 2150 1607 2182 vel
1633 2149 1672 2181 ab
1706 2149 1861 2189 homine,
1887 2150 1997 2193 quavis

1255 2202 1426 2235 occasione
1447 2203 1497 2235 vel
1513 2203 1608 2234 causa
1626 2202 1710 2242 latis,
1732 2203 1756 2234 si
1780 2202 1900 2246 quibus
1917 2213 1998 2247 quo-

1254 2255 1434 2289 modolibet
1455 2255 1626 2288 innodatus
1648 2255 1765 2296 existit,
1787 2256 1826 2289 ad
1846 2255 1997 2289 ess'ectum

1254 2309 1476 2352 praesentium
1497 2313 1619 2341 tantum
1638 2310 1920 2352 consequendum,
1941 2310 1998 2343 ha-

1255 2373 1323 2394 rum
1338 2362 1421 2395 serie
1446 2361 1653 2395 absolventes
1673 2367 1704 2395 et
1724 2362 1909 2396 absolutum
1929 2363 1996 2396 sore

1253 2421 1447 2455 censentes,
1480 2414 1663 2448 huiusmodi
1700 2415 1996 2459 supplicationibus

1253 2468 1427 2509 inclinati,
1456 2468 1609 2501 fratribus
1644 2468 1858 2502 missionariis
1894 2469 1992 2503 Gallis

1253 2521 1446 2555 missionum
1473 2527 1656 2555 exterarum
1682 2522 1761 2556 dicti
1786 2522 1925 2563 Ordinis,
1943 2533 1993 2556 ar-

1254 2575 1331 2609 tium
1350 2576 1532 2610 medicinae
1549 2581 1582 2610 et
1599 2576 1785 2619 chirurgiae
1805 2575 1995 2612 huiusmodi
