2232 3178
190 229 284 258 amc.
305 229 374 257 ⁴735
420 221 462 253 sto

423 279 564 311 meionis
587 278 670 311 vocis
694 277 816 309 aetii-aa
841 279 867 307 et
885 276 1032 318 passivae
1050 279 1116 307 tam

425 336 533 364 contra
556 331 743 373 recipientes
767 339 863 373 {stram
893 333 1031 372 receptos
1048 329 1116 371 ipso

424 386 506 428 sacto
526 383 732 417 incurrentia.

587 473 720 499 Clemens
743 472 825 505 Papa
845 471 912 503 XII,

498 519 534 546 ad
554 520 729 552 perpetuam
749 517 793 543 rei
814 516 998 543 memoriam.

215 611 357 632 Prooemium.
423 599 614 632 Sollicitudo
640 597 812 641 pastoralis
839 597 955 634 officii,
981 606 1045 640 quo
1071 605 1117 628 ca-

382 653 519 686 tholicae
544 652 703 685 Ecclesiae
723 651 871 694 regimini
891 650 999 683 divina
1013 650 1117 692 dispo-

380 706 494 738 sitione
531 705 776 749 praesidemus,
802 715 860 737 nos
893 710 986 747 urget
1020 709 1115 746 atque

382 759 531 803 impellit,
551 765 594 799 ut,
621 765 785 802 paternam
811 758 1037 800 religiosorum
1062 757 1117 789 Or-

379 814 489 846 dinum
510 812 659 845 Altiss‘uni
678 812 843 856 obsequiis
862 811 1115 855 mancipatorum

379 868 560 910 uberesque
587 867 748 899 bonorum
775 875 911 909 operum
932 865 1050 897 fructus
1068 865 1117 896 ad-

380 921 522 964 spirante
545 920 678 963 superni
699 919 813 952 favoris
830 919 951 951 auxilio
970 918 1116 962 proferre

380 975 496 1017 iugiter
520 974 733 1016 satagentium
759 983 867 1005 curam
894 978 1054 1015 gerentes,
1082 983 1117 1004 ea

379 1038 460 1072 quae
486 1027 658 1060 Ordinibus
684 1027 761 1070 ipsis
778 1026 873 1059 noxia
891 1037 962 1059 esse
981 1036 1118 1058 noscun-

379 1087 429 1114 tur
455 1079 618 1121 annuere¹,
644 1085 675 1112 et
700 1080 828 1112 illorum
855 1079 1061 1123 professores
1087 1078 1117 1110 iu

378 1135 508 1168 salutari
524 1134 606 1167 vitae
624 1135 748 1174 norma,
766 1144 862 1177 quam
881 1133 1019 1177 amplexi
1035 1137 1118 1173 sunt,

379 1199 569 1222 conservare
595 1188 793 1226 studeamus.

212 1250 252 1270 Per
268 1250 368 1270 comum.
422 1241 492 1284 §AE
519 1241 640 1285 Exponi
678 1240 838 1283 siquidem
878 1240 972 1273 nobis
1014 1250 1119 1282 nuper

186 1277 454 1327 i'i'tit‘limssftiss‘isssecit
490 1294 626 1328 dilectus
663 1293 747 1326 silius
781 1294 938 1337 Iosephus
972 1292 1119 1336 Aloysius

186 1336 220 1350 sos
230 1331 319 1350 altorum
331 1332 368 1350 Or-

186 1357 256 1376 dmurn
272 1357 367 1382 revivere
379 1359 435 1382 seu
462 1349 639 1381 Ludovicus
656 1348 758 1388 Vasta,
781 1347 973 1392 praesidens
993 1347 1120 1391 provin-

186 1383 469 1456 23⁵qff3,f;???g',¹}{cialjs
495 1401 678 1445 provinciae
704 1401 811 1434 ltaliae
837 1401 966 1434 Ordinis
987 1401 1117 1432 fratrum

186 1438 330 1462 mmmmm*
380 1456 432 1489 SS.
456 1455 619 1489 Trinitatis
639 1455 885 1499 Redemptionis
903 1454 1117 1498 Captivorum,

380 1510 478 1553 quod,
506 1519 577 1542 cum
603 1520 662 1553 per
687 1508 934 1542 constitutiones
961 1508 1037 1540 dicti
1063 1508 1120 1540 Or-

381 1563 463 1596 dinis
489 1563 543 1596 lib.
565 1573 596 1602 1,
623 1573 695 1606 cap.
722 1572 828 1602 uviri,
854 1562 929 1605 §tlt
953 1561 1119 1605 indispen-

381 1616 526 1649 sabiliter
558 1615 770 1659 prohibeatur
801 1626 842 1648 ne
867 1615 1012 1658 religiosi
1040 1615 1119 1648 alio—

381 1679 449 1702 rum
474 1669 630 1702 Ordinum
666 1668 865 1712 recipiantur
890 1667 1120 1712 (quemadmo-

382 1724 456 1757 dum
481 1723 576 1757 etiam
603 1723 803 1766 experientia
829 1727 1031 1766 compertum
1058 1721 1120 1754 ,αἰῑς

383 1783 537 1822 quantum
561 1777 749 1821 praeiudicii
776 1777 943 1809 nonnullis
975 1776 1119 1809 eiusdem

382 1830 567 1874 provinciae
585 1831 795 1863 conventibus
820 1830 989 1873 religiosos
1018 1836 1119 1862 trans-

382 1885 462 1917 latos
498 1884 530 1916 in
564 1895 619 1917 eos
654 1884 799 1927 recipere
826 1883 957 1916 allatum
990 1884 1061 1925 sit),
1087 1884 1118 1916 in

382 1937 521 1981 capitulo
562 1937 750 1980 provinciali
792 1935 975 1979 provinciae
1012 1936 1120 1969 huius-

384 1990 471 2023 modi
489 2000 573 2023 anno
590 2000 718 2024 rinccxx
738 1990 919 2023 ordinatum
940 1990 1120 2023 decretum-

384 2055 446 2088 que
485 2044 542 2077 suit
578 2054 616 2077 ne
650 2045 859 2087 imposterum
896 2043 1011 2087 aliquis
1046 2044 1121 2076 reli-

386 2099 495 2140 giosus
521 2097 653 2130 alterius
678 2097 805 2130 Ordinis
824 2097 944 2141 absque
962 2108 1120 2130 consensu

387 2152 484 2185 totius
515 2151 688 2184 delinitorii
721 2151 906 2194 provinciae
935 2151 1119 2194 praedictae

385 2206 424 2238 ad
451 2205 596 2238 habitum
614 2205 735 2237 admitti
755 2210 786 2237 et
803 2205 902 2247 recipi
921 2210 1041 2248 posset.

192 2264 374 2311 cufiuss'dnssi'ffiis
429 2260 444 2303 ἓ
468 2259 499 2292 2.
528 2258 603 2293 Cum
628 2262 744 2299 autem,
769 2259 850 2291 sicut
884 2259 992 2292 eadem
1025 2269 1121 2302 expo-

193 2314 460 2365 ssssssgng'gggssssffiffslfio
497 2313 730 2356 subiungebat,
756 2313 903 2346 nonnulli
938 2313 1120 2356 superiores

194 2373 234 2394 tuf»
387 2372 451 2401 tam
477 2367 693 2411 provinciales
718 2377 812 2410 quam
838 2367 979 2406 locales,
1004 2367 1041 2399 ad
1075 2367 1120 2399 in-

388 2421 520 2454 stantias
535 2427 565 2453 ct
583 2420 810 2464 requisitiones
828 2430 1041 2464 personarum
1061 2431 1124 2453 sae-

389 2474 552 2516 cularium,
571 2479 603 2507 et
620 2473 661 2506 ob
680 2473 757 2506 alias
775 2472 983 2517 particulares
1001 2483 1123 2514 causas,

389 2535 596 2571 proponere,
617 2532 647 2560 et
671 2527 704 2559 in
730 2537 840 2560 eorum
867 2531 1046 2560 conventus
1073 2526 1124 2558 ali-

427 2601 437 2626 t
461 2599 574 2626 Videtur
594 2598 741 2634 legendum
762 2607 896 2628 anzorere
918 2599 953 2637 (n.
971 2599 1019 2633 T.).

425 2644 441 2670 2
462 2643 553 2671 Potius
575 2644 633 2679 lege
654 2648 692 2671 est
712 2645 750 2679 (a.
767 2645 815 2677 r.).

958 225 1136 250 BULLARIUM
1160 224 1314 250 ROMANUM

1900 222 1954 249 An.
1971 221 2001 249 C.
2022 221 2090 250 t735

1161 279 1240 317 quot
1264 273 1434 315 religiosos
1460 273 1630 305 translatos
1655 273 1802 315 recipere
1834 271 1896 304 sibi

1160 329 1257 361 licere
1279 326 1542 365 existimaverint,
1560 326 1628 368 ipse
1647 336 1722 359 vero
1740 325 1896 369 Iosephus

1162 382 1305 425 Aloysius
1330 392 1385 414 seu
1411 380 1592 414 Ludovicus
1620 380 1809 423 praesidens
1826 390 1898 423 pro-

1161 435 1317 475 vincialis,
1343 446 1407 478 quo
1434 440 1496 467 tam
1522 434 1583 467 sibi
1608 443 1702 476 quam
1721 433 1790 466 aliis
1815 433 1897 465 sutu-

1163 488 1204 521 ris
1230 489 1452 532 superioribus
1476 487 1644 521 memorati
1669 487 1795 520 Ordinis
1818 487 1898 520 haec

1163 543 1209 574 ria
1233 542 1365 575 omnino
1390 541 1630 586 praecludatur,
1655 545 1840 584 opportune
1865 541 1896 572 in

1162 596 1346 639 praemissis
1371 607 1387 628 a
1414 595 1505 630 nobis
1530 595 1701 639 providere
1719 598 1749 629 et
1766 600 1799 627 ut
1817 594 1897 628 infra

1162 649 1323 691 indulgeri
1346 660 1550 694 summopere
1572 648 1753 682 desideret:

1206 704 1219 745 ἓ
1238 703 1268 735 a.
1285 703 1347 735 Nos
1360 703 1466 746 igitur,
1486 703 1616 747 Iosephi
1634 702 1752 746 Aloysii
1772 713 1826 735 seu
1840 702 2092 757 Ltr-sfflufficiati81neg

1163 756 1264 789 dovici
1290 756 1505 799 praesidentis
1524 756 1730 800 provincialis
1745 756 1824 789 votis
1838 752 1898 788 hac
1909 764 2060 810 ffissss‘gss‘ffl'*
2073 763 2092 782 m

1162 810 1193 842 in
1219 821 1264 849 re,
1287 815 1438 853 quantum
1465 821 1536 843 cum
1562 810 1699 844 Domino
1717 819 1896 854 possumus,
2000 806 2004 810 ’

1163 862 1380 896 lavorabiliter
1397 873 1539 896 annuere
1558 865 1714 903 volentes,
1728 873 1866 907 eumque
1882 873 1898 895 a

1162 916 1330 959 quibusvis
1365 917 1736 957 excommunicationis,
1765 927 1898 960 suspen-

1162 970 1259 1003 sionis
1273 976 1305 1003 et
1321 970 1497 1011 interdicti,
1516 971 1649 1015 aliisque
1668 970 1896 1004 ecelesiasticis

1163 1023 1339 1063 sententiis,
1365 1025 1511 1058 censuris
1530 1030 1561 1058 et
1578 1025 1705 1068 poenis,
1725 1035 1742 1058 a
1764 1025 1831 1057 iure
1848 1025 1898 1058 vel

1163 1077 1201 1109 ab
1229 1077 1374 1118 homine,
1403 1078 1516 1120 quavis
1541 1078 1715 1111 occasione
1734 1078 1783 1110 vel
1805 1079 1899 1110 causa

1164 1131 1246 1171 latis,
1272 1131 1296 1164 si
1323 1132 1438 1175 quibus
1460 1132 1705 1175 quomodolibet
1723 1131 1897 1164 innodatus

1163 1184 1286 1224 existit,
1313 1186 1351 1217 ad
1377 1185 1526 1218 effectum
1557 1185 1778 1229 praesentium
1811 1185 1900 1218 dum-

1165 1244 1248 1271 taxat
1274 1240 1560 1282 consequendum,
1589 1240 1701 1272 harum
1736 1240 1821 1272 serie
1847 1239 1900 1271 al)-

1163 1292 1323 1325 solventes
1348 1297 1379 1324 et
1404 1292 1585 1325 absolutum
1620 1293 1688 1326 sore
1714 1298 1897 1330 censentes.

1164 1345 1458 1388 supplicationibus
1509 1346 1577 1378 eius
1624 1346 1756 1380 nomine
1803 1346 1899 1379 nobis

1164 1410 1260 1442 super
1285 1400 1346 1432 hoc
1368 1400 1533 1432 humiliter
1553 1400 1712 1443 porrectis
1738 1400 1897 1439 inclinati,

1163 1458 1196 1485 ut
1221 1454 1260 1485 de
1286 1459 1393 1486 cetero
1418 1454 1582 1496 perpetuis
1608 1454 1722 1487 suturis
1747 1455 1901 1498 tempori-

1164 1507 1221 1539 bus
1248 1517 1307 1540 nec
1333 1507 1392 1550 ipsi
1418 1507 1553 1550 losepho
1581 1508 1711 1551 Aloysio
1748 1518 1805 1541 seu
1840 1508 1900 1541 Lu-

1164 1560 1278 1593 dovico
1315 1560 1513 1603 praesidenti
1551 1560 1761 1604 provinciali,
1795 1571 1900 1605 neque

1164 1614 1257 1646 alicui
1285 1613 1376 1646 alteri
1395 1613 1566 1656 superiori,
1583 1615 1813 1658 cuiuscumque
1832 1625 1901 1657 gra-

1164 1667 1221 1699 dus
1246 1677 1302 1699 scu
1328 1667 1527 1700 conditionis
1553 1667 1676 1709 existat,
1702 1669 1761 1701 sub
1787 1668 1901 1712 quovis

1164 1726 1329 1764 praetextu
1368 1721 1399 1753 in
1434 1722 1575 1764 capitulo
1611 1722 1800 1765 provinciali
1837 1722 1901 1754 sive

1164 1776 1367 1809 conventuali
1404 1781 1599 1809 memoratae
1635 1776 1822 1819 provinciae
1855 1777 1903 1809 ul-

1165 1829 1229 1861 lum
1254 1829 1393 1862 cuiusvis
1407 1829 1538 1862 alterius
1554 1829 1682 1862 Ordinis
1699 1829 1901 1872 religiosum,

1166 1882 1291 1915 etiamsi
1318 1883 1359 1915 sit
1385 1883 1458 1916 dieti
1484 1883 1613 1916 Ordinis
1637 1883 1901 1916 Excalceatorum

1166 1942 1438 1980 nuncupatorum,
1449 1947 1647 1980 proponere,
1661 1943 1693 1970 et
1707 1937 1738 1969 in
1754 1937 1902 1970 eamdem

1165 1990 1363 2034 provinciam
1388 2001 1445 2023 seu
1470 1990 1503 2023 in
1529 1990 1670 2034 aliquem
1697 1996 1902 2032 conventum,

1165 2045 1233 2077 sine
1259 2055 1410 2088 expresso
1448 2044 1543 2077 totius
1580 2043 1755 2077 delinitorii
1779 2044 1905 2088 provin-

1165 2098 1255 2131 cialis
1292 2098 1432 2141 legitime
1470 2098 1659 2141 congregati
1695 2098 1836 2131 unanimi
1871 2098 1902 2130 in

1165 2151 1291 2195 scriptis
1315 2151 1469 2195 praestito
1488 2159 1659 2191 consensu,
1678 2152 1901 2184 excommuni-

1166 2204 1309 2245 cationis,
1324 2216 1360 2238 ac
1377 2205 1566 2248 privationis
1584 2215 1696 2238 eorum
1712 2204 1904 2244 officiorum,
1921 2216 1925 2221 ⁴

1166 2265 1198 2292 et
1221 2260 1492 2293 inhabilitationis
1517 2259 1556 2292 ad
1582 2259 1645 2299 illa,
1672 2268 1707 2292 ac
1728 2259 1814 2293 vocis
1832 2259 1905 2292 acti-

1168 2324 1222 2346 vae
1249 2319 1280 2346 et
1303 2313 1448 2357 passivae
1474 2312 1589 2356 poenis
1609 2319 1670 2346 tam
1692 2318 1803 2346 contra
1824 2313 1905 2346 reci—

1168 2367 1292 2410 pientes
1311 2377 1406 2410 quam
1427 2371 1578 2410 receptos
1604 2366 1673 2410 ipso
1698 2366 1780 2400 sacto
1801 2367 1905 2400 incur-

1168 2418 1285 2462 rendis,
1305 2422 1450 2464 recipere
1469 2421 1537 2454 ullo
1556 2421 1653 2454 modo
1671 2420 1783 2461 liceat,
1801 2426 1905 2453 aueto-

1169 2475 1261 2508 ritate
1288 2475 1486 2518 apostolica‚
1513 2479 1623 2507 tenore
1657 2474 1878 2518 praesentium
1895 2501 1903 2515 ,

1169 2528 1385 2569 decernimus,
1410 2527 1576 2561 statuimus
1602 2533 1633 2561 et
1658 2528 1870 2561 declaramus.

1213 2582 1227 2624 ξ
1252 2582 1284 2615 [ι.
1323 2582 1545 2616 Decernentes
1591 2582 1737 2626 pariter,
1776 2581 1905 2615 easdem
1930 2591 2099 2627 steqneinperf

1170 2641 1359 2679 praesentes
1384 2636 1510 2670 litteras
1535 2645 1663 2679 semper
1687 2635 1819 2677 sirmas,
1856 2621 2002 2669 va-W'u'u
2019 2623 2100 2640 ἕψω
