<?xml version="1.0" encoding="UTF-8"?>
<!DOCTYPE html PUBLIC "-//W3C//DTD XHTML 1.0 Transitional//EN"
    "http://www.w3.org/TR/xhtml1/DTD/xhtml1-transitional.dtd">
<html xmlns="http://www.w3.org/1999/xhtml" xml:lang="en" lang="en">
 <head>
  <title>
</title>
<meta http-equiv="Content-Type" content="text/html;charset=utf-8" />
  <meta name='ocr-system' content='tesseract 3.04.00' />
  <meta name='ocr-capabilities' content='ocr_page ocr_carea ocr_par ocr_line ocrx_word'/>
</head>
<body>
  <div class='ocr_page' id='page_1' title='image "./bullarumdiplomat24cath_0533.png"; bbox 0 0 2232 3178; ppageno 0'>
   <div class='ocr_carea' id='block_1_1' title="bbox 13 2267 17 2324">
    <p class='ocr_par' dir='ltr' id='par_1_1' title="bbox 12 2072 17 2324">
     <span class='ocr_line' id='line_1_1' title="bbox 13 2267 17 2324; baseline 0 -230"><span class='ocrx_word' id='word_1_1' title='bbox 13 2267 17 2324; x_wconf 61' lang='lat'><em>„</em></span> 
     </span>
    </p>
   </div>
   <div class='ocr_carea' id='block_1_2' title="bbox 61 687 238 711">
    <p class='ocr_par' dir='ltr' id='par_1_2' title="bbox 61 687 238 711">
     <span class='ocr_line' id='line_1_2' title="bbox 61 687 238 711; baseline -0.023 0"><span class='ocrx_word' id='word_1_2' title='bbox 61 688 165 711; x_wconf 73' lang='lat' dir='ltr'>Contraria</span> <span class='ocrx_word' id='word_1_3' title='bbox 177 687 238 708; x_wconf 77' lang='lat' dir='ltr'>tollit.</span> 
     </span>
    </p>
   </div>
   <div class='ocr_carea' id='block_1_3' title="bbox 249 252 991 403">
    <p class='ocr_par' dir='ltr' id='par_1_3' title="bbox 249 252 991 403">
     <span class='ocr_line' id='line_1_3' title="bbox 249 252 991 298; baseline 0.001 -13"><span class='ocrx_word' id='word_1_4' title='bbox 249 252 482 286; x_wconf 86' lang='lat' dir='ltr'>inviolabiliter</span> <span class='ocrx_word' id='word_1_5' title='bbox 506 254 688 294; x_wconf 85' lang='lat' dir='ltr'>observari,</span> <span class='ocrx_word' id='word_1_6' title='bbox 716 254 826 298; x_wconf 85' lang='lat' dir='ltr'>sicque</span> <span class='ocrx_word' id='word_1_7' title='bbox 849 254 879 286; x_wconf 88' lang='lat' dir='ltr'>in</span> <span class='ocrx_word' id='word_1_8' title='bbox 899 265 991 297; x_wconf 86' lang='lat' dir='ltr'>prae-</span> 
     </span>
     <span class='ocr_line' id='line_1_4' title="bbox 249 306 990 351; baseline 0.001 -13"><span class='ocrx_word' id='word_1_9' title='bbox 249 306 354 339; x_wconf 81' lang='lat' dir='ltr'>missis</span> <span class='ocrx_word' id='word_1_10' title='bbox 379 318 437 350; x_wconf 90' lang='lat' dir='ltr'>per</span> <span class='ocrx_word' id='word_1_11' title='bbox 462 318 686 351; x_wconf 83' lang='lat' dir='ltr'>quoscumque</span> <span class='ocrx_word' id='word_1_12' title='bbox 712 309 835 341; x_wconf 87' lang='lat' dir='ltr'>iudices</span> <span class='ocrx_word' id='word_1_13' title='bbox 862 307 990 340; x_wconf 85' lang='lat' dir='ltr'>ordina-</span> 
     </span>
     <span class='ocr_line' id='line_1_5' title="bbox 250 360 990 403; baseline 0 -11"><span class='ocrx_word' id='word_1_14' title='bbox 250 360 315 393; x_wconf 90' lang='lat' dir='ltr'>rios</span> <span class='ocrx_word' id='word_1_15' title='bbox 341 366 372 393; x_wconf 86' lang='lat' dir='ltr'>et</span> <span class='ocrx_word' id='word_1_16' title='bbox 390 361 558 403; x_wconf 80' lang='lat' dir='ltr'>delegatos</span> <span class='ocrx_word' id='word_1_17' title='bbox 576 362 672 394; x_wconf 89' lang='lat' dir='ltr'>etiam</span> <span class='ocrx_word' id='word_1_18' title='bbox 691 372 861 394; x_wconf 85' lang='lat' dir='ltr'>causarum</span> <span class='ocrx_word' id='word_1_19' title='bbox 881 360 990 403; x_wconf 84' lang='lat' dir='ltr'>palatii</span> 
     </span>
    </p>
   </div>
   <div class='ocr_carea' id='block_1_4' title="bbox 248 413 1013 457">
    <p class='ocr_par' dir='ltr' id='par_1_4' title="bbox 248 413 1013 457">
     <span class='ocr_line' id='line_1_6' title="bbox 248 413 1013 457; baseline -0.003 -11"><span class='ocrx_word' id='word_1_20' title='bbox 248 415 418 457; x_wconf 86' lang='lat' dir='ltr'>apostolici</span> <span class='ocrx_word' id='word_1_21' title='bbox 443 415 630 454; x_wconf 72' lang='lat' dir='ltr'>auditores,</span> <span class='ocrx_word' id='word_1_22' title='bbox 657 415 794 447; x_wconf 91' lang='lat' dir='ltr'>iudicari</span> <span class='ocrx_word' id='word_1_23' title='bbox 817 413 990 447; x_wconf 82' lang='lat' dir='ltr'>etdesiniri</span> <span class='ocrx_word' id='word_1_24' title='bbox 1011 434 1013 443; x_wconf 87' lang='lat'><em>.</em></span> 
     </span>
    </p>
   </div>
   <div class='ocr_carea' id='block_1_5' title="bbox 250 467 990 506">
    <p class='ocr_par' dir='ltr' id='par_1_5' title="bbox 250 467 990 506">
     <span class='ocr_line' id='line_1_7' title="bbox 250 467 990 506; baseline 0 -8"><span class='ocrx_word' id='word_1_25' title='bbox 250 467 391 504; x_wconf 80' lang='lat' dir='ltr'>debere,</span> <span class='ocrx_word' id='word_1_26' title='bbox 419 478 454 500; x_wconf 81' lang='lat' dir='ltr'>ac</span> <span class='ocrx_word' id='word_1_27' title='bbox 480 468 605 500; x_wconf 89' lang='lat' dir='ltr'>irritum</span> <span class='ocrx_word' id='word_1_28' title='bbox 632 474 664 500; x_wconf 88' lang='lat' dir='ltr'>et</span> <span class='ocrx_word' id='word_1_29' title='bbox 688 467 784 499; x_wconf 87' lang='lat' dir='ltr'>inane</span> <span class='ocrx_word' id='word_1_30' title='bbox 806 493 813 506; x_wconf 96' lang='lat'>‚</span> <span class='ocrx_word' id='word_1_31' title='bbox 839 467 865 499; x_wconf 90' lang='lat' dir='ltr'>si</span> <span class='ocrx_word' id='word_1_32' title='bbox 899 476 990 498; x_wconf 84' lang='lat' dir='ltr'>secus</span> 
     </span>
    </p>
   </div>
   <div class='ocr_carea' id='block_1_6' title="bbox 249 519 1013 563">
    <p class='ocr_par' dir='ltr' id='par_1_6' title="bbox 249 519 1013 563">
     <span class='ocr_line' id='line_1_8' title="bbox 249 519 1013 563; baseline -0.001 -12"><span class='ocrx_word' id='word_1_33' title='bbox 249 530 348 562; x_wconf 89' lang='lat' dir='ltr'>super</span> <span class='ocrx_word' id='word_1_34' title='bbox 374 520 424 552; x_wconf 84' lang='lat' dir='ltr'>liis</span> <span class='ocrx_word' id='word_1_35' title='bbox 451 531 467 552; x_wconf 88' lang='lat' dir='ltr'>a</span> <span class='ocrx_word' id='word_1_36' title='bbox 493 531 678 563; x_wconf 86' lang='lat' dir='ltr'>quoquam,</span> <span class='ocrx_word' id='word_1_37' title='bbox 705 519 816 562; x_wconf 85' lang='lat' dir='ltr'>quavis</span> <span class='ocrx_word' id='word_1_38' title='bbox 853 519 1013 551; x_wconf 62' lang='lat' dir='ltr'>auctori-,</span> 
     </span>
    </p>
   </div>
   <div class='ocr_carea' id='block_1_7' title="bbox 248 571 993 1778">
    <p class='ocr_par' dir='ltr' id='par_1_7' title="bbox 249 571 992 658">
     <span class='ocr_line' id='line_1_9' title="bbox 251 571 992 615; baseline -0.001 -12"><span class='ocrx_word' id='word_1_39' title='bbox 251 576 332 610; x_wconf 86' lang='lat' dir='ltr'>tate,</span> <span class='ocrx_word' id='word_1_40' title='bbox 360 572 501 605; x_wconf 75' lang='lat' dir='ltr'>scienter</span> <span class='ocrx_word' id='word_1_41' title='bbox 525 574 574 605; x_wconf 90' lang='lat' dir='ltr'>vel</span> <span class='ocrx_word' id='word_1_42' title='bbox 600 572 792 615; x_wconf 76' lang='lat' dir='ltr'>ignoranter</span> <span class='ocrx_word' id='word_1_43' title='bbox 816 571 992 613; x_wconf 81' lang='lat' dir='ltr'>contigerit</span> 
     </span>
     <span class='ocr_line' id='line_1_10' title="bbox 249 625 414 658; baseline 0 -1"><span class='ocrx_word' id='word_1_44' title='bbox 249 625 414 658; x_wconf 86' lang='lat' dir='ltr'>attentari.</span> 
     </span>
    </p>

    <p class='ocr_par' dir='ltr' id='par_1_8' title="bbox 249 678 993 1574">
     <span class='ocr_line' id='line_1_11' title="bbox 294 678 990 721; baseline 0 -11"><span class='ocrx_word' id='word_1_45' title='bbox 294 678 308 721; x_wconf 61' lang='grc' dir='ltr'><strong>ἓ</strong></span> <span class='ocrx_word' id='word_1_46' title='bbox 334 678 365 710; x_wconf 80' lang='grc'>5.</span> <span class='ocrx_word' id='word_1_47' title='bbox 392 678 460 711; x_wconf 91' lang='lat' dir='ltr'>Non</span> <span class='ocrx_word' id='word_1_48' title='bbox 480 679 684 712; x_wconf 76' lang='lat' dir='ltr'>obstantibus</span> <span class='ocrx_word' id='word_1_49' title='bbox 701 678 990 712; x_wconf 77' lang='lat' dir='ltr'>constitutionibus</span> 
     </span>
     <span class='ocr_line' id='line_1_12' title="bbox 251 732 992 775; baseline 0 -11"><span class='ocrx_word' id='word_1_50' title='bbox 251 736 282 764; x_wconf 85' lang='lat' dir='ltr'>et</span> <span class='ocrx_word' id='word_1_51' title='bbox 307 732 570 765; x_wconf 75' lang='lat' dir='ltr'>ordinationibus</span> <span class='ocrx_word' id='word_1_52' title='bbox 595 732 796 775; x_wconf 88' lang='lat' dir='ltr'>apostolicis,</span> <span class='ocrx_word' id='word_1_53' title='bbox 818 741 864 771; x_wconf 94' lang='lat' dir='ltr'>ac,</span> <span class='ocrx_word' id='word_1_54' title='bbox 882 736 992 774; x_wconf 86' lang='lat' dir='ltr'>quate-</span> 
     </span>
     <span class='ocr_line' id='line_1_13' title="bbox 249 784 990 829; baseline -0.003 -11"><span class='ocrx_word' id='word_1_55' title='bbox 249 795 309 818; x_wconf 83' lang='lat' dir='ltr'>nus</span> <span class='ocrx_word' id='word_1_56' title='bbox 325 796 407 829; x_wconf 88' lang='lat' dir='ltr'>opus</span> <span class='ocrx_word' id='word_1_57' title='bbox 421 786 473 825; x_wconf 91' lang='lat' dir='ltr'>sit,</span> <span class='ocrx_word' id='word_1_58' title='bbox 485 785 591 818; x_wconf 87' lang='lat' dir='ltr'>dictae</span> <span class='ocrx_word' id='word_1_59' title='bbox 602 784 883 827; x_wconf 79' lang='lat' dir='ltr'>Congregationis,</span> <span class='ocrx_word' id='word_1_60' title='bbox 894 784 990 816; x_wconf 86' lang='lat' dir='ltr'>etiam</span> 
     </span>
     <span class='ocr_line' id='line_1_14' title="bbox 250 837 990 880; baseline -0.001 -10"><span class='ocrx_word' id='word_1_61' title='bbox 250 838 440 878; x_wconf 86' lang='lat' dir='ltr'>iuramento,</span> <span class='ocrx_word' id='word_1_62' title='bbox 457 837 702 871; x_wconf 81' lang='lat' dir='ltr'>confirmatione</span> <span class='ocrx_word' id='word_1_63' title='bbox 729 837 921 880; x_wconf 79' lang='lat' dir='ltr'>apostolica,</span> <span class='ocrx_word' id='word_1_64' title='bbox 941 837 990 869; x_wconf 87' lang='lat' dir='ltr'>vel</span> 
     </span>
     <span class='ocr_line' id='line_1_15' title="bbox 249 890 991 935; baseline -0.001 -12"><span class='ocrx_word' id='word_1_65' title='bbox 249 891 359 935; x_wconf 84' lang='lat' dir='ltr'>quavis</span> <span class='ocrx_word' id='word_1_66' title='bbox 386 890 537 924; x_wconf 80' lang='lat' dir='ltr'>firmitate</span> <span class='ocrx_word' id='word_1_67' title='bbox 563 890 624 924; x_wconf 73' lang='lat' dir='ltr'>alia</span> <span class='ocrx_word' id='word_1_68' title='bbox 650 890 836 930; x_wconf 84' lang='lat' dir='ltr'>roboratis,</span> <span class='ocrx_word' id='word_1_69' title='bbox 863 890 991 922; x_wconf 86' lang='lat' dir='ltr'>statutis</span> 
     </span>
     <span class='ocr_line' id='line_1_16' title="bbox 250 943 990 986; baseline -0.003 -9"><span class='ocrx_word' id='word_1_70' title='bbox 250 949 281 977; x_wconf 90' lang='lat' dir='ltr'>et</span> <span class='ocrx_word' id='word_1_71' title='bbox 306 944 617 984; x_wconf 86' lang='lat' dir='ltr'>consuetudinibus,</span> <span class='ocrx_word' id='word_1_72' title='bbox 644 943 821 986; x_wconf 77' lang='lat' dir='ltr'>privilegiis</span> <span class='ocrx_word' id='word_1_73' title='bbox 847 953 990 986; x_wconf 87' lang='lat' dir='ltr'>quoque,</span> 
     </span>
     <span class='ocr_line' id='line_1_17' title="bbox 250 997 991 1040; baseline -0.001 -11"><span class='ocrx_word' id='word_1_74' title='bbox 250 997 385 1031; x_wconf 88' lang='lat' dir='ltr'>indultis</span> <span class='ocrx_word' id='word_1_75' title='bbox 411 1004 443 1031; x_wconf 88' lang='lat' dir='ltr'>et</span> <span class='ocrx_word' id='word_1_76' title='bbox 467 997 583 1031; x_wconf 89' lang='lat' dir='ltr'>litteris</span> <span class='ocrx_word' id='word_1_77' title='bbox 605 997 795 1040; x_wconf 87' lang='lat' dir='ltr'>apostolicis</span> <span class='ocrx_word' id='word_1_78' title='bbox 816 997 845 1029; x_wconf 89' lang='lat' dir='ltr'>in</span> <span class='ocrx_word' id='word_1_79' title='bbox 866 1002 991 1029; x_wconf 89' lang='lat' dir='ltr'>contra-</span> 
     </span>
     <span class='ocr_line' id='line_1_18' title="bbox 249 1050 992 1094; baseline -0.003 -11"><span class='ocrx_word' id='word_1_80' title='bbox 249 1052 333 1084; x_wconf 91' lang='lat' dir='ltr'>rium</span> <span class='ocrx_word' id='word_1_81' title='bbox 359 1051 609 1094; x_wconf 79' lang='lat' dir='ltr'>praemissorum</span> <span class='ocrx_word' id='word_1_82' title='bbox 639 1050 887 1093; x_wconf 77' lang='lat' dir='ltr'>quomodolibet</span> <span class='ocrx_word' id='word_1_83' title='bbox 916 1060 992 1082; x_wconf 92' lang='lat' dir='ltr'>con—</span> 
     </span>
     <span class='ocr_line' id='line_1_19' title="bbox 249 1103 990 1146; baseline -0.004 -9"><span class='ocrx_word' id='word_1_84' title='bbox 249 1105 360 1145; x_wconf 88' lang='lat' dir='ltr'>cessis,</span> <span class='ocrx_word' id='word_1_85' title='bbox 388 1104 589 1137; x_wconf 82' lang='lat' dir='ltr'>confirmatis</span> <span class='ocrx_word' id='word_1_86' title='bbox 616 1110 648 1137; x_wconf 89' lang='lat' dir='ltr'>et</span> <span class='ocrx_word' id='word_1_87' title='bbox 673 1103 853 1143; x_wconf 68' lang='lat' dir='ltr'>innovatis,</span> <span class='ocrx_word' id='word_1_88' title='bbox 873 1103 990 1146; x_wconf 85' lang='lat' dir='ltr'>quibus</span> 
     </span>
     <span class='ocr_line' id='line_1_20' title="bbox 250 1156 991 1199; baseline -0.003 -10"><span class='ocrx_word' id='word_1_89' title='bbox 250 1157 403 1190; x_wconf 90' lang='lat' dir='ltr'>omnibus</span> <span class='ocrx_word' id='word_1_90' title='bbox 429 1164 461 1190; x_wconf 89' lang='lat' dir='ltr'>et</span> <span class='ocrx_word' id='word_1_91' title='bbox 493 1157 629 1199; x_wconf 80' lang='lat' dir='ltr'>singulis</span> <span class='ocrx_word' id='word_1_92' title='bbox 650 1184 657 1195; x_wconf 98' lang='lat'>,</span> <span class='ocrx_word' id='word_1_93' title='bbox 695 1156 826 1189; x_wconf 87' lang='lat' dir='ltr'>illorum</span> <span class='ocrx_word' id='word_1_94' title='bbox 860 1161 991 1188; x_wconf 88' lang='lat' dir='ltr'>tenores</span> 
     </span>
     <span class='ocr_line' id='line_1_21' title="bbox 249 1209 993 1253; baseline -0.003 -11"><span class='ocrx_word' id='word_1_95' title='bbox 249 1212 481 1253; x_wconf 85' lang='lat' dir='ltr'>praesentibus</span> <span class='ocrx_word' id='word_1_96' title='bbox 506 1221 565 1253; x_wconf 87' lang='lat' dir='ltr'>pro</span> <span class='ocrx_word' id='word_1_97' title='bbox 597 1211 695 1253; x_wconf 90' lang='lat' dir='ltr'>plene</span> <span class='ocrx_word' id='word_1_98' title='bbox 730 1215 762 1242; x_wconf 84' lang='lat' dir='ltr'>et</span> <span class='ocrx_word' id='word_1_99' title='bbox 792 1209 993 1241; x_wconf 84' lang='lat' dir='ltr'>sufficienter</span> 
     </span>
     <span class='ocr_line' id='line_1_22' title="bbox 249 1262 992 1306; baseline -0.004 -10"><span class='ocrx_word' id='word_1_100' title='bbox 249 1264 408 1306; x_wconf 76' lang='lat' dir='ltr'>expressis</span> <span class='ocrx_word' id='word_1_101' title='bbox 444 1275 480 1296; x_wconf 89' lang='lat' dir='ltr'>ae</span> <span class='ocrx_word' id='word_1_102' title='bbox 505 1264 544 1296; x_wconf 88' lang='lat' dir='ltr'>de</span> <span class='ocrx_word' id='word_1_103' title='bbox 570 1264 670 1296; x_wconf 90' lang='lat' dir='ltr'>verbo</span> <span class='ocrx_word' id='word_1_104' title='bbox 703 1263 741 1295; x_wconf 81' lang='lat' dir='ltr'>ad</span> <span class='ocrx_word' id='word_1_105' title='bbox 775 1262 907 1295; x_wconf 89' lang='lat' dir='ltr'>verbum</span> <span class='ocrx_word' id='word_1_106' title='bbox 945 1262 992 1293; x_wconf 89' lang='lat' dir='ltr'>in-</span> 
     </span>
     <span class='ocr_line' id='line_1_23' title="bbox 250 1315 988 1358; baseline -0.004 -8"><span class='ocrx_word' id='word_1_107' title='bbox 250 1317 346 1350; x_wconf 87' lang='lat' dir='ltr'>sertis</span> <span class='ocrx_word' id='word_1_108' title='bbox 373 1317 530 1350; x_wconf 82' lang='lat' dir='ltr'>habentes</span> <span class='ocrx_word' id='word_1_109' title='bbox 551 1345 558 1358; x_wconf 90' lang='lat'>,</span> <span class='ocrx_word' id='word_1_110' title='bbox 585 1317 650 1350; x_wconf 91' lang='lat' dir='ltr'>illis</span> <span class='ocrx_word' id='word_1_111' title='bbox 676 1315 756 1349; x_wconf 75' lang='lat' dir='ltr'>alias</span> <span class='ocrx_word' id='word_1_112' title='bbox 782 1316 814 1348; x_wconf 92' lang='lat' dir='ltr'>in</span> <span class='ocrx_word' id='word_1_113' title='bbox 840 1326 899 1348; x_wconf 89' lang='lat' dir='ltr'>suo</span> <span class='ocrx_word' id='word_1_114' title='bbox 933 1325 988 1348; x_wconf 90' lang='lat' dir='ltr'>ro-</span> 
     </span>
     <span class='ocr_line' id='line_1_24' title="bbox 250 1368 992 1414; baseline -0.004 -11"><span class='ocrx_word' id='word_1_115' title='bbox 250 1370 330 1403; x_wconf 89' lang='lat' dir='ltr'>bore</span> <span class='ocrx_word' id='word_1_116' title='bbox 355 1370 586 1414; x_wconf 80' lang='lat' dir='ltr'>permansuris,</span> <span class='ocrx_word' id='word_1_117' title='bbox 613 1370 651 1402; x_wconf 85' lang='lat' dir='ltr'>ad</span> <span class='ocrx_word' id='word_1_118' title='bbox 670 1368 925 1412; x_wconf 86' lang='lat' dir='ltr'>praemissorum</span> <span class='ocrx_word' id='word_1_119' title='bbox 947 1368 992 1401; x_wconf 80' lang='lat' dir='ltr'>ef-</span> 
     </span>
     <span class='ocr_line' id='line_1_25' title="bbox 250 1422 993 1465; baseline -0.003 -9"><span class='ocrx_word' id='word_1_120' title='bbox 250 1425 389 1464; x_wconf 79' lang='lat' dir='ltr'>fectum,</span> <span class='ocrx_word' id='word_1_121' title='bbox 417 1425 479 1457; x_wconf 81' lang='lat' dir='ltr'>liae</span> <span class='ocrx_word' id='word_1_122' title='bbox 502 1423 571 1456; x_wconf 85' lang='lat' dir='ltr'>vice</span> <span class='ocrx_word' id='word_1_123' title='bbox 597 1423 757 1456; x_wconf 76' lang='lat' dir='ltr'>dumtaxat</span> <span class='ocrx_word' id='word_1_124' title='bbox 779 1450 785 1462; x_wconf 91' lang='lat'>,</span> <span class='ocrx_word' id='word_1_125' title='bbox 804 1422 993 1465; x_wconf 76' lang='lat' dir='ltr'>specialiter</span> 
     </span>
     <span class='ocr_line' id='line_1_26' title="bbox 249 1476 992 1521; baseline -0.004 -10"><span class='ocrx_word' id='word_1_126' title='bbox 249 1484 281 1511; x_wconf 86' lang='lat' dir='ltr'>et</span> <span class='ocrx_word' id='word_1_127' title='bbox 305 1488 458 1521; x_wconf 80' lang='lat' dir='ltr'>expresse</span> <span class='ocrx_word' id='word_1_128' title='bbox 484 1477 695 1520; x_wconf 69' lang='lat' dir='ltr'>derogamus,</span> <span class='ocrx_word' id='word_1_129' title='bbox 714 1476 894 1519; x_wconf 86' lang='lat' dir='ltr'>ceterisque</span> <span class='ocrx_word' id='word_1_130' title='bbox 915 1486 992 1509; x_wconf 90' lang='lat' dir='ltr'>con-</span> 
     </span>
     <span class='ocr_line' id='line_1_27' title="bbox 251 1531 946 1574; baseline -0.003 -11"><span class='ocrx_word' id='word_1_131' title='bbox 251 1531 357 1565; x_wconf 83' lang='lat' dir='ltr'>trariis</span> <span class='ocrx_word' id='word_1_132' title='bbox 383 1531 653 1574; x_wconf 87' lang='lat' dir='ltr'>quibuscumque.</span> <span class='ocrx_word' id='word_1_133' title='bbox 944 1551 946 1553; x_wconf 96' lang='lat'>-</span> 
     </span>
    </p>

    <p class='ocr_par' dir='ltr' id='par_1_9' title="bbox 248 1582 992 1778">
     <span class='ocr_line' id='line_1_28' title="bbox 294 1582 992 1626; baseline -0.001 -9"><span class='ocrx_word' id='word_1_134' title='bbox 294 1585 408 1618; x_wconf 90' lang='lat' dir='ltr'>Datum</span> <span class='ocrx_word' id='word_1_135' title='bbox 434 1585 571 1623; x_wconf 86' lang='lat' dir='ltr'>Romae,</span> <span class='ocrx_word' id='word_1_136' title='bbox 598 1583 685 1626; x_wconf 89' lang='lat' dir='ltr'>apud</span> <span class='ocrx_word' id='word_1_137' title='bbox 711 1583 741 1616; x_wconf 88' lang='lat' dir='ltr'>S.</span> <span class='ocrx_word' id='word_1_138' title='bbox 776 1582 907 1617; x_wconf 90' lang='lat' dir='ltr'>Mariam</span> <span class='ocrx_word' id='word_1_139' title='bbox 933 1582 992 1616; x_wconf 84' lang='lat' dir='ltr'>Ma·</span> 
     </span>
     <span class='ocr_line' id='line_1_29' title="bbox 248 1636 991 1680; baseline -0.003 -9"><span class='ocrx_word' id='word_1_140' title='bbox 248 1639 363 1680; x_wconf 90' lang='lat' dir='ltr'>iorem,</span> <span class='ocrx_word' id='word_1_141' title='bbox 389 1639 447 1671; x_wconf 88' lang='lat' dir='ltr'>sub</span> <span class='ocrx_word' id='word_1_142' title='bbox 473 1638 596 1671; x_wconf 86' lang='lat' dir='ltr'>annulo</span> <span class='ocrx_word' id='word_1_143' title='bbox 622 1636 798 1669; x_wconf 85' lang='lat' dir='ltr'>Piscatoris</span> <span class='ocrx_word' id='word_1_144' title='bbox 815 1663 822 1676; x_wconf 92' lang='lat'>,</span> <span class='ocrx_word' id='word_1_145' title='bbox 849 1636 902 1669; x_wconf 90' lang='lat' dir='ltr'>die</span> <span class='ocrx_word' id='word_1_146' title='bbox 929 1646 991 1669; x_wconf 83' lang='lat' dir='ltr'>xv11</span> 
     </span>
     <span class='ocr_line' id='line_1_30' title="bbox 249 1689 992 1733; baseline -0.004 -8"><span class='ocrx_word' id='word_1_147' title='bbox 249 1692 437 1725; x_wconf 82' lang='lat' dir='ltr'>novembris</span> <span class='ocrx_word' id='word_1_148' title='bbox 462 1700 690 1730; x_wconf 73' lang='lat' dir='ltr'>MDCCXXXVIH,</span> <span class='ocrx_word' id='word_1_149' title='bbox 709 1689 920 1733; x_wconf 82' lang='lat' dir='ltr'>pontificatus</span> <span class='ocrx_word' id='word_1_150' title='bbox 938 1700 992 1722; x_wconf 89' lang='lat' dir='ltr'>no-</span> 
     </span>
     <span class='ocr_line' id='line_1_31' title="bbox 249 1745 488 1778; baseline 0 0"><span class='ocrx_word' id='word_1_151' title='bbox 249 1745 306 1778; x_wconf 88' lang='lat' dir='ltr'>stri</span> <span class='ocrx_word' id='word_1_152' title='bbox 333 1756 418 1778; x_wconf 82' lang='lat' dir='ltr'>anno</span> <span class='ocrx_word' id='word_1_153' title='bbox 446 1756 488 1778; x_wconf 78' lang='lat' dir='ltr'>lx.</span> 
     </span>
    </p>
   </div>
   <div class='ocr_carea' id='block_1_8' title="bbox 284 1807 991 1842">
    <p class='ocr_par' dir='ltr' id='par_1_10' title="bbox 284 1807 991 1842">
     <span class='ocr_line' id='line_1_32' title="bbox 284 1807 991 1842; baseline -0.004 -7"><span class='ocrx_word' id='word_1_154' title='bbox 284 1808 345 1835; x_wconf 84' lang='lat' dir='ltr'>Dat.</span> <span class='ocrx_word' id='word_1_155' title='bbox 361 1809 407 1834; x_wconf 85' lang='lat' dir='ltr'>die</span> <span class='ocrx_word' id='word_1_156' title='bbox 430 1808 459 1834; x_wconf 76' lang='lat'>17</span> <span class='ocrx_word' id='word_1_157' title='bbox 481 1807 641 1835; x_wconf 86' lang='lat' dir='ltr'>novembris</span> <span class='ocrx_word' id='word_1_158' title='bbox 658 1807 736 1839; x_wconf 83' lang='lat'>1737,</span> <span class='ocrx_word' id='word_1_159' title='bbox 753 1807 850 1842; x_wconf 81' lang='lat' dir='ltr'>pontif.</span> <span class='ocrx_word' id='word_1_160' title='bbox 868 1813 991 1834; x_wconf 77' lang='lat' dir='ltr'>ann01x.</span> 
     </span>
    </p>
   </div>
   <div class='ocr_carea' id='block_1_9' title="bbox 552 1977 690 2012">
    <p class='ocr_par' dir='ltr' id='par_1_11' title="bbox 552 1977 690 2012">
     <span class='ocr_line' id='line_1_33' title="bbox 552 1977 690 2012; baseline 0 -1"><span class='ocrx_word' id='word_1_161' title='bbox 552 1977 690 2012; x_wconf 76' lang='lat' dir='ltr'>CCXLV.</span> 
     </span>
    </p>
   </div>
   <div class='ocr_carea' id='block_1_10' title="bbox 248 2066 995 2218">
    <p class='ocr_par' dir='ltr' id='par_1_12' title="bbox 248 2066 995 2218">
     <span class='ocr_line' id='line_1_34' title="bbox 248 2066 995 2110; baseline -0.001 -9"><span class='ocrx_word' id='word_1_162' title='bbox 248 2066 426 2110; x_wconf 71' lang='lat' dir='ltr'>Abroqatis</span> <span class='ocrx_word' id='word_1_163' title='bbox 452 2066 572 2099; x_wconf 76' lang='lat' dir='ltr'>litteris</span> <span class='ocrx_word' id='word_1_164' title='bbox 609 2066 781 2100; x_wconf 76' lang='lat' dir='ltr'>Clementis</span> <span class='ocrx_word' id='word_1_165' title='bbox 806 2067 917 2110; x_wconf 78' lang='lat' dir='ltr'>Papae</span> <span class='ocrx_word' id='word_1_166' title='bbox 941 2067 995 2100; x_wconf 90' lang='lat' dir='ltr'>XI</span> 
     </span>
     <span class='ocr_line' id='line_1_35' title="bbox 292 2121 992 2165; baseline 0 -11"><span class='ocrx_word' id='word_1_167' title='bbox 292 2132 389 2165; x_wconf 79' lang='lat' dir='ltr'>snper</span> <span class='ocrx_word' id='word_1_168' title='bbox 413 2121 542 2154; x_wconf 79' lang='lat' dir='ltr'>servitio</span> <span class='ocrx_word' id='word_1_169' title='bbox 574 2121 725 2153; x_wconf 79' lang='lat' dir='ltr'>ecclesiae</span> <span class='ocrx_word' id='word_1_170' title='bbox 752 2121 992 2163; x_wconf 76' lang='lat' dir='ltr'>patriarchalis</span> 
     </span>
     <span class='ocr_line' id='line_1_36' title="bbox 295 2173 991 2218; baseline 0.001 -10"><span class='ocrx_word' id='word_1_171' title='bbox 295 2173 557 2218; x_wconf 76' lang='lat' dir='ltr'>Ulyssiponensis</span> <span class='ocrx_word' id='word_1_172' title='bbox 580 2174 789 2207; x_wconf 75' lang='lat' dir='ltr'>occidentalis</span> <span class='ocrx_word' id='word_1_173' title='bbox 808 2174 931 2216; x_wconf 60' lang='lat' dir='ltr'>eduis,</span> <span class='ocrx_word' id='word_1_174' title='bbox 962 2180 991 2209; x_wconf 88' lang='lat' dir='ltr'>et</span> 
     </span>
    </p>
   </div>
   <div class='ocr_carea' id='block_1_11' title="bbox 874 205 1155 230">
    <p class='ocr_par' dir='ltr' id='par_1_13' title="bbox 874 205 1155 230">
     <span class='ocr_line' id='line_1_37' title="bbox 874 205 1155 230; baseline 0 0"><span class='ocrx_word' id='word_1_175' title='bbox 874 205 1013 230; x_wconf 83' lang='lat' dir='ltr'>CLEMENS</span> <span class='ocrx_word' id='word_1_176' title='bbox 1038 206 1082 229; x_wconf 77' lang='grc' dir='ltr'>ΧΠ</span> <span class='ocrx_word' id='word_1_177' title='bbox 1107 206 1155 230; x_wconf 88' lang='lat' dir='ltr'>PP.</span> 
     </span>
    </p>
   </div>
   <div class='ocr_carea' id='block_1_12' title="bbox 1007 259 1019 2299">
    <p class='ocr_par' dir='ltr' id='par_1_14' title="bbox 1007 259 1019 2299">
     <span class='ocr_line' id='line_1_38' title="bbox 1007 259 1019 2299; baseline 0 0"><span class='ocrx_word' id='word_1_178' title='bbox 1007 259 1019 2299; x_wconf 95' lang='lat' dir='ltr'> </span> 
     </span>
    </p>
   </div>
   <div class='ocr_carea' id='block_1_13' title="bbox 292 2227 992 2643">
    <p class='ocr_par' dir='ltr' id='par_1_15' title="bbox 292 2227 992 2643">
     <span class='ocr_line' id='line_1_39' title="bbox 293 2227 990 2271; baseline 0 -10"><span class='ocrx_word' id='word_1_179' title='bbox 293 2228 333 2261; x_wconf 82' lang='lat' dir='ltr'>ab</span> <span class='ocrx_word' id='word_1_180' title='bbox 364 2227 550 2261; x_wconf 79' lang='lat' dir='ltr'>Innocentio</span> <span class='ocrx_word' id='word_1_181' title='bbox 583 2228 675 2271; x_wconf 82' lang='lat' dir='ltr'>Papa</span> <span class='ocrx_word' id='word_1_182' title='bbox 699 2228 789 2261; x_wconf 88' lang='lat' dir='ltr'><em>XIII</em></span> <span class='ocrx_word' id='word_1_183' title='bbox 818 2229 851 2260; x_wconf 80' lang='lat' dir='ltr'>in</span> <span class='ocrx_word' id='word_1_184' title='bbox 883 2229 990 2271; x_wconf 66' lang='lat' dir='ltr'>fornici</span> 
     </span>
     <span class='ocr_line' id='line_1_40' title="bbox 293 2280 991 2324; baseline 0.001 -9"><span class='ocrx_word' id='word_1_185' title='bbox 293 2282 419 2315; x_wconf 86' lang='lat' dir='ltr'>Rationi</span> <span class='ocrx_word' id='word_1_186' title='bbox 438 2280 590 2323; x_wconf 81' lang='lat' dir='ltr'>congruit</span> <span class='ocrx_word' id='word_1_187' title='bbox 606 2281 780 2324; x_wconf 75' lang='lat' dir='ltr'>expeditis,</span> <span class='ocrx_word' id='word_1_188' title='bbox 799 2292 917 2315; x_wconf 79' lang='lat' dir='ltr'>necnon</span> <span class='ocrx_word' id='word_1_189' title='bbox 937 2282 991 2316; x_wconf 70' lang='lat' dir='ltr'>lca-</span> 
     </span>
     <span class='ocr_line' id='line_1_41' title="bbox 293 2333 992 2376; baseline 0.003 -9"><span class='ocrx_word' id='word_1_190' title='bbox 293 2334 440 2367; x_wconf 78' lang='lat' dir='ltr'>lendario</span> <span class='ocrx_word' id='word_1_191' title='bbox 466 2334 499 2366; x_wconf 79' lang='lat' dir='ltr'>in</span> <span class='ocrx_word' id='word_1_192' title='bbox 526 2333 596 2366; x_wconf 74' lang='lat' dir='ltr'>iltis</span> <span class='ocrx_word' id='word_1_193' title='bbox 616 2335 754 2374; x_wconf 69' lang='lat' dir='ltr'>inserto,</span> <span class='ocrx_word' id='word_1_194' title='bbox 780 2335 992 2376; x_wconf 73' lang='lat' dir='ltr'>patriarchae</span> 
     </span>
     <span class='ocr_line' id='line_1_42' title="bbox 295 2385 991 2431; baseline 0.001 -11"><span class='ocrx_word' id='word_1_195' title='bbox 295 2387 541 2429; x_wconf 74' lang='lat' dir='ltr'>Ulyssz&#39;ponensi</span> <span class='ocrx_word' id='word_1_196' title='bbox 571 2387 647 2419; x_wconf 79' lang='lat' dir='ltr'>novi</span> <span class='ocrx_word' id='word_1_197' title='bbox 680 2385 868 2420; x_wconf 74' lang='lat' dir='ltr'>kalendarii</span> <span class='ocrx_word' id='word_1_198' title='bbox 897 2389 991 2431; x_wconf 81' lang='lat' dir='ltr'>confi-</span> 
     </span>
     <span class='ocr_line' id='line_1_43' title="bbox 292 2439 991 2482; baseline 0.001 -10"><span class='ocrx_word' id='word_1_199' title='bbox 292 2439 400 2472; x_wconf 81' lang='lat' dir='ltr'>ciendi</span> <span class='ocrx_word' id='word_1_200' title='bbox 418 2450 455 2472; x_wconf 81' lang='lat' dir='ltr'>ac</span> <span class='ocrx_word' id='word_1_201' title='bbox 474 2450 591 2472; x_wconf 81' lang='lat' dir='ltr'>novam</span> <span class='ocrx_word' id='word_1_202' title='bbox 614 2439 741 2471; x_wconf 74' lang='lat' dir='ltr'>servitii</span> <span class='ocrx_word' id='word_1_203' title='bbox 756 2440 896 2482; x_wconf 83' lang='lat' dir='ltr'>sormam</span> <span class='ocrx_word' id='word_1_204' title='bbox 921 2451 991 2474; x_wconf 89' lang='lat' dir='ltr'>con-</span> 
     </span>
     <span class='ocr_line' id='line_1_44' title="bbox 293 2492 990 2536; baseline 0.003 -12"><span class='ocrx_word' id='word_1_205' title='bbox 293 2492 464 2532; x_wconf 75' lang='lat' dir='ltr'>stituendi,</span> <span class='ocrx_word' id='word_1_206' title='bbox 492 2493 635 2536; x_wconf 75' lang='lat' dir='ltr'>praeviis</span> <span class='ocrx_word' id='word_1_207' title='bbox 665 2496 772 2525; x_wconf 83' lang='lat' dir='ltr'>tamen</span> <span class='ocrx_word' id='word_1_208' title='bbox 800 2493 936 2526; x_wconf 74' lang='lat' dir='ltr'>consitio</span> <span class='ocrx_word' id='word_1_209' title='bbox 962 2498 990 2527; x_wconf 82' lang='lat' dir='ltr'>ct</span> 
     </span>
     <span class='ocr_line' id='line_1_45' title="bbox 293 2544 990 2589; baseline 0.001 -11"><span class='ocrx_word' id='word_1_210' title='bbox 293 2556 447 2579; x_wconf 79' lang='lat' dir='ltr'>consensu</span> <span class='ocrx_word' id='word_1_211' title='bbox 462 2544 690 2588; x_wconf 70' lang='lat' dir='ltr'>Portttyalliae</span> <span class='ocrx_word' id='word_1_212' title='bbox 704 2549 732 2577; x_wconf 82' lang='lat' dir='ltr'>et</span> <span class='ocrx_word' id='word_1_213' title='bbox 753 2545 990 2589; x_wconf 72' lang='lat' dir='ltr'>Alqarbi&#39;ornm</span> 
     </span>
     <span class='ocr_line' id='line_1_46' title="bbox 295 2598 811 2643; baseline -0.002 -11"><span class='ocrx_word' id='word_1_214' title='bbox 295 2599 388 2643; x_wconf 70' lang='lat' dir='ltr'>reqis,</span> <span class='ocrx_word' id='word_1_215' title='bbox 414 2599 591 2632; x_wconf 71' lang='lat' dir='ltr'>auctoritas</span> <span class='ocrx_word' id='word_1_216' title='bbox 616 2598 811 2632; x_wconf 71' lang='lat' dir='ltr'>conceditur.</span> 
     </span>
    </p>
   </div>
   <div class='ocr_carea' id='block_1_14' title="bbox 1176 197 1971 372">
    <p class='ocr_par' dir='ltr' id='par_1_16' title="bbox 1176 197 1971 372">
     <span class='ocr_line' id='line_1_47' title="bbox 1672 197 1971 235; baseline 0.013 -5"><span class='ocrx_word' id='word_1_217' title='bbox 1672 197 1736 231; x_wconf 69' lang='grc'>499</span> <span class='ocrx_word' id='word_1_218' title='bbox 1784 206 1833 232; x_wconf 71' lang='lat' dir='ltr'>An.</span> <span class='ocrx_word' id='word_1_219' title='bbox 1856 208 1883 233; x_wconf 81' lang='lat' dir='ltr'>c.</span> <span class='ocrx_word' id='word_1_220' title='bbox 1906 207 1971 235; x_wconf 61' lang='lat'>1:2³8</span> 
     </span>
     <span class='ocr_line' id='line_1_48' title="bbox 1244 255 1572 289; baseline 0.009 -7"><span class='ocrx_word' id='word_1_221' title='bbox 1244 255 1379 282; x_wconf 87' lang='lat' dir='ltr'>Clemens</span> <span class='ocrx_word' id='word_1_222' title='bbox 1400 256 1572 289; x_wconf 60' lang='lat' dir='ltr'>episcopus,</span> 
     </span>
     <span class='ocr_line' id='line_1_49' title="bbox 1219 300 1591 333; baseline 0.003 -7"><span class='ocrx_word' id='word_1_223' title='bbox 1219 307 1326 326; x_wconf 84' lang='lat' dir='ltr'>servus</span> <span class='ocrx_word' id='word_1_224' title='bbox 1348 307 1504 327; x_wconf 84' lang='lat' dir='ltr'>servorum</span> <span class='ocrx_word' id='word_1_225' title='bbox 1525 300 1591 333; x_wconf 85' lang='lat' dir='ltr'>Dei,</span> 
     </span>
     <span class='ocr_line' id='line_1_50' title="bbox 1176 344 1632 372; baseline 0.002 -2"><span class='ocrx_word' id='word_1_226' title='bbox 1176 344 1212 370; x_wconf 82' lang='lat' dir='ltr'>ad</span> <span class='ocrx_word' id='word_1_227' title='bbox 1232 344 1365 371; x_wconf 83' lang='lat' dir='ltr'>futuram</span> <span class='ocrx_word' id='word_1_228' title='bbox 1384 346 1430 371; x_wconf 88' lang='lat' dir='ltr'>rei</span> <span class='ocrx_word' id='word_1_229' title='bbox 1450 345 1632 372; x_wconf 83' lang='lat' dir='ltr'>memoriam.</span> 
     </span>
    </p>
   </div>
   <div class='ocr_carea' id='block_1_15' title="bbox 1035 415 1975 1862">
    <p class='ocr_par' dir='ltr' id='par_1_17' title="bbox 1035 415 1781 1737">
     <span class='ocr_line' id='line_1_51' title="bbox 1079 415 1774 455; baseline 0 -8"><span class='ocrx_word' id='word_1_230' title='bbox 1079 415 1124 447; x_wconf 77' lang='lat' dir='ltr'>Ad</span> <span class='ocrx_word' id='word_1_231' title='bbox 1151 420 1391 448; x_wconf 86' lang='lat' dir='ltr'>sacrosanctam</span> <span class='ocrx_word' id='word_1_232' title='bbox 1412 416 1443 449; x_wconf 82' lang='lat' dir='ltr'>B.</span> <span class='ocrx_word' id='word_1_233' title='bbox 1459 415 1545 448; x_wconf 85' lang='lat' dir='ltr'>Petri</span> <span class='ocrx_word' id='word_1_234' title='bbox 1571 416 1774 455; x_wconf 83' lang='lat' dir='ltr'>cathedram,</span> 
     </span>
     <span class='ocr_line' id='line_1_52' title="bbox 1035 469 1777 512; baseline 0.003 -13"><span class='ocrx_word' id='word_1_235' title='bbox 1035 471 1159 500; x_wconf 77' lang='lat' dir='ltr'>summa</span> <span class='ocrx_word' id='word_1_236' title='bbox 1184 469 1400 511; x_wconf 84' lang='lat' dir='ltr'>dispositione</span> <span class='ocrx_word' id='word_1_237' title='bbox 1427 469 1513 501; x_wconf 86' lang='lat' dir='ltr'>illius</span> <span class='ocrx_word' id='word_1_238' title='bbox 1541 469 1594 512; x_wconf 89' lang='lat' dir='ltr'>qui</span> <span class='ocrx_word' id='word_1_239' title='bbox 1621 469 1777 501; x_wconf 83' lang='lat' dir='ltr'>caelestia</span> 
     </span>
     <span class='ocr_line' id='line_1_53' title="bbox 1035 522 1777 565; baseline 0.003 -13"><span class='ocrx_word' id='word_1_240' title='bbox 1035 522 1157 563; x_wconf 87' lang='lat' dir='ltr'>pariter</span> <span class='ocrx_word' id='word_1_241' title='bbox 1182 527 1214 554; x_wconf 87' lang='lat' dir='ltr'>et</span> <span class='ocrx_word' id='word_1_242' title='bbox 1239 526 1366 554; x_wconf 91' lang='lat' dir='ltr'>terrena</span> <span class='ocrx_word' id='word_1_243' title='bbox 1391 522 1499 554; x_wconf 84' lang='lat' dir='ltr'>onmia</span> <span class='ocrx_word' id='word_1_244' title='bbox 1530 522 1777 565; x_wconf 85' lang='lat' dir='ltr'>providentissi-</span> 
     </span>
     <span class='ocr_line' id='line_1_54' title="bbox 1035 574 1776 618; baseline 0.003 -13"><span class='ocrx_word' id='word_1_245' title='bbox 1035 584 1085 606; x_wconf 89' lang='lat' dir='ltr'>me</span> <span class='ocrx_word' id='word_1_246' title='bbox 1121 574 1290 616; x_wconf 79' lang='lat' dir='ltr'>gubernat,</span> <span class='ocrx_word' id='word_1_247' title='bbox 1324 575 1450 607; x_wconf 86' lang='lat' dir='ltr'>meritis</span> <span class='ocrx_word' id='word_1_248' title='bbox 1489 575 1564 607; x_wconf 85' lang='lat' dir='ltr'>licet</span> <span class='ocrx_word' id='word_1_249' title='bbox 1600 575 1776 618; x_wconf 81' lang='lat' dir='ltr'>imparibus</span> 
     </span>
     <span class='ocr_line' id='line_1_55' title="bbox 1035 627 1779 671; baseline 0.003 -12"><span class='ocrx_word' id='word_1_250' title='bbox 1035 627 1146 668; x_wconf 86' lang='lat' dir='ltr'>evecti,</span> <span class='ocrx_word' id='word_1_251' title='bbox 1172 627 1258 660; x_wconf 87' lang='lat' dir='ltr'>inter</span> <span class='ocrx_word' id='word_1_252' title='bbox 1283 628 1479 670; x_wconf 84' lang='lat' dir='ltr'>multiplices</span> <span class='ocrx_word' id='word_1_253' title='bbox 1505 629 1678 671; x_wconf 74' lang='lat' dir='ltr'>pastoraHs</span> <span class='ocrx_word' id='word_1_254' title='bbox 1705 629 1779 671; x_wconf 78' lang='lat' dir='ltr'>vigi-</span> 
     </span>
     <span class='ocr_line' id='line_1_56' title="bbox 1036 679 1780 724; baseline 0.003 -13"><span class='ocrx_word' id='word_1_255' title='bbox 1036 679 1156 712; x_wconf 87' lang='lat' dir='ltr'>lantiae</span> <span class='ocrx_word' id='word_1_256' title='bbox 1193 685 1323 713; x_wconf 87' lang='lat' dir='ltr'>nostrae</span> <span class='ocrx_word' id='word_1_257' title='bbox 1358 691 1461 720; x_wconf 85' lang='lat' dir='ltr'>curas,</span> <span class='ocrx_word' id='word_1_258' title='bbox 1503 681 1622 724; x_wconf 88' lang='lat' dir='ltr'>quibus</span> <span class='ocrx_word' id='word_1_259' title='bbox 1660 681 1780 724; x_wconf 80' lang='lat' dir='ltr'>iugiter</span> 
     </span>
     <span class='ocr_line' id='line_1_57' title="bbox 1036 732 1780 776; baseline 0.003 -12"><span class='ocrx_word' id='word_1_260' title='bbox 1036 732 1226 775; x_wconf 84' lang='lat' dir='ltr'>premimur,</span> <span class='ocrx_word' id='word_1_261' title='bbox 1261 733 1292 765; x_wconf 87' lang='lat' dir='ltr'>in</span> <span class='ocrx_word' id='word_1_262' title='bbox 1325 732 1415 766; x_wconf 86' lang='lat' dir='ltr'>illam</span> <span class='ocrx_word' id='word_1_263' title='bbox 1442 733 1630 776; x_wconf 85' lang='lat' dir='ltr'>praesertim</span> <span class='ocrx_word' id='word_1_264' title='bbox 1658 733 1780 766; x_wconf 89' lang='lat' dir='ltr'>incum-</span> 
     </span>
     <span class='ocr_line' id='line_1_58' title="bbox 1035 785 1778 824; baseline 0.003 -7"><span class='ocrx_word' id='word_1_265' title='bbox 1035 785 1164 824; x_wconf 86' lang='lat' dir='ltr'>bimus,</span> <span class='ocrx_word' id='word_1_266' title='bbox 1188 791 1223 818; x_wconf 87' lang='lat' dir='ltr'>ut</span> <span class='ocrx_word' id='word_1_267' title='bbox 1255 785 1286 818; x_wconf 91' lang='lat' dir='ltr'>in</span> <span class='ocrx_word' id='word_1_268' title='bbox 1317 786 1476 819; x_wconf 88' lang='lat' dir='ltr'>universis</span> <span class='ocrx_word' id='word_1_269' title='bbox 1501 786 1594 819; x_wconf 84' lang='lat' dir='ltr'>Orbis</span> <span class='ocrx_word' id='word_1_270' title='bbox 1632 787 1778 821; x_wconf 86' lang='lat' dir='ltr'>ecclesiis</span> 
     </span>
     <span class='ocr_line' id='line_1_59' title="bbox 1036 838 1780 883; baseline 0.004 -13"><span class='ocrx_word' id='word_1_271' title='bbox 1036 838 1163 871; x_wconf 79' lang='lat' dir='ltr'>dlvinus</span> <span class='ocrx_word' id='word_1_272' title='bbox 1184 840 1290 872; x_wconf 85' lang='lat' dir='ltr'>cultus</span> <span class='ocrx_word' id='word_1_273' title='bbox 1316 845 1486 879; x_wconf 78' lang='lat' dir='ltr'>accrescat,</span> <span class='ocrx_word' id='word_1_274' title='bbox 1507 840 1702 883; x_wconf 86' lang='lat' dir='ltr'>illarumque</span> <span class='ocrx_word' id='word_1_275' title='bbox 1720 841 1780 873; x_wconf 87' lang='lat' dir='ltr'>mi-</span> 
     </span>
     <span class='ocr_line' id='line_1_60' title="bbox 1036 892 1778 927; baseline 0.003 -2"><span class='ocrx_word' id='word_1_276' title='bbox 1036 892 1129 925; x_wconf 85' lang='lat' dir='ltr'>nistri</span> <span class='ocrx_word' id='word_1_277' title='bbox 1156 892 1322 926; x_wconf 78' lang='lat' dir='ltr'>Altissimo</span> <span class='ocrx_word' id='word_1_278' title='bbox 1348 893 1532 926; x_wconf 86' lang='lat' dir='ltr'>alternatim</span> <span class='ocrx_word' id='word_1_279' title='bbox 1568 894 1778 927; x_wconf 76' lang='lat' dir='ltr'>concinentes</span> 
     </span>
     <span class='ocr_line' id='line_1_61' title="bbox 1036 946 1780 989; baseline 0.003 -11"><span class='ocrx_word' id='word_1_280' title='bbox 1036 956 1201 989; x_wconf 84' lang='lat' dir='ltr'>nunquam</span> <span class='ocrx_word' id='word_1_281' title='bbox 1229 946 1447 985; x_wconf 86' lang='lat' dir='ltr'>intermissas,</span> <span class='ocrx_word' id='word_1_282' title='bbox 1474 957 1558 989; x_wconf 88' lang='lat' dir='ltr'>quae</span> <span class='ocrx_word' id='word_1_283' title='bbox 1584 946 1617 978; x_wconf 90' lang='lat' dir='ltr'>in</span> <span class='ocrx_word' id='word_1_284' title='bbox 1644 947 1780 980; x_wconf 84' lang='lat' dir='ltr'>caelesti</span> 
     </span>
     <span class='ocr_line' id='line_1_62' title="bbox 1036 1000 1780 1043; baseline 0.001 -11"><span class='ocrx_word' id='word_1_285' title='bbox 1036 1000 1239 1033; x_wconf 85' lang='lat' dir='ltr'>Hierusalem</span> <span class='ocrx_word' id='word_1_286' title='bbox 1257 1000 1324 1034; x_wconf 89' lang='lat' dir='ltr'>Deo</span> <span class='ocrx_word' id='word_1_287' title='bbox 1346 1006 1510 1039; x_wconf 86' lang='lat' dir='ltr'>resonant,</span> <span class='ocrx_word' id='word_1_288' title='bbox 1537 1001 1661 1041; x_wconf 84' lang='lat' dir='ltr'>laudes,</span> <span class='ocrx_word' id='word_1_289' title='bbox 1678 1011 1780 1043; x_wconf 84' lang='lat' dir='ltr'>quan-</span> 
     </span>
     <span class='ocr_line' id='line_1_63' title="bbox 1038 1053 1781 1091; baseline 0.001 -6"><span class='ocrx_word' id='word_1_290' title='bbox 1038 1059 1103 1085; x_wconf 93' lang='lat' dir='ltr'>tum</span> <span class='ocrx_word' id='word_1_291' title='bbox 1136 1054 1277 1087; x_wconf 87' lang='lat' dir='ltr'>humana</span> <span class='ocrx_word' id='word_1_292' title='bbox 1314 1053 1391 1086; x_wconf 90' lang='lat' dir='ltr'>sinit</span> <span class='ocrx_word' id='word_1_293' title='bbox 1427 1054 1649 1091; x_wconf 84' lang='lat' dir='ltr'>imbecillitas,</span> <span class='ocrx_word' id='word_1_294' title='bbox 1674 1065 1781 1086; x_wconf 91' lang='lat' dir='ltr'>aemu-</span> 
     </span>
     <span class='ocr_line' id='line_1_64' title="bbox 1037 1107 1781 1150; baseline -0.001 -10"><span class='ocrx_word' id='word_1_295' title='bbox 1037 1109 1164 1140; x_wconf 84' lang='lat' dir='ltr'>lentur:</span> <span class='ocrx_word' id='word_1_296' title='bbox 1190 1107 1390 1150; x_wconf 90' lang='lat' dir='ltr'>peculiarem</span> <span class='ocrx_word' id='word_1_297' title='bbox 1409 1113 1515 1140; x_wconf 84' lang='lat' dir='ltr'>tamen</span> <span class='ocrx_word' id='word_1_298' title='bbox 1535 1107 1694 1150; x_wconf 82' lang='lat' dir='ltr'>pontificii</span> <span class='ocrx_word' id='word_1_299' title='bbox 1713 1118 1781 1140; x_wconf 93' lang='lat' dir='ltr'>mu-</span> 
     </span>
     <span class='ocr_line' id='line_1_65' title="bbox 1037 1160 1778 1201; baseline -0.001 -9"><span class='ocrx_word' id='word_1_300' title='bbox 1037 1161 1123 1192; x_wconf 89' lang='lat' dir='ltr'>neris</span> <span class='ocrx_word' id='word_1_301' title='bbox 1150 1160 1252 1193; x_wconf 86' lang='lat' dir='ltr'>nostri</span> <span class='ocrx_word' id='word_1_302' title='bbox 1278 1161 1534 1193; x_wconf 89' lang='lat' dir='ltr'>sollicitudinem</span> <span class='ocrx_word' id='word_1_303' title='bbox 1561 1160 1778 1201; x_wconf 79' lang='lat' dir='ltr'>adhibemus,</span> 
     </span>
     <span class='ocr_line' id='line_1_66' title="bbox 1036 1213 1779 1256; baseline 0.001 -12"><span class='ocrx_word' id='word_1_304' title='bbox 1036 1219 1071 1244; x_wconf 88' lang='lat' dir='ltr'>ut</span> <span class='ocrx_word' id='word_1_305' title='bbox 1095 1213 1127 1245; x_wconf 90' lang='lat' dir='ltr'>in</span> <span class='ocrx_word' id='word_1_306' title='bbox 1153 1213 1191 1245; x_wconf 83' lang='lat' dir='ltr'>iis</span> <span class='ocrx_word' id='word_1_307' title='bbox 1229 1213 1447 1255; x_wconf 88' lang='lat' dir='ltr'>potissimum,</span> <span class='ocrx_word' id='word_1_308' title='bbox 1484 1224 1566 1256; x_wconf 84' lang='lat' dir='ltr'>quae</span> <span class='ocrx_word' id='word_1_309' title='bbox 1603 1213 1779 1256; x_wconf 87' lang='lat' dir='ltr'>conspicuo</span> 
     </span>
     <span class='ocr_line' id='line_1_67' title="bbox 1035 1266 1778 1309; baseline 0 -11"><span class='ocrx_word' id='word_1_310' title='bbox 1035 1266 1266 1309; x_wconf 83' lang='lat' dir='ltr'>patriarchalis</span> <span class='ocrx_word' id='word_1_311' title='bbox 1292 1266 1376 1298; x_wconf 90' lang='lat' dir='ltr'>tituli</span> <span class='ocrx_word' id='word_1_312' title='bbox 1404 1266 1530 1299; x_wconf 87' lang='lat' dir='ltr'>bonore</span> <span class='ocrx_word' id='word_1_313' title='bbox 1557 1266 1778 1305; x_wconf 84' lang='lat' dir='ltr'>illustrantur,</span> 
     </span>
     <span class='ocr_line' id='line_1_68' title="bbox 1036 1319 1779 1363; baseline 0 -12"><span class='ocrx_word' id='word_1_314' title='bbox 1036 1331 1071 1352; x_wconf 91' lang='lat' dir='ltr'>ac</span> <span class='ocrx_word' id='word_1_315' title='bbox 1096 1320 1261 1362; x_wconf 73' lang='lat' dir='ltr'>frequenti</span> <span class='ocrx_word' id='word_1_316' title='bbox 1289 1319 1449 1352; x_wconf 89' lang='lat' dir='ltr'>nobilium</span> <span class='ocrx_word' id='word_1_317' title='bbox 1476 1319 1660 1352; x_wconf 84' lang='lat' dir='ltr'>interventu</span> <span class='ocrx_word' id='word_1_318' title='bbox 1682 1325 1779 1363; x_wconf 84' lang='lat' dir='ltr'>atque</span> 
     </span>
     <span class='ocr_line' id='line_1_69' title="bbox 1035 1373 1781 1416; baseline 0 -11"><span class='ocrx_word' id='word_1_319' title='bbox 1035 1373 1192 1415; x_wconf 80' lang='lat' dir='ltr'>regalium</span> <span class='ocrx_word' id='word_1_320' title='bbox 1225 1382 1437 1415; x_wconf 82' lang='lat' dir='ltr'>personarum</span> <span class='ocrx_word' id='word_1_321' title='bbox 1475 1373 1661 1416; x_wconf 84' lang='lat' dir='ltr'>praesentia</span> <span class='ocrx_word' id='word_1_322' title='bbox 1686 1373 1781 1405; x_wconf 79' lang='lat' dir='ltr'>deco-</span> 
     </span>
     <span class='ocr_line' id='line_1_70' title="bbox 1036 1426 1780 1469; baseline -0.001 -9"><span class='ocrx_word' id='word_1_323' title='bbox 1036 1433 1157 1468; x_wconf 84' lang='lat' dir='ltr'>rantur,</span> <span class='ocrx_word' id='word_1_324' title='bbox 1174 1426 1319 1461; x_wconf 88' lang='lat' dir='ltr'>divinum</span> <span class='ocrx_word' id='word_1_325' title='bbox 1338 1426 1504 1459; x_wconf 87' lang='lat' dir='ltr'>servitium</span> <span class='ocrx_word' id='word_1_326' title='bbox 1520 1426 1780 1469; x_wconf 75' lang='lat' dir='ltr'>magnificentius</span> 
     </span>
     <span class='ocr_line' id='line_1_71' title="bbox 1036 1480 1780 1525; baseline -0.001 -11"><span class='ocrx_word' id='word_1_327' title='bbox 1036 1483 1213 1525; x_wconf 80' lang='lat' dir='ltr'>expleatur,</span> <span class='ocrx_word' id='word_1_328' title='bbox 1240 1486 1283 1521; x_wconf 88' lang='lat' dir='ltr'>et,</span> <span class='ocrx_word' id='word_1_329' title='bbox 1307 1480 1346 1513; x_wconf 88' lang='lat' dir='ltr'>ad</span> <span class='ocrx_word' id='word_1_330' title='bbox 1368 1481 1559 1514; x_wconf 81' lang='lat' dir='ltr'>charitatem</span> <span class='ocrx_word' id='word_1_331' title='bbox 1578 1491 1656 1523; x_wconf 82' lang='lat' dir='ltr'>erga</span> <span class='ocrx_word' id='word_1_332' title='bbox 1674 1480 1780 1513; x_wconf 87' lang='lat' dir='ltr'>Salva-</span> 
     </span>
     <span class='ocr_line' id='line_1_72' title="bbox 1038 1534 1781 1569; baseline -0.001 -1"><span class='ocrx_word' id='word_1_333' title='bbox 1038 1541 1142 1568; x_wconf 85' lang='lat' dir='ltr'>torem</span> <span class='ocrx_word' id='word_1_334' title='bbox 1167 1541 1312 1569; x_wconf 87' lang='lat' dir='ltr'>nostrum</span> <span class='ocrx_word' id='word_1_335' title='bbox 1338 1534 1370 1566; x_wconf 89' lang='lat' dir='ltr'>in</span> <span class='ocrx_word' id='word_1_336' title='bbox 1389 1534 1654 1567; x_wconf 75' lang='lat' dir='ltr'>christifidelium</span> <span class='ocrx_word' id='word_1_337' title='bbox 1679 1534 1781 1567; x_wconf 86' lang='lat' dir='ltr'>cordi-</span> 
     </span>
     <span class='ocr_line' id='line_1_73' title="bbox 1036 1587 1780 1630; baseline -0.001 -10"><span class='ocrx_word' id='word_1_338' title='bbox 1036 1589 1094 1621; x_wconf 87' lang='lat' dir='ltr'>bus</span> <span class='ocrx_word' id='word_1_339' title='bbox 1126 1588 1347 1627; x_wconf 79' lang='lat' dir='ltr'>excitandam,</span> <span class='ocrx_word' id='word_1_340' title='bbox 1375 1587 1485 1620; x_wconf 91' lang='lat' dir='ltr'>divina</span> <span class='ocrx_word' id='word_1_341' title='bbox 1517 1587 1620 1619; x_wconf 81' lang='lat' dir='ltr'>officia</span> <span class='ocrx_word' id='word_1_342' title='bbox 1647 1589 1683 1620; x_wconf 81' lang='lat' dir='ltr'>ea</span> <span class='ocrx_word' id='word_1_343' title='bbox 1717 1597 1780 1630; x_wconf 90' lang='lat' dir='ltr'>qua</span> 
     </span>
     <span class='ocr_line' id='line_1_74' title="bbox 1036 1640 1780 1684; baseline -0.001 -11"><span class='ocrx_word' id='word_1_344' title='bbox 1036 1652 1094 1684; x_wconf 88' lang='lat' dir='ltr'>par</span> <span class='ocrx_word' id='word_1_345' title='bbox 1118 1646 1166 1673; x_wconf 89' lang='lat' dir='ltr'>est</span> <span class='ocrx_word' id='word_1_346' title='bbox 1190 1640 1311 1683; x_wconf 85' lang='lat' dir='ltr'>pietate</span> <span class='ocrx_word' id='word_1_347' title='bbox 1338 1645 1370 1672; x_wconf 90' lang='lat' dir='ltr'>et</span> <span class='ocrx_word' id='word_1_348' title='bbox 1394 1640 1535 1673; x_wconf 77' lang='lat' dir='ltr'>maxima</span> <span class='ocrx_word' id='word_1_349' title='bbox 1570 1650 1642 1673; x_wconf 90' lang='lat' dir='ltr'>cum</span> <span class='ocrx_word' id='word_1_350' title='bbox 1680 1640 1780 1673; x_wconf 90' lang='lat' dir='ltr'>bono-</span> 
     </span>
     <span class='ocr_line' id='line_1_75' title="bbox 1037 1694 1457 1737; baseline -0.002 -11"><span class='ocrx_word' id='word_1_351' title='bbox 1037 1694 1194 1726; x_wconf 76' lang='lat' dir='ltr'>rificentia</span> <span class='ocrx_word' id='word_1_352' title='bbox 1220 1694 1457 1737; x_wconf 88' lang='lat' dir='ltr'>persolvantur.</span> 
     </span>
    </p>

    <p class='ocr_par' dir='ltr' id='par_1_18' title="bbox 1035 1746 1975 1862">
     <span class='ocr_line' id='line_1_76' title="bbox 1079 1746 1973 1791; baseline -0.006 -11"><span class='ocrx_word' id='word_1_353' title='bbox 1079 1749 1094 1791; x_wconf 61' lang='lat' dir='ltr'>g</span> <span class='ocrx_word' id='word_1_354' title='bbox 1112 1747 1143 1780; x_wconf 81' lang='grc'>1.</span> <span class='ocrx_word' id='word_1_355' title='bbox 1160 1746 1237 1780; x_wconf 86' lang='lat' dir='ltr'>Cum</span> <span class='ocrx_word' id='word_1_356' title='bbox 1255 1747 1363 1790; x_wconf 85' lang='lat' dir='ltr'>itaque</span> <span class='ocrx_word' id='word_1_357' title='bbox 1382 1746 1462 1779; x_wconf 70' lang='lat' dir='ltr'>alias</span> <span class='ocrx_word' id='word_1_358' title='bbox 1480 1747 1677 1789; x_wconf 82' lang='lat' dir='ltr'>(postquam,</span> <span class='ocrx_word' id='word_1_359' title='bbox 1697 1747 1779 1779; x_wconf 88' lang='lat' dir='ltr'>sicut</span> <span class='ocrx_word' id='word_1_360' title='bbox 1823 1755 1918 1776; x_wconf 65' lang='lat' dir='ltr'>clemens</span> <span class='ocrx_word' id='word_1_361' title='bbox 1947 1756 1973 1776; x_wconf 78' lang='lat' dir='ltr'>xi</span> 
     </span>
     <span class='ocr_line' id='line_1_77' title="bbox 1035 1783 1975 1862; baseline -0.005 -29"><span class='ocrx_word' id='word_1_362' title='bbox 1035 1801 1230 1844; x_wconf 86' lang='lat' dir='ltr'>accepimus,</span> <span class='ocrx_word' id='word_1_363' title='bbox 1250 1800 1352 1833; x_wconf 82' lang='lat' dir='ltr'>felicis</span> <span class='ocrx_word' id='word_1_364' title='bbox 1372 1800 1612 1834; x_wconf 84' lang='lat' dir='ltr'>reeordationis</span> <span class='ocrx_word' id='word_1_365' title='bbox 1629 1783 1975 1862; x_wconf 45' lang='lat' dir='ltr'>Clemens{sligrigigssnsnuffl</span> 
     </span>
    </p>
   </div>
   <div class='ocr_carea' id='block_1_16' title="bbox 1037 1854 1973 1898">
    <p class='ocr_par' dir='ltr' id='par_1_19' title="bbox 1037 1854 1973 1898">
     <span class='ocr_line' id='line_1_78' title="bbox 1037 1854 1973 1898; baseline -0.003 -10"><span class='ocrx_word' id='word_1_366' title='bbox 1037 1855 1121 1898; x_wconf 83' lang='lat' dir='ltr'>Papa</span> <span class='ocrx_word' id='word_1_367' title='bbox 1138 1855 1177 1887; x_wconf 81' lang='lat' dir='ltr'>XI</span> <span class='ocrx_word' id='word_1_368' title='bbox 1196 1854 1430 1897; x_wconf 87' lang='lat' dir='ltr'>praedecessor</span> <span class='ocrx_word' id='word_1_369' title='bbox 1448 1860 1569 1893; x_wconf 87' lang='lat' dir='ltr'>noster,</span> <span class='ocrx_word' id='word_1_370' title='bbox 1587 1854 1646 1887; x_wconf 89' lang='lat' dir='ltr'>sub</span> <span class='ocrx_word' id='word_1_371' title='bbox 1668 1855 1776 1887; x_wconf 87' lang='lat' dir='ltr'>datum</span> <span class='ocrx_word' id='word_1_372' title='bbox 1789 1865 1875 1882; x_wconf 69' lang='lat' dir='ltr'>erectae</span> <span class='ocrx_word' id='word_1_373' title='bbox 1891 1868 1916 1882; x_wconf 81' lang='lat' dir='ltr'>ae</span> <span class='ocrx_word' id='word_1_374' title='bbox 1935 1864 1973 1882; x_wconf 71' lang='lat'>‹10—</span> 
     </span>
    </p>
   </div>
   <div class='ocr_carea' id='block_1_17' title="bbox 1789 1889 1973 1919">
    <p class='ocr_par' dir='ltr' id='par_1_20' title="bbox 1789 1889 1973 1919">
     <span class='ocr_line' id='line_1_79' title="bbox 1789 1889 1973 1919; baseline 0.005 -11"><span class='ocrx_word' id='word_1_375' title='bbox 1789 1891 1854 1911; x_wconf 68' lang='lat' dir='ltr'>tatae,</span> <span class='ocrx_word' id='word_1_376' title='bbox 1863 1889 1920 1909; x_wconf 76' lang='lat' dir='ltr'>chori</span> <span class='ocrx_word' id='word_1_377' title='bbox 1930 1895 1973 1919; x_wconf 74' lang='lat' dir='ltr'>ser-</span> 
     </span>
    </p>
   </div>
   <div class='ocr_carea' id='block_1_18' title="bbox 1034 1906 1974 1951">
    <p class='ocr_par' dir='ltr' id='par_1_21' title="bbox 1034 1906 1974 1951">
     <span class='ocr_line' id='line_1_80' title="bbox 1034 1906 1974 1951; baseline 0 -11"><span class='ocrx_word' id='word_1_378' title='bbox 1034 1907 1187 1941; x_wconf 82' lang='lat' dir='ltr'>videlicet</span> <span class='ocrx_word' id='word_1_379' title='bbox 1210 1918 1227 1940; x_wconf 91' lang='lat' dir='ltr'>v</span> <span class='ocrx_word' id='word_1_380' title='bbox 1253 1907 1406 1940; x_wconf 83' lang='lat' dir='ltr'>kalendas</span> <span class='ocrx_word' id='word_1_381' title='bbox 1429 1906 1582 1947; x_wconf 88' lang='lat' dir='ltr'>octobris,</span> <span class='ocrx_word' id='word_1_382' title='bbox 1609 1907 1974 1951; x_wconf 68' lang='lat' dir='ltr'>pontifica-viuumrmescru-</span> 
     </span>
    </p>
   </div>
   <div class='ocr_carea' id='block_1_19' title="bbox 1789 1943 1962 1968">
    <p class='ocr_par' dir='ltr' id='par_1_22' title="bbox 1789 1943 1962 1968">
     <span class='ocr_line' id='line_1_81' title="bbox 1789 1943 1962 1968; baseline -0.006 -6"><span class='ocrx_word' id='word_1_383' title='bbox 1789 1943 1825 1965; x_wconf 85' lang='lat' dir='ltr'>bil,</span> <span class='ocrx_word' id='word_1_384' title='bbox 1841 1948 1929 1968; x_wconf 66' lang='lat' dir='ltr'>sitisque</span> <span class='ocrx_word' id='word_1_385' title='bbox 1941 1943 1962 1962; x_wconf 84' lang='grc'>111</span> 
     </span>
    </p>
   </div>
   <div class='ocr_carea' id='block_1_20' title="bbox 1034 1953 1974 2059">
    <p class='ocr_par' dir='ltr' id='par_1_23' title="bbox 1034 1953 1974 2059">
     <span class='ocr_line' id='line_1_82' title="bbox 1035 1953 1974 2015; baseline 0 -21"><span class='ocrx_word' id='word_1_386' title='bbox 1035 1968 1084 1995; x_wconf 90' lang='lat' dir='ltr'>tus</span> <span class='ocrx_word' id='word_1_387' title='bbox 1109 1962 1157 1994; x_wconf 92' lang='lat' dir='ltr'>sui</span> <span class='ocrx_word' id='word_1_388' title='bbox 1182 1972 1267 1995; x_wconf 90' lang='lat' dir='ltr'>anno</span> <span class='ocrx_word' id='word_1_389' title='bbox 1292 1972 1351 2002; x_wconf 81' lang='lat' dir='ltr'>xx,</span> <span class='ocrx_word' id='word_1_390' title='bbox 1385 1965 1533 2005; x_wconf 88' lang='lat' dir='ltr'>quartam</span> <span class='ocrx_word' id='word_1_391' title='bbox 1566 1961 1712 1994; x_wconf 90' lang='lat' dir='ltr'>onmium</span> <span class='ocrx_word' id='word_1_392' title='bbox 1746 1967 1844 2015; x_wconf 46' lang='lat' dir='ltr'>OQ?</span> <span class='ocrx_word' id='word_1_393' title='bbox 1869 1953 1974 2015; x_wconf 49' lang='lat' dir='ltr'>.&#39;&#39;{¹¹‘¹¹‘i‘¹3</span> 
     </span>
     <span class='ocr_line' id='line_1_83' title="bbox 1034 2001 1974 2059; baseline -0.006 -10"><span class='ocrx_word' id='word_1_394' title='bbox 1034 2016 1242 2059; x_wconf 81' lang='lat' dir='ltr'>singulorum</span> <span class='ocrx_word' id='word_1_395' title='bbox 1284 2016 1469 2056; x_wconf 80' lang='lat' dir='ltr'>fructuum,</span> <span class='ocrx_word' id='word_1_396' title='bbox 1788 2001 1805 2015; x_wconf 41' lang='grc' dir='ltr'><strong><em>Γ</em></strong></span> <span class='ocrx_word' id='word_1_397' title='bbox 1829 2001 1917 2021; x_wconf 46' lang='lat' dir='ltr'>⁰⁸³⁴]OE</span> <span class='ocrx_word' id='word_1_398' title='bbox 1952 2002 1974 2016; x_wconf 57' lang='lat'>&#39;¹‘</span> 
     </span>
    </p>
   </div>
   <div class='ocr_carea' id='block_1_21' title="bbox 1815 426 1949 447">
    <p class='ocr_par' dir='ltr' id='par_1_24' title="bbox 1815 426 1949 447">
     <span class='ocr_line' id='line_1_84' title="bbox 1815 426 1949 447; baseline 0.007 -1"><span class='ocrx_word' id='word_1_399' title='bbox 1815 426 1949 447; x_wconf 68' lang='lat' dir='ltr'>Prooemium</span> 
     </span>
    </p>
   </div>
   <div class='ocr_carea' id='block_1_22' title="bbox 1032 2015 1959 2643">
    <p class='ocr_par' dir='ltr' id='par_1_25' title="bbox 1032 2015 1959 2643">
     <span class='ocr_line' id='line_1_85' title="bbox 1517 2015 1959 2048; baseline -0.016 0"><span class='ocrx_word' id='word_1_400' title='bbox 1517 2015 1704 2048; x_wconf 83' lang='lat' dir='ltr'>reddituum</span> <span class='ocrx_word' id='word_1_401' title='bbox 1746 2020 1959 2048; x_wconf 67' lang='lat' dir='ltr'>etnocenuusxin.</span> 
     </span>
     <span class='ocr_line' id='line_1_86' title="bbox 1034 2069 1776 2113; baseline -0.003 -10"><span class='ocrx_word' id='word_1_402' title='bbox 1034 2075 1250 2113; x_wconf 77' lang='lat' dir='ltr'>proventuum</span> <span class='ocrx_word' id='word_1_403' title='bbox 1291 2069 1501 2109; x_wconf 87' lang='lat' dir='ltr'>naturalium,</span> <span class='ocrx_word' id='word_1_404' title='bbox 1539 2069 1776 2101; x_wconf 87' lang='lat' dir='ltr'>industrialium</span> 
     </span>
     <span class='ocr_line' id='line_1_87' title="bbox 1034 2121 1777 2166; baseline -0.003 -10"><span class='ocrx_word' id='word_1_405' title='bbox 1034 2129 1065 2156; x_wconf 89' lang='lat' dir='ltr'>et</span> <span class='ocrx_word' id='word_1_406' title='bbox 1090 2123 1231 2156; x_wconf 89' lang='lat' dir='ltr'>civilium</span> <span class='ocrx_word' id='word_1_407' title='bbox 1253 2134 1270 2156; x_wconf 88' lang='lat' dir='ltr'>a</span> <span class='ocrx_word' id='word_1_408' title='bbox 1295 2122 1507 2166; x_wconf 86' lang='lat' dir='ltr'>patriarchali</span> <span class='ocrx_word' id='word_1_409' title='bbox 1532 2121 1777 2166; x_wconf 74' lang='lat' dir='ltr'>Ulyssiponensi</span> 
     </span>
     <span class='ocr_line' id='line_1_88' title="bbox 1033 2175 1777 2218; baseline -0.003 -9"><span class='ocrx_word' id='word_1_410' title='bbox 1033 2176 1239 2216; x_wconf 88' lang='lat' dir='ltr'>occidentali,</span> <span class='ocrx_word' id='word_1_411' title='bbox 1264 2176 1604 2218; x_wconf 83' lang='lat' dir='ltr'>archiepiscopalilms</span> <span class='ocrx_word' id='word_1_412' title='bbox 1642 2181 1673 2208; x_wconf 86' lang='lat' dir='ltr'>et</span> <span class='ocrx_word' id='word_1_413' title='bbox 1710 2175 1777 2218; x_wconf 84' lang='lat' dir='ltr'>epi-</span> 
     </span>
     <span class='ocr_line' id='line_1_89' title="bbox 1033 2229 1777 2273; baseline -0.003 -10"><span class='ocrx_word' id='word_1_414' title='bbox 1033 2231 1221 2273; x_wconf 85' lang='lat' dir='ltr'>scopalibus</span> <span class='ocrx_word' id='word_1_415' title='bbox 1247 2229 1279 2261; x_wconf 91' lang='lat' dir='ltr'>in</span> <span class='ocrx_word' id='word_1_416' title='bbox 1305 2229 1525 2271; x_wconf 80' lang='lat' dir='ltr'>Portugalliae</span> <span class='ocrx_word' id='word_1_417' title='bbox 1553 2234 1584 2261; x_wconf 90' lang='lat' dir='ltr'>et</span> <span class='ocrx_word' id='word_1_418' title='bbox 1608 2229 1777 2271; x_wconf 73' lang='lat' dir='ltr'>Aigai-bio-</span> 
     </span>
     <span class='ocr_line' id='line_1_90' title="bbox 1034 2280 1776 2324; baseline -0.003 -11"><span class='ocrx_word' id='word_1_419' title='bbox 1034 2292 1103 2314; x_wconf 83' lang='lat' dir='ltr'>rum</span> <span class='ocrx_word' id='word_1_420' title='bbox 1122 2282 1231 2324; x_wconf 80' lang='lat' dir='ltr'>regnis</span> <span class='ocrx_word' id='word_1_421' title='bbox 1251 2280 1461 2313; x_wconf 81' lang='lat' dir='ltr'>existentibus</span> <span class='ocrx_word' id='word_1_422' title='bbox 1479 2280 1635 2320; x_wconf 85' lang='lat' dir='ltr'>ecclesiis,</span> <span class='ocrx_word' id='word_1_423' title='bbox 1649 2290 1776 2313; x_wconf 86' lang='lat' dir='ltr'>necnon</span> 
     </span>
     <span class='ocr_line' id='line_1_91' title="bbox 1034 2333 1775 2378; baseline -0.003 -11"><span class='ocrx_word' id='word_1_424' title='bbox 1034 2340 1150 2378; x_wconf 84' lang='lat' dir='ltr'>quotas</span> <span class='ocrx_word' id='word_1_425' title='bbox 1187 2333 1368 2376; x_wconf 82' lang='lat' dir='ltr'>respective</span> <span class='ocrx_word' id='word_1_426' title='bbox 1406 2338 1514 2376; x_wconf 83' lang='lat' dir='ltr'>partes</span> <span class='ocrx_word' id='word_1_427' title='bbox 1540 2344 1558 2365; x_wconf 89' lang='lat' dir='ltr'>a</span> <span class='ocrx_word' id='word_1_428' title='bbox 1583 2344 1696 2365; x_wconf 83' lang='lat' dir='ltr'>novem</span> <span class='ocrx_word' id='word_1_429' title='bbox 1729 2334 1775 2365; x_wconf 88' lang='lat' dir='ltr'>di-</span> 
     </span>
     <span class='ocr_line' id='line_1_92' title="bbox 1033 2386 1775 2431; baseline -0.003 -11"><span class='ocrx_word' id='word_1_430' title='bbox 1033 2388 1212 2431; x_wconf 75' lang='lat' dir='ltr'>gnitatibus</span> <span class='ocrx_word' id='word_1_431' title='bbox 1234 2394 1266 2420; x_wconf 88' lang='lat' dir='ltr'>et</span> <span class='ocrx_word' id='word_1_432' title='bbox 1289 2388 1403 2430; x_wconf 79' lang='lat' dir='ltr'>viginti</span> <span class='ocrx_word' id='word_1_433' title='bbox 1431 2393 1503 2420; x_wconf 89' lang='lat' dir='ltr'>octo</span> <span class='ocrx_word' id='word_1_434' title='bbox 1529 2386 1775 2419; x_wconf 88' lang='lat' dir='ltr'>canonicatibus</span> 
     </span>
     <span class='ocr_line' id='line_1_93' title="bbox 1033 2439 1776 2483; baseline -0.003 -10"><span class='ocrx_word' id='word_1_435' title='bbox 1033 2446 1064 2473; x_wconf 84' lang='lat' dir='ltr'>ct</span> <span class='ocrx_word' id='word_1_436' title='bbox 1088 2441 1285 2483; x_wconf 84' lang='lat' dir='ltr'>praebendis</span> <span class='ocrx_word' id='word_1_437' title='bbox 1311 2441 1342 2472; x_wconf 90' lang='lat' dir='ltr'>in</span> <span class='ocrx_word' id='word_1_438' title='bbox 1369 2440 1466 2472; x_wconf 89' lang='lat' dir='ltr'>certis</span> <span class='ocrx_word' id='word_1_439' title='bbox 1494 2439 1640 2472; x_wconf 86' lang='lat' dir='ltr'>ciusdem</span> <span class='ocrx_word' id='word_1_440' title='bbox 1668 2439 1776 2472; x_wconf 79' lang='lat' dir='ltr'>Portu-</span> 
     </span>
     <span class='ocr_line' id='line_1_94' title="bbox 1034 2493 1776 2537; baseline -0.003 -10"><span class='ocrx_word' id='word_1_441' title='bbox 1034 2495 1151 2537; x_wconf 85' lang='lat' dir='ltr'>galliae</span> <span class='ocrx_word' id='word_1_442' title='bbox 1166 2495 1259 2536; x_wconf 81' lang='lat' dir='ltr'>regni</span> <span class='ocrx_word' id='word_1_443' title='bbox 1278 2493 1458 2536; x_wconf 75' lang='lat' dir='ltr'>collegiatis</span> <span class='ocrx_word' id='word_1_444' title='bbox 1477 2493 1624 2525; x_wconf 79' lang='lat' dir='ltr'>ecclesiis</span> <span class='ocrx_word' id='word_1_445' title='bbox 1640 2493 1776 2525; x_wconf 78' lang='lat' dir='ltr'>existen-</span> 
     </span>
     <span class='ocr_line' id='line_1_95' title="bbox 1034 2545 1775 2586; baseline 0 -7"><span class='ocrx_word' id='word_1_446' title='bbox 1034 2547 1132 2586; x_wconf 85' lang='lat' dir='ltr'>tibus,</span> <span class='ocrx_word' id='word_1_447' title='bbox 1159 2552 1191 2579; x_wconf 90' lang='lat' dir='ltr'>et</span> <span class='ocrx_word' id='word_1_448' title='bbox 1216 2547 1248 2578; x_wconf 91' lang='lat' dir='ltr'>in</span> <span class='ocrx_word' id='word_1_449' title='bbox 1276 2545 1392 2578; x_wconf 87' lang='lat' dir='ltr'>litteris</span> <span class='ocrx_word' id='word_1_450' title='bbox 1419 2545 1564 2578; x_wconf 86' lang='lat' dir='ltr'>eiusdem</span> <span class='ocrx_word' id='word_1_451' title='bbox 1597 2546 1775 2579; x_wconf 80' lang='lat' dir='ltr'>Clementis</span> 
     </span>
     <span class='ocr_line' id='line_1_96' title="bbox 1032 2599 1771 2643; baseline 0 -10"><span class='ocrx_word' id='word_1_452' title='bbox 1032 2599 1298 2642; x_wconf 76' lang='lat' dir='ltr'>praedecessoris</span> <span class='ocrx_word' id='word_1_453' title='bbox 1325 2599 1494 2642; x_wconf 52' lang='lat' dir='ltr'>expressis,</span> <span class='ocrx_word' id='word_1_454' title='bbox 1514 2604 1602 2632; x_wconf 88' lang='lat' dir='ltr'>motu</span> <span class='ocrx_word' id='word_1_455' title='bbox 1621 2610 1679 2632; x_wconf 82' lang='lat' dir='ltr'>suo</span> <span class='ocrx_word' id='word_1_456' title='bbox 1704 2610 1771 2643; x_wconf 87' lang='lat' dir='ltr'>pro-</span> 
     </span>
    </p>
   </div>
  </div>
 </body>
</html>
