2232 3178
31 228 79 255 An.
100 225 129 253 C.
147 223 214 252 1739

847 221 989 245 CLEMENS
1014 221 1058 244 ΧΠ
1082 221 1130 244 ΡΡ.

223 270 460 311 celebratione,
478 270 516 302 ad
536 269 715 302 instantiam
734 269 809 302 dicti
827 268 960 313 losephi

221 324 354 364 Mariae,
380 324 443 357 duo
469 334 569 367 super
596 323 725 356 unionis
752 329 784 356 et
809 323 962 366 incorpo-

221 377 353 410 rationis
387 377 546 411 dictorum
583 377 800 419 collegiorum
826 386 960 409 conces-

221 431 311 464 sione
337 431 468 463 suerunt
488 431 655 474 proposita
676 430 784 469 dubia,
805 429 960 462 nimirum

221 494 259 515 an
292 483 468 526 collegium
506 483 676 526 Imperiale
709 483 869 515 nobilium
895 482 959 515 Me-

222 536 340 569 diolani
360 541 504 569 erectum
523 536 606 569 inter
622 535 682 568 alia
700 535 837 577 collegia
858 535 959 567 dictae

221 589 490 631 Congregationis
517 589 771 622 enumerandum
798 593 901 627 esset,
930 594 961 620 et

221 652 259 674 an
285 643 405 674 rectori
440 643 516 675 dicti
550 642 681 684 collegii
715 641 958 674 concedendum

221 701 307 728 esset
331 695 543 738 privilegium
576 695 749 728 accedendi
776 695 813 727 ad
839 694 960 738 capitu-

220 749 286 781 lum
313 749 474 791 generale.
495 748 598 791 Super
623 748 741 791 quibus
767 758 959 791 responsum

220 801 279 834 suit
302 801 502 840 affirmative,
520 807 617 844 prout
635 812 669 834 ex
690 801 848 844 particula
874 807 961 834 acto-

219 865 291 887 rum
320 853 544 898 capitularium
569 854 690 887 tenoris
721 854 772 897 qui
800 854 958 898 sequitur,

219 907 389 941 videlicet:

263 1011 277 1031 cr
291 1001 379 1031 Feri&
399 1009 427 1040 v,
445 1001 492 1032 die
514 1010 561 1032 xvt
584 1002 651 1032 maii
669 1010 859 1041 atoccxxxvn,
878 1011 962 1042 prae-

219 1050 282 1080 side
305 1055 471 1089 annuente,
500 1052 679 1081 reverendus
712 1056 793 1091 pater
825 1051 961 1081 dominus

219 1099 329 1129 Marius
362 1100 525 1138 Maccabei,
553 1101 665 1139 primus
699 1105 867 1139 promotor,
892 1100 962 1139 legit

219 1148 382 1187 supplicem
417 1148 548 1178 libellum
573 1154 739 1188 porrectum
763 1159 777 1178 a
801 1150 961 1180 reverendo

220 1201 304 1236 patre
327 1197 444 1227 domino
466 1197 589 1237 loseplio
612 1198 699 1228 Maria
722 1198 856 1235 Olivazzi,
874 1199 961 1228 etiam

219 1245 254 1275 de
276 1255 423 1276 consensu
445 1251 473 1276 et
494 1247 613 1277 nomine
645 1247 769 1277 aliorum
793 1252 907 1286 patrum
931 1247 960 1277 in

219 1293 343 1332 collegio
368 1294 516 1334 Imperiali
542 1295 679 1333 Longono
704 1305 804 1325 secum
834 1305 960 1325 commo-

219 1344 360 1381 rantium,
378 1344 408 1374 in
425 1353 482 1383 quo
498 1344 652 1383 petebatur
669 1349 699 1374 ut
715 1345 873 1382 collegium
889 1345 961 1375 illud

219 1392 274 1422 hoc
290 1401 367 1422 anno
384 1393 601 1423 sufficientibus
620 1393 782 1423 redditibus
805 1394 834 1423 in
858 1403 962 1433 perpe-

220 1445 302 1471 tuum
325 1441 470 1471 firmatum
488 1441 566 1471 inter
584 1442 639 1471 alia
657 1442 895 1481 Congregationis
912 1453 963 1473 no-

220 1492 297 1519 strae
328 1489 448 1528 collegia
479 1495 701 1528 recenseretur,
728 1495 756 1520 et
781 1496 879 1521 rector
910 1501 961 1530 pro

220 1543 351 1578 tempore
374 1538 488 1569 iuribus
510 1539 647 1569 omnibus
671 1549 703 1569 ac
727 1540 888 1579 privilegiis
912 1540 963 1570 Bo-

219 1587 371 1617 noniensis
393 1587 640 1617 Poenitentiariae
659 1589 783 1618 rectoris
805 1589 961 1627 gauderet,

220 1645 346 1676 cumque
375 1637 485 1666 dictum
514 1637 603 1667 suerit
634 1638 795 1677 supplicem
829 1637 960 1668 libellum

219 1686 292 1715 duas
316 1686 473 1725 petitiones
489 1686 608 1716 omnino
625 1686 849 1724 distinguendas
868 1687 961 1717 conti-

220 1743 300 1773 nere,
318 1739 419 1774 utpote
435 1735 511 1774 quod
535 1735 661 1765 secunda
686 1736 795 1766 maiore
818 1736 963 1774 indigeret

220 1783 465 1822 consideratione,
483 1784 592 1814 idcirco
609 1785 702 1823 primo
718 1786 791 1815 facta
815 1785 870 1815 suit
892 1785 962 1815 haec

220 1832 392 1871 propositio:
414 1843 427 1861 ε(
445 1833 620 1872 Proponitur
637 1843 673 1863 an
697 1833 853 1871 collegium
870 1834 963 1873 Impe-

220 1881 291 1911 riale
313 1881 456 1912 nobilium
479 1882 633 1912 Mediolani
665 1886 794 1913 erectum
828 1887 856 1913 et
878 1883 962 1913 modo

219 1929 249 1960 in
283 1934 454 1970 perpetuum
489 1931 638 1961 firmatum
661 1931 892 1961 enumerandum
926 1931 963 1962 sit

220 1979 297 2009 inter
319 1980 373 2010 alia
397 1980 521 2018 collegia
544 1981 690 2019 regularia
723 1981 963 2020 Congregationis

220 2032 338 2058 nostrae
361 2028 414 2058 sub
438 2028 523 2059 titulo
546 2029 691 2059 rectoriae
714 2040 742 2059 ».
767 2029 801 2059 Et
816 2030 890 2059 datis
906 2029 964 2059 cal-

220 2078 305 2115 culis,
323 2079 484 2118 propositio
507 2079 562 2110 suit
583 2079 722 2110 admissa.
738 2079 871 2110 Secundo
888 2080 961 2110 sacta

221 2127 273 2157 suit
296 2128 368 2158 haec
390 2128 478 2158 altera
496 2128 674 2168 propositio:
702 2138 716 2157 ε
732 2128 909 2168 Proponitur
926 2138 962 2159 an

220 2176 327 2206 rectori
362 2177 501 2216 praedicti
534 2177 649 2216 collegii
684 2178 903 2208 concedendum
927 2178 964 2208 sit

220 2225 407 2264 privilegium
424 2226 580 2256 accedendi
596 2226 631 2256 ad
648 2227 809 2266 capitulum
828 2227 964 2266 generale

221 2277 249 2304 et
272 2274 301 2303 in
325 2274 426 2304 eodem
450 2278 547 2304 votum
572 2275 683 2305 serendi
699 2286 728 2305 »τ
752 2280 790 2315 et,
808 2276 883 2306 datis
906 2277 963 2307 cal-

221 2323 314 2362 culis,
338 2324 508 2354 conclusum
532 2324 586 2354 suit
608 2325 795 2355 affirmative.
819 2325 881 2364 Ego
914 2326 964 2356 do-

221 2373 318 2403 minus
346 2373 524 2403 Vacentinus
546 2373 647 2409 Viani,
672 2374 798 2404 clericus
820 2375 964 2413 regularis

221 2423 253 2453 S.
268 2422 362 2459 Pauli,
377 2427 405 2452 et
421 2422 578 2452 admodum
595 2423 749 2453 reverendi
769 2423 860 2462 patris
875 2433 963 2462 gene-

221 2470 291 2500 ralis
307 2471 512 2508 cancellarius,
529 2471 730 2510 suprascripta
754 2472 850 2502 omnia
870 2473 962 2503 fideli-

223 2523 266 2549 ter
288 2520 421 2558 extraxi,
445 2525 473 2550 et
497 2529 548 2559 pro
572 2521 628 2551 fide
652 2530 696 2551 me
719 2521 879 2561 subscripsi
895 2531 960 2552 cum

222 2568 352 2598 eiusdem
367 2569 521 2598 admodum
539 2570 693 2600 reverendi
711 2570 801 2609 patris
817 2571 961 2608 generalis

222 2618 343 2650 maioris
366 2618 454 2657 sigilli
478 2619 658 2658 appositione
680 2629 707 2649 5).
733 2619 800 2650 Loco
822 2621 840 2659 ‘l-
862 2620 959 2658 siqz'lli.

1645 210 1708 243 505
1755 219 1772 244 Α

1050 270 1065 313 ἓ
1097 269 1128 301 6.
1164 268 1240 302 Cum
1275 273 1402 309 autem,
1437 269 1518 301 sicut
1551 268 1662 301 eadem
1698 278 1751 301 ex-

1004 323 1122 366 positio
1149 322 1386 365 subiungebat,
1412 321 1515 355 dictus
1541 312 1773 365 praepositusp

1005 375 1221 418 provincialis,
1241 375 1432 418 praemissa,
1452 386 1515 418 quo
1534 374 1658 406 firmius
1680 374 1750 406 suh-

1005 428 1119 461 sistant
1145 434 1176 461 et
1193 434 1364 461 serventur
1382 428 1531 466 exactius,
1550 427 1750 467 apostolicae

1004 481 1264 514 confirmationis
1290 487 1422 513 nostrae
1448 480 1629 523 patrocinio
1666 490 1754 512 com·

1005 534 1143 574 muniri,
1171 545 1382 578 summopere
1408 534 1595 567 desideret:

1048 588 1062 629 ξ
1088 587 1118 620 7,
1146 587 1231 627 Nos,
1262 588 1367 630 ipsum
1394 588 1588 620 modernum
1616 597 1752 630 praepo-

1764 631 1775 645 Ο

1777 227 1804 245 n.
1833 219 1861 246 C.
1882 220 1948 246 5739

1812 281 1861 300 prm
1871 282 1945 301 int-talu

1777 310 1853 327 eleute.

1836 598 1947 619 Praedicta

1778 626 1833 645 mnia
1873 626 1946 645 contii·-

1005 641 1100 672 situm
1119 641 1351 683 provincialem
1374 640 1571 683 specialibus
1589 640 1752 673 favoribus
1764 655 1857 672 mammo
1895 657 1948 676 afm-

1764 687 1772 697 s

1776 679 1841 698 [ulica
1884 679 1948 698 robo-

1005 698 1036 725 et
1061 692 1172 735 gratiis
1198 693 1352 735 prosequi
1377 693 1544 732 volentes,
1570 703 1709 735 eumque
1736 702 1844 725 arantur.

1006 745 1171 789 quibusvis
1191 745 1545 786 excommunicationis,
1565 746 1754 789 suspensio-

1005 799 1053 832 nis
1080 804 1111 832 et
1136 799 1325 840 interdicti,
1351 799 1489 843 aliisque
1524 799 1753 832 ecclesiasticis

1005 852 1197 892 sententiis,
1234 853 1383 885 censuris
1410 858 1442 885 et
1466 852 1597 895 poenis,
1633 863 1650 884 a
1682 851 1752 884 iure

1004 907 1053 939 vel
1086 906 1124 938 ab
1162 906 1307 946 homine,
1343 906 1457 949 quavis
1494 906 1667 939 occasione
1701 906 1752 938 vel

1005 962 1099 993 causa
1124 960 1216 1000 latis,
1245 960 1269 992 si
1295 959 1412 1003 quibus
1438 959 1689 1003 quomodolibet
1706 959 1754 991 in-

1006 1014 1144 1047 nodatus
1170 1013 1289 1053 existit,
1309 1014 1345 1046 ad
1366 1013 1512 1046 effectum
1531 1012 1753 1056 praesentium

1007 1068 1169 1100 dumtaxat
1201 1067 1491 1110 consequendum,
1518 1067 1633 1099 harum
1670 1066 1752 1099 serie

1006 1121 1211 1153 absolventes
1236 1125 1268 1152 et
1292 1119 1475 1152 absolutum
1512 1119 1579 1152 sore
1616 1129 1754 1151 censen-

1007 1179 1065 1213 tes,
1087 1172 1383 1216 supplicationibus
1417 1173 1484 1206 eius
1509 1171 1639 1205 nomine
1659 1171 1752 1204 nobis

1006 1237 1105 1269 super
1130 1227 1193 1258 hoc
1218 1225 1387 1258 humiliter
1411 1225 1573 1269 porrectis
1591 1224 1751 1264 inclinati,

1006 1279 1226 1322 praeinsertas
1252 1279 1485 1312 conventiones
1522 1284 1554 1311 et
1588 1278 1753 1311 cessiones

1006 1332 1092 1365 inter
1116 1332 1303 1375 praedictos
1330 1331 1506 1375 losephum
1540 1330 1671 1363 Mariam
1705 1341 1753 1363 re-

1006 1390 1127 1418 ctorem
1153 1385 1331 1428 supradicti
1357 1384 1488 1427 collegii
1517 1389 1548 1417 et
1581 1384 1752 1427 deputatos

1005 1439 1135 1481 collegii
1162 1438 1208 1471 sio
1234 1438 1380 1481 erigendi
1407 1438 1514 1479 initas,
1536 1449 1553 1470 a
1573 1444 1751 1471 memorato

1005 1492 1125 1525 Ioanne
1144 1492 1286 1535 Baptista
1318 1492 1439 1524 vicario
1458 1491 1601 1534 generali
1625 1490 1753 1524 archie-

1006 1544 1129 1588 piscopi
1156 1544 1417 1586 Mediolanensis,
1439 1544 1471 1577 in
1498 1545 1560 1577 vim
1587 1544 1746 1577 facultatis

1006 1608 1023 1630 a
1048 1597 1215 1640 praedicta
1239 1597 1502 1640 Congregatione
1534 1597 1753 1631 cardinalium

1006 1651 1052 1684 illi
1079 1651 1265 1690 attributae,
1287 1662 1358 1684 cum
1383 1650 1536 1684 omnibus
1562 1655 1594 1683 et
1614 1650 1750 1693 singulis

1006 1704 1038 1736 in
1064 1704 1110 1737 eis
1136 1703 1298 1737 contentis
1325 1704 1540 1747 approbatas,
1567 1711 1598 1737 et
1622 1713 1753 1736 conces-

1006 1757 1129 1790 sionem
1155 1768 1172 1789 a
1196 1757 1282 1790 dicto
1301 1757 1440 1800 capitulo
1463 1757 1604 1800 generali
1624 1758 1752 1797 saetam,

1005 1816 1039 1843 ut
1064 1811 1253 1854 praefertur,
1279 1810 1470 1843 auctoritate
1496 1811 1686 1854 apostolica,
1707 1816 1752 1844 te-

1007 1876 1085 1898 nore
1122 1865 1363 1907 praesentium,
1390 1864 1620 1900 confirmamus
1645 1870 1677 1897 et
1701 1875 1751 1908 ap-

1006 1918 1204 1962 probamuS,
1230 1918 1360 1961 illisque
1387 1917 1583 1951 inviolabilis
1621 1923 1751 1962 aposto-

1006 1972 1088 2004 licae
1114 1971 1274 2004 firmitatis
1301 1971 1401 2004 robur
1425 1971 1604 2011 adiicimus,
1623 1981 1751 2004 omncs-

1006 2035 1069 2068 que
1096 2029 1127 2058 et
1151 2025 1297 2067 singulos
1324 2024 1403 2057 iuris
1431 2030 1462 2057 ct
1487 2024 1560 2058 sacti
1587 2024 1751 2065 desectus,

1006 2079 1031 2111 si
1059 2078 1113 2122 qui
1141 2078 1280 2122 desuper
1304 2079 1555 2121 quomodolibet
1572 2078 1752 2111 intervene-

1007 2132 1097 2171 rint,
1124 2133 1313 2175 supplemus
1339 2137 1371 2164 et
1396 2141 1558 2165 sanamus.

1051 2184 1065 2228 ξ
1089 2183 1121 2218 8.
1153 2185 1385 2225 Deccrnentes,
1413 2185 1541 2218 easdem
1562 2191 1775 2241 praesentesfl

1791 2194 1904 2215 Clausulas
1920 2195 1947 2215 att

1779 2224 1883 2242 sanitatem
1928 2224 1946 2240 el

1006 2239 1130 2272 litteras
1156 2243 1186 2271 et
1210 2239 1243 2271 in
1269 2238 1315 2271 eis
1340 2243 1491 2272 contenta
1527 2249 1751 2282 quaecumque
1775 2248 1934 2268 otuervanuam

1730 2292 1736 2297 .
1764 2274 1913 2295 inducendam.

1007 2303 1137 2336 semper
1161 2292 1270 2331 firma,
1304 2292 1411 2325 valida
1444 2297 1476 2325 et
1508 2292 1650 2325 efficacia
1688 2303 1753 2326 exi-

1007 2351 1093 2380 stere
1124 2351 1156 2379 et
1181 2346 1259 2387 sore,
1287 2357 1432 2389 suosque
1458 2346 1622 2389 plenarios
1648 2352 1679 2379 ct
1704 2346 1751 2379 in-

1006 2404 1115 2441 tegros
1149 2398 1282 2432 effectus
1313 2399 1420 2432 sortiri
1453 2404 1486 2432 et
1517 2399 1689 2440 obtinere,
1715 2410 1752 2432 ac

1006 2453 1091 2495 illis,
1127 2453 1165 2486 ad
1200 2464 1283 2497 quos
1317 2458 1443 2496 spectat
1476 2458 1507 2486 et
1540 2453 1571 2485 in
1607 2454 1749 2487 futurum

1006 2508 1175 2551 spectabit.
1195 2507 1383 2550 plenissime
1402 2506 1580 2549 suffragari,
1600 2512 1632 2539 et
1648 2507 1687 2539 ab
1706 2508 1751 2541 eis

1006 2561 1187 2604 respective
1202 2560 1434 2592 inviolabiliter
1449 2560 1625 2602 observari,
1640 2560 1752 2604 sicque

1006 2614 1036 2646 in
1064 2613 1249 2657 praemissis
1276 2623 1334 2656 per
1369 2623 1590 2658 quoscumque
1628 2613 1749 2647 iudices
