2232 3178
274 178 325 204 Αη.
341 178 370 205 ct.
394 177 459 204 1737
505 169 570 202 ⁶244

273 239 312 259 SS.
356 239 455 259 'rrinitati

273 266 334 285 sarra
346 282 350 288 ,
366 266 390 286 8.
408 265 455 285 vin·

271 294 362 312 centium
407 298 455 311 san-

270 321 325 338 ctum
342 324 389 337 esse
407 324 455 344 pro-

270 345 363 367 nunciat,
374 345 455 369 definit,

268 373 379 392 ιιιιιειιειῑὲι
420 377 454 391 nu·

271 404 290 417 vi
303 398 375 417 Sani-ti
385 398 452 418 annua

271 424 387 444 {astu-itate
419 425 454 445 dio

271 456 303 471 ιιι
321 450 374 471 iulii.

292 2518 452 2540 Cnnonizatinni

268 2544 403 2575 adstantibus
411 2546 454 2571 ple·

270 2577 367 2597 urimur,
375 2577 454 2599 Pecca-

468 237 593 271 uaeque
632 227 795 260 Ecclesiae
835 227 1068 261 consuetudine
1113 238 1203 271 pera-

467 281 572 324 genda
598 286 699 321 erant,
725 280 836 321 hodie,
864 291 947 324 quae
974 281 1032 314 fuit
1056 282 1126 314 dies
1151 281 1203 314 do-

467 334 585 368 minica
620 334 673 367 SS.
700 333 882 375 Trinitatis,
909 335 940 366 in
965 339 1202 368 sacrosanctam

466 387 717 420 Laterancnscm
742 387 908 420 basilicam
935 388 1086 421 decenter
1112 398 1204 421 orna-

467 446 552 480 tam,
579 452 649 473 cum
686 440 928 474 venerabilibus
962 441 1114 475 fratribus
1147 452 1203 475 no-

465 493 537 526 stris
562 493 593 526 S.
618 494 654 526 R.
681 493 716 525 E.
741 493 970 534 cardinalibus,
996 504 1124 527 necnon
1151 505 1203 537 pa-

466 546 625 585 triarchis,
641 545 898 589 archiepiscopis
916 551 949 579 et
966 546 1128 590 episcopis
1146 547 1203 580 Ro-

464 608 647 641 manaeque
672 598 782 631 Curiae
809 599 974 642 praelatis,
1000 599 1200 639 officialibus,

465 651 678 684 familiaribus
704 652 848 692 nostris,
873 653 960 685 clero
987 652 1145 686 saeculari
1171 657 1203 685 ct

463 704 615 747 regulari,
643 714 678 737 ac
703 704 840 737 maxima
865 705 976 747 populi
1004 704 1199 748 frequentia,

464 757 687 790 convenimus.
716 756 775 789 Ubi
800 758 946 800 repetitis
979 768 1038 801 pro
1071 757 1202 791 canoni-

463 809 598 842 zationis
634 809 763 842 decreto
800 810 1013 853 petitionibus
1038 822 1055 843 a
1080 811 1200 844 dilecto

463 861 530 895 filio
555 868 667 896 nostro
693 862 797 896 Nereo
816 863 847 896 S.
868 863 904 896 R.
924 864 960 897 E.
981 864 1119 898 diacono
1137 874 1201 897 car-

464 915 562 949 dinali
599 916 732 950 Corsino
768 922 975 960 nuncupato,
1007 923 1118 951 nostro
1154 927 1202 950 se-

463 969 604 1002 cundum
630 979 760 1002 carnem
786 980 821 1003 ex
850 970 947 1003 fratre
973 976 1117 1014 nepote,
1143 981 1201 1014 per

463 1022 612 1055 eumdem
637 1022 792 1056 Thomam
820 1023 1031 1056 Antemorum
1065 1024 1202 1057 advoca-

464 1080 551 1115 tum,
577 1081 610 1108 et
644 1075 822 1109 decantatis
858 1075 956 1109 sacris
993 1076 1143 1120 precibus
1171 1082 1202 1109 et

463 1128 593 1169 litaniis,
618 1139 654 1161 ac
678 1128 815 1172 Spiritus
839 1129 946 1162 Sancti
974 1129 1074 1172 gratia
1100 1129 1201 1162 humi-

462 1181 537 1215 liter
556 1181 737 1225 implorata,
764 1183 803 1215 ad
830 1183 989 1216 honorem
1016 1188 1146 1216 sanctae
1171 1189 1202 1216 et

462 1234 651 1267 individuae
687 1234 870 1275 Trinitatis,
896 1236 936 1269 ad
972 1236 1201 1269 exaltationem

462 1286 538 1321 fidei
563 1288 745 1321 catholicae
768 1294 799 1321 et
816 1289 1014 1322 christianae
1036 1290 1201 1333 religionis

463 1346 695 1384 augmentum,
721 1342 910 1375 auctoritate
944 1343 1066 1376 domini
1099 1344 1201 1377 nostri

462 1393 532 1428 lesu
556 1395 687 1435 Christi,
712 1394 881 1428 beatorum
903 1398 1126 1439 apostolorum
1149 1397 1203 1430 Pe-

463 1448 503 1480 tri
529 1451 560 1482 et
585 1448 689 1487 Pauli,
716 1459 752 1481 ac
776 1451 900 1489 nostra,
926 1451 1053 1482 matura
1079 1450 1203 1483 delibe-

461 1500 587 1534 ratione
615 1501 823 1544 praehabita‚
849 1507 880 1535 et
907 1502 1014 1535 divina
1043 1514 1103 1546 ope
1132 1514 1203 1537 sae-

462 1553 535 1597 pius
555 1554 739 1598 implorata,
757 1564 792 1587 ac
818 1554 856 1588 de
883 1555 1118 1588 venerabilium
1145 1556 1203 1588 fra-

463 1612 545 1640 trum
570 1613 758 1640 nostrorum
788 1607 819 1641 S.
848 1608 885 1641 R.
909 1608 943 1640 E.
975 1608 1201 1649 cardinalium,

460 1660 720 1703 patriarcharum
742 1688 749 1701 ,
798 1661 1122 1705 archiepiscoporum
1171 1662 1200 1695 in

462 1713 547 1747 Urbe
569 1714 775 1748 existentium
801 1715 939 1748 consilio
966 1720 997 1748 et
1021 1726 1200 1757 consensu,

462 1767 496 1801 B.
523 1767 728 1801 Vincentium
758 1779 774 1802 a
806 1768 907 1802 Paulo
941 1768 1092 1802 Sanctum
1130 1779 1202 1802 esse

462 1822 684 1864 decrevimus,
711 1822 923 1863 definivimus,
949 1833 985 1856 ac
1009 1823 1201 1856 Sanctorum

462 1876 610 1918 catalogo
650 1875 884 1919 adscripsimus
903 1902 910 1915 ,
950 1881 1046 1919 prout
1085 1880 1202 1909 tenore

462 1928 683 1971 praesentium
715 1928 866 1962 similiter
890 1929 1097 1962 decernimus
1114 1957 1121 1970 ‚
1149 1930 1203 1963 de-

462 1980 590 2014 finimus
617 1986 649 2014 et
674 1981 914 2022 adscribimus,
939 1982 1097 2026 illumque
1130 1982 1202 2015 uni-

462 2044 572 2068 versos
598 2034 829 2069 christifideles
856 2041 1016 2079 tamquam
1035 2046 1108 2069 vere
1126 2035 1203 2069 San-

463 2092 546 2119 ctum
571 2087 737 2120 honorare
763 2092 794 2120 et
811 2088 958 2121 venerari
977 2088 1201 2121 mandavimus

464 2144 496 2172 et
519 2140 721 2181 mandamus,
746 2146 925 2174 statuentes
949 2145 984 2174 ut
1009 2142 1048 2174 ab
1076 2141 1201 2174 univer-

463 2193 522 2226 sali
546 2193 690 2226 Ecclesia
715 2193 746 2226 in
773 2193 843 2227 eius
867 2194 1026 2227 honorem
1045 2195 1200 2228 ecclesiae

463 2252 495 2279 et
519 2246 641 2287 altaria,
668 2247 699 2280 in
720 2247 837 2290 quibus
863 2246 1021 2280 sacrificia
1044 2247 1110 2280 Deo
1129 2246 1203 2280 offe-

463 2305 584 2341 rantur,
602 2299 767 2333 aedificari
787 2305 818 2333 et
835 2299 1032 2340 consecrari,
1049 2305 1080 2333 et
1093 2299 1202 2343 singu-

464 2353 502 2387 lis
528 2353 621 2386 annis
646 2353 697 2386 die
721 2363 772 2386 xlx
796 2354 918 2387 mensis
943 2353 1012 2386 iulii
1045 2353 1202 2387 memoria

464 2406 564 2449 ipsius
602 2407 687 2440 inter
717 2411 844 2440 sanctos
884 2405 1094 2441 Confessores
1136 2417 1200 2439 non

465 2459 635 2492 Pontifices
660 2459 712 2503 pia
737 2459 909 2493 devotione
934 2461 1035 2493 recoli
1062 2459 1176 2503 possit.

508 2513 525 2554 ξ
550 2512 602 2545 45.
628 2512 812 2556 Eademque
838 2514 1030 2546 auctoritate
1049 2514 1201 2546 omnibus

465 2564 734 2600 christifidelibus
775 2576 851 2600 vere
892 2566 1130 2610 poenitentibus
1171 2572 1199 2609 et

1062 179 1242 203 numanum
1268 180 1284 204 R
1291 180 1421 205 oitANttttt

1992 183 2039 208 Αη.
2056 183 2085 209 e.
2109 184 2173 212 ¹737
2199 165 2205 218 ἑ

1246 229 1412 269 confessis,
1437 229 1490 273 qui
1516 230 1609 263 annis
1634 231 1771 274 singulis
1797 231 1911 266 eodem
1939 231 1982 264 fe-
1994 242 2174 276 iorumramaao:
2202 221 2206 265 'i

1246 286 1296 315 sto
1322 282 1373 315 die
1399 283 1436 315 ad
1463 283 1683 326 sepulchrum,
1718 284 1749 316 in
1776 295 1839 328 quo
1865 277 2039 328 corpusnem
2057 271 2162 294 conceda.
2204 276 2206 314 i

1246 335 1314 368 eius
1340 336 1528 379 requiescit,
1551 336 1744 370 visitandum
1771 338 1980 378 accesserint,

1246 394 1373 431 septem
1400 400 1500 422 annos
1526 395 1557 422 et
1591 390 1725 423 totidem
1759 391 1981 434 quadragenas

1247 440 1285 473 de
1323 441 1477 474 iniunctis
1504 442 1550 475 eis
1582 448 1637 475 aut
1669 443 1746 476 alias
1779 444 1983 487 quomodoli-

1247 495 1300 526 bet
1332 494 1449 527 debitis
1483 495 1694 538 poenitentiis
1726 497 1984 530 misericorditer

1247 546 1277 578 in
1304 546 1440 580 Domino
1467 548 1682 582 relaxavimus
1704 554 1736 582 et
1753 550 1933 583 relaxamus
1951 549 1982 582 in

1247 600 1349 632 fornia
1373 600 1537 634 Ecclesiae
1563 605 1730 635 consueta.

1289 652 1303 695 5
1327 652 1379 685 46.
1408 653 1462 686 liis
1487 655 1638 697 peractis,
1665 655 1763 688 Deum
1785 656 1910 689 Patrem
1932 666 1984 689 ae·
2016 665 2100 696 ,Quis-1³
2114 671 2174 692 pera-

1246 710 1382 746 ternum,
1407 716 1581 750 regemque
1606 708 1730 750 gloriae
1748 708 1908 741 Christum
1931 708 1983 742 do·
1993 694 2177 749 fii'ffssissf’ssssssl

1246 758 1368 791 minum
1408 759 1509 792 Patris
1549 761 1737 804 sempiterni
1777 761 1920 802 Filium,
1952 746 2176 794 et212⁰3¹3222²233

1244 810 1394 844 Sanctum
1431 812 1625 846 paraclitum
1663 813 1844 857 Spiritum,
1880 799 2176 854 unumiffi<⁰⁵⁵i³003ii¹22

1244 864 1342 897 Deum
1369 875 1533 909 unumque
1559 866 1750 907 Dominum,
1776 867 1925 901 laudibus
1951 851 2178 904 ειῗιῖἱῖοῑῗῖῗᾞὲἰᾞ
2204 886 2205 890 =

1244 918 1504 951 confessionibus
1517 920 1669 963 venerati,
1689 930 1848 964 sacroque
1859 904 2179 965 hymnossss¹33ss2¹1⁵ad53ss

1248 970 1289 1003 Te
1313 970 1416 1004 Deum
1450 972 1637 1005 solemniter
1662 972 1854 1012 decantato,
1880 957 2177 1010 omni-2‘J<“.2?÷a.⁵³3lff

1244 1024 1370 1067 busque
1396 1024 1663 1058 christifidelibus
1699 1032 1774 1059 tunc
1805 1010 2178 1069 praesenti-issssssss'ssusssslt

1245 1076 1303 1108 bus
1329 1077 1474 1119 plenaria
1499 1078 1644 1111 omnium
1668 1084 1877 1122 peccatorum
1911 1062 2178 1113 suo-fr'i'ii-l-'iii'l⁵,'0ss?'

1245 1140 1315 1162 rum
1339 1130 1539 1172 indulgentia
1558 1136 1589 1163 et
1607 1131 1798 1165 remissione
1816 1134 1982 1173 concessa,

1245 1185 1380 1223 propter
1403 1182 1590 1224 corporales
1623 1187 1749 1215 nostras
1781 1182 1983 1215 infirmitates

1244 1233 1455 1277 affectamque
1483 1236 1698 1268 valetudinem
1719 1237 1919 1280 senilemque
1939 1246 1985 1270 ae-

1246 1292 1341 1320 tatem
1367 1288 1406 1320 ab
1432 1289 1542 1321 eadem
1562 1289 1767 1322 Lateranensi
1786 1289 1919 1322 ecclesia
1936 1299 1985 1322 re-

1245 1341 1407 1382 cessimus,
1426 1342 1667 1376 remanentibus
1686 1344 1716 1375 in
1739 1346 1774 1376 ea
1795 1343 1985 1377 venerabili-

1244 1395 1303 1428 bus
1322 1395 1472 1428 fratribus
1491 1396 1609 1429 nostris
1626 1396 1657 1429 S.
1671 1396 1707 1429 R.
1719 1396 1750 1429 E.
1762 1396 1984 1429 cardinalibus

1245 1448 1512 1492 archiepiscopis,
1527 1448 1688 1492 episcopis
1704 1455 1736 1481 et
1753 1449 1904 1482 universo
1923 1450 1983 1482 cle-

1245 1511 1280 1534 ro
1298 1507 1329 1534 et
1344 1502 1482 1545 populo.
1502 1501 1622 1540 Quibus
1643 1502 1877 1546 praesentibuS,
1897 1513 1915 1535 a
1932 1512 1984 1535 ve-

1245 1555 1384 1587 nerabili
1411 1555 1507 1587 fratre
1542 1560 1653 1588 nostro
1679 1554 1803 1588 Thoma
1831 1555 1862 1588 S.
1885 1555 1923 1588 R.
1946 1555 1980 1587 E.

1245 1607 1401 1641 cardinali
1446 1607 1599 1651 episcopo
1640 1608 1848 1641 Praenestino
1889 1607 1984 1641 Rutro

1245 1666 1453 1703 nuncupato,
1486 1666 1647 1704 tamquam
1680 1661 1836 1694 cardinali
1871 1660 1903 1693 in
1933 1671 1982 1694 or-

1246 1713 1320 1746 dine
1335 1713 1523 1756 antiquiori,
1542 1713 1574 1746 in
1593 1715 1646 1746 ara
1665 1713 1801 1746 maxima
1819 1713 1984 1756 praefatae

1245 1767 1409 1807 basilicae,
1438 1777 1475 1798 ex
1502 1766 1626 1800 indulto
1652 1771 1683 1799 et
1708 1767 1747 1799 de
1774 1766 1904 1800 licentia
1928 1777 1986 1800 no-

1246 1821 1325 1860 stra,
1344 1819 1533 1853 solemniter
1557 1819 1654 1853 missa
1678 1829 1748 1852 eum
1774 1819 1883 1853 Sancti
1902 1819 1987 1853 eius-

1245 1873 1318 1907 dem
1336 1873 1541 1906 Confessoris
1564 1873 1874 1906 commemoratione
1901 1874 1986 1906 cele-

1245 1927 1337 1960 brata
1357 1933 1415 1960 est.

1289 1981 1304 2023 ἓ
1329 1980 1383 2014 47.
1413 1980 1510 2013 Decet
1531 1985 1639 2013 autem
1658 1990 1716 2013 nos
1734 1980 1852 2022 gratias
1873 1990 1982 2023 agere,
2008 1987 2085 2009 lterum
2100 1987 2176 2013 mua·

1996 2015 2040 2035 Deo
2055 2015 2100 2040 agit
2116 2013 2176 2035 Sum-

1246 2039 1276 2067 et
1301 2033 1438 2076 gloriam
1466 2033 1541 2066 dare
1567 2033 1634 2066 Deo
1660 2033 1780 2067 viventi
1802 2033 1834 2066 in
1855 2035 1985 2067 saecula
1996 2039 2177 2088 phusfficffffljlfgffl

1244 2088 1458 2128 saeculorum,
1474 2087 1527 2130 qui
1546 2086 1712 2119 benedixit
1725 2097 1916 2120 conservum
1931 2098 1984 2121 no·
1996 2094 2177 2146 ssssssifflissassfflffi'fl

1245 2145 1346 2172 strum
1373 2140 1404 2172 in
1430 2140 1517 2172 omni
1544 2139 1775 2173 benedictione
1800 2139 2176 2194 spirituali›ssgjgl·,?g³„³?,;⁴3:

1246 2198 1279 2225 ut
1304 2198 1388 2226 esset
1412 2198 1539 2226 sanctus
1571 2199 1602 2225 et
1627 2192 1852 2225 immaculatus
1876 2199 2081 2246 coramtaipdum
2101 2202 2176 2226 motw-
2214 2207 2216 2209 ·

1245 2246 1328 2290 ipso,
1350 2252 1393 2287 et,
1411 2257 1483 2279 cum
1510 2247 1600 2279 illum
1627 2246 1755 2279 dederit
1781 2246 1875 2279 nohis
1892 2232 2007 2289 qnasi'¹
2028 2241 2033 2247 “

1245 2299 1421 2342 fulgentem
1448 2300 1551 2332 solem
1577 2299 1608 2331 in
1635 2300 1755 2342 templo
1780 2309 1838 2332 suo
1864 2300 1896 2332 in
1923 2299 1984 2332 hac

1244 2358 1337 2386 nocte
1364 2357 1575 2396 peccatorum
1601 2357 1633 2385 et
1655 2352 1907 2386 'tribulationum
1927 2362 1984 2385 no-

1244 2412 1391 2447 strarum,
1417 2407 1570 2440 adeamus
1596 2416 1667 2439 cum
1693 2405 1808 2440 fiducia
1830 2406 1984 2440 thronum

1245 2460 1371 2493 divinae
1390 2459 1649 2499 misericordiae,
1670 2469 1726 2493 ore
1744 2465 1776 2492 ct
1793 2469 1891 2503 opere
1908 2469 1986 2503 sup-

1245 2513 1414 2556 plicantes,
1429 2519 1463 2545 ut
1480 2513 1511 2546 S.
1528 2513 1714 2546 Vincentius
1733 2513 1881 2546 universo
1898 2513 1984 2546 chri·

1245 2566 1349 2600 stiano
1375 2567 1497 2610 populo
1524 2566 1630 2610 prosit
1654 2565 1779 2607 meritis
1812 2571 1842 2599 et
1875 2575 1984 2599 exem-
