2232 3178
263 214 312 241 An.
335 214 363 241 c.
384 213 452 241 ¹738
498 205 563 239 3302

298 758 390 783 l'twlqvm
415 758 433 776 iu

378 791 430 803 ιιιιιι

262 790 446 831 ,ssgjdecgm‘ffiuss
458 791 543 823 tandi
562 801 598 823 ac
615 792 806 824 nominandi
832 792 1021 824 huiusmodi
1048 802 1124 825 vere
1150 802 1199 824 re-

459 273 599 306 cumque
637 268 668 296 et
704 263 1004 305 qualitercumque,
1029 262 1122 294 simul
1149 262 1197 294 vol

459 315 660 356 successive,
687 316 781 348 etiam
808 315 891 359 apud
917 315 1034 348 Sedem
1060 315 1198 356 Aposto-

457 368 550 401 licam
576 368 774 412 praedictam
801 378 913 400 vacare
939 367 1133 410 contigerit,
1166 368 1197 400 in

459 421 513 454 illo
540 422 587 453 vel
623 421 685 453 illis
722 431 781 463 per
819 420 1023 453 Ordinarium
1060 420 1122 453 loci
1159 420 1197 452 ad

457 474 753 517 praesentationem
768 474 842 506 dicti
858 474 985 507 loannis
1004 479 1034 507 et
1048 484 1106 517 pro
1124 479 1199 507 tem-

457 537 536 570 pore
576 527 742 559 existentis
780 527 997 569 Portugalliae
1033 533 1065 560 et
1090 528 1199 569 Algar-

457 579 584 612 biorum
603 579 687 621 regis
704 579 937 612 instituendam
957 589 1011 612 seu
1029 579 1199 612 instituen-

457 632 530 671 das,
556 637 646 664 motu
679 632 777 665 simili
805 632 927 675 pariter
952 632 1111 675 perpetuo
1148 643 1198 665 re-

457 695 638 725 servamus,
665 685 872 718 concedimus
899 691 931 718 et
956 686 1165 728 assignamus.

500 738 514 780 ἓ
533 738 562 771 9.
576 737 710 771 Necnon
729 739 777 770 ius
791 740 986 782 patronatus
1002 743 1032 772 et
1048 749 1200 782 praesew

456 843 542 885 gium
560 843 708 884 existere,
726 844 898 887 eidemque
912 844 1022 877 Ioanni
1038 856 1075 878 ac
1091 845 1199 878 Portu-

456 896 571 939 galliae
591 897 866 939 etAlgarbiorum
886 897 955 940 regi
974 908 1032 940 pro
1053 903 1199 941 tempore

457 949 607 982 existenti
633 949 779 992 praefato
801 960 866 983 non
887 961 923 983 ex
941 951 1126 993 privilegio,
1141 952 1197 984 scd

457 1013 492 1035 ex
519 1004 593 1035 vera
618 1003 790 1046 primaeva,
817 1003 910 1043 reali,
938 1004 1068 1046 actuali,
1087 1006 1197 1047 plena,

455 1057 581 1099 integra
609 1062 640 1089 et
665 1057 853 1089 omnimoda
876 1057 1063 1090 fundatione
1083 1063 1113 1090 et
1129 1069 1200 1101 per-

454 1113 551 1153 petua
577 1111 744 1144 dotatione
770 1117 965 1154 competere,
992 1116 1024 1144 et
1049 1112 1087 1144 ad
1112 1112 1199 1145 loan-

455 1174 528 1196 nem
555 1169 585 1196 et
610 1174 667 1207 pro
695 1169 842 1207 tempore
869 1164 1059 1197 existentem
1088 1165 1199 1197 Portu-

456 1216 569 1258 galliae
583 1217 853 1259 etAlgarbiorum
871 1228 981 1260 regem
994 1217 1197 1260 praedictum

454 1270 643 1313 pertinere,
669 1270 814 1313 illudque
840 1271 922 1311 vim,
949 1270 1117 1311 etl'ectum,
1145 1282 1199 1304 na-

455 1328 581 1363 turam,
607 1323 818 1355 substantiam
835 1350 842 1363 ,
870 1323 1042 1356 essentiam
1064 1351 1070 1363 ,
1098 1324 1199 1367 quali-

456 1381 561 1415 tatem,
581 1376 778 1409 validitatem
805 1383 835 1409 et
859 1377 988 1409 roboris
1015 1376 1198 1410 firmitatem

455 1429 729 1472 iurispatronatus
745 1429 825 1472 regii
845 1430 1028 1463 huiusmodi
1041 1430 1198 1470 obtinere;

456 1491 491 1514 ac
516 1482 563 1513 uti
590 1483 653 1515 tale
679 1482 737 1514 sub
753 1493 958 1526 quacumque
977 1483 1199 1525 derogatione,

456 1534 553 1568 etiam
570 1546 641 1568 eum
664 1535 833 1579 quibusvis
848 1536 1152 1579 praegnantissimis
1171 1542 1200 1568 et

457 1588 688 1621 efficacissimis
713 1589 868 1622 clausulis
886 1594 917 1622 et
935 1590 1087 1630 decretis,
1103 1590 1200 1622 etiam

456 1652 527 1674 cum
554 1642 700 1675 clausula
727 1641 873 1682 Quorum.
900 1646 1041 1682 tenores,
1070 1647 1142 1682 eto,
1168 1644 1199 1675 in

455 1705 658 1739 quacumque
685 1695 909 1738 dispositione,
932 1696 1026 1729 etiam
1041 1706 1100 1739 per
1119 1696 1198 1729 viam

456 1749 718 1789 constitutionis,
745 1749 847 1791 legis,
874 1750 1007 1791 regulae
1037 1749 1201 1782 Cancella-

456 1802 523 1835 riae
549 1809 693 1842 nostrae,
719 1808 771 1835 aut
796 1804 873 1836 alias
894 1804 1199 1847 quomodocumque

456 1856 548 1896 sacta,
575 1856 759 1889 nullatenus
786 1857 1039 1899 comprehendi3
1068 1868 1127 1890 nec
1153 1857 1199 1890 itti

456 1910 524 1944 ullo
550 1921 693 1954 unquam
720 1916 881 1953 tempore,
908 1911 967 1943 sub
993 1922 1199 1954 quocumque

456 1969 638 2006 praetextu,
662 1969 693 1996 et
711 1975 747 1996 ex
767 1975 971 2007 quacumque
988 1966 1085 1997 causa
1103 1975 1201 2007 quan-

456 2016 573 2049 tumvis
593 2017 731 2059 urgenti,
747 2018 973 2059 urgentissima
992 2022 1022 2050 et
1043 2017 1198 2059 legitima,

456 2080 515 2112 per
540 2080 597 2102 nos
618 2080 674 2103 seu
694 2081 917 2114 quoscumque
936 2071 1017 2103 alios
1039 2070 1200 2103 Romanos

456 2122 632 2157 Pontifices
657 2133 860 2157 successores
886 2130 1012 2158 nostros
1037 2135 1096 2168 pro
1122 2130 1200 2157 tem—

456 2187 538 2220 pore
560 2177 746 2216 existentes,
765 2178 815 2210 vel
832 2177 948 2210 Sedem
967 2178 1127 2217 eamdem,
1148 2184 1201 2211 aut

455 2229 543 2263 illius
579 2230 703 2272 legatos
743 2230 839 2263 etiam
873 2230 911 2263 de
943 2231 1068 2271 latere,
1104 2230 1199 2263 etiam

456 2288 558 2322 motu,
587 2282 723 2315 seientia
750 2288 781 2315 et
805 2283 972 2326 potestatis
997 2283 1200 2326 plenitudine

457 2336 628 2376 similibus,
655 2347 711 2369 seu
737 2336 875 2369 cuiusvis
902 2336 1038 2369 instituti
1058 2343 1200 2371 contem-

456 2390 614 2433 platione,
641 2400 700 2433 per
725 2401 946 2434 quascumque
972 2391 1096 2423 litteras
1122 2402 1199 2434 apo-

458 2445 589 2478 stolicas
616 2444 710 2477 etiarn
736 2444 769 2477 in
795 2445 897 2478 forma
923 2444 1042 2484 Brevis,
1074 2445 1200 2488 quasvis

459 2498 555 2530 etiam
591 2498 873 2541 derogatoriarum
908 2498 1129 2541 derogatorias
1166 2509 1201 2531 ac

458 2550 613 2585 fortiores
640 2556 671 2585 et
695 2551 847 2585 insolitas
880 2553 1039 2586 clausulas
1071 2562 1200 2585 necnon

456 2603 620 2639 irritantla
644 2609 676 2639 et
701 2605 763 2640 alia
781 2605 911 2641 decreta
925 2615 1149 2651 quaecumque
1167 2604 1201 2639 in

1042 212 1225 237 BULLARIUM
1249 212 1266 236 R
1273 213 1408 236 oMANUM

1242 272 1275 294 se
1301 261 1522 301 continentes,
1547 261 1695 305 derogari
1722 267 1774 295 aut
1790 263 1980 305 derogatum

1243 315 1368 347 censeri
1394 325 1490 358 posse
1515 325 1619 358 neque
1646 316 1776 357 debere,
1797 321 1828 349 et
1852 316 1884 348 in
1906 325 1981 349 con-

1244 368 1376 401 trarium
1417 369 1514 401 saetas
1556 370 1785 411 derogationes
1806 397 1812 412 ‚
1853 379 1979 403 necnon

1243 431 1465 464 quascumque
1503 422 1720 463 collationes,
1759 423 1981 465 provisiones,

1243 473 1470 513 institutiones,
1497 475 1545 507 vel
1571 475 1648 508 alias
1676 475 1923 519 dispositiones¹
1943 476 1981 509 de

1242 527 1400 561 beneflcio
1427 538 1482 560 seu
1507 528 1682 569 beneficiis,
1709 534 1765 561 aut
1789 529 1981 562 canonicatu

1243 585 1275 612 et
1291 581 1486 623 praebenda,
1507 591 1561 614 seu
1580 582 1822 615 canonicatibus
1840 588 1871 615 et
1888 592 1983 624 prae-

1243 632 1357 666 bendis
1384 644 1401 666 a
1426 634 1611 677 patriarcha
1629 634 1877 678 Ulyssiponensi
1897 634 1983 668 occi-

1244 686 1363 720 dentali
1390 697 1449 730 pro
1476 692 1620 730 tempore
1648 687 1807 721 existente
1837 687 1982 732 praefato

1243 738 1287 771 sic
1314 744 1348 771 ut
1372 740 1556 782 praefertur
1581 740 1735 782 erigendo
1764 751 1819 773 seu
1857 741 1984 784 erigen-

1244 792 1300 831 dis,
1320 797 1352 825 et
1377 798 1452 825 tunc
1477 799 1586 826 erecto
1605 804 1660 826 seu
1679 794 1806 833 erectis,
1825 804 1885 838 pro
1903 799 1984 827 tem-

1243 856 1324 888 pore
1352 856 1483 889 quoquo
1509 847 1605 880 modo
1631 847 1812 890 respective
1830 852 1983 881 vacaturo

1244 908 1298 930 seu
1325 898 1506 938 vacaturis,
1533 899 1655 941 absque
1687 900 1823 942 praefati
1857 900 1984 933 Ioannis

1244 955 1275 983 et
1300 961 1358 994 pro
1385 956 1531 994 tempore
1565 953 1731 985 existentis
1768 953 1984 996 Portugalliae

1244 1009 1275 1037 et
1292 1004 1517 1046 Algarbiorum
1533 1006 1619 1048 regis
1635 1017 1797 1039 consensu
1815 1017 1870 1039 seu
1893 1016 1986 1050 prae-

1244 1058 1427 1091 sentatione
1453 1064 1508 1091 aut
1541 1059 1766 1093 nominatione
1802 1059 1984 1103 respective

1245 1111 1352 1151 saetas,
1379 1122 1616 1155 processusque
1642 1113 1781 1156 desuper
1802 1113 1983 1153 habendos,

1244 1169 1274 1196 et
1300 1163 1374 1196 inde
1401 1170 1475 1196 tunc
1501 1170 1611 1197 secuta
1636 1170 1668 1198 et
1693 1166 1861 1208 sequenda
1887 1175 1985 1209 quae-

1244 1227 1408 1260 cumque,
1435 1218 1522 1250 nulla
1553 1223 1584 1249 et
1609 1219 1771 1258 invalida,
1798 1219 1984 1261 nulliusque

1244 1270 1368 1302 roboris
1396 1271 1442 1302 vel
1469 1272 1624 1304 momenti
1656 1272 1724 1304 sore
1757 1277 1788 1304 et
1820 1282 1914 1312 esse,
1949 1281 1986 1305 ac

1245 1333 1302 1365 pro
1327 1323 1427 1356 nullis
1452 1328 1483 1356 et
1503 1324 1630 1356 infectis
1656 1325 1819 1364 habenda,
1855 1335 1917 1357 nec
1937 1325 1986 1357 ius

1244 1377 1291 1408 vel
1318 1377 1499 1409 coloratum
1526 1377 1655 1410 titulum
1692 1377 1883 1420 possidendi
1921 1377 1986 1410 cui-

1244 1440 1338 1472 quam
1364 1440 1423 1472 per
1448 1430 1503 1463 illa
1530 1430 1638 1470 tribui,
1665 1432 1714 1464 vel
1741 1442 1757 1464 a
1777 1441 1984 1474 quocumque

1244 1483 1369 1526 adquiri
1395 1494 1510 1526 posse,
1537 1484 1755 1517 decernimus.

1287 1537 1301 1579 ξ
1327 1536 1380 1569 10.
1408 1537 1453 1575 Et,
1478 1542 1603 1570 attento
1630 1538 1715 1580 quod
1733 1538 1898 1581 praefatus
1918 1537 1985 1571 Cle·
2025 1543 2116 1573 *Quando
2131 1544 2175 1566 *¹¹²¹-

1995 1575 2073 1596 cunque
2092 1571 2175 1592 canoni·
2200 1573 2203 1581 ¹

1244 1600 1333 1622 mens
1348 1590 1580 1633 praedecessor
1593 1590 1625 1622 in
1637 1590 1728 1623 dictis
1743 1591 1781 1623 ab
1793 1591 1983 1624 Innocentio
1996 1597 2174 1645 iffissssapiiiffi‘ii
2200 1620 2203 1641 ἦ
2230 1608 2232 1610 -

1245 1643 1501 1686 praedecessore
1526 1649 1639 1676 nostro
1665 1644 1811 1686 praefato
1844 1643 2124 1697 desuper-2335&
2143 1648 2175 1671 sa·
2202 1662 2203 1697 ᾗ

1244 1696 1275 1728 in
1304 1696 1388 1728 dieta
1414 1697 1517 1729 forma
1551 1697 1709 1740 expeditis
1746 1696 1864 1730 litteris
1898 1697 1986 1730 inter

1244 1749 1306 1782 alia
1338 1749 1441 1782 voluit
1473 1750 1560 1792 quod
1595 1749 1769 1793 applicatio
1802 1755 1834 1783 et
1867 1759 1986 1793 appro-

1246 1803 1386 1845 priatio,
1413 1803 1542 1846 aliaque
1568 1815 1626 1847 per
1656 1805 1786 1837 easdem
1819 1804 1895 1836 dicti
1921 1803 1984 1837 Cle-

1245 1855 1362 1888 mentis
1388 1857 1648 1899 praedecessoris
1674 1857 1706 1889 in
1725 1858 1867 1899 praefata
1884 1857 1986 1890 forma

1244 1909 1411 1952 expeditas
1438 1909 1561 1942 litteras
1583 1910 1614 1942 in
1638 1910 1741 1942 dictae
1760 1905 1987 1953 Ulyssipon'en-

1244 1963 1287 1995 sis
1324 1963 1533 1996 occidentalis
1569 1963 1793 2006 patriarchalis
1829 1963 1985 1996 ecclesiae

1245 2016 1504 2058 praebendarum
1523 2022 1553 2048 et
1569 2016 1804 2049 beneficiorum
1829 2015 1986 2059 respecti-

1243 2080 1280 2102 ve
1296 2069 1381 2102 dotis
1396 2075 1604 2111 augmentum
1620 2080 1772 2103 concessa
1790 2075 1822 2102 et
1840 2068 1984 2112 elargita,

1243 2123 1350 2156 locum
1383 2123 1516 2156 minime
1553 2123 1676 2156 habere
1713 2124 1883 2163 valerent,
1922 2121 1986 2155 nisi

1244 2176 1333 2219 prius
1359 2175 1441 2209 aliae
1467 2176 1611 2209 eiusdem
1647 2176 1819 2209 Clementis
1851 2175 1987 2219 praede-

1243 2230 1378 2262 cessoris
1403 2230 1546 2270 litterae,
1566 2240 1663 2273 super
1679 2230 1811 2262 servitio
1838 2240 1855 2262 a
1880 2227 1986 2271 digni-

1246 2282 1364 2315 tatibus
1389 2293 1424 2314 ac
1450 2282 1612 2314 canonicis
1638 2288 1668 2315 et
1700 2281 1900 2315 beneficiatis
1939 2281 1986 2314 di-

1245 2341 1314 2368 ctae
1340 2336 1548 2379 patriarchali
1571 2336 1727 2369 ecclesiae
1746 2334 1986 2379 Ulyssiponensi

1244 2389 1437 2422 occidentali
1475 2390 1672 2432 praestando
1700 2395 1773 2422 tunc
1800 2394 1986 2428 emanatae,

1246 2453 1355 2476 earum
1383 2443 1510 2476 debitae
1537 2442 1715 2476 executioni
1753 2442 1988 2476 demandarem

1246 2502 1321 2538 tur,
1348 2496 1599 2529 secundodictae
1624 2506 1700 2528 vero
1738 2495 1881 2528 eiusdem
1915 2493 1986 2528 Cle-

1245 2549 1364 2583 mentis
1389 2549 1651 2593 praedecessoris
1673 2548 1815 2589 litterae,
1835 2558 1871 2581 ex
1890 2547 2001 2581 certis.

1282 2612 1292 2639 ¹l
1316 2611 1386 2639 Edit.
1408 2611 1487 2641 Μελίη,
1509 2610 1572 2646 legit
1592 2610 1781 2646 depositiones
1797 2611 1837 2647 (a.
1854 2609 1903 2645 τ.).

1991 213 2041 241 An.
2061 214 2170 246 &17³8
2201 205 2204 270 l
