2232 3178
260 239 309 265 Λη.
326 239 356 266 c.
378 238 446 266 1740
492 229 556 263 660

453 288 520 317 dine
552 286 618 317 eiici
654 289 768 326 potest,
793 289 945 325 postquam
978 285 1143 315 admonitus
1165 290 1193 316 et

452 339 602 366 correctus
625 344 681 364 non
706 334 872 373 resipuerit,
898 333 971 363 idest
995 337 1038 363 ter
1059 343 1091 364 ea
1115 344 1193 364 com-

452 384 574 419 miserit,
599 387 701 422 terque
723 382 758 411 de
772 382 806 411 iis
820 392 876 412 non
900 382 1069 421 resipuerit,
1089 392 1192 421 quam-

451 433 494 462 vis
518 437 562 462 ter
584 432 751 461 admonitus
774 436 802 461 et
825 436 986 469 correctus,
1012 435 1080 461 sunt
1103 432 1188 461 haec:

451 481 474 510 si
498 490 512 509 a
535 482 636 510 sancta
657 480 800 509 catholica
814 480 939 510 ecclesia
961 480 995 509 ad
1017 480 1188 517 haereticos,

451 528 651 557 schismaticos
674 527 718 557 vel
741 528 874 557 infideles
906 528 1062 564 defecerit3
1098 528 1121 557 si
1154 527 1189 557 ab

452 577 558 607 Ordine
582 581 681 606 nostro
704 577 929 616 apostataverit,
954 576 977 605 si
1001 577 1120 606 fratrem
1146 576 1189 605 vel

451 629 620 655 extraneum
643 626 772 663 graviter
796 625 974 664 percusserit
996 629 1045 654 aut
1077 624 1190 654 occide-

451 674 503 710 rit;
528 674 552 703 si
576 674 735 704 fornicatus
758 675 862 710 suerit,
886 674 911 703 si
930 683 991 703 rem
1009 674 1105 711 magni
1129 682 1190 703 mo-

451 721 540 751 menti
577 722 687 751 furatus
721 722 808 751 fuerit
841 731 855 751 e
878 721 1057 751 monasterio
1094 721 1138 750 vel
1173 730 1188 750 a

450 770 670 807 saecularibus3
695 771 719 800 si
749 771 844 800 sciens
876 775 904 800 et
938 770 1036 800 volens
1072 771 1186 808 cellam,

451 819 682 857 monasterium,
711 820 872 858 templum,
902 824 951 849 aut
983 819 1059 858 quod
1093 819 1188 848 simile

449 867 626 905 incenderit3
649 868 672 897 si
689 868 817 906 sigillum
841 868 1033 898 confessionis
1056 867 1187 905 fregerit3

450 914 473 943 si
497 915 647 953 veneficia,
671 915 885 946 incantationes
907 920 935 945 et
958 919 1052 945 cetera
1086 915 1188 944 huius-

451 963 526 993 modi
563 964 749 1001 exercuerit,
785 964 808 994 si
846 964 874 994 in
909 964 1018 994 iudicio
1051 964 1189 1003 periurus

450 1012 555 1049 fuerit,
580 1012 603 1042 si
625 1012 659 1042 ab
682 1012 852 1042 obedientia
881 1012 1004 1043 Romani
1027 1012 1186 1048 Pontificis,

450 1065 499 1089 aut
517 1060 697 1099 patriarchae
713 1065 848 1100 proterve
865 1061 1065 1097 rebellaverit,
1086 1061 1109 1090 si
1126 1061 1188 1090 sine

450 1109 565 1138 licentia
590 1109 737 1139 Ordinarii
766 1110 862 1139 sciens
895 1114 922 1139 et
956 1109 1055 1138 volens
1087 1118 1120 1138 ea
1146 1118 1189 1138 sa-

450 1162 597 1188 cramenta
629 1158 879 1188 administraverit
911 1167 985 1197 quae
1020 1166 1187 1196 expressam

448 1207 595 1236 licentiam
632 1208 806 1246 requirunt,
841 1208 863 1237 si
898 1207 1127 1237 machinationes
1160 1211 1188 1236 et

449 1256 605 1286 schismata
629 1256 729 1286 fecerit
751 1257 786 1286 ad
809 1256 1039 1286 destructionem
1054 1257 1098 1285 vel
1115 1256 1189 1285 divi-

449 1304 559 1334 sionem
575 1304 710 1342 Ordi1iis3
731 1305 754 1335 si
777 1315 792 1334 a
809 1305 956 1335 sententia
972 1304 1086 1334 abbatis
1101 1314 1189 1342 gene-

449 1352 529 1390 ralis,
544 1359 592 1383 aut
605 1363 619 1383 a
633 1354 869 1392 congregationis
881 1354 1026 1392 generalis
1042 1353 1085 1383 vel
1100 1353 1188 1390 hegu-

450 1410 600 1431 menorum
618 1402 652 1431 ad
671 1402 802 1432 infideles
825 1402 1039 1441 provocaverit,
1057 1402 1081 1431 si
1094 1402 1128 1431 ad
1145 1402 1188 1430 in-

449 1449 550 1480 fideles
563 1450 737 1488 confugerit,
755 1454 787 1480 ut
810 1455 968 1489 procurent
989 1449 1098 1479 sibivel
1122 1450 1187 1479 aliis

449 1498 564 1537 aliquod
578 1499 706 1528 officium
726 1499 771 1528 vel
785 1499 957 1537 dignitatem
972 1499 1000 1528 in
1014 1498 1122 1529 Ordine
1138 1502 1188 1527 aut

448 1550 530 1577 extra
553 1546 703 1578 Ordinem.
728 1548 821 1578 Penes
853 1548 1109 1586 congregationem
1139 1547 1188 1577 he-

449 1605 641 1633 gumenorum
676 1597 732 1627 erit
762 1597 902 1635 iudicare,
927 1605 1108 1636 poenamque
1131 1596 1189 1626 eie—

448 1644 554 1675 ctionis
577 1645 710 1684 infligere
733 1646 821 1675 etiam
843 1645 869 1675 ei
887 1645 1039 1682 monacho,
1061 1645 1110 1684 qui
1128 1654 1185 1674 non

449 1694 478 1722 in
502 1693 577 1723 idem
601 1703 635 1724 ex
659 1694 835 1734 supradictis
858 1693 1031 1724 criminibus
1050 1698 1092 1723 ter
1115 1693 1186 1722 inci-

449 1742 510 1781 dit,
536 1742 587 1772 sed
611 1743 665 1773 tria
688 1743 820 1780 diversa,
846 1742 889 1772 vel
914 1742 995 1782 plura
1018 1751 1053 1772 ex
1076 1742 1111 1771 iis
1133 1741 1188 1771 cri-

449 1790 526 1820 mina
550 1791 707 1821 commisit.

489 1848 516 1868 v.
540 1839 635 1879 Atque
658 1840 712 1870 hoc
734 1840 797 1870 loco
820 1849 922 1870 rursus
945 1838 1111 1879 superiores
1137 1838 1186 1868 ad-

448 1893 635 1926 moneantur,
659 1898 695 1919 ne
717 1890 770 1918 sua
791 1888 923 1919 socordia
946 1893 995 1918 aut
1018 1887 1122 1917 vitiosa
1145 1896 1187 1917 se-

449 1936 573 1967 veritate
595 1936 700 1967 fratres
722 1946 790 1967 suos
823 1936 857 1966 ad
890 1937 967 1966 hunc
990 1935 1185 1966 miserabilem

448 1985 552 2015 saltum
576 1985 610 2015 de
633 1985 811 2015 monasterio
829 1984 863 2015 ad
886 1985 1048 2023 saeculum,
1072 1984 1107 2014 de
1126 1993 1187 2014 sae-

448 2033 514 2064 culo
542 2034 570 2063 in
606 2034 752 2064 infernum
786 2034 919 2072 adigant3
943 2033 1011 2068 sed,
1041 2042 1107 2063 cum
1139 2033 1187 2062 vix

449 2082 540 2112 ullum
563 2082 713 2121 ingenium
736 2083 785 2121 sit,
802 2082 874 2112 adeo
897 2082 1029 2121 pertinax
1049 2086 1074 2111 et
1092 2082 1184 2120 ferox,

449 2131 536 2170 quod,
560 2131 727 2170 adspirante
749 2131 798 2161 Dei
821 2131 934 2169 gratia,
959 2130 1185 2160 mansuetudine

448 2184 477 2209 et
498 2180 615 2210 lenitate
631 2180 816 2219 superiorum
834 2180 922 2217 vinci,
941 2184 1094 2219 tractuque
1113 2183 1184 2209 tem-

449 2229 526 2268 poris
547 2229 581 2259 ad
604 2229 710 2259 bonam
733 2230 844 2267 frugem
862 2229 992 2259 revocari
1008 2239 1066 2258 non
1083 2229 1184 2267 possit,

448 2282 480 2307 ut
502 2278 668 2317 superiores
691 2278 725 2308 ad
752 2278 805 2307 hoc
840 2282 1001 2308 extremum
1024 2277 1184 2307 remedium

448 2328 585 2358 devenire
606 2337 664 2357 non
687 2331 839 2366 cogantur,
857 2327 971 2356 discant
994 2326 1029 2356 ab
1048 2326 1185 2365 Apostolo

447 2376 543 2406 omnia
566 2385 616 2406 sua
640 2376 669 2405 in
692 2375 836 2405 charitate
858 2384 921 2405 esse
944 2375 1096 2404 facienda:
1120 2375 1185 2404 cha-

446 2426 516 2454 ritas
536 2428 626 2454 autem
646 2425 755 2463 patiens
776 2428 824 2458 est,
850 2424 964 2462 benigna
986 2428 1042 2459 est;
1065 2423 1186 2453 charitas

449 2483 500 2502 non
522 2473 689 2511 (annulatur,
710 2482 762 2502 non
785 2474 840 2511 agit
859 2482 1016 2512 perperam,
1034 2482 1087 2501 non
1104 2472 1186 2510 infla-

447 2527 504 2555 tur:
529 2532 578 2551 non
602 2526 640 2551 est
662 2522 812 2557 ambitiosa,
837 2532 889 2551 non
912 2523 1021 2561 quaerit
1044 2531 1113 2560 quae
1136 2532 1185 2550 sua

446 2575 519 2605 sunt,
544 2581 594 2600 non
617 2572 759 2609 irritatur,
784 2581 836 2600 non
865 2571 961 2608 cogitat
994 2570 1107 2608 malum,
1132 2580 1186 2599 non

444 2620 542 2657 gaudet
563 2631 646 2659 super
671 2621 829 2659 iniquitate,
853 2620 901 2650 secl
931 2620 1030 2658 yaudet
1064 2620 1185 2651 veritati.

1045 238 1224 262 BULLARIUM
1249 237 1404 261 ROMANUM

1234 286 1426 321 Quamobrem
1450 289 1603 325 antequam
1624 285 1658 315 ad
1676 284 1826 315 eiectionis
1849 293 1971 325 poenam

1235 335 1470 374 progrediantur,
1503 334 1716 373 praemittenda
1750 338 1835 364 erunt
1873 333 1969 363 omnia

1234 383 1289 412 alia
1313 383 1439 412 remedia
1458 392 1472 412 a
1490 382 1598 412 sanctis
1622 382 1756 412 Patribus
1780 382 1969 421 praescripta,

1233 432 1304 461 adeo
1326 436 1373 468 ut,
1399 431 1423 461 si
1447 431 1508 460 fieri
1534 435 1645 470 potest,
1670 430 1816 461 communi
1839 430 1970 460 omnium

1234 484 1261 509 et
1284 480 1411 518 privatae
1433 479 1614 517 singulorum
1639 480 1760 509 fratrum
1776 478 1970 508 aedificationi

1233 532 1261 558 et
1283 528 1367 558 saluti
1392 528 1598 567 prospiciatur.

1272 585 1291 605 1.
1317 576 1352 605 Ut
1374 575 1534 605 defectibus
1557 575 1585 604 in
1608 574 1747 605 Ordinem
1770 574 1878 604 sensim
1902 574 1972 603 irre-

1233 624 1368 663 pentibus
1398 627 1581 661 occurratur,
1613 628 1640 652 et
1668 623 1804 661 religiosa
1834 621 1971 661 perfectio

1233 677 1432 710 conservetur,
1467 672 1510 702 vel
1543 672 1629 701 etiam
1664 676 1817 709 augeatur,
1852 674 1973 709 possunt

1232 723 1346 761 aliquae
1370 731 1459 751 novae
1476 721 1699 751 constitutiones
1717 729 1768 759 pro
1787 724 1846 749 toto
1864 718 1972 749 Ordine

1233 771 1435 811 praesentibus
1470 770 1554 806 addi,
1579 779 1652 809 quae
1683 769 1813 798 eamdem
1848 768 1905 798 vim
1938 777 1972 797 ac

1233 820 1322 850 robur
1345 819 1481 858 habeant,
1512 819 1573 848 sive
1604 818 1762 848 nonnullae
1793 827 1824 846 ex
1849 817 1884 846 iis
1910 826 1973 846 mu-

1233 869 1287 899 tari
1316 869 1358 899 vel
1393 869 1547 907 abrogari,
1572 867 1728 897 dummodo
1752 866 1851 904 regula
1867 890 1874 904 ,
1898 874 1972 905 quae

1981 235 2030 263 An.
2046 235 2074 263 C.
2097 236 2163 265 ¹740

1994 598 2042 619 Cn.
2055 604 2153 620 unium«.

2009 624 2088 645 Monita
2104 631 2165 650 gene-

1982 651 2036 680 ralia
2047 657 2083 677 pro
2094 652 2164 681 ohser-

1983 682 2067 698 vatione
2087 680 2165 698 consti-

1983 704 2095 724 tutiouum.

1232 918 1261 947 in
1285 918 1390 957 prioris
1414 918 1503 957 partis
1526 916 1669 956 capitibus
1685 914 1884 953 duodeviginti
1903 923 1972 944 con·
2014 920 2017 923 ’

1233 966 1351 1001 tinetur,
1385 967 1491 996 intacta
1524 969 1661 1003 maneat;
1692 965 1780 1003 idque
1808 973 1865 993 non
1889 963 1974 992 aliter

1232 1016 1292 1052 fiat,
1312 1015 1369 1045 nisi
1385 1016 1414 1045 in
1430 1015 1656 1053 congregatione
1674 1013 1814 1052 generali.
1837 1012 1970 1051 Insuper,

1233 1074 1284 1103 pro
1301 1063 1376 1093 bono
1393 1063 1612 1102 particularium
1637 1061 1891 1095 monasteriorum,
1909 1070 1974 1100 pos-

1231 1117 1299 1141 sunt
1321 1111 1356 1140 ab
1375 1111 1479 1141 abbate
1496 1112 1636 1149 generali,
1654 1115 1702 1140 aut
1717 1120 1730 1139 a
1747 1109 1972 1148 congregatione

1232 1162 1481 1199 hegumenorum,
1508 1160 1550 1189 vel
1573 1170 1587 1189 a
1613 1158 1811 1189 visitatoribus
1838 1168 1853 1187 a
1885 1167 1973 1196 gene-

1231 1210 1284 1239 rali
1309 1210 1352 1238 vel
1376 1209 1607 1246 hegumenorum
1634 1208 1860 1246 congregatione
1883 1201 1974 1246 dep'u-

1232 1257 1309 1295 tans,
1324 1257 1438 1296 aliquae
1452 1257 1642 1296 particulares
1658 1255 1881 1286 constitutiones
1897 1255 1970 1292 fieri,

1231 1316 1304 1345 quae
1328 1311 1423 1336 tamen
1446 1305 1632 1344 generalibus
1654 1306 1733 1335 hisce
1755 1303 1973 1335 constitutioni-

1232 1355 1284 1385 bus
1303 1364 1439 1393 expresse
1455 1364 1512 1384 non
1529 1354 1732 1391 adversentur,
1751 1353 1800 1383 sed
1816 1353 1863 1391 iis,
1881 1361 1973 1392 quan-

1232 1408 1292 1433 tum
1318 1403 1379 1432 fieri
1404 1407 1509 1442 potest,
1533 1402 1771 1433 accomodentur.

1271 1462 1300 1482 ιι.
1331 1452 1490 1491 Explicatio
1521 1451 1760 1481 constitutionum
1795 1454 1823 1480 et
1856 1449 1973 1489 regulae

1231 1500 1358 1539 pertinet
1381 1499 1414 1529 ad
1438 1499 1532 1529 solum
1555 1499 1688 1529 abbatem
1718 1498 1883 1537 generalem
1906 1507 1971 1528 cum

1230 1550 1352 1579 consilio
1376 1549 1625 1587 hegumenorum,
1646 1549 1728 1587 isque
1750 1548 1805 1578 erit
1827 1547 1972 1586 genuinus

1230 1607 1330 1627 earum
1354 1607 1468 1635 sensus,
1493 1597 1521 1627 in
1544 1607 1629 1636 quem
1653 1597 1745 1626 maior
1763 1605 1829 1636 pars
1852 1605 1973 1634 congre—

1229 1647 1357 1685 gationis
1379 1646 1611 1684 hegumenorum
1634 1645 1828 1675 consenserit.

1269 1704 1309 1724 111.
1333 1694 1439 1725 Omnes
1462 1694 1579 1724 abbates
1609 1694 1787 1724 tenebuntur
1814 1693 1919 1723 habere
1941 1694 1971 1723 in

1229 1743 1359 1783 quolibet
1382 1743 1559 1773 monasterio
1582 1743 1638 1773 duo
1660 1743 1761 1772 saltem
1791 1742 1972 1781 exemplaria

1229 1792 1346 1831 regulae
1369 1796 1397 1821 et
1427 1791 1668 1821 constitutionum
1702 1795 1759 1821 tam
1789 1790 1972 1829 generalium

1229 1850 1316 1880 quam
1340 1840 1576 1880 particularium,
1600 1840 1624 1869 si
1647 1849 1720 1879 quae
1752 1843 1835 1877 sunt,
1860 1838 1972 1878 proprii

1230 1889 1411 1926 monasterii,
1422 1888 1544 1928 illasque
1557 1889 1584 1918 in
1599 1888 1718 1928 publica
1729 1889 1831 1918 mensa
1843 1892 1891 1918 aut
1904 1897 1973 1918 con-

1229 1937 1398 1976 gregatione
1421 1937 1528 1967 saciant
1550 1936 1605 1975 legi
1629 1936 1779 1976 fratribus,
1803 1936 1856 1966 sub
1879 1936 1973 1976 poena

1229 1986 1430 2026 suspensionis
1453 1985 1487 2015 ab
1510 1985 1618 2023 officio,
1637 1985 1768 2025 quolibet
1791 1993 1901 2023 mense,
1925 1983 1971 2014 die

1229 2034 1472 2071 determinanda,
1497 2043 1547 2072 per
1574 2035 1829 2073 congregationem
1852 2042 1971 2072 genera-

1229 2083 1306 2120 lem,
1329 2082 1416 2122 idque
1438 2082 1614 2120 intelligitur
1641 2082 1677 2111 de
1706 2082 1814 2121 prima,
1843 2081 1972 2112 secunda

1229 2136 1256 2161 et
1279 2131 1382 2170 quinta
1405 2135 1509 2170 parte;
1533 2140 1598 2161 nam
1623 2131 1705 2161 tertia
1729 2135 1757 2161 et
1780 2134 1880 2170 quarta
1905 2139 1972 2170 pars

1229 2179 1472 2210 constitutionum
1496 2179 1551 2217 legi
1575 2179 1681 2209 debent
1704 2179 1793 2209 semel
1822 2179 1849 2208 in
1882 2188 1970 2217 anno,

1228 2229 1274 2259 die
1292 2229 1362 2259 item
1386 2238 1436 2268 per
1458 2229 1711 2267 congregationem
1734 2228 1899 2266 generalem
1923 2228 1972 2258 de-

1232 2278 1430 2308 terminanda.

1268 2335 1306 2356 iv.
1331 2326 1364 2356 Et
1382 2326 1448 2365 quia
1467 2335 1517 2365 per
1534 2326 1714 2364 vigilantiam
1737 2330 1787 2355 aut
1809 2325 1970 2356 socordiam

1229 2376 1427 2414 superiorum,
1452 2380 1482 2405 ut
1505 2375 1675 2415 plurimum,
1697 2375 1843 2414 profectus
1858 2378 1908 2404 aut
1923 2374 1971 2404 de-

1229 2425 1321 2454 sectus
1345 2425 1553 2455 monachorum
1577 2425 1607 2454 in
1624 2425 1732 2455 Ordine
1755 2428 1908 2462 constant,
1927 2424 1971 2454 id-

1228 2473 1306 2503 circo
1329 2482 1431 2503 omnes
1453 2474 1619 2513 superiores
1651 2474 1680 2503 in
1708 2473 1830 2503 Domino
1853 2481 1970 2502 monen-

1229 2526 1288 2558 tur,
1323 2527 1355 2552 ut
1390 2531 1533 2552 memores
1565 2522 1624 2552 sint
1655 2522 1788 2560 rationis,
1821 2530 1907 2561 quam
1939 2521 1969 2550 in

1228 2571 1388 2600 novissimo
1410 2571 1456 2601 die
1479 2570 1619 2601 reddituri
1643 2575 1709 2601 sunt
1732 2580 1785 2610 pro
1806 2579 1892 2609 grege
1914 2568 1969 2600 sibi

1228 2619 1399 2650 commisso:
1428 2629 1460 2649 ac
1483 2624 1636 2659 propterea
1668 2619 1747 2650 omni
1774 2620 1871 2650 studio
1893 2620 1968 2651 invi-
