2232 3178
303 262 353 289 An.
369 261 397 288 c.
421 261 487 288 1738
534 252 598 286 478

500 311 554 340 fide
577 310 766 349 sponsalium,
784 310 856 339 itaut
872 309 907 339 de
924 309 976 338 sua
1000 310 1125 347 persona
1141 308 1237 347 dispo-

499 368 568 388 nere
591 369 647 388 non
672 359 779 397 possit3

540 416 577 436 xi.
602 407 704 436 Nono:
729 406 758 435 Si
789 406 843 436 scit
875 405 950 445 quod
979 404 1083 434 habeat
1109 404 1236 443 aliquam

498 455 700 485 infirmitatem
724 455 938 493 contagiosam3

539 513 587 533 xil.
613 504 750 533 Decimo:
775 504 803 534 Si
826 504 880 533 scit
904 503 979 542 quod
1007 502 1111 532 babeat
1140 502 1236 541 aliqua

499 551 596 582 debita
620 562 693 591 quae
717 553 829 582 solvere
856 562 913 582 non
944 551 1054 591 possit,
1080 551 1122 580 vel
1151 550 1174 579 si
1199 555 1238 579 te-

499 605 604 630 neatur
626 601 745 631 reddere
778 601 921 630 rationem
941 623 948 636 ,
972 610 1005 630 ex
1029 610 1084 638 qua
1109 599 1164 638 ipsi
1192 599 1236 628 vel

499 649 601 679 Ontini
625 654 723 681 nostro
746 651 840 690 aliqua
864 650 901 680 lis
923 659 972 680 seu
991 649 1121 679 molestia
1138 648 1239 678 subse-

499 699 547 738 qui
571 699 684 735 valeat3

539 757 599 777 xiii.
625 748 802 778 Undecimo:
821 747 849 777 Si
873 748 927 778 scit
944 747 1020 787 quod
1044 746 1238 786 praetendens

501 796 586 826 fuerit
610 797 735 826 novitius
758 797 802 826 vel
825 797 973 836 professus
996 796 1025 825 in
1049 797 1148 825 nostra
1171 795 1236 824 reli-

499 845 583 883 gione
606 846 649 875 vel
674 846 702 875 in
726 846 782 875 alio
805 854 989 885 quocumque
1018 845 1143 882 Ordine,
1171 853 1239 873 con-

499 895 668 932 gregatione
701 903 751 923 seu
786 894 939 931 societate,
964 893 1049 922 etiam
1078 893 1108 922 in
1131 892 1238 922 nostris

500 941 631 980 patribus
653 942 812 979 Calceatis,
830 942 873 971 vel
890 941 1090 978 DiscalccatiS,
1111 951 1161 971 seu
1184 942 1239 970 Re-

500 991 631 1020 formatis
653 991 744 1020 nostri
761 990 879 1021 Ordinis
895 1000 951 1020 non
966 989 1106 1020 subiectis
1122 993 1238 1020 nostrae

499 1040 715 1076 iurisdictioni3

539 1097 599 1118 xrv.
623 1088 820 1118 Duodecimn:
852 1088 880 1118 Si
911 1088 965 1118 scit
996 1088 1071 1128 quod
1103 1091 1239 1127 praeten-

501 1136 622 1166 tendens
644 1141 672 1166 et
694 1137 766 1176 petit
789 1140 816 1166 et
840 1137 901 1166 vult
923 1136 1055 1166 habitum
1078 1140 1192 1175 sponte,
1210 1140 1238 1165 et

501 1187 619 1225 proprio
642 1186 745 1216 affectu
762 1195 794 1216 ac
811 1186 959 1216 voluntate
976 1186 1107 1221 allectus,
1125 1194 1181 1214 non
1198 1185 1237 1222 vi,

500 1239 591 1271 metu,
615 1235 725 1271 fraude,
746 1238 796 1264 aut
819 1234 875 1264 alio
898 1234 1027 1263 humano
1049 1237 1206 1272 respectu3

539 1293 587 1313 xv.
611 1284 832 1314 Decimotertio:
857 1283 886 1314 Si
909 1283 963 1313 seit
995 1283 1071 1322 quod
1103 1286 1239 1322 parentes

501 1334 718 1373 praecendentis
735 1334 793 1363 sint
816 1342 967 1373 pauperes,
983 1332 1056 1362 itaut
1075 1332 1108 1361 ad
1125 1335 1240 1361 susten-

500 1383 636 1412 tationem
654 1391 735 1412 suam
759 1382 909 1420 indigeant
931 1380 1077 1410 adiutorio
1093 1381 1172 1410 illius
1196 1381 1238 1410 vel

500 1429 662 1468 religionis,
686 1429 710 1458 si
734 1429 894 1468 recipiatur
915 1428 950 1458 ad
974 1437 1058 1465 eam3

540 1487 597 1508 xvi.
628 1478 872 1517 Decimoquarto:
898 1477 927 1506 Si
960 1477 1014 1506 scit
1046 1485 1146 1506 verum
1176 1485 1239 1505 esse

501 1537 585 1557 omne
608 1527 683 1567 quod
706 1527 847 1566 deponit,
871 1526 955 1563 itaut,
980 1526 1002 1555 si
1032 1525 1140 1564 aliquid
1165 1518 1240 1555 esset

500 1577 529 1606 in
553 1576 743 1613 contrarium,
767 1575 854 1605 sciret
876 1575 921 1604 vel
944 1574 1117 1604 audivisset.

541 1634 609 1654 xrn.
633 1625 662 1655 Si
684 1625 713 1654 in
737 1624 832 1664 aliqua
856 1624 973 1662 regione
990 1625 998 1640 ¹
1020 1623 1065 1652 vel
1089 1622 1241 1661 provincia

501 1683 574 1713 opus
595 1673 685 1703 fuerit
717 1672 916 1704 strictioribus
948 1671 1094 1711 aliquibus
1116 1671 1241 1701 interro-

501 1722 679 1761 gationibus,
703 1721 869 1761 superiores
891 1721 956 1751 illas
979 1724 1126 1760 apponant
1149 1720 1176 1749 in
1196 1720 1239 1750 in-

503 1771 709 1810 terrogatorio,
733 1775 761 1800 et
783 1770 973 1800 informantes
995 1769 1186 1807 adimpleant.

542 1828 621 1850 xvm.
650 1819 771 1858 Insuper
803 1818 904 1848 stricte
936 1817 1134 1857 praecipimus
1165 1816 1241 1856 quod

503 1869 624 1908 quilibet
646 1868 829 1898 informans²
853 1866 926 1906 (sub
949 1867 1041 1906 poena
1064 1866 1160 1904 gravis
1183 1865 1242 1895 cul-

503 1928 555 1958 pae
571 1927 622 1957 per
641 1922 699 1948 tres
715 1917 787 1954 dies)
801 1916 929 1956 proferat
952 1916 1037 1945 fidem
1060 1915 1241 1954 baptismatis

503 1966 734 2006 praetendemus,
752 1970 779 1996 et
798 1966 877 1995 illam
899 1965 1008 1995 inserat
1030 1963 1240 2001 informationi,

502 2020 534 2046 ut
555 2015 590 2046 de
612 2015 756 2054 baptismo
778 2019 806 2045 et
827 2019 921 2044 aetate
943 2017 1066 2049 constet,
1084 2013 1242 2042 scribatur-

503 2065 582 2104 que³
604 2066 633 2094 in
657 2064 731 2094 libro
754 2065 784 2094 in
807 2073 864 2103 quo
887 2063 950 2093 eius
973 2062 1100 2101 receptio
1123 2066 1151 2092 et
1178 2071 1243 2101 pro-

504 2115 590 2144 fessio
617 2114 771 2144 scribenda
803 2117 858 2143 est.
883 2112 1033 2142 Praelatus
1065 2116 1160 2141 autem
1193 2111 1243 2151 qui

504 2172 563 2193 non
587 2163 689 2193 fecerit
712 2161 910 2192 testimonium
942 2160 1080 2199 baptismi
1102 2159 1190 2189 scribi
1213 2160 1241 2189 in

504 2212 581 2242 dicto
604 2211 689 2246 libro,
707 2215 734 2241 et
751 2211 799 2250 qui
823 2210 949 2249 aliquem
975 2209 1010 2238 ad
1034 2209 1242 2247 professionem

505 2261 656 2291 admiserit
677 2260 740 2290 sine
773 2260 852 2289 dieta
882 2257 1020 2297 baptismi
1045 2257 1120 2295 fide,
1143 2267 1243 2287 severe

506 2311 655 2350 puniatur.

546 2368 605 2390 mx.
629 2359 717 2389 Facta
749 2356 955 2388 informatione
986 2359 1014 2386 et
1042 2355 1156 2394 clausa,
1181 2356 1243 2396 ipse

505 2408 667 2438 informans
685 2411 768 2437 curet
789 2406 868 2436 illam
892 2404 1108 2444 quamprimum
1129 2404 1244 2434 tradere

506 2457 581 2497 patri
604 2456 738 2486 ministro
761 2458 921 2485 conventus
938 2453 980 2482 vel
998 2452 1124 2491 collegii,
1142 2453 1169 2482 in
1186 2463 1243 2492 quo

507 2505 699 2546 praetendens
728 2503 829 2534 habitu
861 2506 961 2533 nostro
991 2501 1155 2532 induendus
1183 2506 1242 2539 cst;

543 2570 555 2595 1
579 2568 697 2595 Pessime
717 2567 782 2594 edit.
799 2566 878 2593 Main.
899 2564 964 2599 legit
978 2566 1120 2600 religione
1139 2567 1179 2599 (a.
1195 2565 1242 2600 τι),

541 2614 558 2640 2
573 2613 644 2640 Edit.
665 2612 748 2639 Main.
770 2612 836 2647 legit
854 2612 1047 2646 informantes
1067 2612 1103 2645 (n.
1119 2614 1168 2643 T.).

542 2657 557 2686 3
577 2657 648 2685 Edit.
670 2657 752 2685 Main.
774 2657 840 2692 legit
859 2657 1083 2691 scribanturque
1105 2655 1141 2692 [a.
1157 2655 1207 2691 12).

1085 258 1270 284 BULLAMUM
1297 258 1456 282 ROMANUM

1279 314 1307 338 et
1329 308 1423 337 dictus
1446 306 1601 342 minister,
1625 315 1658 336 ac
1681 305 1852 342 consiliarii,
1875 309 1904 335 et
1928 304 2021 343 magi-

1280 362 1341 387 ster
1364 355 1539 385 novitiorum
1564 355 1607 385 vel
1632 355 1841 394 professorum,
1861 354 1905 384 vel
1925 354 1961 392 (si
1980 352 2020 383 ibi

1281 405 1419 443 magister
1446 413 1502 434 non
1530 404 1590 442 est)
1614 404 1761 441 vicarius,
1785 412 1885 433 omnes
1919 402 2020 441 utique

1281 453 1381 487 simul,
1400 453 1517 482 videant
1539 453 1788 489 informationem,
1807 455 1834 481 et
1857 450 2020 490 approbent

1282 502 1326 532 vel
1349 502 1516 541 reprobent,
1535 505 1562 531 et
1585 502 1726 531 rationem
1751 500 1875 530 fideliter
1898 499 2021 529 reddant

1282 550 1410 589 capitulo
1433 550 1617 579 conventuali
1641 550 1675 579 de
1698 549 1843 579 contentis
1866 548 1895 577 in
1920 549 1964 577 ea.
1987 547 2022 577 Et

1282 608 1438 629 oneramus
1471 598 1678 628 conscientiam
1712 597 1944 627 examinatorum
1978 595 2022 625 di-

1282 653 1343 678 ctae
1367 648 1580 677 informationis
1603 651 1631 677 et
1653 647 1857 686 religiosorum
1879 645 2022 686 capitula-

1283 697 1358 727 rium
1382 706 1469 736 super
1492 700 1616 726 secreto.

1321 756 1370 776 xx.
1395 746 1423 776 Si
1445 746 1613 776 informatio
1636 745 1760 776 iuridica
1784 745 1848 775 ficri
1870 744 2025 775 commode·

1283 805 1340 825 non
1370 795 1461 834 possit
1490 799 1646 834 antequam
1676 794 1868 833 praetendens
1899 792 2023 832 recipiat

1283 844 1425 881 habitum,
1451 843 1553 873 saltem
1576 842 1708 882 superior
1726 846 1887 872 conventus
1905 841 1949 871 vel
1965 841 2023 870 col-

1283 893 1363 931 legii,
1389 893 1445 930 vel,
1469 892 1532 922 eius
1555 892 1683 929 nomine,
1705 891 1780 920 alius
1802 890 1958 929 religiosus
1987 889 2023 919 ab

1283 952 1316 971 eo
1338 942 1514 981 deputatus,
1539 950 1635 971 coram
1658 939 1907 970 examinatoribus
1935 938 2024 969 desti-

1282 991 1357 1020 natis
1381 1000 1432 1030 pro
1454 989 1710 1020 informationibus
1733 988 1879 1025 videndis,
1903 988 1981 1018 clare
1996 991 2024 1018 et

1282 1039 1417 1069 distincte
1440 1039 1516 1076 legat
1533 1038 1791 1076 interrogatorium
1809 1036 2021 1076 praetendenti,

1283 1092 1310 1118 et
1327 1097 1378 1127 per
1395 1088 1490 1127 ipsum
1508 1087 1679 1125 singillatim
1703 1087 1882 1124 interroget,
1904 1089 2024 1124 accepto

1283 1136 1318 1166 ab
1341 1146 1373 1166 eo
1396 1136 1561 1165 iuramento
1583 1137 1617 1165 de
1641 1135 1762 1165 veritate
1785 1134 1920 1171 dicenda,
1944 1138 1972 1164 et
1988 1143 2024 1164 an

1283 1184 1549 1224 comprehendatur
1572 1184 1599 1213 in
1624 1184 1722 1223 aliquo
1744 1192 1778 1213 ex
1801 1182 1841 1213 ibi
1864 1182 2021 1213 contentis.

1282 1234 1316 1263 Et
1339 1237 1436 1272 postea
1452 1255 1459 1269 ‚
1483 1232 1700 1271 quamprimum
1734 1231 1871 1270 possibile
1893 1231 1951 1267 sit,
1975 1230 2024 1260 fiat

1282 1282 1449 1312 informatio
1471 1282 1596 1311 iuridica
1616 1285 1643 1311 et
1661 1281 1800 1320 plenaria,
1818 1289 1904 1319 quam
1921 1288 2026 1319 appro-

1283 1332 1353 1362 bent
1377 1332 1421 1361 vel
1444 1331 1601 1370 reprobent
1624 1331 1780 1368 minister,
1806 1329 1968 1360 consiliarii
1997 1333 2025 1359 et

1283 1381 1460 1412 novitiorum
1484 1380 1636 1418 magister.

1322 1440 1342 1460 1.
1365 1430 1547 1469 Quicumque
1570 1428 1757 1468 recipiendus
1780 1432 1823 1458 est
1841 1427 1875 1458 ad
1892 1426 2024 1457 habitum

1283 1484 1429 1516 nostrum,
1454 1478 1639 1508 examinetur
1661 1477 1741 1516 prius
1757 1476 1791 1506 de
1807 1477 1861 1506 sua
1875 1476 2025 1506 vocatione

1284 1537 1298 1557 a
1324 1527 1465 1567 praelato,
1489 1527 1533 1556 vel
1557 1526 1592 1555 ab
1615 1526 1712 1565 aliquo
1735 1525 1874 1563 religioso
1896 1528 2025 1563 experte,

1284 1576 1319 1606 ab
1342 1577 1406 1615 ipso
1428 1576 1589 1614 designato,
1614 1584 1671 1605 non
1695 1575 1787 1604 solum
1811 1578 1959 1612 oretenus,
1977 1572 2028 1603 sed

1284 1625 1419 1664 aliqualis
1442 1624 1491 1654 fiat
1512 1623 1712 1662 experientia3
1736 1626 1764 1652 et
1794 1621 2025 1658 animadvertat,

1284 1674 1307 1703 si
1330 1678 1374 1703 est
1397 1673 1488 1703 bonae
1511 1672 1617 1702 indolis
1639 1676 1667 1702 et
1688 1672 1796 1702 virium
1815 1670 2026 1701 sufficientium

1285 1723 1319 1752 ad
1342 1722 1498 1762 portandas
1520 1721 1673 1759 religionis
1695 1720 1891 1750 austeritates.

1324 1780 1354 1801 11.
1378 1771 1421 1801 Ad
1443 1771 1562 1800 chorum
1589 1780 1646 1799 non
1669 1770 1827 1809 recipiatur
1842 1768 1899 1798 nisi
1921 1768 1971 1808 qui
1985 1768 2027 1798 la-

1285 1820 1430 1850 tinitatem
1449 1819 1643 1849 sufficientem
1663 1819 1767 1848 calleat.
1787 1818 1822 1848 ad
1843 1817 1914 1848 alias
1930 1817 2024 1847 scien-

1286 1869 1340 1899 tias
1359 1868 1571 1908 adipiscendas.
1590 1867 1669 1903 Quod
1686 1871 1718 1897 ut
1732 1870 1856 1904 constet,
1874 1870 1957 1905 pater
1973 1865 2027 1896 mi-

1285 1918 1379 1948 nister
1403 1918 1440 1957 (si
1463 1917 1600 1955 voluerit)
1624 1921 1651 1946 et
1673 1920 1798 1956 quatuor
1819 1915 1949 1953 religiosi
1978 1914 2027 1945 de-

1287 1967 1377 2007 putati
1409 1976 1423 1996 a
1458 1971 1537 2006 patre
1571 1965 1742 2005 provinciali
1772 1965 1832 2003 (vel
1864 1964 1962 2004 aliquo
1991 1972 2026 1994 ex

1286 2016 1349 2046 istis
1372 2015 1536 2050 deficiente,
1561 2014 1634 2044 alius
1656 2013 1720 2043 loco
1742 2014 1804 2043 eius
1826 2013 1995 2051 designatus
2010 2021 2026 2043 a

1286 2064 1443 2103 ministro)
1476 2063 1644 2093 examinent
1679 2061 1938 2101 praetendentem3
1975 2070 2027 2101 per

1287 2113 1426 2143 maiorem
1460 2116 1573 2151 partem
1607 2111 1812 2149 suffragiorum
1845 2114 2026 2140 secretorum

1286 2162 1452 2192 declaretur
1467 2162 1530 2191 eius
1546 2160 1721 2190 sufficientia
1745 2160 1788 2189 vel
1804 2159 2025 2189 insufficientia.

1287 2211 1383 2241 Liceat
1417 2215 1514 2240 tamen
1547 2209 1692 2249 superiori
1717 2209 1869 2248 generali,
1893 2208 1971 2239 iusta
1991 2208 2026 2238 de

1286 2261 1385 2297 causa,
1403 2259 1514 2298 aliquid
1537 2259 1567 2289 in
1591 2259 1706 2288 defectu
1728 2257 1936 2296 grammaticae
1958 2266 2027 2296 sup-

1288 2309 1387 2349 plere,
1416 2309 1540 2338 maxime
1563 2307 1678 2347 quando
1702 2306 1894 2346 praetendens
1915 2305 2027 2344 ingenii

1286 2359 1421 2389 acumine
1445 2358 1544 2398 pollet.

1325 2417 1367 2438 111.
1392 2408 1531 2438 Postliaec
1554 2411 1732 2446 proponatur
1748 2415 1800 2436 suo
1815 2405 1943 2444 capitulo
1958 2413 2026 2435 con-

1288 2457 1428 2494 ventuali,
1453 2457 1500 2486 cui
1523 2459 1666 2495 competat
1688 2455 1832 2495 probatio,
1853 2459 1881 2484 et
1902 2453 2027 2484 fideliter

1288 2506 1328 2536 illi
1352 2505 1555 2544 significentur
1576 2505 1657 2535 dotes
1679 2503 1907 2543 praetenderitis.
1923 2503 2026 2533 Postea

1287 2554 1459 2594 aperiantur
1491 2554 1730 2592 informationes,
1761 2557 1789 2582 et
1821 2561 1887 2582 cum
1919 2551 2026 2582 suerint

1287 2602 1476 2642 approbatae,
1499 2601 1534 2632 de
1556 2601 1691 2632 omnibus
1713 2601 1821 2631 certior
1842 2601 1892 2630 fiat
1909 2599 2026 2641 provin-

1287 2652 1381 2690 cialis,
1398 2656 1429 2683 ut
1445 2660 1512 2682 suas
1527 2651 1640 2682 litteras
1655 2650 1795 2682 concedat
1811 2648 2025 2691 praetendenti,

2024 254 2074 283 An.
2094 255 2123 284 c.
2139 256 2200 297 επις

2104 1444 2146 1472 54.

2062 1470 2091 1491 De
2106 1471 2164 1493 modo
2175 1463 2205 1492 ns
2217 1479 2225 1483 ·

2036 1497 2127 1546 &giffudi
2154 1498 2205 1520 novi·
