2232 3178
58 207 107 235 An.
120 205 148 233 G.
172 203 237 231 1739

877 199 1018 226 CLEMENS
1043 200 1089 226 xn
1114 201 1166 226 PP-

249 254 362 280 struere
377 249 492 280 noviter
508 249 697 280 advenientes
711 260 718 287 ς
736 249 852 290 sintque
869 249 989 289 insuper

249 299 277 329 in
301 307 387 328 omne
409 307 513 328 aevum
535 298 592 328 duo
621 298 799 329 missionarii
834 298 987 338 praedicti,

248 347 343 387 quoad
359 356 391 376 ea
409 356 483 386 quae
508 347 656 377 missionis
673 356 779 377 munus
795 351 986 383 concernunt,

247 394 414 425 immediate
444 399 472 424 et
503 395 589 425 unice
619 395 728 425 nostris
761 398 987 433 nostrorumque

247 451 450 473 successorum
479 443 644 480 mandatis,
680 443 773 482 quoad
801 442 986 481 disciplinam

248 491 439 521 monasticam
470 500 537 521 vero
566 496 654 530 atque
686 492 791 521 domus
823 491 1009 523 oeconomi-=‚

247 549 310 570 cam
334 540 548 578 directionem,
573 540 625 570 tihi
658 545 686 570 et
719 540 863 579 superiori
887 549 986 569 eorum
1007 560 1008 563 η

248 589 384 619 subiecti.
410 589 548 619 Volumus
571 593 679 619 autem:

288 648 329 668 111.
347 639 383 669 Ut
399 648 466 668 mox
482 639 628 669 dictorum
651 638 903 668 missionariorum
924 638 987 667 uni-
1006 651 1008 658 =

247 696 279 716 ca
302 695 371 716 cura
403 687 441 716 sit
475 687 656 717 incessanter
692 687 769 716 intra
808 685 1007 725 praedictam<

247 735 415 765 Hallensem
437 740 565 765 nostram
590 736 823 774 praefecturam,
848 736 906 773 qua
931 734 986 764 late

247 783 318 813 haec
340 784 435 823 quoad
459 783 648 823 temporalem
672 783 920 821 iurisdictionem,
944 783 986 812 di-

246 832 350 862 strictu
375 832 469 862 civico
492 832 617 869 incluso,
635 841 665 862 se
688 831 847 871 protendit,
865 831 899 861 de
922 831 985 861 loco

245 880 281 910 ad
304 879 413 917 locum,
434 884 480 918 et,
504 880 528 909 si
560 889 680 910 necesse
713 880 816 918 fuerit,
841 879 928 909 etiam
952 879 985 909 de

247 928 332 959 domo
364 928 399 958 ad
432 929 550 959 domum
583 938 757 967 excurrere,
791 929 983 967 catechizare,

246 977 334 1007 rudes
356 977 385 1007 in
409 977 542 1007 doctrina
564 977 727 1007 christiana
748 977 909 1014 instruere,
934 976 985 1006 du-

246 1025 373 1056 bitantes
402 1026 437 1056 ad
465 1026 541 1056 viam
575 1026 708 1056 veritatis
738 1026 879 1056 reducere
905 1025 983 1055 etin

246 1074 300 1104 hac
322 1074 508 1113 confirmare,
528 1075 558 1104 in
581 1074 745 1105 haereticos
761 1075 806 1104 vel
821 1074 856 1104 de
872 1073 984 1103 haeresi
1005 1091 1006 1102 ι

245 1127 407 1162 suspectos,
432 1123 535 1153 horum
559 1123 755 1161 consultores,
780 1123 917 1157 fautores,
943 1128 1006 1151 re.-t

246 1176 421 1211 ceptatores,
440 1172 581 1202 librorum
601 1172 829 1202 acatholicorum
853 1172 984 1201 detento-
1005 1209 1006 1216 ἵ

245 1230 303 1259 res,
327 1220 372 1250 vel
394 1221 577 1251 detentorum
601 1221 751 1258 conscios,
775 1224 803 1249 et
825 1230 883 1249 non
906 1228 986 1249 reve-

244 1270 354 1306 lanteS‚
378 1278 427 1299 eos
448 1269 478 1299 in
501 1269 683 1308 provinciam
706 1273 835 1298 nostram
859 1268 985 1298 serentes

245 1318 290 1347 vel
306 1317 501 1354 intrudentes,
518 1326 680 1357 eorumque
699 1317 901 1354 auxiliatores,
919 1325 986 1346 con-
1004 1333 1006 1340 ι

244 1366 331 1405 scios,
355 1375 406 1396 seu
428 1366 604 1405 participes,
627 1366 794 1405 inquirere,
819 1365 930 1405 hosque
958 1370 986 1395 et

244 1414 318 1444 alios
340 1414 507 1444 huiusmodi
529 1414 641 1444 farinae
664 1414 797 1444 homines
820 1413 916 1451 nobis,
941 1414 985 1443 vel

244 1463 291 1492 cui
314 1471 366 1502 per
383 1472 437 1493 nos
459 1466 487 1492 et
516 1472 700 1493 successores
726 1466 840 1492 nostros
870 1462 987 1492 deman-

244 1511 374 1550 dabitur,
391 1511 454 1541 sine
477 1511 576 1551 aliqua
599 1520 791 1549 personarum
814 1511 985 1550 acceptatio-

244 1571 295 1598 ne,
320 1561 458 1600 omnique
490 1560 618 1599 seposito
642 1560 770 1590 humano
793 1560 913 1597 affectu,
937 1560 985 1590 de-

244 1610 399 1647 nunciare,
419 1608 539 1639 verbum
563 1609 696 1639 divinum
717 1614 744 1639 et
763 1609 829 1639 fidei
852 1609 984 1647 dogmata

243 1659 341 1689 ubivis
371 1662 400 1689 et
424 1658 510 1688 etiam
533 1667 568 1687 ex
590 1656 730 1688 cathedra
753 1658 812 1697 (sic
835 1663 931 1688 tamen
955 1663 985 1688 ut

244 1707 464 1739 Ordinariorum
478 1715 535 1736 non
552 1706 755 1736 disturbentur
771 1706 985 1736 ecclesiasticae

243 1756 439 1795 functiones),
468 1756 544 1786 intra
573 1756 645 1795 ipsis
674 1756 858 1794 designatum
888 1756 983 1786 distri-

243 1811 333 1844 ctum,
357 1805 482 1842 tradere,
499 1805 541 1835 sic
559 1809 587 1835 et
603 1805 800 1844 poenitentiae
818 1815 983 1836 sacramen-

244 1859 304 1885 tum
328 1854 417 1893 (sota
438 1853 557 1893 dempta
580 1854 763 1884 consessione
787 1854 935 1894 paschali,
961 1855 983 1884 si

243 1903 373 1933 locorum
396 1902 531 1932 curiones
550 1902 626 1932 ultro
641 1912 700 1932 non
723 1904 920 1942 annuerent),
940 1912 983 1933 sa-

244 1954 426 1981 crosanctam
457 1959 523 1980 vero
556 1950 770 1980 Eucliaristiam
801 1951 831 1981 in
860 1951 985 1982 ecclesia.

243 1999 415 2039 Turnberg,
439 1998 509 2029 alibi
532 2008 601 2029 vero
624 2008 682 2029 non
706 2000 761 2030 nisi
784 2009 872 2040 quam
903 2010 985 2031 acce-

243 2049 330 2079 dente
359 2048 490 2088 ipsorum
520 2047 673 2078 curionum
703 2057 835 2085 assensu,
862 2048 984 2079 admini-

244 2100 356 2135 strare,
380 2097 450 2127 item
473 2096 569 2135 aegris
590 2100 619 2126 et
641 2096 825 2127 moribundis
847 2097 983 2127 solatium

244 2156 310 2177 cum
332 2145 441 2176 auxilio
463 2145 654 2185 impendere,
678 2150 766 2185 atque
790 2155 929 2185 peragere
951 2156 983 2176 ea

245 2195 354 2232 omnia,
378 2203 452 2234 quae
474 2194 657 2224 individuum
674 2195 852 2225 missionarii
871 2199 985 2235 aposto-

244 2244 292 2274 lici
316 2243 408 2282 exigit
430 2252 548 2280 munus,
572 2243 636 2273 iure
668 2243 836 2283 sepulturae
869 2244 984 2284 alioque

244 2301 430 2333 quocumque
461 2291 639 2331 parochiali,
669 2300 784 2331 semper
816 2296 844 2322 et
877 2292 984 2332 ubique

244 2347 327 2372 extra
351 2345 479 2371 montem
501 2340 675 2379 Turnberg,
700 2346 833 2380 excepto.

285 2400 323 2422 tv.
347 2391 514 2422 Teneantur
537 2390 647 2430 pariter
668 2391 698 2420 in
722 2390 808 2420 vitam
838 2394 866 2420 et
889 2400 984 2421 mores

245 2450 303 2471 ιιοιι
327 2440 410 2471 modo
433 2439 614 2470 subditorum
630 2439 702 2479 ipsis
719 2440 811 2480 quoad
836 2440 984 2471 missionis

246 2490 442 2521 ministerium
475 2489 709 2526 commissorum,
744 2490 794 2520 sed
826 2494 854 2520 et
883 2499 983 2520 eorum

246 2539 352 2580 quibus
374 2539 430 2579 ipsi
449 2538 559 2569 subditi
581 2538 657 2568 intra
681 2538 866 2577 designatum
886 2539 985 2570 distri-

245 2593 324 2619 ctum
357 2597 392 2618 ex
424 2587 598 2618 demandata
631 2596 646 2616 a
675 2587 758 2618 nobis
780 2587 983 2619 iurisdictione

330 2646 414 2676 Buta.
429 2647 513 2678 Rom.
532 2661 567 2668 —
586 2646 651 2675 Vol.
667 2647 770 2676 XXIV.
915 2647 950 2676 65

1032 249 1167 288 subsunt,
1192 250 1291 281 sedulo
1315 250 1481 290 invigilare,
1511 251 1634 290 datoque
1658 250 1770 280 defectu

1032 298 1166 336 religioni
1190 298 1300 329 directe
1323 300 1368 329 vel
1391 299 1535 329 indirecte
1553 299 1730 338 pernicioso,
1748 298 1771 328 si

1032 346 1158 375 fraterna
1182 346 1343 377 admonitio
1366 357 1422 376 non
1447 347 1542 384 tollat,
1563 347 1646 376 uobis
1663 352 1690 377 et
1707 356 1772 376 suc-

1031 394 1195 424 cessoribus
1218 395 1326 425 nostris
1350 396 1384 425 ad
1408 400 1521 425 nostras
1537 405 1624 425 aures
1640 395 1769 432 deferre,

1030 443 1104 472 sicut
1127 453 1141 472 e
1164 452 1305 473 converso
1328 448 1355 473 et
1388 444 1496 474 nostris
1529 443 1771 473 demandabimus

1030 490 1147 520 decanis
1177 491 1324 521 ruralibus
1356 497 1539 531 perspectum
1579 491 1705 521 habendi
1734 501 1770 521 an

1030 539 1211 569 missionarii
1250 541 1305 580 ipsi
1345 541 1492 570 missionis
1530 550 1636 571 munus
1675 540 1772 570 debite

1031 588 1208 627 adimpleant
1230 594 1257 618 et
1279 594 1474 628 assequantur
1499 600 1532 619 ex
1556 599 1632 627 asse,
1666 590 1772 628 quidve

1031 641 1190 675 operentur
1212 637 1353 667 adversus
1376 638 1427 667 has
1450 642 1564 667 nostras
1580 638 1669 676 leges,
1686 637 1771 667 nobis

1029 684 1159 714 desectus
1174 709 1181 723 ,
1203 685 1251 715 ubi
1281 686 1354 722 lios,
1384 687 1407 715 si
1433 687 1522 726 aliqui
1553 691 1669 725 praeter
1690 695 1770 725 spem

1030 737 1159 763 nostram
1194 743 1309 764 omnem
1344 735 1532 772 contigerint,
1561 736 1688 764 fraterna
1721 735 1771 764 ad-

1006 791 1007 794 *
1030 781 1152 811 monitio
1175 792 1233 812 non
1256 782 1390 822 dissipet,
1414 783 1511 812 debite
1535 783 1682 812 relaturis.

1069 838 1095 859 v.
1120 830 1301 870 Quapropter
1324 831 1590 870 praesentabuntur
1608 831 1691 861 nobis
1714 830 1768 860 viri

1028 887 1093 908 cum
1118 879 1240 909 seientia
1259 889 1324 909 cum
1348 884 1375 910 et
1398 880 1473 911 vitae
1497 880 1693 911 sanctimonia
1712 880 1770 909 cla-

1028 927 1073 964 ri,
1108 928 1199 966 iusti,
1229 929 1415 968 incorrupti,
1447 929 1575 968 integri,
1606 938 1710 959 suaves
1741 932 1770 958 et

1028 975 1146 1005 insimul
1180 977 1295 1015 severi,
1325 986 1448 1015 graves,
1480 987 1619 1016 sagaces,
1651 986 1716 1007 cum
1739 977 1769 1006 in

1028 1025 1191 1064 polemica‚
1217 1035 1281 1056 cum
1306 1030 1333 1056 et
1357 1027 1385 1056 in
1409 1027 1454 1056 his
1477 1037 1551 1066 quae
1579 1027 1613 1056 ad
1636 1026 1769 1056 notitiam

1030 1074 1242 1112 promovendae
1266 1075 1452 1105 liaereticalis
1475 1075 1677 1114 inquisitionis
1699 1084 1768 1104 con-

1029 1122 1150 1159 ducunt,
1175 1123 1248 1152 bene
1272 1123 1392 1160 versati,
1418 1133 1471 1153 nec
1495 1124 1639 1163 accipient
1662 1133 1676 1153 a
1700 1123 1768 1152 sub-

1027 1171 1095 1200 ditis
1126 1172 1221 1210 quoad
1256 1172 1403 1202 missionis
1438 1182 1543 1202 munus
1566 1173 1607 1202 eis
1630 1172 1769 1202 subiectis

1029 1220 1228 1259 eleemosynas
1252 1229 1302 1259 pro
1327 1221 1435 1257 missis,
1460 1222 1551 1251 aliave
1575 1230 1708 1259 munera,
1729 1222 1770 1251 so-

1028 1273 1093 1298 rent
1115 1269 1183 1298 licet
1210 1269 1363 1299 exculenta
1388 1270 1433 1300 vel
1467 1270 1619 1310 poculenta
1642 1274 1767 1309 tantum,

1028 1327 1081 1347 nec
1105 1318 1219 1347 valeant
1242 1318 1342 1356 egredi
1366 1319 1438 1358 ipsis
1460 1319 1647 1357 designatum
1670 1319 1770 1349 distri-

1028 1371 1106 1397 ctum
1139 1376 1152 1396 a
1189 1366 1273 1396 nobis
1307 1367 1351 1397 vel
1385 1368 1605 1398 successoribus
1639 1369 1767 1407 nostris,

1029 1416 1149 1456 praevia
1172 1426 1230 1446 non
1253 1416 1355 1446 habita
1377 1417 1515 1455 licentia,
1543 1418 1595 1447 liac
1626 1418 1690 1458 ipsa
1711 1418 1769 1449 illis

1028 1474 1085 1495 nou
1108 1465 1165 1494 nisi
1188 1466 1268 1504 gravi
1291 1465 1325 1495 de
1348 1467 1437 1495 causa
1460 1466 1643 1505 deneganda.

1068 1522 1105 1543 vi.
1138 1513 1217 1543 Licet
1250 1523 1335 1553 porro
1372 1514 1474 1544 Ordini
1509 1519 1557 1545 tuo
1589 1516 1766 1554 apostolicae

1029 1562 1176 1592 missionis
1200 1571 1306 1592 munus
1329 1562 1356 1592 in
1375 1563 1522 1602 praedicta
1541 1564 1669 1594 llallensi
1687 1574 1768 1604 prae-

1027 1611 1140 1640 fectura
1162 1611 1191 1640 in
1213 1610 1367 1649 Turnberg
1399 1615 1427 1641 et
1460 1612 1489 1641 iu
1513 1612 1605 1642 civico
1639 1613 1769 1643 Hallensi

1028 1659 1162 1689 districtu
1195 1659 1338 1699 privative
1371 1660 1611 1697 committamus,
1641 1661 1767 1691 liberum

1030 1712 1126 1738 tamen
1150 1717 1266 1747 semper
1288 1708 1372 1739 nobis
1396 1713 1424 1739 et
1453 1709 1672 1740 successoribus
1705 1720 1768 1740 esse

1029 1757 1182 1793 volumus;
1199 1758 1271 1787 alios
1308 1767 1423 1797 quoque
1460 1759 1580 1788 alterius
1617 1759 1768 1797 religionis

1029 1805 1105 1835 viros
1128 1805 1157 1835 in
1180 1805 1346 1835 districtum
1377 1806 1558 1845 praedictum
1589 1807 1623 1836 ad
1653 1812 1769 1846 tempus

1028 1854 1144 1884 mittere
1168 1853 1379 1891 missionarios‚
1404 1854 1440 1884 de
1462 1855 1597 1885 districtu
1614 1865 1681 1886 vero
1697 1856 1768 1886 alibi

1027 1903 1115 1933 etiam
1139 1906 1166 1932 et
1189 1907 1269 1933 extra
1292 1902 1375 1933 illum
1398 1903 1434 1932 ad
1457 1904 1612 1934 missiones
1636 1905 1671 1934 ad
1695 1909 1768 1935 tem-

1028 1961 1081 1991 pus
1104 1951 1215 1991 pariter
1237 1951 1384 1991 ablegare,
1409 1952 1548 1983 missione
1576 1953 1694 1984 Ordinis
1727 1955 1768 1985 tui

1028 2003 1228 2030 verumtamen
1252 2000 1311 2030 fixa
1333 2010 1449 2040 semper
1471 2006 1620 2039 manente,
1656 2011 1769 2042 suoque

1027 2048 1056 2078 in
1080 2048 1183 2078 robore
1206 2049 1303 2078 firma.

1066 2098 1185 2128 Noverit
1217 2098 1339 2137 proinde
1373 2099 1533 2138 paternitas
1567 2104 1634 2139 tua,
1668 2101 1769 2141 tuique

1027 2156 1214 2177 successores
1237 2157 1340 2177 omnes
1363 2148 1513 2188 perpetuis
1530 2149 1636 2179 suturis
1659 2153 1769 2189 tempo-

1026 2195 1129 2232 ribus,
1165 2200 1222 2226 tam
1256 2196 1384 2226 salutare
1417 2202 1548 2227 nostrum
1587 2199 1767 2238 propositum

1026 2245 1162 2275 alacriter
1184 2246 1287 2285 exequi
1318 2251 1406 2286 atque
1431 2247 1458 2276 in
1489 2252 1600 2286 partem
1624 2253 1681 2278 tam
1709 2249 1769 2286 glo-

1027 2294 1096 2324 riosi
1120 2294 1229 2325 laboris
1253 2295 1344 2325 vocati
1363 2296 1433 2325 haec
1451 2300 1547 2326 nostra
1566 2297 1699 2326 mandata
1717 2306 1768 2336 pro

1028 2353 1111 2382 posse
1127 2344 1266 2383 explere3
1291 2344 1367 2383 quod
1391 2345 1414 2374 si
1439 2354 1506 2374 vero
1526 2345 1553 2374 in
1574 2345 1768 2384 adimplendis

1027 2402 1062 2422 ex
1084 2402 1147 2422 asse
1181 2392 1317 2423 omnibus
1351 2393 1539 2432 praescriptis
1572 2394 1765 2432 negligentes,

1026 2442 1146 2480 incurii,
1170 2451 1311 2480 segnesve
1333 2442 1457 2476 fueritis,
1480 2443 1672 2482 omnipotenti
1696 2443 1765 2481 Deo,

1027 2491 1111 2521 nobis
1141 2495 1169 2521 ct
1198 2490 1419 2520 successoribus
1453 2492 1571 2529 nostris,
1595 2496 1624 2521 et
1648 2500 1768 2522 venera-

1027 2539 1079 2569 bili
1101 2543 1202 2569 nostro
1225 2539 1351 2578 capitulo
1374 2539 1591 2569 strictissimam
1622 2540 1766 2570 rationem

1028 2589 1207 2628 reddituros,
1232 2598 1340 2629 vosque
1362 2593 1494 2620 nostram
1517 2593 1545 2620 et
1564 2589 1668 2621 horum
1690 2589 1766 2620 indi-

1669 192 1733 226 513
1778 202 1829 229 An.
1847 201 1876 230 c.
1899 202 1965 230 1739
