2232 3178
249 262 300 288 Λη.
316 263 346 289 C.
366 261 433 289 ¹735

259 910 369 929 Decretum
380 909 431 929 Cou-

247 938 377 960 prpflattonrs
389 942 431 961 rpi-

247 969 358 986 srupnrum
371 965 391 982 et
403 969 431 982 re-

247 990 349 1013 gularium
390 989 429 1009 hac

246 1021 308 1041 supet·
321 1022 350 1035 re.

273 1811 420 1832 Confirmatur.

478 252 520 287 88

443 311 482 344 rii
516 310 679 354 generalis
712 309 915 350 huiusmodi,
942 309 1126 354 supplicato
1151 314 1185 341 ut

443 365 621 398 decernere
653 365 751 397 vellet
787 364 872 407 quod
905 362 1088 406 presbyteri
1114 362 1185 396 reli-

443 418 548 460 gionis
574 417 759 461 praedictae
789 421 952 459 nequeant
980 426 1050 449 esse
1076 426 1184 459 neque

443 471 572 504 discreti
610 475 826 503 conventuum
843 497 850 510 ,
896 480 1003 513 neque
1040 469 1183 511 magistri

442 524 651 563 novitiorum,
678 523 734 556 scd
761 523 866 566 quoad
894 523 1002 566 ipsos,
1030 522 1115 556 circa
1140 523 1185 555 sa-

442 579 596 611 cultatem
622 576 791 609 obtinendi
818 576 954 618 gradus,
980 581 1128 609 servetur
1152 576 1183 609 id

443 631 531 674 quod
564 630 595 663 in
627 629 823 673 supradictis
855 629 1142 662 constitutionibus
1167 640 1184 662 a

441 683 523 716 Sede
534 683 720 726 Apostolica
736 682 922 726 approbatis
935 681 1183 726 praescribitur:

485 735 650 769 Emanavit
690 735 729 767 ab
770 735 882 768 eadem
924 735 1183 778 Congregatione

442 788 655 822 cardinalium
691 788 858 821 decretum
894 787 1018 821 tenoris
1047 787 1101 831 qui
1133 797 1183 820 se—

443 842 560 886 quitur,
585 842 737 876 videlicet
755 853 761 874 z

482 906 571 935 Sacra
598 904 790 943 Congregatio
823 904 1122 934 eminentissimorum
1156 907 1184 933 et

443 954 756 984 reverendissimorum
773 953 803 984 S.
821 954 856 983 R.
874 953 905 983 E.
923 952 1116 982 cardinalium
1133 961 1183 981 ne-

442 1003 529 1042 gotiis
561 1007 589 1032 et
622 1002 887 1032 consultationibus
919 1001 1123 1041 episcoporum
1157 1004 1184 1030 et

442 1052 620 1090 regularium
644 1051 820 1091 praeposita,
844 1051 989 1080 referente
1011 1048 1183 1079 eminentis-

441 1101 516 1130 simo
539 1098 656 1130 doinino
680 1100 821 1130 cardinali
843 1099 961 1137 Belluga
992 1102 1130 1138 ponente,
1153 1106 1183 1126 re

443 1154 555 1180 mature
579 1150 734 1189 perpensa,
759 1149 876 1189 praevio
899 1158 1015 1178 recessu
1039 1158 1052 1177 a
1076 1146 1183 1177 decisis

441 1199 495 1230 sub
519 1200 564 1230 die
588 1210 623 1230 xv
647 1199 744 1229 martii
766 1208 929 1235 nnccxxxt,
955 1199 1059 1228 iterum
1082 1197 1184 1226 decre-

441 1250 482 1279 vit
498 1249 573 1288 quod
592 1249 716 1288 promoti
730 1249 764 1279 ad
783 1258 881 1278 sacros
897 1248 1015 1278 ordines
1036 1252 1183 1287 nequeant

441 1298 550 1329 babere
567 1299 596 1328 in
613 1299 764 1336 religione,
783 1308 876 1338 neque
892 1298 926 1327 ad
944 1297 1031 1327 breve
1055 1301 1181 1335 tempus,

441 1349 569 1388 aliquam
605 1348 813 1387 praelaturam,
837 1348 893 1377 nisi
927 1356 993 1377 cum
1023 1347 1183 1385 apostolica

441 1398 671 1438 dispensatione,
702 1407 755 1427 nec
782 1406 845 1427 esse
873 1398 985 1436 possint
1012 1396 1183 1425 assistentes

443 1447 609 1485 provinciae
631 1456 684 1476 nec
704 1446 836 1484 magistri
859 1445 1050 1482 novitiorum,
1067 1444 1115 1474 sed
1139 1444 1182 1474 di-

441 1497 479 1525 cti
503 1495 669 1525 sacerdotes
692 1495 778 1534 primi
795 1494 975 1524 advocentur
992 1504 1043 1533 pro
1059 1493 1182 1523 consilio

441 1545 470 1574 in
494 1544 630 1575 omnibus
646 1543 924 1582 congregationibus
946 1547 974 1572 et
996 1542 1184 1572 coadunatio-

441 1593 529 1623 nibus
551 1593 692 1623 faciendis
708 1593 737 1622 in
761 1592 884 1630 singulis
906 1591 1110 1622 conventibus
1128 1591 1183 1621 no-

441 1651 504 1671 mae
528 1651 594 1671 xxm
617 1641 680 1671 iulii
702 1650 870 1671 ›mccxxxw
897 1658 929 1662 —
954 1640 1035 1670 Card.
1059 1640 1183 1670 FnANci-

441 1699 509 1719 scus
532 1691 729 1720 Banssssmxrs.
753 1708 791 1712 —
813 1689 841 1719 C.
858 1689 1095 1728 archiepiscopus
1117 1689 1183 1718 Cal-

440 1740 624 1778 cedonensis,
648 1739 834 1769 secretarius.
859 1740 934 1768 Loco
951 1740 968 1775 †
984 1739 1087 1774 siyilli.

486 1800 500 1842 ᾗ
526 1799 554 1831 ⁶2.
579 1799 655 1832 Cum
681 1803 799 1837 autem,
818 1797 901 1830 sicut
922 1797 1101 1840 supradicti
1120 1797 1180 1830 sra-

443 1859 508 1887 tres
534 1853 709 1886 definitorii
737 1852 896 1895 generalis
922 1852 1015 1884 nobis
1041 1851 1180 1884 subinde

442 1907 559 1952 exponi
587 1907 742 1945 fecerunt,
775 1905 835 1948 ipsi
870 1906 1038 1938 decretum
1072 1904 1182 1937 liuius-

440 1961 539 2002 modi,
568 1972 632 2004 quo
654 1959 777 1992 firmius
803 1959 957 1992 subsistat
983 1964 1015 1992 et
1039 1958 1181 1991 exactius

440 2020 595 2054 servetur,
622 2013 819 2058 apostolicae
842 2012 1098 2046 confirmationis
1125 2023 1181 2045 no-

441 2075 527 2102 strae
554 2067 736 2111 patrocinio
763 2066 956 2100 communiri
975 2077 1180 2109 summopere

441 2123 619 2156 desideret:
645 2132 713 2161 nos‘,
734 2122 820 2164 ipsos
840 2126 1040 2164 exponentes
1058 2120 1181 2163 specia-

440 2176 524 2209 libus
543 2175 709 2208 savoribus
727 2180 753 2207 et
771 2174 884 2217 gratiis
901 2173 1055 2217 prosequi
1076 2175 1181 2206 volen-

439 2235 499 2269 tes,
533 2229 729 2271 illorumque
762 2228 941 2270 singulares
976 2238 1132 2270 personas
1165 2238 1182 2260 a

439 2282 609 2325 quibusvis
627 2280 982 2320 excommunicationis,
997 2281 1182 2324 suspensio-

440 2337 490 2369 nis
516 2342 548 2369 et
579 2334 763 2374 interdicti,
789 2334 925 2378 aliisque
951 2334 1182 2368 ecclesiasticis

441 2388 624 2429 sententiis,
662 2388 807 2421 censuris
844 2394 876 2420 et
910 2388 1036 2431 poenis,
1062 2399 1079 2420 a
1111 2389 1181 2422 iure

442 2445 490 2477 vel
509 2444 547 2477 ab
565 2442 709 2484 homine,
726 2442 837 2486 quavis
856 2441 1028 2475 occasione
1044 2443 1093 2475 vel
1112 2453 1181 2475 cau-

440 2501 474 2531 sa
502 2498 585 2538 latis,
615 2497 638 2530 si
676 2496 793 2541 quibus
817 2496 1068 2540 quomodolibet
1088 2496 1182 2530 inno-

441 2552 506 2585 dati
533 2552 687 2593 existunt,
712 2550 751 2583 ad
777 2549 926 2583 effectum
959 2549 1181 2593 praesentium

441 2606 607 2638 dumtaxat
635 2603 915 2647 consequendum,
948 2603 1063 2635 harum
1097 2603 1181 2636 serie

441 2659 647 2693 absolvcntes
671 2662 702 2691 et
722 2657 888 2692 absolutos
907 2656 976 2690 sore
994 2661 1178 2698 censentes,

1011 259 1195 284 BULLARIUM
1221 257 1379 284 ROMANUM

1227 307 1522 351 supplicationibus
1535 306 1720 340 eorumdem
1736 306 1967 351 exponentium

1228 361 1361 395 nomine
1382 361 1476 395 nobis
1501 371 1603 404 super
1624 360 1687 393 hoc
1712 359 1878 393 humiliter
1897 370 1968 403 por-

1227 415 1323 448 rectis
1344 414 1500 454 inclinati‚
1519 414 1687 447 decretum
1713 413 1967 457 praeinsertum‚

1227 469 1420 502 auctoritate
1460 469 1572 501 nostra
1611 467 1789 510 apostolica
1805 493 1812 507 ,
1853 471 1967 499 tenore

1228 521 1469 564 praesentium,
1495 520 1724 553 confirmamus
1750 525 1782 552 et
1806 520 1968 562 approba-

1228 585 1306 614 mus,
1334 574 1443 618 illique
1469 573 1664 607 inviolabilis
1689 573 1886 616 apostolicae
1912 572 1967 605 fir-

1226 627 1346 660 mitatis
1371 628 1470 660 robur
1495 626 1676 660 adiicimus.

1271 680 1286 723 g
1309 680 1341 714 3.
1369 681 1597 720 Decerncntes,
1624 679 1753 712 easdem
1778 683 1967 722 praesentes

1228 734 1352 767 litteras
1377 744 1506 777 semper
1531 733 1650 773 sirmas,
1670 732 1791 765 validas
1810 736 1842 765 et
1862 731 1967 765 effica-

1227 797 1279 820 ces
1300 787 1438 820 existere
1460 792 1492 820 et
1516 787 1583 819 sore
1600 813 1607 827 ,
1635 795 1775 829 suosque
1803 784 1968 828 plenarios

1228 845 1258 873 et
1283 841 1428 883 integros
1452 839 1587 873 effectus
1612 839 1718 872 sortiri
1745 844 1777 871 et
1803 837 1967 878 obtinere,

1228 904 1264 926 ac
1289 893 1327 926 ab
1353 893 1428 933 iltis,
1448 893 1486 926 ad
1505 904 1587 936 quos
1614 897 1738 936 spectat
1756 897 1787 924 et
1812 901 1871 934 pro
1893 896 1967 923 tem-

1228 957 1307 990 pore
1333 947 1602 990 quandocumque
1623 944 1791 989 spectabit,
1809 944 1840 976 in
1864 944 1967 977 omui-

1228 1000 1286 1032 bus
1307 1005 1338 1032 ct
1363 1011 1420 1042 per
1445 999 1552 1032 omnia
1578 999 1768 1031 inconcusse
1790 997 1965 1037 observari,

1228 1053 1338 1095 eisque
1365 1052 1545 1095 respective
1570 1051 1758 1095 plenissime
1785 1049 1965 1092 suffragari,

1227 1106 1335 1149 sicque
1372 1105 1402 1137 in
1435 1104 1620 1148 praemissis
1654 1114 1713 1147 per
1745 1112 1967 1146 quoscumque

1227 1159 1349 1192 iudices
1379 1158 1562 1191 ordinarios
1595 1162 1627 1190 et
1659 1158 1844 1199 delegatos,
1871 1156 1966 1189 etiam

1227 1222 1394 1245 causarum
1427 1211 1536 1254 palatii
1573 1210 1741 1254 apostolici
1772 1210 1965 1250 auditores,

1226 1265 1361 1299 iudicari
1381 1270 1412 1298 et
1429 1264 1555 1298 definiri
1582 1265 1710 1304 debere,
1734 1274 1769 1297 ac
1790 1263 1917 1297 irritum
1936 1269 1968 1297 et

1228 1320 1322 1352 inane
1348 1319 1371 1351 si
1405 1330 1497 1352 secus
1529 1329 1630 1362 super
1663 1318 1713 1351 his
1739 1329 1754 1350 a
1781 1328 1966 1361 quoquam,

1225 1373 1334 1417 quavis
1359 1372 1560 1411 auctoritate,
1583 1372 1724 1405 scienter
1745 1372 1793 1404 vel
1818 1370 1968 1414 ignoran-

1228 1432 1286 1467 ter,
1315 1425 1489 1469 coutigerit
1514 1425 1678 1458 attentari.

1269 1481 1284 1524 ξ
1309 1480 1340 1513 lt.
1368 1480 1437 1513 Non
1455 1479 1659 1513 obstantibus
1679 1477 1966 1512 constitutionibus

1228 1539 1256 1567 et
1296 1532 1553 1566 ordinationibus
1589 1531 1789 1576 apostolicis,
1828 1541 1965 1572 necnon,

1226 1592 1385 1631 quatenus
1403 1597 1483 1629 opus
1502 1586 1553 1625 sit,
1574 1586 1678 1618 dictae
1696 1584 1968 1628 Congregationis

1228 1641 1370 1680 fratrum,
1397 1639 1509 1672 aliisve
1544 1638 1724 1682 quibusvis,
1751 1638 1846 1671 etiam
1880 1638 1967 1670 iura·

1226 1698 1355 1733 mento,
1393 1692 1640 1726 confirmatione
1676 1691 1874 1735 apostolica,
1917 1691 1966 1724 vel

1227 1747 1336 1791 quavis
1364 1747 1514 1779 firmitate
1547 1746 1609 1779 alia
1640 1746 1814 1786 roboratis,
1839 1745 1966 1778 statutis

1226 1806 1257 1833 et
1281 1799 1583 1839 consuetudinibus,
1615 1799 1794 1843 privilegiis
1826 1809 1965 1842 quoque,

1225 1853 1359 1886 indultis
1385 1858 1416 1886 et
1433 1852 1549 1886 litteris
1575 1851 1762 1896 apostolicis
1783 1852 1814 1884 in
1839 1856 1966 1885 contra-

1225 1907 1307 1939 rium
1341 1905 1592 1950 praemissorum
1619 1906 1866 1949 quomodolibet
1889 1915 1967 1938 con-

1224 1961 1337 2001 cessis,
1358 1959 1557 1994 consirmatis
1583 1966 1614 1993 et
1641 1959 1820 2000 innovatis3
1848 1958 1964 2003 quibus

1225 2014 1374 2048 omnibus
1412 2018 1443 2046 et
1479 2013 1634 2056 singulis,
1670 2013 1797 2046 illorum
1836 2018 1965 2046 tenores

1225 2067 1454 2112 praesentibus
1481 2077 1537 2110 pro
1570 2068 1665 2110 plene
1702 2072 1733 2100 et
1769 2066 1966 2099 sufficienter

1225 2121 1384 2165 expressis
1417 2131 1453 2153 ac
1485 2121 1523 2153 de
1551 2120 1648 2153 verbo
1681 2121 1720 2153 ad
1752 2121 1886 2153 verbum
1919 2120 1966 2153 in-

1224 2175 1319 2209 sertis
1338 2175 1506 2215 babentes,
1525 2174 1588 2208 illis
1606 2174 1685 2207 alias
1711 2173 1742 2206 in
1768 2185 1827 2207 suo
1846 2173 1964 2207 robore

1225 2228 1460 2273 permansuris,
1476 2228 1515 2261 ad
1534 2227 1787 2271 praemissorum
1806 2226 1964 2268 effectum,

1225 2283 1287 2315 hac
1304 2282 1371 2315 vice
1390 2282 1561 2322 dumtaxat,
1580 2280 1770 2324 specialiter
1787 2286 1818 2313 et
1834 2290 1965 2324 expres-

1225 2346 1259 2368 se
1277 2335 1472 2378 derogamus
1489 2345 1497 2374 ,
1512 2334 1693 2378 ceterisque
1712 2333 1882 2367 contrariis
1900 2334 1965 2378 qui-

1224 2389 1438 2433 buscumque.

1267 2443 1382 2475 Datum
1403 2442 1532 2482 Romae,
1559 2441 1644 2485 apud
1670 2440 1701 2474 S.
1720 2440 1851 2475 Mariam
1869 2440 1964 2475 Maio-

1225 2507 1303 2536 rem,
1324 2496 1383 2529 sub
1402 2496 1522 2529 annulo
1541 2494 1727 2535 piscatoris,
1748 2495 1800 2528 die
1818 2505 1862 2528 vn
1879 2499 1964 2528 octo-

1223 2550 1290 2582 bris
1303 2559 1480 2590 uncexxxv,
1490 2548 1696 2593 pontificatus
1712 2547 1812 2582 nostri
1823 2559 1907 2582 anno
1917 2559 1961 2582 vl.

1260 2602 1320 2629 Dat⁴
1340 2603 1386 2629 die
1407 2603 1420 2630 7
1441 2602 1564 2630 octobris
1586 2602 1667 2637 1735,
1689 2601 1793 2638 pontis.
1814 2609 1890 2628 auno
1908 2607 1945 2628 vt.

1279 2656 1313 2690 F.
1334 2656 1420 2690 card.
1440 2656 1620 2691 Omvmuus.
1639 2674 1653 2680 -
1673 2656 1708 2689 P.
1728 2656 1761 2689 L.
1781 2655 1939 2694 Jacoussr.

1977 259 2028 284 An.
2046 259 2073 284 C.
2092 259 2159 287 1735

2005 693 2126 714 Ctausutae.

2028 1490 2162 1512 Obstantium

1978 1517 2096 1544 derogatio.
