2232 3178
533 223 818 317 INDEX
897 219 1522 313 RUBRICARUM

779 434 1302 484 CONSTITUTIONUM

358 584 997 645 CLEMENTIS
1089 582 1447 641 PAPAE
1537 582 1698 639 XII

477 738 530 768 AB
553 738 665 769 ANNO
689 737 843 774 QUINTO
866 735 998 773 USQUE
1019 737 1074 766 AD
1097 735 1287 767 DEOIMUM
1310 736 1359 766 ΕΤ
1384 737 1581 767 ULTIMUM.

261 1226 345 1261 CXL.
372 1226 411 1260 Ut
434 1236 544 1260 omnes
569 1231 742 1261 conventus
766 1227 1003 1272 provinciarum

350 1280 537 1314 Peruntinae
565 1286 596 1313 et
619 1280 773 1315 Chilensis
797 1281 923 1315 Ordinis
946 1281 1005 1314 sra-

350 1339 435 1366 trum
471 1333 683 1366 Eremitarum
716 1334 747 1367 S.
780 1334 948 1378 Augustini
973 1334 1005 1366 in

349 1386 581 1431 possessionem
601 1386 862 1431 privilegiorum,
887 1388 919 1420 in
943 1389 1005 1431 qua

349 1450 449 1484 usque
474 1440 569 1474 modo
592 1440 730 1482 suerunt,
755 1441 904 1485 deinceps
929 1440 1006 1474 abs-

351 1503 413 1537 que
447 1493 512 1527 ulla
551 1494 737 1528 alteratione
772 1500 1003 1538 permaneant,

353 1546 475 1579 etiamsi
493 1551 564 1580 octo
578 1547 744 1590 religiosos
757 1547 795 1581 de
812 1548 931 1581 familia
943 1557 1007 1581 non

349 1598 508 1641 habeant,
548 1611 612 1634 non
659 1600 859 1634 obstantibus
894 1601 1006 1634 litteris

350 1652 438 1686 Pauli
464 1654 508 1695 V,
537 1654 652 1698 quibus
687 1654 871 1689 huiusmodi
895 1652 1007 1689 domos

350 1706 508 1750 supprimi
529 1706 704 1750 iubebatur,
728 1708 758 1741 1.

264 1758 359 1793 CXLl.
392 1759 740 1805 Septuagintaquinque
777 1761 929 1802 ducatos,
953 1761 1007 1805 qui

351 1818 423 1856 post
442 1813 564 1846 obitum
581 1813 781 1858 singulorum
800 1814 1007 1847 cardinalium

351 1865 540 1900 officialibus
563 1871 594 1900 et
609 1867 764 1901 ministris
781 1867 861 1901 sacri
875 1867 904 1901 S.
920 1868 957 1901 R.
973 1867 1006 1901 E.

351 1918 558 1953 cardinalium
600 1920 725 1964 collegii
760 1931 817 1964 per
852 1920 1006 1954 haeredes

350 1971 487 2006 defuncti
505 1972 590 2005 iuxta
606 1973 694 2006 Pauli
712 1973 735 2005 V
749 1973 1006 2008 constitutionem

350 2025 491 2059 solvendi
523 2031 634 2067 erant,
659 2026 807 2071 deinceps
831 2037 849 2060 a
873 2027 1007 2071 singulis

353 2078 567 2113 cardinalibus
585 2080 617 2113 in
633 2082 690 2113 sua
714 2081 753 2113 ad
778 2080 1006 2114 cardinalatum

351 2132 553 2175 promotione
577 2133 655 2166 solvi
679 2133 844 2178 praecipit,
868 2134 900 2167 4.

1144 1226 1248 1270 clerye'
1272 1231 1301 1260 et
1325 1236 1392 1261 aum
1415 1226 1525 1270 fideles
1549 1226 1588 1260 de
1606 1237 1664 1261 son
1680 1227 1801 1261 diocese

1142 1291 1228 1324 pour
1253 1280 1324 1313 leur
1347 1280 1478 1322 notifier
1495 1290 1539 1314 un
1556 1280 1692 1314 miracle
1711 1282 1803 1325 opere

1145 1332 1228 1367 dans
1252 1344 1310 1367 son
1334 1333 1456 1368 diocese
1477 1344 1542 1377 par
1568 1333 1802 1367 l’intercession

1146 1386 1184 1420 de
1207 1386 1253 1420 M.
1280 1386 1437 1427 Francois
1454 1386 1492 1419 de
1510 1386 1605 1420 Paris
1622 1391 1651 1420 et
1669 1386 1712 1420 les
1726 1388 1801 1430 pre-

1146 1441 1260 1473 munir
1284 1444 1391 1474 contre
1414 1450 1462 1473 un
1485 1440 1570 1482 Bref
1588 1439 1625 1473 de
1641 1439 1683 1473 N.
1705 1440 1738 1474 S.
1756 1441 1798 1474 P.
1828 1443 1840 1451 ⁶

1147 1493 1175 1526 te
1194 1493 1286 1537 Pape
1310 1504 1347 1527 en
1368 1493 1442 1526 date
1459 1492 1504 1526 du
1521 1493 1543 1526 3
1561 1493 1685 1526 octobre
1703 1493 1800 1526 1733

1146 1550 1175 1580 et
1199 1546 1285 1580 deum
1309 1547 1404 1580 e'crz‘cs
1424 1546 1462 1580 de
1477 1546 1644 1580 monsieur
1668 1545 1802 1579 t’arclte-

1146 1600 1245 1643 υέᾳυε
1271 1599 1453 1633 d'Embrzm
1489 1598 1528 1632 de
1561 1598 1595 1633 la
1619 1600 1719 1632 meme
1742 1609 1802 1632 an-

1149 1654 1204 1685 ne'e
1230 1652 1344 1693 1734,
1369 1663 1406 1687 ac
1422 1653 1649 1696 cuiuscumque
1672 1652 1801 1686 alterius

1147 1705 1259 1739 similis
1284 1705 1395 1750 scripti
1431 1706 1470 1739 ab
1507 1706 1618 1739 eodem
1653 1706 1801 1750 episcopo

1146 1759 1478 1804 Montispessulanensi
1515 1759 1611 1800 editi,
1637 1759 1685 1792 vel
1717 1758 1801 1803 quod

1147 1812 1296 1857 deinceps
1321 1813 1370 1846 edi
1395 1813 1576 1856 contigerit,
1601 1812 1631 1846 8.

1059 1865 1182 1903 CXLIV.
1210 1866 1415 1902 Confirmatio
1439 1866 1575 1900 duorum
1599 1866 1800 1901 decretorum

1148 1931 1204 1954 seu
1234 1925 1425 1955 statutorum
1449 1931 1466 1953 a
1491 1920 1628 1964 capitulo
1661 1919 1802 1963 generali

1147 1974 1406 2017 Congregationis
1437 1974 1627 2008 clericorum
1656 1971 1799 2006 saecula-

1148 2027 1232 2060 rium
1256 2027 1425 2061 Doctrinae
1441 2026 1636 2060 Christianae
1652 2026 1684 2059 in
1702 2025 1801 2059 Gallia

1147 2079 1304 2114 editorum
1321 2081 1404 2115 circa
1424 2091 1532 2115 vocem
1558 2079 1802 2124 provincialium

1147 2134 1179 2167 in
1203 2134 1349 2178 capitulis
1380 2134 1602 2178 generalibus,
1627 2143 1801 2176 eorumque

264 2183 376 2219 CXLII.
411 2185 567 2219 Nonnulla
598 2186 764 2230 privilegia
798 2187 1004 2230 provinciali·
1147 2187 1393 2232 praesidentiam
1423 2187 1569 2232 capitulis
1593 2186 1798 2231 provinciali-

351 2238 410 2272 bus
426 2238 589 2273 Societatis
611 2239 680 2273 lesu
700 2240 732 2273 in
748 2241 889 2284 partibus
905 2240 1007 2274 India·
1147 2241 1217 2283 bus,
1243 2242 1272 2275 9.

349 2303 421 2325 rum
434 2293 640 2327 existentibus
657 2304 674 2328 a
691 2299 817 2328 sanctae
832 2294 1006 2329 memoriae
1057 2293 1168 2328 CXLV.
1219 2294 1308 2333 Quod
1347 2293 1518 2327 decanatus
1558 2302 1666 2326 sacrae
1705 2291 1801 2325 Rotae

350 2345 406 2379 Pio
430 2346 468 2380 IV
493 2357 642 2381 concessa
662 2347 903 2389 confirmantur,
929 2348 959 2382 5.
1147 2347 1295 2381 auditorii
1321 2347 1359 2380 ab
1391 2347 1542 2390 episcopo
1567 2346 1659 2380 etiam
1685 2345 1802 2379 titulari

263 2397 389 2434 CXLIII.
407 2400 572 2435 Damnatio
590 2405 619 2436 et
635 2401 807 2446 prohibitio
833 2401 929 2436 libelli
946 2402 1008 2445 gal·
1149 2401 1252 2445 optari
1277 2410 1340 2434 non
1365 2401 1484 2444 possit;
1510 2410 1567 2433 nec
1595 2400 1626 2432 in
1647 2399 1725 2432 Rota
1750 2409 1801 2432 co-

351 2453 413 2487 lico
438 2454 588 2489 idiomate
612 2455 687 2488 editi
716 2456 774 2489 sub
798 2456 910 2489 titulo:
936 2456 1007 2489 Let-
1148 2454 1258 2497 gnosei
1294 2464 1405 2487 causae
1442 2454 1583 2497 ipsorum
1621 2452 1800 2486 auditorum

353 2511 400 2540 tre
422 2508 584 2551 pastorale
608 2508 646 2542 de
666 2510 895 2553 monsee‘yneur
915 2508 1007 2543 l'e've-
1147 2518 1321 2551 eorumque
1353 2506 1658 2550 consanguineorum
1685 2505 1716 2538 in
1740 2506 1801 2549 pri-

352 2569 413 2605 que
449 2560 487 2596 de
518 2561 726 2606 Montpellier
759 2562 927 2599 addresse'e
963 2572 1007 2599 att
1147 2571 1199 2597 mo
1223 2561 1346 2605 gradu:
1367 2570 1480 2596 causae
1505 2558 1630 2596 veroin
1654 2559 1733 2596 Rota
1757 2569 1800 2594 se
