2232 3178
225 249 274 276 An.
295 249 325 276 C.
343 249 410 276 1735

258 2059 335 2082 Eorum
350 2061 406 2081 bona

223 2094 235 2108 a
272 2094 405 2115 quocumque

223 2115 295 2136 eximit
337 2115 406 2136 vecti-

224 2143 273 2168 gali.

457 239 497 274 7ss

420 298 565 331 Reiorum
587 299 875 332 ecclesiasticorum
893 304 924 330 et
944 298 1156 331 saecularium

422 351 514 383 ctiam
542 362 578 382 ex
613 351 761 394 personis
798 360 1004 384 romanorum
1041 351 1155 383 civium

420 404 668 446 originariormn
695 404 876 437 vacantium
903 404 1108 438 assecutione
1127 410 1158 437 et

421 457 586 495 exercitio,
608 462 670 489 tam
689 457 718 488 in
736 456 828 495 Urbe,
848 468 943 500 quam
962 458 993 489 iu
1009 457 1156 490 omnibus

421 516 449 542 ct
470 510 606 552 singulis
627 510 808 542 civitatibus
827 510 1011 553 praedictis,
1030 516 1062 543 et
1079 511 1157 543 alias

420 562 540 605 ubique
577 564 723 595 locorum
758 568 789 595 et
825 563 992 605 gentium,
1030 574 1158 597 necnon

420 615 603 648 sessionum
627 621 656 648 ct
681 621 917 656 conventuum,
937 622 1081 658 utuntur,
1100 627 1159 660 po-

422 668 543 701 tiuntur
568 674 599 702 et
624 670 791 711 gaudent,
817 680 853 703 ac
886 670 955 709 uti,
994 670 1090 713 potiri
1127 675 1158 703 et

418 722 559 763 gaudere
586 728 741 765 poterunt
766 723 1014 766 quomodolibet
1046 723 1077 755 in
1112 723 1159 756 su-

420 780 551 814 turum,
578 786 640 808 non
668 775 771 808 solum
802 777 840 809 ad
878 787 989 809 eorum
1029 777 1155 817 instar,

419 828 475 860 sed
503 828 721 870 parisormiter
742 835 773 862 et
797 840 899 873 aeque
922 829 1156 872 principaliter,

419 894 454 915 ac
479 882 504 914 si
530 881 699 924 privilegia
716 908 723 921 ,
753 883 946 922 Facultates,
979 883 1158 926 exemptio-

418 945 500 973 nes,
527 936 648 976 gratiae
675 940 706 968 et
731 935 856 968 indulta
882 936 1070 968 huiusmodi
1098 947 1157 978 pro

417 988 508 1020 vobis
532 994 757 1028 emanassent,
785 988 853 1028 uti,
887 989 983 1031 potiri
1021 995 1052 1022 et
1087 1000 1157 1032 gau-

418 1041 519 1080 dere,
547 1051 582 1073 ac
607 1041 639 1073 in
666 1041 817 1074 omnibus
847 1047 878 1074 et
913 1042 1048 1084 singulis
1086 1053 1159 1085 apo-

416 1094 537 1126 stolicis
557 1121 564 1134 ,
592 1094 730 1137 aliisque
756 1095 871 1127 litter1s
888 1121 896 1135 ,
933 1095 1158 1128 instrumentis

418 1152 449 1179 et
474 1147 642 1190 scripturis
667 1147 806 1190 publicis
832 1154 863 1180 et
895 1148 1043 1190 privatis,
1071 1148 1158 1181 dein-

418 1209 494 1242 ceps
524 1200 655 1232 nomine
682 1206 787 1234 vestro
815 1200 1038 1242 conficiendis,
1067 1207 1157 1234 nota-

417 1253 494 1292 rios,
513 1254 658 1295 comites,
685 1254 811 1298 equites
837 1260 869 1287 et
895 1255 1030 1295 nobiles,
1056 1266 1093 1288 ac
1118 1255 1157 1288 de

416 1306 519 1339 nobili
545 1317 665 1349 genere
692 1319 728 1340 ex
750 1313 889 1352 utroque
919 1313 1055 1351 parente
1086 1319 1157 1351 pro-

418 1366 555 1399 creatos,
571 1371 697 1394 necnon
718 1372 870 1394 romanae
885 1366 915 1394 et
930 1362 1066 1395 aliarum
1085 1362 1159 1395 civi-

419 1418 517 1445 tatum
544 1418 575 1445 et
601 1420 758 1446 terrarum
777 1414 875 1455 cives,
899 1421 995 1458 prout
1015 1415 1156 1455 libuerit,

416 1475 472 1498 vos
497 1466 678 1499 inscribere
703 1467 851 1507 valeatis,
878 1478 914 1500 ac
939 1479 997 1511 pro
1023 1468 1106 1501 veris
1127 1473 1158 1501 et

417 1529 483 1551 non
510 1519 591 1552 lictis
618 1520 764 1558 notariis,
792 1521 975 1562 comitibus,
993 1522 1157 1564 equitibus

418 1577 450 1604 et
475 1573 641 1605 nobilibus
667 1583 703 1605 ac
728 1573 852 1606 civibus
879 1574 1082 1615 habeamini,
1110 1576 1158 1607 ni-

417 1625 553 1668 hilque,
580 1628 819 1669 qualecumque
846 1627 924 1660 illud
951 1627 1058 1668 suerit,
1086 1638 1157 1661 cum

416 1678 455 1711 iis
491 1680 789 1723 subscriptionibus
827 1680 1079 1724 subreptitium,
1108 1684 1157 1715 vel

418 1733 626 1776 obreptitium
648 1760 655 1774 ,
683 1739 736 1766 aut
760 1733 937 1767 invalidum
958 1762 966 1775 ,
993 1735 1050 1768 sed
1076 1736 1157 1769 illud

416 1786 503 1820 idem
530 1788 639 1820 efficax
666 1787 697 1820 in
713 1788 864 1821 omnibus
887 1794 1069 1830 censeatur,
1088 1800 1158 1823 nec-

416 1850 481 1874 non
508 1841 642 1874 honoris
669 1842 764 1875 causa
789 1842 929 1884 iusignia
957 1843 1064 1885 gentis
1100 1853 1159 1876 non

416 1900 502 1928 strae
520 1894 585 1928 sive
605 1895 731 1937 integre
750 1895 815 1928 sive
830 1906 902 1929 cum
918 1896 1033 1929 vestris
1052 1906 1158 1939 respe-

416 1947 497 1980 ctive
525 1948 707 1991 composita
731 1953 859 1992 gestare
890 1948 1032 1991 possitis,
1060 1954 1158 1992 prout

417 2000 508 2035 vobis
534 2002 719 2045 placuerit,
744 2002 966 2035 concedimus.

461 2055 475 2098 ἓ
501 2054 529 2087 2.
555 2055 593 2088 Et
616 2055 751 2098 insuper
776 2066 830 2089 vos
857 2061 1031 2099 vestraque
1057 2055 1158 2089 bene-

416 2107 487 2141 ficia
511 2113 543 2141 et
560 2108 666 2142 officia
683 2109 905 2142 ecclesiastica
920 2120 1156 2153 quaecumque,

418 2167 637 2205 quotcumque
664 2167 696 2194 et
720 2162 989 2206 qualiacumque,
1027 2162 1158 2196 illorum

417 2214 557 2257 fructus,
582 2226 634 2249 res
652 2222 684 2249 et
701 2216 771 2249 iura
784 2216 980 2260 ubicumque
995 2217 1156 2257 locorum,

417 2279 596 2312 regnorum
621 2275 652 2303 et
677 2270 915 2313 provinciarum
931 2296 938 2310 ‚
963 2281 1091 2304 necnon
1127 2270 1159 2302 in

416 2321 523 2363 Urbe,
548 2323 745 2364 civitatibus,
773 2323 867 2357 terris
893 2329 924 2356 et
948 2324 1029 2356 locis
1054 2324 1159 2357 eidem

417 2375 583 2409 Romanae
609 2376 773 2410 Ecclesiae
798 2377 939 2410 mediate
965 2378 1013 2410 vel
1050 2377 1160 2410 imme-

418 2429 504 2463 diate
530 2430 683 2463 subiectis
704 2430 916 2463 consistentia
941 2430 1087 2474 praedia,
1107 2431 1160 2463 do-

418 2495 502 2525 mos,
528 2484 756 2527 possessiones
784 2489 816 2517 et
840 2484 925 2517 bona
954 2484 1161 2527 patrimonia-

418 2537 474 2577 lia,
501 2538 627 2581 aliaque
655 2538 847 2581 temporalia
876 2537 1008 2570 mobilia
1041 2543 1072 2570 et
1103 2537 1161 2570 im-

419 2591 553 2624 mobilia
579 2602 615 2624 ac
639 2591 847 2632 semoventia,
871 2601 998 2625 necnon
1016 2591 1160 2624 actiones

420 2648 451 2677 ct
464 2643 535 2678 iura
549 2645 733 2689 praesentia
748 2649 779 2680 ct
793 2645 909 2686 sutura,
925 2644 1158 2689 cuiuscumque

1013 249 1199 274 BULLARIUM
1225 249 1383 274 ROMANUM

1202 299 1377 340 qualitatis,
1406 299 1592 342 quantitatis
1617 305 1647 331 et
1671 305 1817 341 naturae,
1841 309 1876 332 ac
1892 310 1942 332 eu-

1203 351 1299 384 iusvis
1327 351 1423 384 etiam
1450 351 1546 384 annui
1569 352 1698 392 valoris,
1716 352 1850 393 fructus,
1871 352 1943 385 red-

1203 404 1287 437 ditus
1315 411 1346 437 et
1371 410 1545 448 proventus
1572 404 1760 438 huiusmodi
1796 405 1858 438 sint
1893 406 1942 438 vel

1202 458 1344 497 suerint,
1370 468 1405 490 ac
1431 458 1527 490 etiam
1555 468 1774 501 quaecumque
1800 469 1817 491 a
1853 458 1944 490 vobis

1203 511 1392 551 vendenda,
1418 522 1453 543 ac
1473 522 1529 554 pro
1557 511 1670 544 vestris
1695 517 1726 544 et
1750 511 1942 545 familiarum

1204 569 1385 596 vestrarum
1412 563 1520 595 usibus
1545 563 1700 604 emenda,
1728 564 1766 596 ab
1792 565 1942 597 omnibus

1203 622 1234 650 et
1260 617 1517 660 quibuscumque
1544 617 1689 657 decimis,
1712 617 1833 660 quartis
1849 622 1880 650 et
1896 617 1943 650 di-

1204 670 1311 703 midiis
1337 670 1494 713 partibus,
1520 670 1688 709 subsidiis,
1714 670 1809 702 etiam
1836 669 1943 703 chari-

1204 724 1308 757 tativis
1325 751 1332 764 ,
1363 734 1489 757 necnon
1515 724 1749 766 vectigalibus,
1774 724 1942 767 portoriis,

1204 778 1358 818 tributis,
1384 779 1499 818 (latiis,
1525 777 1693 821 pedagiis,
1719 777 1888 818 collectis,
1915 780 1946 811 et

1203 841 1406 874 quocumque
1432 831 1497 863 alio
1525 830 1655 863 nomine
1681 830 1875 873 nuncupatis
1893 840 1946 862 an-

1203 883 1312 926 gariis,
1337 883 1551 926 perangariis,
1577 884 1761 927 ceterisque
1788 883 1945 917 oneribus

1204 942 1235 969 et
1260 937 1558 969 contributionibus
1586 942 1647 969 tam
1681 937 1812 970 urbanis
1848 947 1944 980 quam

1204 989 1332 1022 rusticis
1349 1015 1356 1029 ,
1383 989 1557 1022 ordinariis
1583 996 1614 1022 et
1652 989 1918 1022 extraordinariis
1937 1016 1944 1029 ,

1203 1041 1366 1082 realibus,
1392 1042 1619 1084 personalibus
1646 1047 1678 1075 et
1702 1042 1819 1081 mixtis,
1846 1042 1944 1074 etiam

1204 1094 1328 1128 ratione
1355 1095 1572 1127 munitionum
1599 1095 1759 1128 moenium
1790 1101 1822 1127 et
1855 1105 1942 1138 pon-

1204 1148 1290 1189 tium,
1318 1153 1485 1191 portarum
1512 1153 1542 1181 et
1560 1148 1797 1188 moliturarum,
1815 1153 1848 1181 et
1862 1158 1946 1181 mer—

1203 1201 1285 1234 cium
1308 1201 1540 1244 cuiuscumque
1558 1202 1697 1244 generis,
1716 1202 1871 1234 transitus
1889 1211 1945 1234 seu

1202 1265 1316 1298 passus
1343 1260 1374 1287 et
1397 1259 1565 1295 vecturae,
1591 1255 1686 1288 etiam
1712 1255 1744 1287 in
1770 1255 1857 1288 aliud
1884 1261 1946 1288 ter—

1203 1307 1350 1341 ritorium
1377 1319 1434 1341 scu
1460 1308 1686 1351 provinciam,
1719 1310 1825 1348 terra,
1864 1309 1944 1341 mari

1203 1366 1234 1393 et
1258 1361 1389 1394 flumine
1409 1388 1416 1401 ,
1447 1372 1573 1393 necnon
1608 1372 1767 1404 equorum
1802 1365 1946 1394 mortuo-

1203 1426 1284 1456 rum,
1311 1415 1566 1448 stabulationum
1594 1415 1744 1456 militum,
1770 1415 1946 1448 institutio-

1203 1468 1252 1501 nis
1293 1469 1457 1501 seminarii
1498 1469 1735 1509 ecclesiastici,
1773 1474 1826 1501 aut
1861 1479 1943 1512 qua-

1203 1521 1360 1564 cumque¹
1387 1523 1449 1554 alia
1475 1523 1679 1565 quantumvis
1703 1522 1790 1564 gravi
1817 1527 1850 1555 et
1875 1532 1947 1564 gra-

1203 1575 1331 1607 vissima
1356 1577 1448 1607 causa
1475 1575 1559 1618 (pro
1589 1575 1802 1608 subventione
1836 1581 1946 1608 contra

1202 1628 1353 1661 infideles
1380 1628 1546 1660 dumtaxat
1565 1629 1715 1671 excepta)
1735 1638 1820 1661 nunc
1838 1633 1870 1661 et
1885 1638 1946 1671 pro

1205 1686 1351 1723 tempore
1377 1680 1547 1723 impositis,
1576 1681 1619 1713 ita
1647 1682 1732 1724 quod
1753 1692 1806 1714 vos
1829 1687 1861 1714 et
1878 1681 1947 1724 qui-

1203 1734 1285 1766 libet
1309 1739 1454 1767 vestrum
1479 1733 1562 1766 niliil
1588 1735 1722 1768 omnino
1750 1735 1867 1767 borum
1893 1739 1947 1767 aut

1204 1788 1341 1820 aliorum
1367 1787 1518 1820 similium
1544 1788 1653 1821 subire
1680 1787 1868 1828 teneamini,
1888 1798 1947 1820 nec

1203 1852 1263 1884 per
1286 1840 1436 1874 Gamerae
1463 1841 1668 1884 Apostolicae
1694 1846 1748 1873 aut
1765 1841 1844 1874 alios
1864 1852 1948 1874 com-

1203 1895 1377 1935 missarios,
1400 1905 1456 1928 seu
1475 1894 1679 1937 vectigalium
1698 1900 1729 1927 et
1745 1895 1945 1928 tributorum

1205 1948 1390 1981 huiusmodi
1417 1948 1660 1991 1·edemptoreS‚
1687 1948 1902 1981 conductores
1915 1952 1947 1980 et

1204 2007 1372 2035 exactores
1397 2011 1603 2045 quocumque
1628 2001 1817 2044 privilegio,
1840 2011 1947 2034 exem-

1203 2054 1315 2098 ptione
1341 2059 1373 2087 et
1399 2054 1551 2088 facultate
1573 2053 1732 2094 sull'ultos,
1752 2054 1831 2087 alias
1851 2064 1946 2097 quam

1203 2113 1238 2141 ut
1263 2108 1449 2152 praefertur
1473 2107 1605 2140 valeatis
1632 2107 1808 2147 coarctari,
1838 2117 1946 2150 quam·

1204 2161 1257 2193 diu
1285 2161 1423 2194 servitiis
1453 2160 1572 2194 nostris
1606 2160 1788 2194 institeritis
1821 2160 1948 2193 dumta-

1205 2219 1273 2255 xat,
1299 2214 1470 2247 eximimus
1497 2220 1529 2247 et
1554 2214 1745 2247 liberamus.

1247 2267 1262 2309 ἓ
1286 2267 1317 2300 3.
1346 2267 1392 2300 Ad
1420 2267 1511 2307 haec,
1537 2267 1700 2301 vobiscum
1727 2272 1846 2300 etcum
1870 2277 1947 2311 quo·

1204 2320 1284 2353 libet
1312 2326 1455 2354 vestrum
1487 2322 1686 2364 respective,
1714 2327 1749 2353 ut
1774 2331 1948 2364 quaecum-

1205 2428 1264 2460 sub
1282 2429 1419 2471 singulis
1441 2428 1543 2461 tribus
1562 2429 1655 2461 tectis
1673 2437 1949 2471 quarumcumque

1207 2483 1302 2515 trium
1321 2482 1577 2523 cathedralium,
1604 2482 1700 2515 etiam
1727 2481 1950 2524 metropolita-

1206 2547 1330 2576 narum,
1353 2541 1407 2568 aut
1423 2535 1559 2568 aliarum
1581 2534 1677 2568 etiam
1699 2534 1947 2577 collegiatarum

1206 2590 1421 2623 ecclesiarum
1448 2589 1675 2629 consistentia,
1703 2588 1828 2622 etiamsi
1849 2597 1950 2621 unum

1240 2654 1251 2680 1
1275 2651 1345 2679 Edit.
1368 2651 1450 2682 Main.
1470 2651 1535 2687 legit
1556 2659 1756 2686 quaecumque
1776 2653 1818 2686 (R.
1836 2649 1888 2685 Τ.).

1954 249 2007 278 Αη.
2027 249 2056 278 C.
2074 252 2141 281 1735

2002 2272 2118 2298 Dispensat
2133 2276 2146 2292 a

1959 2299 2076 2320 resi-tenua
2108 2298 2144 2319 be-

1960 2326 2083 2346 neficiorum
2115 2327 2147 2345 et-

1961 2358 2002 2373 iam
2026 2358 2073 2372 cum
2102 2351 2147 2371 fru-

1205 2385 1266 2418 que
1288 2375 1353 2408 duo
1380 2374 1550 2407 dissimilia
1575 2376 1622 2408 vel
1649 2374 1808 2418 simplicia
1829 2374 2032 2407 similiactuum
2069 2383 2146 2405 vorce·

1960 2407 2042 2432 ptione.
