2232 3178
52 208 106 236 An.
127 206 156 233 C.
177 205 244 234 1735

871 201 1014 225 CLEMENS

251 252 357 286 curiae
382 251 585 291 saecularis,
625 251 651 283 si
683 255 792 284 autem
829 250 966 283 clericus
986 276 993 289 ‚

251 306 320 339 eius
347 304 545 349 competenti
572 303 672 337 iudici
696 303 918 337 ecclesiastico
939 308 996 335 tra-

252 359 328 392 dere
361 364 393 391 et
424 357 616 400 consignare
650 355 755 400 possit
787 367 824 388 ae
860 355 1019 394 debeat,;

253 412 372 445 exactis
399 417 505 444 tamen
538 409 743 453 receptisque
770 409 802 441 in
835 414 907 441 actu
937 413 997 440 tra-

254 465 387 498 ditionis
413 470 445 498 et
470 463 726 506 consignationis
761 461 947 494 huiusmodi
982 472 999 493 a

254 518 361 551 iudice
387 518 518 561 quidem
535 516 691 550 saeculari
709 516 890 548 iuramento
909 519 941 547 et
959 515 998 546 ab

255 571 473 605 ecclesiastico
499 570 718 614 promissione
743 569 775 601 in
815 568 913 601 verbo
946 578 1000 600 ve-

255 625 357 659 ritatis
385 625 424 658 de
450 624 655 658 restituendo
682 627 860 656 extractum
896 615 1022 655 ecete-'

255 680 323 712 siae
349 680 463 713 locove
489 678 634 719 immuni,
657 677 717 711 sub
742 678 847 721 poena
873 681 1023 709 excom-'

255 732 486 766 municationis
512 733 595 765 latae
620 730 804 764 sententiae
841 728 935 762 nobis
970 733 1001 761 et

256 786 362 819 eidem
397 786 545 820 Romano
575 783 722 818 Pontifici
756 794 815 827 pro
853 789 1000 826 tempore

257 840 406 874 existenti
431 844 626 879 reservatae,
653 844 811 882 quatenus
837 842 1000 870 extractus
1023 855 1024 858 =

256 895 289 927 in
324 893 389 926 suis
416 892 678 932 defensionibus,
705 902 786 936 quae
817 891 855 923 ad
894 890 1002 923 trami-

258 954 305 981 tes
330 947 409 980 iuris
434 952 466 980 et
491 947 737 980 ordinationum
752 944 1002 988 apostolicarum

259 1000 287 1033 ei
320 1005 529 1043 competunt,
555 999 700 1043 praefata
733 998 832 1032 elidat
865 1007 921 1030 seu
956 996 1003 1029 di-

260 1055 326 1087 luat
350 1053 490 1094 indicia,
518 1059 561 1093 et,
588 1053 614 1085 si
641 1052 696 1085 illa
721 1051 853 1084 minime
880 1050 1004 1083 eliserit

259 1107 329 1140 sive
363 1106 520 1146 diluerit,
556 1111 587 1139 et
624 1105 818 1148 delinquens
855 1108 1003 1147 repertus

261 1161 376 1201 suerit,
404 1160 503 1193 iudici
528 1170 606 1201 suo,
634 1159 759 1192 scilicet
783 1157 1003 1191 ecclesiastico
1025 1169 1026 1174 ¹

260 1213 292 1246 in
318 1214 472 1247 clericum
492 1240 499 1253 ,
527 1211 689 1246 saeculari
726 1211 758 1244 in
796 1211 936 1250 laicum,
971 1215 1005 1242 ut

261 1268 339 1301 iuris
364 1278 433 1301 esse
458 1267 645 1307 censuerit,
672 1266 931 1299 animadvertere
968 1263 1004 1296 li-

261 1327 342 1354 ceat.
362 1319 493 1359 Quoties
515 1325 622 1353 autem
641 1319 681 1352 de
700 1319 762 1352 iam
782 1318 930 1357 bannito,
951 1322 1006 1350 aut

261 1375 294 1408 in
320 1373 555 1408 contumaciam
581 1373 733 1406 damnato
760 1383 796 1406 ex
822 1374 918 1405 causa
946 1371 1006 1404 ho-

262 1428 385 1462 micidii
411 1427 561 1471 superius
587 1427 712 1470 excepti
739 1427 803 1459 sive
830 1425 913 1459 laico
938 1424 1005 1458 sive

262 1480 482 1515 ecclesiastico
507 1485 638 1523 agetur,
666 1479 805 1523 quilibet
829 1479 926 1512 iudex
955 1489 1006 1512 ee-

263 1533 473 1574 clesiasticus,
489 1539 524 1566 ut
541 1533 735 1577 praefertur,
751 1538 953 1576 competens,
967 1531 1005 1564 ad

263 1587 359 1627 illius,
387 1587 460 1620 laici
486 1586 639 1620 nimirum
665 1587 806 1619 instante
832 1586 921 1619 curia
938 1596 1008 1619 sae-

264 1641 377 1682 culari,
398 1646 429 1674 et
446 1640 556 1673 clerici
575 1650 612 1673 ex
631 1639 750 1681 officio,
775 1639 1007 1673 extractionem

266 1695 305 1728 ab
330 1694 468 1728 ecclesia
492 1694 604 1727 locove
629 1692 788 1733 immuni,
815 1703 887 1726 eum
915 1693 1009 1727 inter-

265 1754 362 1782 ventu
383 1758 515 1792 quoque
533 1757 695 1791 personae
710 1747 951 1781 ecclesiasticae
970 1747 1009 1779 ab

267 1802 421 1846 episcopo
456 1800 662 1844 deputandae
684 1827 691 1841 ‚
728 1812 765 1833 ae
803 1800 1010 1834 traditionem

266 1865 327 1889 suo
352 1854 533 1898 respective
558 1853 667 1894 iudici,
693 1853 779 1887 sicut
806 1864 878 1887 mox
905 1854 1013 1897 dispo-

267 1909 365 1942 situm
391 1913 457 1948 est,
483 1907 666 1941 faciendam
691 1907 869 1951 procedat;
892 1908 1013 1940 solam-

268 1970 332 2005 que
351 1959 528 1994 sententiae
545 1959 788 1994 contumacialis
806 1964 837 1993 et
855 1964 1012 1999 actorum,

269 2014 387 2057 quibus
420 2013 476 2048 illa
509 2013 678 2053 fundatur,
704 2013 940 2047 exhibitionem
975 2013 1015 2046 ad

271 2067 334 2101 hoc
358 2067 509 2100 sufficere
535 2067 750 2107 decen-ninum,
779 2072 813 2099 ut
838 2066 943 2100 dictus
969 2066 1016 2099 iu-

271 2121 331 2154 dex
349 2120 610 2161 ecclesiasticus,
630 2130 666 2153 ex
687 2121 819 2154 illorum
838 2120 1017 2163 inspectio·
1038 2125 1039 2133 ¹

272 2183 313 2208 ne
330 2174 492 2208 dumtaxat
510 2174 620 2217 agnito
638 2184 714 2207 num
739 2174 926 2207 istiusmodi
945 2184 1018 2207 sen-

275 2227 374 2260 tentia
407 2227 651 2261 contumacialis
687 2227 832 2270 legitime
870 2229 1017 2271 iusteque

276 2280 403 2322 prolata
427 2280 467 2314 sit
503 2280 542 2313 ad
574 2280 712 2314 sormam
743 2280 1017 2314 constitutionum

275 2331 537 2375 apostolicarum,
556 2333 778 2376 pronunciare
797 2344 834 2367 ae
852 2333 1018 2367 declarare

275 2389 372 2428 queat
396 2390 428 2418 et
453 2385 582 2427 debeat,
597 2397 638 2419 an
663 2386 817 2420 bannitus
844 2392 876 2420 et
894 2387 926 2420 in
944 2397 1019 2420 con-

278 2437 446 2472 tumaciam
485 2438 654 2472 damnatus
690 2439 932 2483 consignandas
970 2450 1019 2473 ve-

276 2490 353 2532 niat,
379 2501 492 2531 necne,
519 2491 637 2525 exactis
663 2492 785 2535 pariter
810 2498 842 2527 et
868 2493 1017 2537 receptis,

276 2550 434 2588 quatenus
459 2545 680 2589 consignetur,
700 2555 718 2579 a
735 2546 841 2580 iudice
862 2546 1019 2580 saeculari

283 2599 476 2641 iuramento,
503 2599 527 2632 si
555 2599 751 2643 delinquens
777 2600 819 2634 sit
843 2600 955 2642 laicus,
981 2601 1020 2635 ab

1019 467 1111 508 :ctus
1137 462 1169 493 in
1194 462 1260 494 suis
1292 462 1440 494 similiter
1475 460 1718 493 defensionibus

1040 200 1088 224 xit
1114 201 1163 224 PP.

1040 248 1260 282 ecclesiastico
1295 248 1396 289 vero,
1431 248 1455 280 si
1494 247 1591 280 suerit
1627 246 1779 287 clericus,

1040 301 1259 344 promissione
1285 302 1390 344 ipsum
1417 306 1451 333 ut
1475 309 1571 343 supra
1590 299 1781 332 restituendi

1041 355 1222 392 ecelesiae,
1250 355 1360 387 locove
1387 353 1546 391 immuni,
1574 352 1633 385 sub
1660 352 1783 384 antedi-

1041 409 1089 440 cta
1116 410 1222 450 poena
1247 406 1604 445 excommunicationis,
1629 406 1654 437 si
1681 411 1784 437 extra-

1756 459 1783 490 ei

1043 515 1081 547 ad
1098 515 1333 558 praescriptum
1349 516 1567 557 praelatarum
1582 513 1786 546 constitutio-

1021 599 1022 612 ,
1044 579 1119 601 num
1145 569 1395 612 apostolicarum
1421 568 1681 610 competentibus
1713 568 1786 598 nula

1044 621 1167 655 litatem
1193 627 1225 654 et
1242 621 1434 654 iniustitiam
1456 620 1701 654 contumacialis
1715 630 1787 652 sen-

1046 674 1164 708 tentiae
1190 674 1376 717 praedictae
1404 674 1590 712 ostenderit,
1607 679 1637 705 et
1655 673 1787 705 sceleris

1046 728 1167 761 indicia
1192 728 1339 767 diluerit;
1367 728 1454 770 quod
1493 727 1518 760 si
1556 727 1587 759 id
1624 732 1788 770 praestare

1047 781 1245 825 nequiverit,
1273 787 1306 814 et
1338 791 1375 813 ex
1401 781 1524 814 eisdem
1558 780 1721 813 sententia
1759 785 1790 811 et

1047 836 1125 869 actis
1152 835 1213 868 rite
1239 841 1269 867 et
1295 839 1382 868 recte
1408 834 1508 877 gestis
1534 844 1608 867 rcus
1640 838 1789 876 repertus

1049 889 1160 929 suerit,
1187 888 1283 922 iudex
1309 893 1501 932 competens
1526 887 1719 920 sententiam
1745 897 1792 918 ex-

1047 943 1142 986 equi,
1161 948 1206 981 et,
1233 942 1364 985 quando
1399 941 1541 984 aliquem
1567 940 1598 973 in
1624 942 1729 984 poena
1753 940 1792 971 ir-

1048 998 1158 1038 rogata
1191 1005 1360 1028 excessum
1393 993 1672 1038 deprehenderit,
1697 993 1793 1025 etiam

1048 1049 1209 1082 moderari
1235 1049 1362 1087 valeat;
1389 1048 1434 1081 ita
1458 1048 1545 1091 quod
1572 1056 1793 1090 quaecumque

1049 1102 1227 1135 declaratio
1252 1112 1270 1134 a
1290 1101 1456 1144 praedicto
1474 1100 1581 1133 iudice
1602 1099 1795 1133 ecclesiasti-

1050 1168 1088 1190 co
1109 1157 1190 1189 sacta
1215 1156 1248 1188 in
1273 1155 1393 1189 iudicio
1420 1154 1657 1188 ecclesiasticae
1684 1154 1796 1186 immu-

1049 1209 1158 1243 nitatis
1184 1219 1284 1252 super
1308 1207 1554 1251 consignatione
1572 1206 1697 1240 banniti
1716 1212 1746 1239 et
1765 1206 1797 1238 in

1049 1262 1288 1296 contumaciam
1315 1262 1457 1295 damnati
1491 1261 1626 1303 eiusque
1664 1260 1798 1301 denega-

1050 1317 1151 1358 tione,
1179 1317 1367 1349 nullatenus
1393 1314 1559 1348 deservire
1585 1319 1615 1346 et
1633 1324 1650 1345 a
1668 1313 1798 1346 nemine

1052 1371 1188 1413 allegari
1214 1370 1317 1413 possit
1342 1369 1375 1402 in
1401 1368 1465 1402 alio
1492 1368 1620 1401 diverso
1646 1377 1681 1399 ac
1706 1377 1799 1409 sepa-

1050 1429 1121 1457 rato
1138 1423 1270 1464 iudicio,
1288 1423 1320 1455 in
1342 1432 1406 1466 quo
1424 1421 1548 1455 scilieet
1573 1420 1612 1453 de
1633 1420 1800 1463 praefatae

1049 1477 1228 1511 sententiae
1242 1476 1530 1510 contumacialisex
1545 1475 1695 1508 eeutione
1712 1481 1800 1518 post·

1051 1531 1183 1564 modum
1205 1530 1362 1573 disputari
1388 1529 1613 1572 contingeret;
1640 1528 1679 1561 ad
1706 1539 1801 1571 quem

1053 1583 1202 1618 effectum
1228 1583 1314 1617 dicta
1340 1583 1517 1617 declaratio
1544 1582 1660 1615 iudicis
1698 1583 1800 1615 eccle-

1053 1637 1175 1671 siastici
1216 1636 1353 1681 perinde
1397 1636 1557 1669 habeatur
1601 1646 1638 1668 ac
1673 1635 1698 1667 si
1736 1645 1801 1668 non

1056 1697 1255 1732 emanasset,
1281 1700 1341 1723 nec
1371 1690 1456 1723 ullus
1489 1689 1602 1722 exinde
1628 1688 1800 1732 scrupulus

1056 1744 1164 1778 animo
1177 1743 1291 1777 iudicis
1301 1743 1515 1786 competentis
1529 1742 1561 1775 in
1577 1742 1803 1785 cognoscenda

1057 1803 1090 1831 et
1121 1797 1310 1831 definienda
1342 1796 1509 1830 validitate
1543 1806 1600 1828 seu
1636 1795 1801 1834 nullitate,

1058 1851 1178 1884 iustitia
1203 1861 1258 1884 seu
1284 1850 1440 1883 iniustitia
1457 1849 1602 1883 eiusdem
1619 1848 1802 1882 sententiae

1059 1903 1307 1938 contumacialis
1332 1904 1510 1946 ingeratur.

1103 1958 1117 2002 ἓ
1143 1958 1196 1991 tlt.
1225 1958 1315 1990 llanc
1339 1962 1447 1991 autem
1472 1956 1663 1990 methodum
1690 1962 1721 1989 et
1743 1957 1805 1990 sor-

1061 2022 1145 2044 mam
1170 2011 1218 2044 sic
1242 2021 1259 2044 a
1284 2010 1379 2044 nobis
1411 2010 1586 2044 stabilitam
1624 2016 1735 2043 exacte
1774 1998 1834 2056 etsst

1840 2000 1850 2010 lt

1834 2025 1899 2043 *uiper
1924 2022 1944 2039 et
1969 2025 2000 2038 in<

1697 188 1739 221 35
1785 198 1838 223 An.
1859 195 1974 223 C.1735

1853 1965 1908 1984 llaec
1932 1968 1999 1985 etti]-

1855 1999 1892 2011 tttis
1935 1995 1998 2012 turtum

1061 2065 1252 2098 inconcusse
1277 2065 1317 2097 ab
1344 2064 1497 2098 omnibus
1523 2063 1677 2107 deinceps
1696 2052 1914 2096 ol)se1··‘»'‚.''.¹.{=¹]s³'

1063 2118 1128 2152 vari
1154 2119 1306 2151 volumus
1332 2123 1362 2151 et
1378 2117 1581 2157 mandamus,
1600 2127 1804 2160 quacumque

1062 2172 1122 2206 alia
1159 2171 1454 2216 praedecessorum
1495 2170 1712 2214 dispositione
1753 2176 1805 2202 ant

1062 2225 1224 2258 contraria
1261 2223 1532 2268 interpretatione
1571 2234 1607 2256 ac
1647 2223 1737 2266 praxi
1774 2223 1806 2254 iu

1064 2279 1232 2323 quibusvis
1257 2278 1354 2311 curiis
1380 2278 1473 2311 Urbis
1499 2283 1530 2311 et
1555 2277 1686 2310 ditionis
1719 2287 1806 2320 prac-

1065 2334 1201 2366 fatarum
1221 2332 1472 2376 quomodolibet
1486 2337 1516 2364 et
1535 2330 1806 2374 quamtocumtpie

1064 2387 1217 2427 invecta,
1245 2395 1371 2420 necnon
1397 2383 1672 2418 declarationibus
1705 2394 1722 2415 a
1757 2383 1809 2414 tri-

1064 2440 1240 2474 bunalibus
1265 2439 1371 2473 dictae
1397 2436 1491 2470 Urbis
1516 2447 1551 2470 ac
1570 2437 1664 2469 etiam
1690 2447 1706 2468 a
1732 2436 1809 2469 Con-

1065 2494 1257 2538 gregatione
1282 2502 1342 2536 pro
1362 2497 1507 2534 tempore
1523 2500 1654 2534 quoquc
1673 2489 1807 2522 existen-

1066 2547 1144 2580 tium
1170 2546 1315 2580 eiusdem
1341 2545 1372 2578 S.
1394 2544 1431 2576 lt.
1454 2544 1488 2576 E.
1516 2543 1726 2576 cardinalium
1751 2543 1807 2575 im-

1065 2599 1212 2634 munitati
1240 2597 1482 2634 ecclesiasticae
1518 2602 1548 2628 et
1577 2596 1807 2630 controversiis
