<?xml version="1.0" encoding="UTF-8"?>
<!DOCTYPE html PUBLIC "-//W3C//DTD XHTML 1.0 Transitional//EN"
    "http://www.w3.org/TR/xhtml1/DTD/xhtml1-transitional.dtd">
<html xmlns="http://www.w3.org/1999/xhtml" xml:lang="en" lang="en">
 <head>
  <title>
</title>
<meta http-equiv="Content-Type" content="text/html;charset=utf-8" />
  <meta name='ocr-system' content='tesseract 3.04.00' />
  <meta name='ocr-capabilities' content='ocr_page ocr_carea ocr_par ocr_line ocrx_word'/>
</head>
<body>
  <div class='ocr_page' id='page_1' title='image "./bullarumdiplomat24cath_0679.png"; bbox 0 0 2232 3178; ppageno 0'>
   <div class='ocr_carea' id='block_1_1' title="bbox 0 861 5 1374">
    <p class='ocr_par' dir='ltr' id='par_1_1' title="bbox 0 861 5 1374">
     <span class='ocr_line' id='line_1_1' title="bbox 0 861 5 1374; baseline 0 0"><span class='ocrx_word' id='word_1_1' title='bbox 0 861 5 1374; x_wconf 95' lang='lat' dir='ltr'> </span> 
     </span>
    </p>
   </div>
   <div class='ocr_carea' id='block_1_2' title="bbox 35 154 220 195">
    <p class='ocr_par' dir='ltr' id='par_1_2' title="bbox 35 154 220 195">
     <span class='ocr_line' id='line_1_2' title="bbox 35 154 220 195; baseline -0.005 0"><span class='ocrx_word' id='word_1_2' title='bbox 35 167 84 195; x_wconf 74' lang='lat' dir='ltr'>An.</span> <span class='ocrx_word' id='word_1_3' title='bbox 99 154 133 194; x_wconf 84' lang='lat' dir='ltr'>c.&#39;</span> <span class='ocrx_word' id='word_1_4' title='bbox 150 166 220 194; x_wconf 79' lang='lat'>¹740</span> 
     </span>
    </p>
   </div>
   <div class='ocr_carea' id='block_1_3' title="bbox 0 2435 17 3178">
    <p class='ocr_par' dir='ltr' id='par_1_3' title="bbox 0 2435 17 3178">
     <span class='ocr_line' id='line_1_3' title="bbox 0 2435 17 3178; baseline 0 0"><span class='ocrx_word' id='word_1_5' title='bbox 0 2435 17 3178; x_wconf 95' lang='lat' dir='ltr'> </span> 
     </span>
    </p>
   </div>
   <div class='ocr_carea' id='block_1_4' title="bbox 845 167 985 195">
    <p class='ocr_par' dir='ltr' id='par_1_4' title="bbox 845 167 985 195">
     <span class='ocr_line' id='line_1_4' title="bbox 845 167 985 195; baseline -0.007 0"><span class='ocrx_word' id='word_1_6' title='bbox 845 167 985 195; x_wconf 74' lang='lat' dir='ltr'><strong>CLEMENS</strong></span> 
     </span>
    </p>
   </div>
   <div class='ocr_carea' id='block_1_5' title="bbox 216 214 969 2584">
    <p class='ocr_par' dir='ltr' id='par_1_5' title="bbox 227 214 969 392">
     <span class='ocr_line' id='line_1_5' title="bbox 227 214 969 257; baseline 0.005 -13"><span class='ocrx_word' id='word_1_7' title='bbox 227 224 328 245; x_wconf 88' lang='lat' dir='ltr'>omnes</span> <span class='ocrx_word' id='word_1_8' title='bbox 350 214 436 246; x_wconf 87' lang='lat' dir='ltr'>simul</span> <span class='ocrx_word' id='word_1_9' title='bbox 458 215 637 255; x_wconf 80' lang='lat' dir='ltr'>hegumenos</span> <span class='ocrx_word' id='word_1_10' title='bbox 659 217 800 257; x_wconf 76' lang='lat' dir='ltr'>spectabit</span> <span class='ocrx_word' id='word_1_11' title='bbox 822 218 901 248; x_wconf 88' lang='lat' dir='ltr'>illam</span> <span class='ocrx_word' id='word_1_12' title='bbox 926 218 969 248; x_wconf 91' lang='lat' dir='ltr'>in-</span> 
     </span>
     <span class='ocr_line' id='line_1_6' title="bbox 227 264 969 306; baseline 0.005 -13"><span class='ocrx_word' id='word_1_13' title='bbox 227 264 342 303; x_wconf 80' lang='lat' dir='ltr'>dIcere,</span> <span class='ocrx_word' id='word_1_14' title='bbox 366 268 394 294; x_wconf 91' lang='lat' dir='ltr'>et</span> <span class='ocrx_word' id='word_1_15' title='bbox 416 265 497 304; x_wconf 88' lang='lat' dir='ltr'>prior</span> <span class='ocrx_word' id='word_1_16' title='bbox 519 265 548 295; x_wconf 89' lang='lat' dir='ltr'>in</span> <span class='ocrx_word' id='word_1_17' title='bbox 571 265 672 296; x_wconf 84' lang='lat' dir='ltr'>ordine</span> <span class='ocrx_word' id='word_1_18' title='bbox 695 266 873 306; x_wconf 82' lang='lat' dir='ltr'>praesidebit</span> <span class='ocrx_word' id='word_1_19' title='bbox 895 271 969 297; x_wconf 89' lang='lat' dir='ltr'>tam·</span> 
     </span>
     <span class='ocr_line' id='line_1_7' title="bbox 227 313 968 356; baseline 0.007 -15"><span class='ocrx_word' id='word_1_20' title='bbox 227 322 313 351; x_wconf 89' lang='lat' dir='ltr'>quam</span> <span class='ocrx_word' id='word_1_21' title='bbox 345 313 471 343; x_wconf 85' lang='lat' dir='ltr'>vicarius</span> <span class='ocrx_word' id='word_1_22' title='bbox 501 314 613 345; x_wconf 83' lang='lat' dir='ltr'>abbatis</span> <span class='ocrx_word' id='word_1_23' title='bbox 635 316 799 355; x_wconf 89' lang='lat' dir='ltr'>generalis,</span> <span class='ocrx_word' id='word_1_24' title='bbox 823 320 855 346; x_wconf 89' lang='lat' dir='ltr'>ut</span> <span class='ocrx_word' id='word_1_25' title='bbox 882 325 968 356; x_wconf 90' lang='lat' dir='ltr'>supra</span> 
     </span>
     <span class='ocr_line' id='line_1_8' title="bbox 227 361 413 392; baseline 0.011 -2"><span class='ocrx_word' id='word_1_26' title='bbox 227 361 336 391; x_wconf 88' lang='lat' dir='ltr'>dictum</span> <span class='ocrx_word' id='word_1_27' title='bbox 359 366 413 392; x_wconf 89' lang='lat' dir='ltr'>est.</span> 
     </span>
    </p>

    <p class='ocr_par' dir='ltr' id='par_1_6' title="bbox 223 409 969 1076">
     <span class='ocr_line' id='line_1_9' title="bbox 266 409 969 450; baseline 0.004 -12"><span class='ocrx_word' id='word_1_28' title='bbox 266 417 307 438; x_wconf 89' lang='lat'>111.</span> <span class='ocrx_word' id='word_1_29' title='bbox 331 409 386 439; x_wconf 86' lang='lat' dir='ltr'>Per</span> <span class='ocrx_word' id='word_1_30' title='bbox 408 415 517 450; x_wconf 84' lang='lat' dir='ltr'><strong>septem</strong></span> <span class='ocrx_word' id='word_1_31' title='bbox 540 411 601 441; x_wconf 88' lang='lat' dir='ltr'>dies</span> <span class='ocrx_word' id='word_1_32' title='bbox 634 421 666 441; x_wconf 87' lang='lat' dir='ltr'>ea</span> <span class='ocrx_word' id='word_1_33' title='bbox 689 411 822 442; x_wconf 84' lang='lat' dir='ltr'>durabit:</span> <span class='ocrx_word' id='word_1_34' title='bbox 846 412 969 450; x_wconf 89' lang='lat' dir='ltr'>singulis</span> 
     </span>
     <span class='ocr_line' id='line_1_10' title="bbox 226 458 967 498; baseline 0.007 -13"><span class='ocrx_word' id='word_1_35' title='bbox 226 460 323 486; x_wconf 89' lang='lat' dir='ltr'>autem</span> <span class='ocrx_word' id='word_1_36' title='bbox 342 458 456 496; x_wconf 80' lang='lat' dir='ltr'>diebus,</span> <span class='ocrx_word' id='word_1_37' title='bbox 474 460 635 498; x_wconf 64' lang='lat' dir='ltr'>praemissa</span> <span class='ocrx_word' id='word_1_38' title='bbox 656 461 785 490; x_wconf 90' lang='lat' dir='ltr'>oratione</span> <span class='ocrx_word' id='word_1_39' title='bbox 807 460 967 498; x_wconf 74' lang='lat' dir='ltr'>dominica,</span> 
     </span>
     <span class='ocr_line' id='line_1_11' title="bbox 226 505 968 547; baseline 0.005 -13"><span class='ocrx_word' id='word_1_40' title='bbox 226 510 255 535; x_wconf 90' lang='lat' dir='ltr'>et</span> <span class='ocrx_word' id='word_1_41' title='bbox 276 505 385 536; x_wconf 84' lang='lat' dir='ltr'>litaniis</span> <span class='ocrx_word' id='word_1_42' title='bbox 407 507 593 538; x_wconf 77' lang='lat' dir='ltr'>beatissimae</span> <span class='ocrx_word' id='word_1_43' title='bbox 609 509 748 547; x_wconf 84' lang='lat' dir='ltr'>Virginis,</span> <span class='ocrx_word' id='word_1_44' title='bbox 766 518 862 539; x_wconf 84' lang='lat' dir='ltr'>coram</span> <span class='ocrx_word' id='word_1_45' title='bbox 883 508 968 538; x_wconf 86' lang='lat' dir='ltr'>altari</span> 
     </span>
     <span class='ocr_line' id='line_1_12' title="bbox 226 553 969 596; baseline 0.005 -13"><span class='ocrx_word' id='word_1_46' title='bbox 226 553 261 583; x_wconf 89' lang='lat' dir='ltr'>ab</span> <span class='ocrx_word' id='word_1_47' title='bbox 283 554 399 585; x_wconf 88' lang='lat' dir='ltr'>aedituo</span> <span class='ocrx_word' id='word_1_48' title='bbox 427 561 544 595; x_wconf 87' lang='lat' dir='ltr'>parato,</span> <span class='ocrx_word' id='word_1_49' title='bbox 567 557 692 587; x_wconf 89' lang='lat' dir='ltr'>ianitore</span> <span class='ocrx_word' id='word_1_50' title='bbox 725 561 837 596; x_wconf 86' lang='lat' dir='ltr'>portam</span> <span class='ocrx_word' id='word_1_51' title='bbox 869 557 969 587; x_wconf 89' lang='lat' dir='ltr'>obser-</span> 
     </span>
     <span class='ocr_line' id='line_1_13' title="bbox 226 605 966 644; baseline 0.005 -12"><span class='ocrx_word' id='word_1_52' title='bbox 226 607 333 641; x_wconf 81' lang='lat' dir='ltr'><strong>vante,</strong></span> <span class='ocrx_word' id='word_1_53' title='bbox 357 608 385 634; x_wconf 89' lang='lat' dir='ltr'>et</span> <span class='ocrx_word' id='word_1_54' title='bbox 406 605 564 635; x_wconf 87' lang='lat' dir='ltr'>secretario</span> <span class='ocrx_word' id='word_1_55' title='bbox 587 606 621 636; x_wconf 89' lang='lat' dir='ltr'>ad</span> <span class='ocrx_word' id='word_1_56' title='bbox 645 615 774 636; x_wconf 91' lang='lat' dir='ltr'>mensam</span> <span class='ocrx_word' id='word_1_57' title='bbox 807 606 966 644; x_wconf 80' lang='lat' dir='ltr'>assidente,</span> 
     </span>
     <span class='ocr_line' id='line_1_14' title="bbox 225 651 967 692; baseline 0.007 -13"><span class='ocrx_word' id='word_1_58' title='bbox 225 659 279 680; x_wconf 89' lang='lat' dir='ltr'>nec</span> <span class='ocrx_word' id='word_1_59' title='bbox 302 660 359 680; x_wconf 90' lang='lat' dir='ltr'>non</span> <span class='ocrx_word' id='word_1_60' title='bbox 382 651 494 682; x_wconf 91' lang='lat' dir='ltr'>duobus</span> <span class='ocrx_word' id='word_1_61' title='bbox 517 653 667 683; x_wconf 88' lang='lat' dir='ltr'>monachis</span> <span class='ocrx_word' id='word_1_62' title='bbox 689 653 895 692; x_wconf 81' lang='lat' dir='ltr'>suffragiorum</span> <span class='ocrx_word' id='word_1_63' title='bbox 919 663 967 684; x_wconf 90' lang='lat' dir='ltr'>co-</span> 
     </span>
     <span class='ocr_line' id='line_1_15' title="bbox 226 698 966 742; baseline 0.007 -14"><span class='ocrx_word' id='word_1_64' title='bbox 226 698 401 736; x_wconf 89' lang='lat' dir='ltr'>gnitoribus,</span> <span class='ocrx_word' id='word_1_65' title='bbox 425 700 562 739; x_wconf 81' lang='lat' dir='ltr'>suffragia</span> <span class='ocrx_word' id='word_1_66' title='bbox 585 702 690 738; x_wconf 81' lang='lat' dir='ltr'>serent,</span> <span class='ocrx_word' id='word_1_67' title='bbox 707 706 738 732; x_wconf 92' lang='lat' dir='ltr'>ut</span> <span class='ocrx_word' id='word_1_68' title='bbox 754 712 840 742; x_wconf 89' lang='lat' dir='ltr'>supra</span> <span class='ocrx_word' id='word_1_69' title='bbox 856 702 966 733; x_wconf 90' lang='lat' dir='ltr'>dictum</span> 
     </span>
     <span class='ocr_line' id='line_1_16' title="bbox 226 748 966 788; baseline 0.007 -12"><span class='ocrx_word' id='word_1_70' title='bbox 226 751 269 777; x_wconf 85' lang='lat' dir='ltr'>cst</span> <span class='ocrx_word' id='word_1_71' title='bbox 291 748 326 777; x_wconf 89' lang='lat' dir='ltr'>de</span> <span class='ocrx_word' id='word_1_72' title='bbox 349 749 574 787; x_wconf 86' lang='lat' dir='ltr'>congregatione</span> <span class='ocrx_word' id='word_1_73' title='bbox 596 751 736 788; x_wconf 89' lang='lat' dir='ltr'>generali.</span> <span class='ocrx_word' id='word_1_74' title='bbox 760 751 849 781; x_wconf 90' lang='lat' dir='ltr'>Porro</span> <span class='ocrx_word' id='word_1_75' title='bbox 872 760 966 781; x_wconf 88' lang='lat' dir='ltr'>secre-</span> 
     </span>
     <span class='ocr_line' id='line_1_17' title="bbox 224 795 966 838; baseline 0.007 -13"><span class='ocrx_word' id='word_1_76' title='bbox 224 795 327 833; x_wconf 85' lang='lat' dir='ltr'>tarius,</span> <span class='ocrx_word' id='word_1_77' title='bbox 349 797 492 834; x_wconf 89' lang='lat' dir='ltr'>aedituus,</span> <span class='ocrx_word' id='word_1_78' title='bbox 516 797 622 828; x_wconf 85' lang='lat' dir='ltr'>ianitor</span> <span class='ocrx_word' id='word_1_79' title='bbox 643 803 671 829; x_wconf 89' lang='lat' dir='ltr'>et</span> <span class='ocrx_word' id='word_1_80' title='bbox 687 799 745 829; x_wconf 89' lang='lat' dir='ltr'>duo</span> <span class='ocrx_word' id='word_1_81' title='bbox 761 799 966 838; x_wconf 79' lang='lat' dir='ltr'>suffragiorum</span> 
     </span>
     <span class='ocr_line' id='line_1_18' title="bbox 225 844 966 886; baseline 0.008 -14"><span class='ocrx_word' id='word_1_82' title='bbox 225 845 390 882; x_wconf 84' lang='lat' dir='ltr'>cognitores</span> <span class='ocrx_word' id='word_1_83' title='bbox 413 844 448 874; x_wconf 92' lang='lat' dir='ltr'>ab</span> <span class='ocrx_word' id='word_1_84' title='bbox 471 845 573 876; x_wconf 81' lang='lat' dir='ltr'>abbate</span> <span class='ocrx_word' id='word_1_85' title='bbox 595 847 723 885; x_wconf 85' lang='lat' dir='ltr'>generali</span> <span class='ocrx_word' id='word_1_86' title='bbox 746 852 773 877; x_wconf 92' lang='lat' dir='ltr'>et</span> <span class='ocrx_word' id='word_1_87' title='bbox 795 848 966 886; x_wconf 80' lang='lat' dir='ltr'>hegumenis</span> 
     </span>
     <span class='ocr_line' id='line_1_19' title="bbox 224 891 965 936; baseline 0.008 -16"><span class='ocrx_word' id='word_1_88' title='bbox 224 891 421 931; x_wconf 82' lang='lat' dir='ltr'>praeeligendi</span> <span class='ocrx_word' id='word_1_89' title='bbox 458 898 537 924; x_wconf 85' lang='lat' dir='ltr'>sunt.</span> <span class='ocrx_word' id='word_1_90' title='bbox 571 894 734 934; x_wconf 78' lang='lat' dir='ltr'>Antequam</span> <span class='ocrx_word' id='word_1_91' title='bbox 769 905 835 926; x_wconf 89' lang='lat' dir='ltr'>vero</span> <span class='ocrx_word' id='word_1_92' title='bbox 871 897 965 936; x_wconf 76' lang='lat' dir='ltr'>prima</span> 
     </span>
     <span class='ocr_line' id='line_1_20' title="bbox 224 941 966 983; baseline 0.008 -14"><span class='ocrx_word' id='word_1_93' title='bbox 224 942 411 979; x_wconf 85' lang='lat' dir='ltr'>congregatio</span> <span class='ocrx_word' id='word_1_94' title='bbox 444 941 610 980; x_wconf 74' lang='lat' dir='ltr'>inchoetur,</span> <span class='ocrx_word' id='word_1_95' title='bbox 634 953 729 974; x_wconf 88' lang='lat' dir='ltr'>sermo</span> <span class='ocrx_word' id='word_1_96' title='bbox 765 945 966 983; x_wconf 88' lang='lat' dir='ltr'>paraeneticus</span> 
     </span>
     <span class='ocr_line' id='line_1_21' title="bbox 225 989 967 1032; baseline 0.007 -14"><span class='ocrx_word' id='word_1_97' title='bbox 225 989 275 1018; x_wconf 86' lang='lat' dir='ltr'>fiat</span> <span class='ocrx_word' id='word_1_98' title='bbox 297 989 333 1019; x_wconf 89' lang='lat' dir='ltr'>ab</span> <span class='ocrx_word' id='word_1_99' title='bbox 356 990 458 1020; x_wconf 87' lang='lat' dir='ltr'>idoneo</span> <span class='ocrx_word' id='word_1_100' title='bbox 482 992 633 1029; x_wconf 90' lang='lat' dir='ltr'>monacho,</span> <span class='ocrx_word' id='word_1_101' title='bbox 659 1002 744 1031; x_wconf 90' lang='lat' dir='ltr'>quem</span> <span class='ocrx_word' id='word_1_102' title='bbox 768 993 857 1023; x_wconf 91' lang='lat' dir='ltr'>abbas</span> <span class='ocrx_word' id='word_1_103' title='bbox 879 1003 967 1032; x_wconf 90' lang='lat' dir='ltr'>gene-</span> 
     </span>
     <span class='ocr_line' id='line_1_22' title="bbox 223 1037 522 1076; baseline 0.007 -10"><span class='ocrx_word' id='word_1_104' title='bbox 223 1037 292 1067; x_wconf 85' lang='lat' dir='ltr'>ralis</span> <span class='ocrx_word' id='word_1_105' title='bbox 314 1038 522 1076; x_wconf 82' lang='lat' dir='ltr'>designaverit.</span> 
     </span>
    </p>

    <p class='ocr_par' dir='ltr' id='par_1_7' title="bbox 216 1086 966 2584">
     <span class='ocr_line' id='line_1_23' title="bbox 262 1086 964 1128; baseline 0.009 -13"><span class='ocrx_word' id='word_1_106' title='bbox 262 1094 301 1115; x_wconf 92' lang='lat' dir='ltr'>1v.</span> <span class='ocrx_word' id='word_1_107' title='bbox 335 1086 366 1116; x_wconf 86' lang='lat' dir='ltr'>Si</span> <span class='ocrx_word' id='word_1_108' title='bbox 406 1091 471 1126; x_wconf 89' lang='lat' dir='ltr'>post</span> <span class='ocrx_word' id='word_1_109' title='bbox 503 1089 761 1127; x_wconf 80' lang='lat' dir='ltr'>congregationem</span> <span class='ocrx_word' id='word_1_110' title='bbox 798 1091 964 1128; x_wconf 75' lang='lat' dir='ltr'>generalem</span> 
     </span>
     <span class='ocr_line' id='line_1_24' title="bbox 223 1134 966 1176; baseline 0.007 -12"><span class='ocrx_word' id='word_1_111' title='bbox 223 1134 350 1173; x_wconf 88' lang='lat' dir='ltr'>eligendi</span> <span class='ocrx_word' id='word_1_112' title='bbox 374 1136 432 1165; x_wconf 90' lang='lat' dir='ltr'>sint</span> <span class='ocrx_word' id='word_1_113' title='bbox 465 1136 584 1167; x_wconf 83' lang='lat' dir='ltr'>abbates</span> <span class='ocrx_word' id='word_1_114' title='bbox 617 1138 832 1176; x_wconf 90' lang='lat' dir='ltr'>provinciarum</span> <span class='ocrx_word' id='word_1_115' title='bbox 856 1143 883 1169; x_wconf 89' lang='lat' dir='ltr'>et</span> <span class='ocrx_word' id='word_1_116' title='bbox 906 1149 966 1169; x_wconf 91' lang='lat' dir='ltr'>mo-</span> 
     </span>
     <span class='ocr_line' id='line_1_25' title="bbox 222 1183 965 1224; baseline 0.007 -12"><span class='ocrx_word' id='word_1_117' title='bbox 222 1183 436 1219; x_wconf 88' lang='lat' dir='ltr'>nasteriorum,</span> <span class='ocrx_word' id='word_1_118' title='bbox 463 1184 557 1223; x_wconf 88' lang='lat' dir='ltr'>primo</span> <span class='ocrx_word' id='word_1_119' title='bbox 581 1186 817 1223; x_wconf 83' lang='lat' dir='ltr'>congregationis</span> <span class='ocrx_word' id='word_1_120' title='bbox 840 1187 899 1224; x_wconf 88' lang='lat' dir='ltr'>die,</span> <span class='ocrx_word' id='word_1_121' title='bbox 921 1197 965 1217; x_wconf 90' lang='lat' dir='ltr'>se-</span> 
     </span>
     <span class='ocr_line' id='line_1_26' title="bbox 222 1229 965 1272; baseline 0.007 -13"><span class='ocrx_word' id='word_1_122' title='bbox 222 1229 358 1260; x_wconf 85' lang='lat' dir='ltr'>dentibus</span> <span class='ocrx_word' id='word_1_123' title='bbox 380 1231 408 1261; x_wconf 90' lang='lat' dir='ltr'>in</span> <span class='ocrx_word' id='word_1_124' title='bbox 441 1233 543 1262; x_wconf 90' lang='lat' dir='ltr'>ordine</span> <span class='ocrx_word' id='word_1_125' title='bbox 566 1242 618 1262; x_wconf 88' lang='lat' dir='ltr'>suo</span> <span class='ocrx_word' id='word_1_126' title='bbox 649 1233 752 1263; x_wconf 86' lang='lat' dir='ltr'>abbate</span> <span class='ocrx_word' id='word_1_127' title='bbox 785 1234 914 1272; x_wconf 86' lang='lat' dir='ltr'>generali</span> <span class='ocrx_word' id='word_1_128' title='bbox 937 1239 965 1264; x_wconf 89' lang='lat' dir='ltr'>et</span> 
     </span>
     <span class='ocr_line' id='line_1_27' title="bbox 222 1279 964 1324; baseline 0.008 -15"><span class='ocrx_word' id='word_1_129' title='bbox 222 1279 406 1320; x_wconf 85' lang='lat' dir='ltr'>hegumenis,</span> <span class='ocrx_word' id='word_1_130' title='bbox 429 1282 571 1312; x_wconf 87' lang='lat' dir='ltr'>accedunt</span> <span class='ocrx_word' id='word_1_131' title='bbox 593 1282 730 1321; x_wconf 84' lang='lat' dir='ltr'>abbates,</span> <span class='ocrx_word' id='word_1_132' title='bbox 755 1294 879 1324; x_wconf 90' lang='lat' dir='ltr'>quorum</span> <span class='ocrx_word' id='word_1_133' title='bbox 902 1285 964 1314; x_wconf 80' lang='lat' dir='ltr'>offi-</span> 
     </span>
     <span class='ocr_line' id='line_1_28' title="bbox 222 1328 964 1372; baseline 0.008 -15"><span class='ocrx_word' id='word_1_134' title='bbox 222 1328 298 1358; x_wconf 92' lang='lat' dir='ltr'>cium</span> <span class='ocrx_word' id='word_1_135' title='bbox 322 1329 444 1368; x_wconf 84' lang='lat' dir='ltr'>expirat,</span> <span class='ocrx_word' id='word_1_136' title='bbox 469 1331 513 1360; x_wconf 90' lang='lat' dir='ltr'>vel</span> <span class='ocrx_word' id='word_1_137' title='bbox 537 1340 637 1361; x_wconf 88' lang='lat' dir='ltr'>eorum</span> <span class='ocrx_word' id='word_1_138' title='bbox 661 1332 773 1369; x_wconf 86' lang='lat' dir='ltr'>vicarii,</span> <span class='ocrx_word' id='word_1_139' title='bbox 797 1342 874 1362; x_wconf 87' lang='lat' dir='ltr'>unus</span> <span class='ocrx_word' id='word_1_140' title='bbox 900 1337 964 1372; x_wconf 90' lang='lat' dir='ltr'>post</span> 
     </span>
     <span class='ocr_line' id='line_1_29' title="bbox 221 1376 962 1418; baseline 0.007 -13"><span class='ocrx_word' id='word_1_141' title='bbox 221 1376 329 1415; x_wconf 79' lang='lat' dir='ltr'>alium3</span> <span class='ocrx_word' id='word_1_142' title='bbox 353 1381 381 1407; x_wconf 90' lang='lat' dir='ltr'>et</span> <span class='ocrx_word' id='word_1_143' title='bbox 403 1378 561 1416; x_wconf 79' lang='lat' dir='ltr'>genuflexi,</span> <span class='ocrx_word' id='word_1_144' title='bbox 585 1379 714 1418; x_wconf 88' lang='lat' dir='ltr'>sigillum</span> <span class='ocrx_word' id='word_1_145' title='bbox 739 1385 766 1412; x_wconf 89' lang='lat' dir='ltr'>et</span> <span class='ocrx_word' id='word_1_146' title='bbox 789 1381 915 1411; x_wconf 82' lang='lat' dir='ltr'>officium</span> <span class='ocrx_word' id='word_1_147' title='bbox 933 1381 962 1411; x_wconf 95' lang='lat' dir='ltr'>in</span> 
     </span>
     <span class='ocr_line' id='line_1_30' title="bbox 221 1425 962 1468; baseline 0.009 -14"><span class='ocrx_word' id='word_1_148' title='bbox 221 1425 356 1456; x_wconf 85' lang='lat' dir='ltr'>manibus</span> <span class='ocrx_word' id='word_1_149' title='bbox 379 1426 492 1457; x_wconf 78' lang='lat' dir='ltr'>abbat1s</span> <span class='ocrx_word' id='word_1_150' title='bbox 515 1429 661 1466; x_wconf 85' lang='lat' dir='ltr'>generalis</span> <span class='ocrx_word' id='word_1_151' title='bbox 684 1433 712 1459; x_wconf 90' lang='lat' dir='ltr'>et</span> <span class='ocrx_word' id='word_1_152' title='bbox 730 1430 962 1468; x_wconf 85' lang='lat' dir='ltr'>hegumenorum</span> 
     </span>
     <span class='ocr_line' id='line_1_31' title="bbox 220 1474 963 1515; baseline 0.008 -12"><span class='ocrx_word' id='word_1_153' title='bbox 220 1474 381 1512; x_wconf 86' lang='lat' dir='ltr'>resignant,</span> <span class='ocrx_word' id='word_1_154' title='bbox 404 1480 432 1506; x_wconf 89' lang='lat' dir='ltr'>et</span> <span class='ocrx_word' id='word_1_155' title='bbox 454 1475 604 1515; x_wconf 89' lang='lat' dir='ltr'>deponunt</span> <span class='ocrx_word' id='word_1_156' title='bbox 626 1477 655 1507; x_wconf 94' lang='lat' dir='ltr'>in</span> <span class='ocrx_word' id='word_1_157' title='bbox 681 1478 754 1508; x_wconf 87' lang='lat' dir='ltr'>haec</span> <span class='ocrx_word' id='word_1_158' title='bbox 777 1478 887 1508; x_wconf 87' lang='lat' dir='ltr'>verba:</span> <span class='ocrx_word' id='word_1_159' title='bbox 911 1478 963 1508; x_wconf 84' lang='lat' dir='ltr'>Re-</span> 
     </span>
     <span class='ocr_line' id='line_1_32' title="bbox 220 1523 964 1562; baseline 0.009 -12"><span class='ocrx_word' id='word_1_160' title='bbox 220 1523 411 1552; x_wconf 73' lang='lat' dir='ltr'>rerendissimi</span> <span class='ocrx_word' id='word_1_161' title='bbox 430 1529 535 1562; x_wconf 83' lang='lat' dir='ltr'>patres,</span> <span class='ocrx_word' id='word_1_162' title='bbox 565 1526 593 1554; x_wconf 81' lang='lat' dir='ltr'>in</span> <span class='ocrx_word' id='word_1_163' title='bbox 616 1526 741 1555; x_wconf 81' lang='lat' dir='ltr'>manibus</span> <span class='ocrx_word' id='word_1_164' title='bbox 770 1529 867 1557; x_wconf 75' lang='lat' dir='ltr'>vestris</span> <span class='ocrx_word' id='word_1_165' title='bbox 894 1528 964 1557; x_wconf 80' lang='lat' dir='ltr'>resi-</span> 
     </span>
     <span class='ocr_line' id='line_1_33' title="bbox 218 1572 960 1614; baseline 0.009 -15"><span class='ocrx_word' id='word_1_166' title='bbox 218 1580 271 1608; x_wconf 65' lang='lat' dir='ltr'>gno</span> <span class='ocrx_word' id='word_1_167' title='bbox 293 1580 324 1600; x_wconf 86' lang='lat' dir='ltr'>ac</span> <span class='ocrx_word' id='word_1_168' title='bbox 345 1572 448 1610; x_wconf 80' lang='lat' dir='ltr'>depono</span> <span class='ocrx_word' id='word_1_169' title='bbox 469 1573 589 1612; x_wconf 81' lang='lat' dir='ltr'>officium</span> <span class='ocrx_word' id='word_1_170' title='bbox 610 1574 714 1604; x_wconf 71' lang='lat' dir='ltr'>abbatis</span> <span class='ocrx_word' id='word_1_171' title='bbox 733 1577 894 1614; x_wconf 82' lang='lat' dir='ltr'>provinciae</span> <span class='ocrx_word' id='word_1_172' title='bbox 912 1576 960 1610; x_wconf 80' lang='lat' dir='ltr'>N..</span> 
     </span>
     <span class='ocr_line' id='line_1_34' title="bbox 220 1619 963 1661; baseline 0.009 -14"><span class='ocrx_word' id='word_1_173' title='bbox 220 1619 265 1648; x_wconf 86' lang='lat' dir='ltr'>vel</span> <span class='ocrx_word' id='word_1_174' title='bbox 289 1621 450 1650; x_wconf 80' lang='lat' dir='ltr'>monasterii</span> <span class='ocrx_word' id='word_1_175' title='bbox 471 1621 519 1659; x_wconf 90' lang='lat' dir='ltr'>N.,</span> <span class='ocrx_word' id='word_1_176' title='bbox 537 1622 605 1660; x_wconf 77' lang='lat' dir='ltr'>quod</span> <span class='ocrx_word' id='word_1_177' title='bbox 621 1623 690 1651; x_wconf 79' lang='lat' dir='ltr'>milii</span> <span class='ocrx_word' id='word_1_178' title='bbox 708 1624 821 1661; x_wconf 79' lang='lat' dir='ltr'>indiyno</span> <span class='ocrx_word' id='word_1_179' title='bbox 837 1626 963 1654; x_wconf 81' lang='lat' dir='ltr'>commis-</span> 
     </span>
     <span class='ocr_line' id='line_1_35' title="bbox 219 1669 963 1710; baseline 0.009 -15"><span class='ocrx_word' id='word_1_180' title='bbox 219 1676 280 1696; x_wconf 78' lang='lat' dir='ltr'>sum</span> <span class='ocrx_word' id='word_1_181' title='bbox 301 1669 366 1706; x_wconf 76' lang='lat' dir='ltr'>fuit,</span> <span class='ocrx_word' id='word_1_182' title='bbox 388 1669 525 1708; x_wconf 79' lang='lat' dir='ltr'>simulque</span> <span class='ocrx_word' id='word_1_183' title='bbox 546 1672 654 1699; x_wconf 73' lang='lat' dir='ltr'>veniam</span> <span class='ocrx_word' id='word_1_184' title='bbox 684 1675 746 1710; x_wconf 92' lang='lat' dir='ltr'>peto</span> <span class='ocrx_word' id='word_1_185' title='bbox 777 1673 809 1700; x_wconf 72' lang='lat' dir='ltr'>cle</span> <span class='ocrx_word' id='word_1_186' title='bbox 839 1673 963 1702; x_wconf 74' lang='lat' dir='ltr'>omnibus</span> 
     </span>
     <span class='ocr_line' id='line_1_36' title="bbox 219 1714 963 1752; baseline 0.011 -9"><span class='ocrx_word' id='word_1_187' title='bbox 219 1714 310 1752; x_wconf 75' lang='lat' dir='ltr'>culpis</span> <span class='ocrx_word' id='word_1_188' title='bbox 331 1725 348 1744; x_wconf 89' lang='lat' dir='ltr'>a</span> <span class='ocrx_word' id='word_1_189' title='bbox 369 1726 411 1745; x_wconf 84' lang='lat' dir='ltr'>me</span> <span class='ocrx_word' id='word_1_190' title='bbox 433 1718 463 1745; x_wconf 82' lang='lat' dir='ltr'>in</span> <span class='ocrx_word' id='word_1_191' title='bbox 478 1726 507 1746; x_wconf 87' lang='lat' dir='ltr'>eo</span> <span class='ocrx_word' id='word_1_192' title='bbox 529 1719 690 1748; x_wconf 84' lang='lat' dir='ltr'>commissis.</span> <span class='ocrx_word' id='word_1_193' title='bbox 714 1719 742 1749; x_wconf 89' lang='lat' dir='ltr'>Si</span> <span class='ocrx_word' id='word_1_194' title='bbox 761 1720 887 1750; x_wconf 87' lang='lat' dir='ltr'>vicarius</span> <span class='ocrx_word' id='word_1_195' title='bbox 902 1721 963 1751; x_wconf 85' lang='lat' dir='ltr'>fue-</span> 
     </span>
     <span class='ocr_line' id='line_1_37' title="bbox 220 1764 962 1809; baseline 0.008 -16"><span class='ocrx_word' id='word_1_196' title='bbox 220 1764 270 1802; x_wconf 88' lang='lat' dir='ltr'>rit,</span> <span class='ocrx_word' id='word_1_197' title='bbox 288 1768 338 1794; x_wconf 85' lang='lat' dir='ltr'>aut</span> <span class='ocrx_word' id='word_1_198' title='bbox 356 1770 540 1804; x_wconf 89' lang='lat' dir='ltr'>procurator,</span> <span class='ocrx_word' id='word_1_199' title='bbox 557 1766 648 1797; x_wconf 86' lang='lat' dir='ltr'>dicat:</span> <span class='ocrx_word' id='word_1_200' title='bbox 665 1766 897 1799; x_wconf 75' lang='lat' dir='ltr'>Reverendissimi</span> <span class='ocrx_word' id='word_1_201' title='bbox 911 1780 962 1809; x_wconf 86' lang='lat' dir='ltr'>pa-</span> 
     </span>
     <span class='ocr_line' id='line_1_38' title="bbox 219 1814 961 1856; baseline 0.008 -15"><span class='ocrx_word' id='word_1_202' title='bbox 219 1817 282 1851; x_wconf 82' lang='lat' dir='ltr'>tres,</span> <span class='ocrx_word' id='word_1_203' title='bbox 305 1814 414 1842; x_wconf 80' lang='lat' dir='ltr'>nomine</span> <span class='ocrx_word' id='word_1_204' title='bbox 436 1823 467 1843; x_wconf 89' lang='lat' dir='ltr'>ac</span> <span class='ocrx_word' id='word_1_205' title='bbox 487 1816 548 1844; x_wconf 76' lang='lat' dir='ltr'>vice</span> <span class='ocrx_word' id='word_1_206' title='bbox 574 1817 719 1846; x_wconf 66' lang='lat' dir='ltr'>reverendi·</span> <span class='ocrx_word' id='word_1_207' title='bbox 747 1819 838 1856; x_wconf 79' lang='lat' dir='ltr'>patris</span> <span class='ocrx_word' id='word_1_208' title='bbox 859 1818 909 1855; x_wconf 91' lang='lat' dir='ltr'>N.,</span> <span class='ocrx_word' id='word_1_209' title='bbox 933 1819 961 1847; x_wconf 81' lang='lat' dir='ltr'>in</span> 
     </span>
     <span class='ocr_line' id='line_1_39' title="bbox 219 1861 960 1906; baseline 0.011 -17"><span class='ocrx_word' id='word_1_210' title='bbox 219 1861 345 1890; x_wconf 81' lang='lat' dir='ltr'>manibus</span> <span class='ocrx_word' id='word_1_211' title='bbox 376 1863 472 1892; x_wconf 83' lang='lat' dir='ltr'>vestris</span> <span class='ocrx_word' id='word_1_212' title='bbox 501 1864 609 1901; x_wconf 67' lang='lat' dir='ltr'>resigno</span> <span class='ocrx_word' id='word_1_213' title='bbox 639 1874 671 1894; x_wconf 90' lang='lat' dir='ltr'>ac</span> <span class='ocrx_word' id='word_1_214' title='bbox 701 1865 805 1905; x_wconf 82' lang='lat' dir='ltr'>depono</span> <span class='ocrx_word' id='word_1_215' title='bbox 837 1867 960 1906; x_wconf 75' lang='lat' dir='ltr'>officium</span> 
     </span>
     <span class='ocr_line' id='line_1_40' title="bbox 219 1908 962 1955; baseline 0.009 -17"><span class='ocrx_word' id='word_1_216' title='bbox 219 1908 322 1939; x_wconf 74' lang='lat' dir='ltr'>abbatis</span> <span class='ocrx_word' id='word_1_217' title='bbox 338 1911 501 1947; x_wconf 71' lang='lat' dir='ltr'>provinciae</span> <span class='ocrx_word' id='word_1_218' title='bbox 515 1911 565 1951; x_wconf 90' lang='lat' dir='ltr'>N.,</span> <span class='ocrx_word' id='word_1_219' title='bbox 582 1912 627 1943; x_wconf 87' lang='lat' dir='ltr'>vel</span> <span class='ocrx_word' id='word_1_220' title='bbox 644 1915 805 1944; x_wconf 73' lang='lat' dir='ltr'>monasterii</span> <span class='ocrx_word' id='word_1_221' title='bbox 825 1915 874 1952; x_wconf 84' lang='lat' dir='ltr'>N.‚</span> <span class='ocrx_word' id='word_1_222' title='bbox 892 1916 962 1955; x_wconf 78' lang='lat' dir='ltr'>qaod</span> 
     </span>
     <span class='ocr_line' id='line_1_41' title="bbox 218 1958 961 2004; baseline 0.009 -17"><span class='ocrx_word' id='word_1_223' title='bbox 218 1958 274 1997; x_wconf 80' lang='lat' dir='ltr'>ipsi</span> <span class='ocrx_word' id='word_1_224' title='bbox 294 1960 468 1989; x_wconf 76' lang='lat' dir='ltr'>commissum</span> <span class='ocrx_word' id='word_1_225' title='bbox 500 1961 574 1999; x_wconf 77' lang='lat' dir='ltr'>fuit,</span> <span class='ocrx_word' id='word_1_226' title='bbox 597 1962 736 2002; x_wconf 77' lang='lat' dir='ltr'>simulque</span> <span class='ocrx_word' id='word_1_227' title='bbox 766 1965 877 1993; x_wconf 84' lang='lat' dir='ltr'>veniam</span> <span class='ocrx_word' id='word_1_228' title='bbox 897 1969 961 2004; x_wconf 83' lang='lat' dir='ltr'>peto</span> 
     </span>
     <span class='ocr_line' id='line_1_42' title="bbox 217 2007 961 2052; baseline 0.008 -16"><span class='ocrx_word' id='word_1_229' title='bbox 217 2007 249 2035; x_wconf 86' lang='lat' dir='ltr'>de</span> <span class='ocrx_word' id='word_1_230' title='bbox 281 2008 404 2038; x_wconf 82' lang='lat' dir='ltr'>omnibus</span> <span class='ocrx_word' id='word_1_231' title='bbox 434 2008 525 2048; x_wconf 83' lang='lat' dir='ltr'>culpis</span> <span class='ocrx_word' id='word_1_232' title='bbox 557 2009 589 2039; x_wconf 86' lang='lat' dir='ltr'>ab</span> <span class='ocrx_word' id='word_1_233' title='bbox 611 2011 670 2050; x_wconf 85' lang='lat' dir='ltr'>ipso</span> <span class='ocrx_word' id='word_1_234' title='bbox 699 2012 729 2041; x_wconf 88' lang='lat' dir='ltr'>in</span> <span class='ocrx_word' id='word_1_235' title='bbox 757 2013 847 2041; x_wconf 84' lang='lat' dir='ltr'>eodem</span> <span class='ocrx_word' id='word_1_236' title='bbox 874 2013 961 2052; x_wconf 84' lang='lat' dir='ltr'>officio</span> 
     </span>
     <span class='ocr_line' id='line_1_43' title="bbox 217 2057 959 2101; baseline 0.009 -17"><span class='ocrx_word' id='word_1_237' title='bbox 217 2057 376 2086; x_wconf 79' lang='lat' dir='ltr'>commissis.</span> <span class='ocrx_word' id='word_1_238' title='bbox 405 2057 495 2088; x_wconf 73' lang='lat' dir='ltr'>Facta</span> <span class='ocrx_word' id='word_1_239' title='bbox 526 2059 734 2099; x_wconf 82' lang='lat' dir='ltr'>resignatione,</span> <span class='ocrx_word' id='word_1_240' title='bbox 758 2061 959 2101; x_wconf 88' lang='lat' dir='ltr'>unusquisque</span> 
     </span>
     <span class='ocr_line' id='line_1_44' title="bbox 217 2106 959 2146; baseline 0.009 -13"><span class='ocrx_word' id='word_1_241' title='bbox 217 2108 299 2134; x_wconf 82' lang='lat' dir='ltr'>extra</span> <span class='ocrx_word' id='word_1_242' title='bbox 335 2106 590 2144; x_wconf 83' lang='lat' dir='ltr'>congregationem</span> <span class='ocrx_word' id='word_1_243' title='bbox 626 2109 762 2146; x_wconf 68' lang='lat' dir='ltr'>recedet,</span> <span class='ocrx_word' id='word_1_244' title='bbox 800 2114 828 2139; x_wconf 89' lang='lat' dir='ltr'>et</span> <span class='ocrx_word' id='word_1_245' title='bbox 860 2110 959 2140; x_wconf 88' lang='lat' dir='ltr'>clauso</span> 
     </span>
     <span class='ocr_line' id='line_1_45' title="bbox 216 2152 960 2197; baseline 0.009 -15"><span class='ocrx_word' id='word_1_246' title='bbox 216 2152 303 2191; x_wconf 85' lang='lat' dir='ltr'>ostio,</span> <span class='ocrx_word' id='word_1_247' title='bbox 328 2153 403 2192; x_wconf 85' lang='lat' dir='ltr'>legat</span> <span class='ocrx_word' id='word_1_248' title='bbox 423 2156 599 2186; x_wconf 84' lang='lat' dir='ltr'>secretarius</span> <span class='ocrx_word' id='word_1_249' title='bbox 621 2166 716 2187; x_wconf 87' lang='lat' dir='ltr'>coram</span> <span class='ocrx_word' id='word_1_250' title='bbox 747 2157 850 2188; x_wconf 87' lang='lat' dir='ltr'>abbate</span> <span class='ocrx_word' id='word_1_251' title='bbox 872 2168 960 2197; x_wconf 88' lang='lat' dir='ltr'>gene-</span> 
     </span>
     <span class='ocr_line' id='line_1_46' title="bbox 217 2202 958 2246; baseline 0.011 -16"><span class='ocrx_word' id='word_1_252' title='bbox 217 2202 271 2231; x_wconf 85' lang='lat' dir='ltr'>rali</span> <span class='ocrx_word' id='word_1_253' title='bbox 295 2206 323 2232; x_wconf 89' lang='lat' dir='ltr'>et</span> <span class='ocrx_word' id='word_1_254' title='bbox 346 2202 518 2241; x_wconf 86' lang='lat' dir='ltr'>hegumenis</span> <span class='ocrx_word' id='word_1_255' title='bbox 540 2213 677 2236; x_wconf 84' lang='lat' dir='ltr'>excessus</span> <span class='ocrx_word' id='word_1_256' title='bbox 700 2207 744 2236; x_wconf 88' lang='lat' dir='ltr'>vel</span> <span class='ocrx_word' id='word_1_257' title='bbox 766 2207 907 2246; x_wconf 82' lang='lat' dir='ltr'>desectuS‚</span> <span class='ocrx_word' id='word_1_258' title='bbox 934 2208 958 2238; x_wconf 89' lang='lat' dir='ltr'>si</span> 
     </span>
     <span class='ocr_line' id='line_1_47' title="bbox 216 2251 958 2289; baseline 0.009 -10"><span class='ocrx_word' id='word_1_259' title='bbox 216 2259 289 2289; x_wconf 88' lang='lat' dir='ltr'>quos</span> <span class='ocrx_word' id='word_1_260' title='bbox 311 2251 381 2281; x_wconf 87' lang='lat' dir='ltr'>dicti</span> <span class='ocrx_word' id='word_1_261' title='bbox 404 2251 522 2282; x_wconf 85' lang='lat' dir='ltr'>abbates</span> <span class='ocrx_word' id='word_1_262' title='bbox 544 2253 573 2283; x_wconf 90' lang='lat' dir='ltr'>in</span> <span class='ocrx_word' id='word_1_263' title='bbox 597 2264 649 2284; x_wconf 91' lang='lat' dir='ltr'>suo</span> <span class='ocrx_word' id='word_1_264' title='bbox 677 2255 774 2285; x_wconf 82' lang='lat' dir='ltr'>officio</span> <span class='ocrx_word' id='word_1_265' title='bbox 805 2257 958 2286; x_wconf 89' lang='lat' dir='ltr'>commise-</span> 
     </span>
     <span class='ocr_line' id='line_1_48' title="bbox 216 2299 959 2336; baseline 0.011 -8"><span class='ocrx_word' id='word_1_266' title='bbox 216 2300 294 2335; x_wconf 89' lang='lat' dir='ltr'>rint,</span> <span class='ocrx_word' id='word_1_267' title='bbox 317 2299 428 2331; x_wconf 88' lang='lat' dir='ltr'>oblatas</span> <span class='ocrx_word' id='word_1_268' title='bbox 458 2302 598 2332; x_wconf 87' lang='lat' dir='ltr'>adversus</span> <span class='ocrx_word' id='word_1_269' title='bbox 620 2312 669 2333; x_wconf 87' lang='lat' dir='ltr'>eos</span> <span class='ocrx_word' id='word_1_270' title='bbox 691 2303 874 2335; x_wconf 89' lang='lat' dir='ltr'>subditorum</span> <span class='ocrx_word' id='word_1_271' title='bbox 897 2314 959 2336; x_wconf 89' lang='lat' dir='ltr'>mo-</span> 
     </span>
     <span class='ocr_line' id='line_1_49' title="bbox 217 2348 957 2393; baseline 0.011 -17"><span class='ocrx_word' id='word_1_272' title='bbox 217 2348 377 2379; x_wconf 86' lang='lat' dir='ltr'>nachorum</span> <span class='ocrx_word' id='word_1_273' title='bbox 401 2351 615 2390; x_wconf 84' lang='lat' dir='ltr'>accusationes,</span> <span class='ocrx_word' id='word_1_274' title='bbox 639 2356 667 2382; x_wconf 89' lang='lat' dir='ltr'>et</span> <span class='ocrx_word' id='word_1_275' title='bbox 689 2353 807 2392; x_wconf 82' lang='lat' dir='ltr'>similia,</span> <span class='ocrx_word' id='word_1_276' title='bbox 832 2363 905 2393; x_wconf 87' lang='lat' dir='ltr'>quae</span> <span class='ocrx_word' id='word_1_277' title='bbox 927 2354 957 2384; x_wconf 92' lang='lat' dir='ltr'>in</span> 
     </span>
     <span class='ocr_line' id='line_1_50' title="bbox 216 2396 957 2440; baseline 0.009 -14"><span class='ocrx_word' id='word_1_278' title='bbox 216 2396 320 2427; x_wconf 80' lang='lat' dir='ltr'>ultimo</span> <span class='ocrx_word' id='word_1_279' title='bbox 342 2398 438 2428; x_wconf 89' lang='lat' dir='ltr'>triduo</span> <span class='ocrx_word' id='word_1_280' title='bbox 460 2400 694 2438; x_wconf 83' lang='lat' dir='ltr'>congregationis</span> <span class='ocrx_word' id='word_1_281' title='bbox 720 2402 865 2440; x_wconf 89' lang='lat' dir='ltr'>generalis</span> <span class='ocrx_word' id='word_1_282' title='bbox 887 2412 957 2432; x_wconf 84' lang='lat' dir='ltr'>exa-</span> 
     </span>
     <span class='ocr_line' id='line_1_51' title="bbox 216 2445 957 2490; baseline 0.009 -16"><span class='ocrx_word' id='word_1_283' title='bbox 216 2445 324 2476; x_wconf 87' lang='lat' dir='ltr'>minata</span> <span class='ocrx_word' id='word_1_284' title='bbox 346 2451 437 2485; x_wconf 89' lang='lat' dir='ltr'>sunt,</span> <span class='ocrx_word' id='word_1_285' title='bbox 461 2451 489 2477; x_wconf 90' lang='lat' dir='ltr'>et</span> <span class='ocrx_word' id='word_1_286' title='bbox 512 2448 541 2478; x_wconf 92' lang='lat' dir='ltr'>in</span> <span class='ocrx_word' id='word_1_287' title='bbox 564 2453 626 2478; x_wconf 84' lang='lat' dir='ltr'>acta</span> <span class='ocrx_word' id='word_1_288' title='bbox 660 2449 749 2479; x_wconf 84' lang='lat' dir='ltr'>relata</span> <span class='ocrx_word' id='word_1_289' title='bbox 764 2474 771 2488; x_wconf 95' lang='lat'>,</span> <span class='ocrx_word' id='word_1_290' title='bbox 795 2453 826 2479; x_wconf 87' lang='lat' dir='ltr'>ut</span> <span class='ocrx_word' id='word_1_291' title='bbox 859 2459 924 2490; x_wconf 91' lang='lat' dir='ltr'>cap.</span> <span class='ocrx_word' id='word_1_292' title='bbox 948 2460 957 2481; x_wconf 83' lang='lat'>1</span> 
     </span>
     <span class='ocr_line' id='line_1_52' title="bbox 216 2494 957 2539; baseline 0.007 -15"><span class='ocrx_word' id='word_1_293' title='bbox 216 2494 303 2524; x_wconf 91' lang='lat' dir='ltr'>huius</span> <span class='ocrx_word' id='word_1_294' title='bbox 333 2497 425 2534; x_wconf 87' lang='lat' dir='ltr'>partis</span> <span class='ocrx_word' id='word_1_295' title='bbox 454 2506 535 2526; x_wconf 90' lang='lat' dir='ltr'>num.</span> <span class='ocrx_word' id='word_1_296' title='bbox 561 2506 579 2526; x_wconf 88' lang='lat' dir='ltr'>n</span> <span class='ocrx_word' id='word_1_297' title='bbox 607 2497 716 2528; x_wconf 86' lang='lat' dir='ltr'>dictum</span> <span class='ocrx_word' id='word_1_298' title='bbox 746 2502 800 2528; x_wconf 88' lang='lat' dir='ltr'>est.</span> <span class='ocrx_word' id='word_1_299' title='bbox 824 2498 886 2529; x_wconf 88' lang='lat' dir='ltr'>Mox</span> <span class='ocrx_word' id='word_1_300' title='bbox 909 2509 957 2539; x_wconf 82' lang='lat' dir='ltr'>ge—</span> 
     </span>
     <span class='ocr_line' id='line_1_53' title="bbox 216 2543 956 2584; baseline 0.009 -12"><span class='ocrx_word' id='word_1_301' title='bbox 216 2543 324 2573; x_wconf 86' lang='lat' dir='ltr'>neralis</span> <span class='ocrx_word' id='word_1_302' title='bbox 345 2548 373 2574; x_wconf 89' lang='lat' dir='ltr'>et</span> <span class='ocrx_word' id='word_1_303' title='bbox 395 2544 552 2584; x_wconf 80' lang='lat' dir='ltr'>hegumeni</span> <span class='ocrx_word' id='word_1_304' title='bbox 586 2546 620 2576; x_wconf 89' lang='lat' dir='ltr'>de</span> <span class='ocrx_word' id='word_1_305' title='bbox 652 2547 687 2577; x_wconf 80' lang='lat' dir='ltr'>iis</span> <span class='ocrx_word' id='word_1_306' title='bbox 723 2546 904 2578; x_wconf 85' lang='lat' dir='ltr'>deliberent:</span> <span class='ocrx_word' id='word_1_307' title='bbox 928 2553 956 2579; x_wconf 90' lang='lat' dir='ltr'>et</span> 
     </span>
    </p>
   </div>
   <div class='ocr_carea' id='block_1_6' title="bbox 984 843 990 1358">
    <p class='ocr_par' dir='ltr' id='par_1_8' title="bbox 984 843 990 1358">
     <span class='ocr_line' id='line_1_54' title="bbox 984 843 990 1358; baseline 0 0"><span class='ocrx_word' id='word_1_308' title='bbox 984 843 990 1358; x_wconf 95' lang='lat' dir='ltr'> </span> 
     </span>
    </p>
   </div>
   <div class='ocr_carea' id='block_1_7' title="bbox 976 1519 986 2557">
    <p class='ocr_par' dir='ltr' id='par_1_9' title="bbox 976 1519 986 2557">
     <span class='ocr_line' id='line_1_55' title="bbox 976 1519 986 2557; baseline 0 0"><span class='ocrx_word' id='word_1_309' title='bbox 976 1519 986 2557; x_wconf 95' lang='lat' dir='ltr'> </span> 
     </span>
    </p>
   </div>
   <div class='ocr_carea' id='block_1_8' title="bbox 996 169 1755 2588">
    <p class='ocr_par' dir='ltr' id='par_1_10' title="bbox 996 169 1755 2588">
     <span class='ocr_line' id='line_1_56' title="bbox 1013 169 1133 194; baseline 0 0"><span class='ocrx_word' id='word_1_310' title='bbox 1013 169 1059 194; x_wconf 81' lang='lat' dir='ltr'>xn</span> <span class='ocrx_word' id='word_1_311' title='bbox 1082 169 1133 194; x_wconf 71' lang='lat' dir='ltr'>Pr.</span> 
     </span>
     <span class='ocr_line' id='line_1_57' title="bbox 1012 217 1753 257; baseline 0.001 -10"><span class='ocrx_word' id='word_1_312' title='bbox 1012 218 1035 247; x_wconf 92' lang='lat' dir='ltr'>si</span> <span class='ocrx_word' id='word_1_313' title='bbox 1060 218 1129 257; x_wconf 87' lang='lat' dir='ltr'>quid</span> <span class='ocrx_word' id='word_1_314' title='bbox 1152 217 1179 248; x_wconf 91' lang='lat' dir='ltr'>in</span> <span class='ocrx_word' id='word_1_315' title='bbox 1204 218 1347 257; x_wconf 82' lang='lat' dir='ltr'>regulam,</span> <span class='ocrx_word' id='word_1_316' title='bbox 1371 218 1607 256; x_wconf 86' lang='lat' dir='ltr'>constitutiones,</span> <span class='ocrx_word' id='word_1_317' title='bbox 1632 228 1753 249; x_wconf 88' lang='lat' dir='ltr'>consue-</span> 
     </span>
     <span class='ocr_line' id='line_1_58' title="bbox 1014 266 1754 307; baseline 0.001 -12"><span class='ocrx_word' id='word_1_318' title='bbox 1014 266 1130 296; x_wconf 84' lang='lat' dir='ltr'>tudines</span> <span class='ocrx_word' id='word_1_319' title='bbox 1153 266 1196 296; x_wconf 89' lang='lat' dir='ltr'>vel</span> <span class='ocrx_word' id='word_1_320' title='bbox 1226 267 1382 297; x_wconf 86' lang='lat' dir='ltr'>monachos</span> <span class='ocrx_word' id='word_1_321' title='bbox 1415 276 1548 306; x_wconf 85' lang='lat' dir='ltr'>peccasse</span> <span class='ocrx_word' id='word_1_322' title='bbox 1580 267 1754 307; x_wconf 81' lang='lat' dir='ltr'>deprehensi</span> 
     </span>
     <span class='ocr_line' id='line_1_59' title="bbox 1012 313 1755 354; baseline 0.003 -11"><span class='ocrx_word' id='word_1_323' title='bbox 1012 313 1131 353; x_wconf 87' lang='lat' dir='ltr'>suerint,</span> <span class='ocrx_word' id='word_1_324' title='bbox 1150 320 1289 345; x_wconf 89' lang='lat' dir='ltr'>vocentur</span> <span class='ocrx_word' id='word_1_325' title='bbox 1311 316 1499 354; x_wconf 83' lang='lat' dir='ltr'>singillatim,</span> <span class='ocrx_word' id='word_1_326' title='bbox 1518 320 1545 346; x_wconf 90' lang='lat' dir='ltr'>et</span> <span class='ocrx_word' id='word_1_327' title='bbox 1566 316 1755 346; x_wconf 89' lang='lat' dir='ltr'>introducan-</span> 
     </span>
     <span class='ocr_line' id='line_1_60' title="bbox 1013 363 1753 404; baseline 0.004 -13"><span class='ocrx_word' id='word_1_328' title='bbox 1013 366 1060 391; x_wconf 93' lang='lat' dir='ltr'>tur</span> <span class='ocrx_word' id='word_1_329' title='bbox 1082 363 1116 392; x_wconf 89' lang='lat' dir='ltr'>ad</span> <span class='ocrx_word' id='word_1_330' title='bbox 1141 363 1407 402; x_wconf 81' lang='lat' dir='ltr'>congregationem,</span> <span class='ocrx_word' id='word_1_331' title='bbox 1425 364 1522 404; x_wconf 88' lang='lat' dir='ltr'>ibique</span> <span class='ocrx_word' id='word_1_332' title='bbox 1537 364 1753 403; x_wconf 85' lang='lat' dir='ltr'>reprehendan-</span> 
     </span>
     <span class='ocr_line' id='line_1_61' title="bbox 1011 411 1754 451; baseline 0.004 -12"><span class='ocrx_word' id='word_1_333' title='bbox 1011 414 1069 447; x_wconf 85' lang='lat' dir='ltr'>tur,</span> <span class='ocrx_word' id='word_1_334' title='bbox 1088 415 1115 440; x_wconf 89' lang='lat' dir='ltr'>et</span> <span class='ocrx_word' id='word_1_335' title='bbox 1131 411 1220 449; x_wconf 71' lang='lat' dir='ltr'>digna</span> <span class='ocrx_word' id='word_1_336' title='bbox 1239 412 1401 442; x_wconf 84' lang='lat' dir='ltr'>malefactis</span> <span class='ocrx_word' id='word_1_337' title='bbox 1417 413 1596 451; x_wconf 75' lang='lat' dir='ltr'>poenitentia</span> <span class='ocrx_word' id='word_1_338' title='bbox 1612 413 1754 442; x_wconf 89' lang='lat' dir='ltr'>mulcten-</span> 
     </span>
     <span class='ocr_line' id='line_1_62' title="bbox 1012 460 1752 499; baseline 0.004 -11"><span class='ocrx_word' id='word_1_339' title='bbox 1012 463 1070 488; x_wconf 88' lang='lat' dir='ltr'>tur:</span> <span class='ocrx_word' id='word_1_340' title='bbox 1093 460 1165 489; x_wconf 81' lang='lat' dir='ltr'>alias</span> <span class='ocrx_word' id='word_1_341' title='bbox 1181 470 1281 490; x_wconf 78' lang='lat' dir='ltr'>ornnes</span> <span class='ocrx_word' id='word_1_342' title='bbox 1297 461 1384 491; x_wconf 90' lang='lat' dir='ltr'>simul</span> <span class='ocrx_word' id='word_1_343' title='bbox 1407 461 1638 498; x_wconf 85' lang='lat' dir='ltr'>introducantur,</span> <span class='ocrx_word' id='word_1_344' title='bbox 1657 466 1683 491; x_wconf 85' lang='lat' dir='ltr'>et</span> <span class='ocrx_word' id='word_1_345' title='bbox 1703 471 1752 499; x_wconf 87' lang='lat' dir='ltr'>ge-</span> 
     </span>
     <span class='ocr_line' id='line_1_63' title="bbox 1011 508 1753 549; baseline 0.005 -13"><span class='ocrx_word' id='word_1_346' title='bbox 1011 508 1120 537; x_wconf 79' lang='lat' dir='ltr'>nuflexi</span> <span class='ocrx_word' id='word_1_347' title='bbox 1143 508 1352 539; x_wconf 85' lang='lat' dir='ltr'>benedicantur</span> <span class='ocrx_word' id='word_1_348' title='bbox 1373 509 1408 539; x_wconf 87' lang='lat' dir='ltr'>ab</span> <span class='ocrx_word' id='word_1_349' title='bbox 1431 510 1533 540; x_wconf 87' lang='lat' dir='ltr'>abbate</span> <span class='ocrx_word' id='word_1_350' title='bbox 1556 511 1701 549; x_wconf 88' lang='lat' dir='ltr'>generali,</span> <span class='ocrx_word' id='word_1_351' title='bbox 1725 515 1753 540; x_wconf 91' lang='lat' dir='ltr'>et</span> 
     </span>
     <span class='ocr_line' id='line_1_64' title="bbox 1010 555 1752 588; baseline 0.004 -4"><span class='ocrx_word' id='word_1_352' title='bbox 1010 555 1200 586; x_wconf 85' lang='lat' dir='ltr'>absolvantur</span> <span class='ocrx_word' id='word_1_353' title='bbox 1230 557 1266 587; x_wconf 89' lang='lat' dir='ltr'>iis</span> <span class='ocrx_word' id='word_1_354' title='bbox 1290 557 1399 587; x_wconf 84' lang='lat' dir='ltr'>verbis:</span> <span class='ocrx_word' id='word_1_355' title='bbox 1423 558 1496 588; x_wconf 83' lang='lat' dir='ltr'>Deus</span> <span class='ocrx_word' id='word_1_356' title='bbox 1526 560 1687 588; x_wconf 75' lang='lat' dir='ltr'>misereatur</span> <span class='ocrx_word' id='word_1_357' title='bbox 1709 569 1752 587; x_wconf 84' lang='lat' dir='ltr'>ve·</span> 
     </span>
     <span class='ocr_line' id='line_1_65' title="bbox 1009 604 1750 645; baseline 0.007 -14"><span class='ocrx_word' id='word_1_358' title='bbox 1009 604 1076 641; x_wconf 82' lang='lat' dir='ltr'>stri,</span> <span class='ocrx_word' id='word_1_359' title='bbox 1098 608 1162 639; x_wconf 62' lang='lat' dir='ltr'>ete„</span> <span class='ocrx_word' id='word_1_360' title='bbox 1187 608 1217 634; x_wconf 92' lang='lat' dir='ltr'>ut</span> <span class='ocrx_word' id='word_1_361' title='bbox 1246 605 1341 643; x_wconf 84' lang='lat' dir='ltr'>capite</span> <span class='ocrx_word' id='word_1_362' title='bbox 1371 606 1515 645; x_wconf 88' lang='lat' dir='ltr'>superiori</span> <span class='ocrx_word' id='word_1_363' title='bbox 1538 606 1614 636; x_wconf 85' lang='lat' dir='ltr'>cirea</span> <span class='ocrx_word' id='word_1_364' title='bbox 1650 606 1750 637; x_wconf 87' lang='lat' dir='ltr'>finem.</span> 
     </span>
     <span class='ocr_line' id='line_1_66' title="bbox 1010 651 1752 693; baseline 0.007 -13"><span class='ocrx_word' id='word_1_365' title='bbox 1010 651 1082 680; x_wconf 89' lang='lat' dir='ltr'>Tum</span> <span class='ocrx_word' id='word_1_366' title='bbox 1105 656 1187 682; x_wconf 86' lang='lat' dir='ltr'>extra</span> <span class='ocrx_word' id='word_1_367' title='bbox 1217 654 1474 691; x_wconf 82' lang='lat' dir='ltr'>congregationem</span> <span class='ocrx_word' id='word_1_368' title='bbox 1504 654 1700 693; x_wconf 88' lang='lat' dir='ltr'>dimittantur,</span> <span class='ocrx_word' id='word_1_369' title='bbox 1724 658 1752 684; x_wconf 85' lang='lat' dir='ltr'>et</span> 
     </span>
     <span class='ocr_line' id='line_1_67' title="bbox 1010 699 1752 742; baseline 0.005 -13"><span class='ocrx_word' id='word_1_370' title='bbox 1010 699 1099 730; x_wconf 86' lang='lat' dir='ltr'>abbas</span> <span class='ocrx_word' id='word_1_371' title='bbox 1120 701 1267 738; x_wconf 83' lang='lat' dir='ltr'>generalis</span> <span class='ocrx_word' id='word_1_372' title='bbox 1289 711 1353 731; x_wconf 89' lang='lat' dir='ltr'>cum</span> <span class='ocrx_word' id='word_1_373' title='bbox 1378 702 1551 740; x_wconf 85' lang='lat' dir='ltr'>hegumenis</span> <span class='ocrx_word' id='word_1_374' title='bbox 1574 712 1626 742; x_wconf 93' lang='lat' dir='ltr'>per</span> <span class='ocrx_word' id='word_1_375' title='bbox 1648 703 1752 733; x_wconf 76' lang='lat' dir='ltr'>suffra-</span> 
     </span>
     <span class='ocr_line' id='line_1_68' title="bbox 1009 748 1751 790; baseline 0.007 -13"><span class='ocrx_word' id='word_1_376' title='bbox 1009 748 1055 787; x_wconf 86' lang='lat' dir='ltr'>gia</span> <span class='ocrx_word' id='word_1_377' title='bbox 1079 754 1190 779; x_wconf 88' lang='lat' dir='ltr'>secreta</span> <span class='ocrx_word' id='word_1_378' title='bbox 1224 750 1312 788; x_wconf 85' lang='lat' dir='ltr'>eligat</span> <span class='ocrx_word' id='word_1_379' title='bbox 1334 750 1452 780; x_wconf 86' lang='lat' dir='ltr'>abbates</span> <span class='ocrx_word' id='word_1_380' title='bbox 1486 751 1699 790; x_wconf 88' lang='lat' dir='ltr'>provinciarum</span> <span class='ocrx_word' id='word_1_381' title='bbox 1723 755 1751 782; x_wconf 87' lang='lat' dir='ltr'>et</span> 
     </span>
     <span class='ocr_line' id='line_1_69' title="bbox 1011 797 1751 839; baseline 0.005 -13"><span class='ocrx_word' id='word_1_382' title='bbox 1011 797 1256 828; x_wconf 87' lang='lat' dir='ltr'>monasteriorum</span> <span class='ocrx_word' id='word_1_383' title='bbox 1286 798 1385 828; x_wconf 89' lang='lat' dir='ltr'>eodem</span> <span class='ocrx_word' id='word_1_384' title='bbox 1421 799 1505 829; x_wconf 89' lang='lat' dir='ltr'>modo</span> <span class='ocrx_word' id='word_1_385' title='bbox 1528 809 1584 839; x_wconf 92' lang='lat' dir='ltr'>quo</span> <span class='ocrx_word' id='word_1_386' title='bbox 1607 809 1692 839; x_wconf 89' lang='lat' dir='ltr'>supra</span> <span class='ocrx_word' id='word_1_387' title='bbox 1716 801 1751 830; x_wconf 87' lang='lat' dir='ltr'>u&#39;e</span> 
     </span>
     <span class='ocr_line' id='line_1_70' title="bbox 1009 845 1750 886; baseline 0.004 -11"><span class='ocrx_word' id='word_1_388' title='bbox 1009 845 1150 876; x_wconf 86' lang='lat' dir='ltr'>electione</span> <span class='ocrx_word' id='word_1_389' title='bbox 1171 847 1316 884; x_wconf 85' lang='lat' dir='ltr'>generalis</span> <span class='ocrx_word' id='word_1_390' title='bbox 1338 851 1366 877; x_wconf 91' lang='lat' dir='ltr'>et</span> <span class='ocrx_word' id='word_1_391' title='bbox 1388 847 1618 886; x_wconf 84' lang='lat' dir='ltr'>hegumenorum</span> <span class='ocrx_word' id='word_1_392' title='bbox 1641 849 1750 879; x_wconf 87' lang='lat' dir='ltr'>dictum</span> 
     </span>
     <span class='ocr_line' id='line_1_71' title="bbox 1009 894 1749 932; baseline 0.004 -9"><span class='ocrx_word' id='word_1_393' title='bbox 1009 898 1063 923; x_wconf 82' lang='lat' dir='ltr'>est.</span> <span class='ocrx_word' id='word_1_394' title='bbox 1087 894 1265 932; x_wconf 76' lang='lat' dir='ltr'>Suffragium</span> <span class='ocrx_word' id='word_1_395' title='bbox 1290 895 1318 924; x_wconf 88' lang='lat' dir='ltr'>in</span> <span class='ocrx_word' id='word_1_396' title='bbox 1342 896 1483 926; x_wconf 69' lang='lat' dir='ltr'>schedula</span> <span class='ocrx_word' id='word_1_397' title='bbox 1512 897 1658 926; x_wconf 86' lang='lat' dir='ltr'>scribatur</span> <span class='ocrx_word' id='word_1_398' title='bbox 1689 897 1749 926; x_wconf 89' lang='lat' dir='ltr'>sic:</span> 
     </span>
     <span class='ocr_line' id='line_1_72' title="bbox 1008 942 1750 984; baseline 0.005 -13"><span class='ocrx_word' id='word_1_399' title='bbox 1008 942 1089 980; x_wconf 75' lang='lat' dir='ltr'>Eliyo</span> <span class='ocrx_word' id='word_1_400' title='bbox 1112 944 1288 972; x_wconf 75' lang='lat' dir='ltr'>reverendum</span> <span class='ocrx_word' id='word_1_401' title='bbox 1309 948 1419 983; x_wconf 79' lang='lat' dir='ltr'>patrem</span> <span class='ocrx_word' id='word_1_402' title='bbox 1441 945 1475 975; x_wconf 76' lang='lat' dir='ltr'>N.</span> <span class='ocrx_word' id='word_1_403' title='bbox 1500 947 1530 974; x_wconf 88' lang='lat' dir='ltr'>in</span> <span class='ocrx_word' id='word_1_404' title='bbox 1552 946 1672 975; x_wconf 79' lang='lat' dir='ltr'>abbatem</span> <span class='ocrx_word' id='word_1_405' title='bbox 1685 956 1750 984; x_wconf 84' lang='lat' dir='ltr'>pro·</span> 
     </span>
     <span class='ocr_line' id='line_1_73' title="bbox 1010 990 1751 1027; baseline 0.007 -8"><span class='ocrx_word' id='word_1_406' title='bbox 1010 991 1117 1020; x_wconf 71' lang='lat' dir='ltr'>cinciae</span> <span class='ocrx_word' id='word_1_407' title='bbox 1147 990 1196 1027; x_wconf 92' lang='lat' dir='ltr'>N.‚</span> <span class='ocrx_word' id='word_1_408' title='bbox 1229 991 1272 1021; x_wconf 93' lang='lat' dir='ltr'>vel</span> <span class='ocrx_word' id='word_1_409' title='bbox 1294 994 1455 1022; x_wconf 78' lang='lat' dir='ltr'>monasterii</span> <span class='ocrx_word' id='word_1_410' title='bbox 1485 993 1520 1024; x_wconf 86' lang='lat' dir='ltr'>N.</span> <span class='ocrx_word' id='word_1_411' title='bbox 1551 993 1751 1024; x_wconf 79' lang='lat' dir='ltr'>Extrahuntur</span> 
     </span>
     <span class='ocr_line' id='line_1_74' title="bbox 1008 1039 1749 1077; baseline 0.007 -10"><span class='ocrx_word' id='word_1_412' title='bbox 1008 1043 1104 1068; x_wconf 90' lang='lat' dir='ltr'>autem</span> <span class='ocrx_word' id='word_1_413' title='bbox 1128 1039 1266 1077; x_wconf 79' lang='lat' dir='ltr'>suffragia</span> <span class='ocrx_word' id='word_1_414' title='bbox 1289 1049 1303 1069; x_wconf 88' lang='lat' dir='ltr'>a</span> <span class='ocrx_word' id='word_1_415' title='bbox 1327 1040 1439 1070; x_wconf 89' lang='lat' dir='ltr'>duobus</span> <span class='ocrx_word' id='word_1_416' title='bbox 1462 1042 1613 1072; x_wconf 89' lang='lat' dir='ltr'>monachis</span> <span class='ocrx_word' id='word_1_417' title='bbox 1648 1051 1749 1072; x_wconf 88' lang='lat' dir='ltr'>eorum</span> 
     </span>
     <span class='ocr_line' id='line_1_75' title="bbox 1008 1087 1749 1125; baseline 0.005 -9"><span class='ocrx_word' id='word_1_418' title='bbox 1008 1087 1225 1125; x_wconf 84' lang='lat' dir='ltr'>cognitoribus,</span> <span class='ocrx_word' id='word_1_419' title='bbox 1258 1092 1285 1118; x_wconf 87' lang='lat' dir='ltr'>et</span> <span class='ocrx_word' id='word_1_420' title='bbox 1313 1089 1483 1120; x_wconf 86' lang='lat' dir='ltr'>scribuntur</span> <span class='ocrx_word' id='word_1_421' title='bbox 1511 1090 1541 1120; x_wconf 92' lang='lat' dir='ltr'>in</span> <span class='ocrx_word' id='word_1_422' title='bbox 1564 1092 1646 1120; x_wconf 73' lang='lat' dir='ltr'>carta</span> <span class='ocrx_word' id='word_1_423' title='bbox 1667 1099 1682 1120; x_wconf 91' lang='lat' dir='ltr'>a</span> <span class='ocrx_word' id='word_1_424' title='bbox 1705 1100 1749 1120; x_wconf 92' lang='lat' dir='ltr'>se-</span> 
     </span>
     <span class='ocr_line' id='line_1_76' title="bbox 1007 1136 1751 1178; baseline 0.007 -14"><span class='ocrx_word' id='word_1_425' title='bbox 1007 1136 1143 1165; x_wconf 88' lang='lat' dir='ltr'>cretario.</span> <span class='ocrx_word' id='word_1_426' title='bbox 1167 1137 1202 1166; x_wconf 92' lang='lat' dir='ltr'>Et</span> <span class='ocrx_word' id='word_1_427' title='bbox 1235 1146 1309 1167; x_wconf 83' lang='lat' dir='ltr'>unus</span> <span class='ocrx_word' id='word_1_428' title='bbox 1332 1147 1367 1166; x_wconf 85' lang='lat' dir='ltr'>ex</span> <span class='ocrx_word' id='word_1_429' title='bbox 1400 1138 1458 1168; x_wconf 90' lang='lat' dir='ltr'>illis</span> <span class='ocrx_word' id='word_1_430' title='bbox 1491 1138 1604 1168; x_wconf 88' lang='lat' dir='ltr'>duobus</span> <span class='ocrx_word' id='word_1_431' title='bbox 1641 1140 1751 1178; x_wconf 82' lang='lat' dir='ltr'>profes-</span> 
     </span>
     <span class='ocr_line' id='line_1_77' title="bbox 1007 1183 1750 1224; baseline 0.007 -12"><span class='ocrx_word' id='word_1_432' title='bbox 1007 1183 1088 1213; x_wconf 87' lang='lat' dir='ltr'>sione</span> <span class='ocrx_word' id='word_1_433' title='bbox 1121 1185 1270 1224; x_wconf 88' lang='lat' dir='ltr'>antiquior</span> <span class='ocrx_word' id='word_1_434' title='bbox 1302 1195 1407 1215; x_wconf 91' lang='lat' dir='ltr'>nomen</span> <span class='ocrx_word' id='word_1_435' title='bbox 1430 1187 1515 1217; x_wconf 87' lang='lat' dir='ltr'>electi</span> <span class='ocrx_word' id='word_1_436' title='bbox 1551 1186 1646 1217; x_wconf 90' lang='lat' dir='ltr'>altiori</span> <span class='ocrx_word' id='word_1_437' title='bbox 1681 1197 1750 1217; x_wconf 90' lang='lat' dir='ltr'>voce</span> 
     </span>
     <span class='ocr_line' id='line_1_78' title="bbox 1008 1233 1748 1273; baseline 0.007 -12"><span class='ocrx_word' id='word_1_438' title='bbox 1008 1233 1200 1271; x_wconf 84' lang='lat' dir='ltr'>pronunciat,</span> <span class='ocrx_word' id='word_1_439' title='bbox 1225 1238 1256 1263; x_wconf 89' lang='lat' dir='ltr'>ut</span> <span class='ocrx_word' id='word_1_440' title='bbox 1288 1234 1434 1272; x_wconf 84' lang='lat' dir='ltr'>generalis</span> <span class='ocrx_word' id='word_1_441' title='bbox 1456 1239 1484 1264; x_wconf 87' lang='lat' dir='ltr'>et</span> <span class='ocrx_word' id='word_1_442' title='bbox 1519 1235 1675 1273; x_wconf 86' lang='lat' dir='ltr'>hegumeni</span> <span class='ocrx_word' id='word_1_443' title='bbox 1698 1245 1748 1266; x_wconf 86' lang='lat' dir='ltr'>au-</span> 
     </span>
     <span class='ocr_line' id='line_1_79' title="bbox 1006 1280 1749 1322; baseline 0.007 -13"><span class='ocrx_word' id='word_1_444' title='bbox 1006 1280 1106 1310; x_wconf 90' lang='lat' dir='ltr'>diant:</span> <span class='ocrx_word' id='word_1_445' title='bbox 1131 1286 1158 1311; x_wconf 89' lang='lat' dir='ltr'>et</span> <span class='ocrx_word' id='word_1_446' title='bbox 1181 1281 1230 1320; x_wconf 86' lang='lat' dir='ltr'>qui</span> <span class='ocrx_word' id='word_1_447' title='bbox 1254 1282 1338 1321; x_wconf 87' lang='lat' dir='ltr'>plura</span> <span class='ocrx_word' id='word_1_448' title='bbox 1362 1283 1497 1321; x_wconf 79' lang='lat' dir='ltr'>suffragia</span> <span class='ocrx_word' id='word_1_449' title='bbox 1531 1284 1675 1322; x_wconf 85' lang='lat' dir='ltr'>habuerit,</span> <span class='ocrx_word' id='word_1_450' title='bbox 1700 1284 1749 1314; x_wconf 91' lang='lat' dir='ltr'>ille</span> 
     </span>
     <span class='ocr_line' id='line_1_80' title="bbox 1006 1328 1748 1372; baseline 0.007 -15"><span class='ocrx_word' id='word_1_451' title='bbox 1006 1328 1094 1358; x_wconf 87' lang='lat' dir='ltr'>abbas</span> <span class='ocrx_word' id='word_1_452' title='bbox 1117 1330 1188 1359; x_wconf 86' lang='lat' dir='ltr'>erit:</span> <span class='ocrx_word' id='word_1_453' title='bbox 1227 1340 1313 1369; x_wconf 89' lang='lat' dir='ltr'>quem</span> <span class='ocrx_word' id='word_1_454' title='bbox 1348 1331 1469 1371; x_wconf 90' lang='lat' dir='ltr'>proinde</span> <span class='ocrx_word' id='word_1_455' title='bbox 1504 1332 1650 1370; x_wconf 84' lang='lat' dir='ltr'>generalis</span> <span class='ocrx_word' id='word_1_456' title='bbox 1683 1342 1748 1372; x_wconf 89' lang='lat' dir='ltr'>pro-</span> 
     </span>
     <span class='ocr_line' id='line_1_81' title="bbox 1005 1377 1750 1419; baseline 0.005 -13"><span class='ocrx_word' id='word_1_457' title='bbox 1005 1377 1143 1407; x_wconf 87' lang='lat' dir='ltr'>clamabit</span> <span class='ocrx_word' id='word_1_458' title='bbox 1165 1378 1195 1408; x_wconf 93' lang='lat' dir='ltr'>in</span> <span class='ocrx_word' id='word_1_459' title='bbox 1218 1378 1290 1409; x_wconf 87' lang='lat' dir='ltr'>haec</span> <span class='ocrx_word' id='word_1_460' title='bbox 1324 1379 1432 1409; x_wconf 88' lang='lat' dir='ltr'>verba:</span> <span class='ocrx_word' id='word_1_461' title='bbox 1457 1380 1573 1411; x_wconf 76' lang='lat' dir='ltr'>Nomine</span> <span class='ocrx_word' id='word_1_462' title='bbox 1605 1390 1750 1419; x_wconf 65' lang='lat' dir='ltr'>congrega-</span> 
     </span>
     <span class='ocr_line' id='line_1_82' title="bbox 1005 1426 1749 1465; baseline 0.005 -11"><span class='ocrx_word' id='word_1_463' title='bbox 1005 1426 1088 1454; x_wconf 71' lang='lat' dir='ltr'>tionis</span> <span class='ocrx_word' id='word_1_464' title='bbox 1111 1430 1219 1456; x_wconf 80' lang='lat' dir='ltr'>nostrae</span> <span class='ocrx_word' id='word_1_465' title='bbox 1249 1429 1405 1465; x_wconf 75' lang='lat' dir='ltr'>pronuncio</span> <span class='ocrx_word' id='word_1_466' title='bbox 1437 1433 1461 1457; x_wconf 85' lang='lat' dir='ltr'>et</span> <span class='ocrx_word' id='word_1_467' title='bbox 1492 1429 1600 1458; x_wconf 82' lang='lat' dir='ltr'>declaro</span> <span class='ocrx_word' id='word_1_468' title='bbox 1621 1439 1749 1459; x_wconf 78' lang='lat' dir='ltr'>reveren-</span> 
     </span>
     <span class='ocr_line' id='line_1_83' title="bbox 1005 1473 1747 1515; baseline 0.005 -14"><span class='ocrx_word' id='word_1_469' title='bbox 1005 1473 1069 1502; x_wconf 79' lang='lat' dir='ltr'>dum</span> <span class='ocrx_word' id='word_1_470' title='bbox 1098 1478 1207 1512; x_wconf 78' lang='lat' dir='ltr'>patrem</span> <span class='ocrx_word' id='word_1_471' title='bbox 1229 1474 1262 1504; x_wconf 90' lang='lat' dir='ltr'>N.</span> <span class='ocrx_word' id='word_1_472' title='bbox 1285 1475 1405 1504; x_wconf 80' lang='lat' dir='ltr'>abbatem</span> <span class='ocrx_word' id='word_1_473' title='bbox 1435 1478 1595 1515; x_wconf 80' lang='lat' dir='ltr'>provinciae</span> <span class='ocrx_word' id='word_1_474' title='bbox 1626 1477 1674 1514; x_wconf 66' lang='lat' dir='ltr'>N„</span> <span class='ocrx_word' id='word_1_475' title='bbox 1704 1477 1747 1506; x_wconf 83' lang='lat' dir='ltr'>vel</span> 
     </span>
     <span class='ocr_line' id='line_1_84' title="bbox 1004 1524 1748 1564; baseline 0.007 -13"><span class='ocrx_word' id='word_1_476' title='bbox 1004 1524 1165 1553; x_wconf 78' lang='lat' dir='ltr'>monasterii</span> <span class='ocrx_word' id='word_1_477' title='bbox 1187 1524 1222 1553; x_wconf 91' lang='lat' dir='ltr'>N.</span> <span class='ocrx_word' id='word_1_478' title='bbox 1258 1524 1354 1554; x_wconf 86' lang='lat' dir='ltr'>Finito</span> <span class='ocrx_word' id='word_1_479' title='bbox 1382 1526 1542 1564; x_wconf 88' lang='lat' dir='ltr'>scrutinio,</span> <span class='ocrx_word' id='word_1_480' title='bbox 1567 1535 1668 1556; x_wconf 92' lang='lat' dir='ltr'>omnes</span> <span class='ocrx_word' id='word_1_481' title='bbox 1690 1526 1748 1556; x_wconf 91' lang='lat' dir='ltr'>ele-</span> 
     </span>
     <span class='ocr_line' id='line_1_85' title="bbox 1004 1571 1749 1614; baseline 0.007 -14"><span class='ocrx_word' id='word_1_482' title='bbox 1004 1571 1042 1601; x_wconf 91' lang='lat' dir='ltr'>cti</span> <span class='ocrx_word' id='word_1_483' title='bbox 1065 1572 1196 1610; x_wconf 84' lang='lat' dir='ltr'>abbateS,</span> <span class='ocrx_word' id='word_1_484' title='bbox 1219 1573 1269 1612; x_wconf 92' lang='lat' dir='ltr'>qui</span> <span class='ocrx_word' id='word_1_485' title='bbox 1292 1573 1321 1603; x_wconf 90' lang='lat' dir='ltr'>in</span> <span class='ocrx_word' id='word_1_486' title='bbox 1345 1582 1378 1603; x_wconf 91' lang='lat' dir='ltr'>eo</span> <span class='ocrx_word' id='word_1_487' title='bbox 1406 1576 1581 1605; x_wconf 88' lang='lat' dir='ltr'>monasterio</span> <span class='ocrx_word' id='word_1_488' title='bbox 1614 1584 1749 1614; x_wconf 86' lang='lat' dir='ltr'>praesen-</span> 
     </span>
     <span class='ocr_line' id='line_1_86' title="bbox 1006 1620 1748 1659; baseline 0.005 -10"><span class='ocrx_word' id='word_1_489' title='bbox 1006 1625 1048 1649; x_wconf 89' lang='lat' dir='ltr'>tes</span> <span class='ocrx_word' id='word_1_490' title='bbox 1081 1620 1208 1657; x_wconf 85' lang='lat' dir='ltr'>suerint,</span> <span class='ocrx_word' id='word_1_491' title='bbox 1231 1629 1326 1659; x_wconf 88' lang='lat' dir='ltr'>genua</span> <span class='ocrx_word' id='word_1_492' title='bbox 1360 1622 1481 1653; x_wconf 86' lang='lat' dir='ltr'>flectunt</span> <span class='ocrx_word' id='word_1_493' title='bbox 1513 1633 1610 1653; x_wconf 89' lang='lat' dir='ltr'>coram</span> <span class='ocrx_word' id='word_1_494' title='bbox 1645 1623 1748 1653; x_wconf 87' lang='lat' dir='ltr'>abbate</span> 
     </span>
     <span class='ocr_line' id='line_1_87' title="bbox 1004 1669 1747 1711; baseline 0.007 -14"><span class='ocrx_word' id='word_1_495' title='bbox 1004 1669 1134 1706; x_wconf 88' lang='lat' dir='ltr'>generali</span> <span class='ocrx_word' id='word_1_496' title='bbox 1162 1673 1190 1699; x_wconf 88' lang='lat' dir='ltr'>et</span> <span class='ocrx_word' id='word_1_497' title='bbox 1211 1669 1395 1709; x_wconf 84' lang='lat' dir='ltr'>hegumenis,</span> <span class='ocrx_word' id='word_1_498' title='bbox 1429 1680 1607 1711; x_wconf 86' lang='lat' dir='ltr'>manumque</span> <span class='ocrx_word' id='word_1_499' title='bbox 1643 1681 1747 1702; x_wconf 87' lang='lat' dir='ltr'>eorum</span> 
     </span>
     <span class='ocr_line' id='line_1_88' title="bbox 1004 1718 1747 1755; baseline 0.004 -8"><span class='ocrx_word' id='word_1_500' title='bbox 1004 1718 1223 1755; x_wconf 89' lang='lat' dir='ltr'>deosculantur,</span> <span class='ocrx_word' id='word_1_501' title='bbox 1240 1722 1268 1748; x_wconf 91' lang='lat' dir='ltr'>et</span> <span class='ocrx_word' id='word_1_502' title='bbox 1284 1719 1408 1749; x_wconf 86' lang='lat' dir='ltr'>invicem</span> <span class='ocrx_word' id='word_1_503' title='bbox 1432 1720 1467 1749; x_wconf 83' lang='lat' dir='ltr'>ab</span> <span class='ocrx_word' id='word_1_504' title='bbox 1490 1721 1535 1750; x_wconf 89' lang='lat' dir='ltr'>his</span> <span class='ocrx_word' id='word_1_505' title='bbox 1557 1721 1591 1750; x_wconf 91' lang='lat' dir='ltr'>ad</span> <span class='ocrx_word' id='word_1_506' title='bbox 1614 1721 1747 1751; x_wconf 89' lang='lat' dir='ltr'>osculum</span> 
     </span>
     <span class='ocr_line' id='line_1_89' title="bbox 1005 1766 1746 1807; baseline 0.005 -12"><span class='ocrx_word' id='word_1_507' title='bbox 1005 1766 1085 1805; x_wconf 88' lang='lat' dir='ltr'>pacis</span> <span class='ocrx_word' id='word_1_508' title='bbox 1113 1767 1320 1798; x_wconf 91' lang='lat' dir='ltr'>admittuntur.</span> <span class='ocrx_word' id='word_1_509' title='bbox 1344 1768 1441 1798; x_wconf 88' lang='lat' dir='ltr'>Abbas</span> <span class='ocrx_word' id='word_1_510' title='bbox 1473 1773 1569 1799; x_wconf 89' lang='lat' dir='ltr'>autem</span> <span class='ocrx_word' id='word_1_511' title='bbox 1602 1770 1746 1807; x_wconf 87' lang='lat' dir='ltr'>generalis</span> 
     </span>
     <span class='ocr_line' id='line_1_90' title="bbox 1005 1815 1743 1855; baseline 0.005 -11"><span class='ocrx_word' id='word_1_512' title='bbox 1005 1815 1092 1844; x_wconf 87' lang='lat' dir='ltr'>tradit</span> <span class='ocrx_word' id='word_1_513' title='bbox 1115 1815 1275 1855; x_wconf 92' lang='lat' dir='ltr'>unicuique</span> <span class='ocrx_word' id='word_1_514' title='bbox 1297 1825 1398 1847; x_wconf 88' lang='lat' dir='ltr'>eorum</span> <span class='ocrx_word' id='word_1_515' title='bbox 1422 1817 1551 1855; x_wconf 81' lang='lat' dir='ltr'>sigillum</span> <span class='ocrx_word' id='word_1_516' title='bbox 1575 1818 1664 1848; x_wconf 84' lang='lat' dir='ltr'>officii</span> <span class='ocrx_word' id='word_1_517' title='bbox 1686 1818 1743 1848; x_wconf 85' lang='lat' dir='ltr'>sui:</span> 
     </span>
     <span class='ocr_line' id='line_1_91' title="bbox 1003 1863 1745 1906; baseline 0.005 -13"><span class='ocrx_word' id='word_1_518' title='bbox 1003 1863 1128 1903; x_wconf 87' lang='lat' dir='ltr'>deinde,</span> <span class='ocrx_word' id='word_1_519' title='bbox 1152 1865 1288 1896; x_wconf 89' lang='lat' dir='ltr'>omnibus</span> <span class='ocrx_word' id='word_1_520' title='bbox 1310 1870 1424 1905; x_wconf 87' lang='lat' dir='ltr'>praeter</span> <span class='ocrx_word' id='word_1_521' title='bbox 1456 1866 1635 1905; x_wconf 89' lang='lat' dir='ltr'>hegumenos</span> <span class='ocrx_word' id='word_1_522' title='bbox 1657 1876 1745 1906; x_wconf 84' lang='lat' dir='ltr'>genu-</span> 
     </span>
     <span class='ocr_line' id='line_1_92' title="bbox 1004 1911 1743 1954; baseline 0.003 -13"><span class='ocrx_word' id='word_1_523' title='bbox 1004 1911 1099 1950; x_wconf 89' lang='lat' dir='ltr'>ssexis,</span> <span class='ocrx_word' id='word_1_524' title='bbox 1133 1912 1302 1952; x_wconf 88' lang='lat' dir='ltr'>impertitur</span> <span class='ocrx_word' id='word_1_525' title='bbox 1334 1913 1585 1954; x_wconf 88' lang='lat' dir='ltr'>benedictionem,</span> <span class='ocrx_word' id='word_1_526' title='bbox 1622 1915 1743 1945; x_wconf 87' lang='lat' dir='ltr'>dicens:</span> 
     </span>
     <span class='ocr_line' id='line_1_93' title="bbox 1003 1960 1744 2002; baseline 0.005 -12"><span class='ocrx_word' id='word_1_527' title='bbox 1003 1960 1153 1991; x_wconf 76' lang='lat' dir='ltr'>Benedicat</span> <span class='ocrx_word' id='word_1_528' title='bbox 1183 1972 1227 1992; x_wconf 86' lang='lat' dir='ltr'>vos</span> <span class='ocrx_word' id='word_1_529' title='bbox 1259 1964 1429 2002; x_wconf 78' lang='lat' dir='ltr'>omnipotens</span> <span class='ocrx_word' id='word_1_530' title='bbox 1462 1964 1553 2001; x_wconf 84' lang='lat' dir='ltr'>Deus,</span> <span class='ocrx_word' id='word_1_531' title='bbox 1577 1964 1660 1994; x_wconf 75' lang='lat' dir='ltr'>Pater</span> <span class='ocrx_word' id='word_1_532' title='bbox 1680 1967 1698 2002; x_wconf 86' lang='lat'>†</span> <span class='ocrx_word' id='word_1_533' title='bbox 1719 1969 1744 1994; x_wconf 76' lang='lat' dir='ltr'>et</span> 
     </span>
     <span class='ocr_line' id='line_1_94' title="bbox 1003 2009 1745 2050; baseline 0.007 -12"><span class='ocrx_word' id='word_1_534' title='bbox 1003 2009 1094 2039; x_wconf 83' lang='lat' dir='ltr'>Filius</span> <span class='ocrx_word' id='word_1_535' title='bbox 1115 2011 1133 2047; x_wconf 87' lang='lat'><strong>†</strong></span> <span class='ocrx_word' id='word_1_536' title='bbox 1156 2013 1180 2040; x_wconf 84' lang='lat' dir='ltr'>et</span> <span class='ocrx_word' id='word_1_537' title='bbox 1200 2010 1324 2050; x_wconf 78' lang='lat' dir='ltr'>Spiritus</span> <span class='ocrx_word' id='word_1_538' title='bbox 1345 2013 1363 2049; x_wconf 87' lang='lat'>†</span> <span class='ocrx_word' id='word_1_539' title='bbox 1384 2011 1512 2042; x_wconf 77' lang='lat' dir='ltr'>Sanctus.</span> <span class='ocrx_word' id='word_1_540' title='bbox 1540 2012 1675 2043; x_wconf 72' lang='lat' dir='ltr'>Fratresx</span> <span class='ocrx_word' id='word_1_541' title='bbox 1706 2014 1745 2043; x_wconf 91' lang='grc' dir='ltr'>Α-</span> 
     </span>
     <span class='ocr_line' id='line_1_95' title="bbox 1002 2058 1744 2100; baseline 0.007 -13"><span class='ocrx_word' id='word_1_542' title='bbox 1002 2068 1077 2088; x_wconf 86' lang='lat' dir='ltr'>men.</span> <span class='ocrx_word' id='word_1_543' title='bbox 1101 2058 1137 2088; x_wconf 88' lang='lat' dir='ltr'>Et</span> <span class='ocrx_word' id='word_1_544' title='bbox 1158 2059 1322 2098; x_wconf 87' lang='lat' dir='ltr'>procedunt</span> <span class='ocrx_word' id='word_1_545' title='bbox 1345 2061 1549 2100; x_wconf 89' lang='lat' dir='ltr'>unusquisque</span> <span class='ocrx_word' id='word_1_546' title='bbox 1584 2062 1618 2091; x_wconf 91' lang='lat' dir='ltr'>ad</span> <span class='ocrx_word' id='word_1_547' title='bbox 1641 2062 1744 2092; x_wconf 84' lang='lat' dir='ltr'>cellam</span> 
     </span>
     <span class='ocr_line' id='line_1_96' title="bbox 1001 2107 1743 2148; baseline 0.007 -12"><span class='ocrx_word' id='word_1_548' title='bbox 1001 2116 1095 2137; x_wconf 86' lang='lat' dir='ltr'>suam.</span> <span class='ocrx_word' id='word_1_549' title='bbox 1119 2107 1217 2138; x_wconf 88' lang='lat' dir='ltr'>Abbas</span> <span class='ocrx_word' id='word_1_550' title='bbox 1239 2109 1385 2147; x_wconf 86' lang='lat' dir='ltr'>generalis</span> <span class='ocrx_word' id='word_1_551' title='bbox 1407 2114 1435 2139; x_wconf 90' lang='lat' dir='ltr'>et</span> <span class='ocrx_word' id='word_1_552' title='bbox 1451 2110 1608 2148; x_wconf 86' lang='lat' dir='ltr'>hegumeni</span> <span class='ocrx_word' id='word_1_553' title='bbox 1625 2111 1743 2141; x_wconf 85' lang='lat' dir='ltr'>tradunt</span> 
     </span>
     <span class='ocr_line' id='line_1_97' title="bbox 1001 2157 1741 2199; baseline 0.005 -13"><span class='ocrx_word' id='word_1_554' title='bbox 1001 2157 1127 2195; x_wconf 88' lang='lat' dir='ltr'>singulis</span> <span class='ocrx_word' id='word_1_555' title='bbox 1150 2161 1281 2196; x_wconf 86' lang='lat' dir='ltr'>patentes</span> <span class='ocrx_word' id='word_1_556' title='bbox 1305 2157 1417 2188; x_wconf 86' lang='lat' dir='ltr'>litteras</span> <span class='ocrx_word' id='word_1_557' title='bbox 1440 2160 1550 2189; x_wconf 89' lang='lat' dir='ltr'>tenoris</span> <span class='ocrx_word' id='word_1_558' title='bbox 1572 2160 1741 2199; x_wconf 86' lang='lat' dir='ltr'>sequentis:</span> 
     </span>
     <span class='ocr_line' id='line_1_98' title="bbox 1004 2204 1743 2248; baseline 0.005 -14"><span class='ocrx_word' id='word_1_559' title='bbox 1004 2204 1211 2235; x_wconf 70' lang='lat' dir='ltr'>venerabilibus</span> <span class='ocrx_word' id='word_1_560' title='bbox 1232 2207 1366 2246; x_wconf 79' lang='lat' dir='ltr'>fratribus</span> <span class='ocrx_word' id='word_1_561' title='bbox 1395 2206 1507 2237; x_wconf 76' lang='lat' dir='ltr'>Ordinis</span> <span class='ocrx_word' id='word_1_562' title='bbox 1534 2211 1624 2238; x_wconf 78' lang='lat' dir='ltr'>sancti</span> <span class='ocrx_word' id='word_1_563' title='bbox 1652 2211 1743 2248; x_wconf 77' lang='lat' dir='ltr'>patris</span> 
     </span>
     <span class='ocr_line' id='line_1_99' title="bbox 1000 2255 1742 2296; baseline 0.005 -13"><span class='ocrx_word' id='word_1_564' title='bbox 1000 2255 1087 2284; x_wconf 79' lang='lat' dir='ltr'>nostri</span> <span class='ocrx_word' id='word_1_565' title='bbox 1107 2255 1222 2285; x_wconf 79' lang='lat' dir='ltr'>Antonii</span> <span class='ocrx_word' id='word_1_566' title='bbox 1243 2257 1459 2294; x_wconf 67' lang='lat' dir='ltr'>congregationis</span> <span class='ocrx_word' id='word_1_567' title='bbox 1476 2256 1506 2286; x_wconf 91' lang='lat' dir='ltr'>S.</span> <span class='ocrx_word' id='word_1_568' title='bbox 1525 2257 1614 2287; x_wconf 82' lang='lat' dir='ltr'>Isaiae</span> <span class='ocrx_word' id='word_1_569' title='bbox 1629 2258 1742 2296; x_wconf 80' lang='lat' dir='ltr'>provin-</span> 
     </span>
     <span class='ocr_line' id='line_1_100' title="bbox 999 2303 1741 2344; baseline 0.004 -12"><span class='ocrx_word' id='word_1_570' title='bbox 999 2305 1058 2332; x_wconf 81' lang='lat' dir='ltr'>ciae</span> <span class='ocrx_word' id='word_1_571' title='bbox 1073 2303 1121 2340; x_wconf 92' lang='lat' dir='ltr'>N.,</span> <span class='ocrx_word' id='word_1_572' title='bbox 1140 2305 1185 2334; x_wconf 90' lang='lat' dir='ltr'>vel</span> <span class='ocrx_word' id='word_1_573' title='bbox 1206 2305 1366 2334; x_wconf 80' lang='lat' dir='ltr'>monasterii</span> <span class='ocrx_word' id='word_1_574' title='bbox 1383 2304 1431 2344; x_wconf 92' lang='lat' dir='ltr'>N.,</span> <span class='ocrx_word' id='word_1_575' title='bbox 1448 2305 1563 2335; x_wconf 79' lang='lat' dir='ltr'>salutem</span> <span class='ocrx_word' id='word_1_576' title='bbox 1580 2307 1608 2335; x_wconf 86' lang='lat' dir='ltr'>in</span> <span class='ocrx_word' id='word_1_577' title='bbox 1625 2306 1741 2336; x_wconf 78' lang='lat' dir='ltr'>Domino</span> 
     </span>
     <span class='ocr_line' id='line_1_101' title="bbox 999 2352 1743 2394; baseline 0.004 -12"><span class='ocrx_word' id='word_1_578' title='bbox 999 2356 1025 2382; x_wconf 88' lang='lat' dir='ltr'>et</span> <span class='ocrx_word' id='word_1_579' title='bbox 1048 2352 1272 2383; x_wconf 75' lang='lat' dir='ltr'>benedictionem.</span> <span class='ocrx_word' id='word_1_580' title='bbox 1295 2353 1393 2384; x_wconf 80' lang='lat' dir='ltr'>Notum</span> <span class='ocrx_word' id='word_1_581' title='bbox 1415 2354 1535 2393; x_wconf 80' lang='lat' dir='ltr'>facimus</span> <span class='ocrx_word' id='word_1_582' title='bbox 1564 2354 1647 2389; x_wconf 76' lang='lat' dir='ltr'>robis,</span> <span class='ocrx_word' id='word_1_583' title='bbox 1681 2357 1743 2394; x_wconf 79' lang='lat' dir='ltr'>sra-</span> 
     </span>
     <span class='ocr_line' id='line_1_102' title="bbox 999 2402 1741 2440; baseline 0.003 -10"><span class='ocrx_word' id='word_1_584' title='bbox 999 2404 1063 2440; x_wconf 76' lang='lat' dir='ltr'>lreS,</span> <span class='ocrx_word' id='word_1_585' title='bbox 1085 2403 1322 2440; x_wconf 67' lang='lat' dir='ltr'>congregationem</span> <span class='ocrx_word' id='word_1_586' title='bbox 1338 2402 1548 2440; x_wconf 73' lang='lat' dir='ltr'>lteyunzenorum</span> <span class='ocrx_word' id='word_1_587' title='bbox 1564 2403 1681 2432; x_wconf 80' lang='lat' dir='ltr'>babilam</span> <span class='ocrx_word' id='word_1_588' title='bbox 1698 2404 1741 2433; x_wconf 77' lang='lat' dir='ltr'>die</span> 
     </span>
     <span class='ocr_line' id='line_1_103' title="bbox 998 2448 1741 2490; baseline 0.001 -10"><span class='ocrx_word' id='word_1_589' title='bbox 998 2448 1045 2489; x_wconf 89' lang='lat' dir='ltr'>N.,</span> <span class='ocrx_word' id='word_1_590' title='bbox 1067 2460 1157 2480; x_wconf 78' lang='lat' dir='ltr'>mense</span> <span class='ocrx_word' id='word_1_591' title='bbox 1179 2450 1227 2489; x_wconf 65' lang='lat' dir='ltr'>N„</span> <span class='ocrx_word' id='word_1_592' title='bbox 1252 2461 1323 2480; x_wconf 86' lang='lat' dir='ltr'>anno</span> <span class='ocrx_word' id='word_1_593' title='bbox 1335 2450 1382 2490; x_wconf 92' lang='lat' dir='ltr'>N.,</span> <span class='ocrx_word' id='word_1_594' title='bbox 1398 2453 1535 2481; x_wconf 80' lang='lat' dir='ltr'>communi</span> <span class='ocrx_word' id='word_1_595' title='bbox 1555 2452 1667 2482; x_wconf 77' lang='lat' dir='ltr'>consilio</span> <span class='ocrx_word' id='word_1_596' title='bbox 1688 2452 1741 2482; x_wconf 82' lang='lat' dir='ltr'>ele-</span> 
     </span>
     <span class='ocr_line' id='line_1_104' title="bbox 996 2499 1741 2538; baseline 0.005 -11"><span class='ocrx_word' id='word_1_597' title='bbox 996 2499 1066 2538; x_wconf 72' lang='lat' dir='ltr'>yisse</span> <span class='ocrx_word' id='word_1_598' title='bbox 1093 2500 1270 2529; x_wconf 75' lang='lat' dir='ltr'>reverendum</span> <span class='ocrx_word' id='word_1_599' title='bbox 1300 2504 1405 2537; x_wconf 77' lang='lat' dir='ltr'>patrem</span> <span class='ocrx_word' id='word_1_600' title='bbox 1436 2500 1469 2529; x_wconf 88' lang='lat' dir='ltr'>N.</span> <span class='ocrx_word' id='word_1_601' title='bbox 1495 2502 1523 2529; x_wconf 70' lang='lat' dir='ltr'>fn</span> <span class='ocrx_word' id='word_1_602' title='bbox 1557 2500 1675 2530; x_wconf 71' lang='lat' dir='ltr'>abbatem</span> <span class='ocrx_word' id='word_1_603' title='bbox 1698 2511 1741 2531; x_wconf 80' lang='lat' dir='ltr'>rc-</span> 
     </span>
     <span class='ocr_line' id='line_1_105' title="bbox 998 2549 1738 2588; baseline 0.001 -11"><span class='ocrx_word' id='word_1_604' title='bbox 998 2552 1083 2578; x_wconf 74' lang='lat' dir='ltr'>strnnt</span> <span class='ocrx_word' id='word_1_605' title='bbox 1106 2549 1252 2587; x_wconf 75' lang='lat' dir='ltr'>proprium</span> <span class='ocrx_word' id='word_1_606' title='bbox 1282 2553 1307 2578; x_wconf 76' lang='lat' dir='ltr'>el</span> <span class='ocrx_word' id='word_1_607' title='bbox 1327 2549 1508 2588; x_wconf 74' lang='lat' dir='ltr'>peculiarem,</span> <span class='ocrx_word' id='word_1_608' title='bbox 1530 2550 1577 2588; x_wconf 73' lang='lat' dir='ltr'>qni</span> <span class='ocrx_word' id='word_1_609' title='bbox 1608 2559 1691 2581; x_wconf 78' lang='lat' dir='ltr'>carne</span> <span class='ocrx_word' id='word_1_610' title='bbox 1714 2556 1738 2579; x_wconf 73' lang='lat' dir='ltr'>et</span> 
     </span>
    </p>
   </div>
   <div class='ocr_carea' id='block_1_9' title="bbox 1648 160 1950 198">
    <p class='ocr_par' dir='ltr' id='par_1_11' title="bbox 1648 160 1950 198">
     <span class='ocr_line' id='line_1_106' title="bbox 1648 160 1950 198; baseline 0.013 -4"><span class='ocrx_word' id='word_1_611' title='bbox 1648 160 1713 194; x_wconf 75' lang='grc'>645</span> <span class='ocrx_word' id='word_1_612' title='bbox 1759 169 1814 196; x_wconf 80' lang='lat' dir='ltr'>An.</span> <span class='ocrx_word' id='word_1_613' title='bbox 1831 169 1861 197; x_wconf 86' lang='lat' dir='ltr'>c.</span> <span class='ocrx_word' id='word_1_614' title='bbox 1880 170 1950 198; x_wconf 71' lang='lat'>17⁴0</span> 
     </span>
    </p>
   </div>
  </div>
 </body>
</html>
