2232 3178
269 196 315 220 A...
333 193 361 219 c.
389 192 454 219 1728
501 183 564 216 348

271 1101 365 1121 etnim-n<
376 1101 392 1120 sa

459 241 622 284 ptiouibus
647 248 678 274 et
704 241 836 273 indultis
862 252 878 273 a
905 241 1058 273 Romanis
1090 242 1197 274 l’onti-

459 294 573 327 ficibus
615 294 925 338 praedecessoribus
970 295 1091 327 nostris
1135 298 1195 327 tam

458 347 654 390 presbyteris
694 347 914 380 saecularibus
950 346 1087 380 Oratorii
1125 358 1197 379 san-

458 400 497 432 cti
526 399 667 442 Philippi
695 400 780 432 Nerii
808 405 838 432 et
860 399 989 432 Piorum
1009 400 1195 433 Orariorum

457 453 653 496 praedictis,
681 463 775 496 quam
803 453 972 494 ecclesiis,
999 453 1147 487 domibus
1165 459 1195 486 et

456 505 763 548 congregationibus
781 506 971 538 eorumdem
990 517 1195 550 quocumque

456 564 603 602 tempore
640 560 888 602 quomodolibet
923 561 1084 594 hactenus
1121 571 1196 594 con-

455 612 553 644 cessis
580 618 611 645 et
637 612 667 645 in
694 613 838 646 futurum
864 614 1102 654 concedendis,
1133 614 1194 646 srui

455 670 487 697 et
511 665 653 707 gaudere
679 676 773 709 posse
795 667 969 709 plurimum
989 667 1194 701 desiderent:

454 717 548 750 nobis
576 724 750 761 propterea
776 724 838 751 tam
864 730 922 752 suo
949 731 1043 763 quam
1070 720 1196 763 pracla-

455 775 559 802 torum
587 772 863 815 presbyterortun,
881 774 1096 814 alumnorum,
1119 784 1196 806 con-

454 823 608 856 victorum
635 830 666 857 et
691 825 822 858 aliarum
849 837 1062 869 personarum
1087 826 1195 859 huius-

454 875 539 909 modi
565 877 697 910 nomine
723 877 890 911 humiliter
914 879 1088 922 supplicari
1119 879 1191 912 fecit

453 933 484 962 ul
504 929 565 962 sibi
585 930 615 962 in
635 931 823 974 praemissis
842 937 1027 975 opportune
1045 932 1195 975 provide-

453 992 486 1015 re
513 981 559 1015 et¹
586 988 620 1014 ut
638 984 719 1017 infra
737 984 908 1027 indulgere
935 985 973 1018 dc
993 985 1193 1028 benignitate

452 1036 629 1078 apostolica
656 1036 877 1079 dignaremur.

496 1089 510 1132 g
535 1088 566 1122 ⁶2.
594 1089 657 1122 'Nos
683 1090 800 1133 igitur,
826 1091 1002 1134 specialem
1028 1092 1107 1135 ipsis
1142 1103 1193 1125 ex-

364 1134 392 1173 1¹¹¹
410 1135 585 1184 '.';pon0nti
617 1149 649 1176 ct
680 1144 904 1188 presbyteris,
938 1145 1095 1185 alumnis,
1123 1156 1192 1178 con-

358 1188 385 1225 ‘.‚
406 1188 651 1236 [¹]vietorilms,
680 1196 815 1240 aliisque
840 1198 990 1240 personis
1009 1225 1016 1237 ‚
1040 1203 1073 1230 ut
1099 1209 1192 1241 prae—

418 1244 611 1289 “mittitur‚
639 1250 773 1292 gratiam
808 1251 915 1284 facere
952 1252 1122 1293 volentes,
1161 1258 1191 1285 et

451 1311 563 1334 eorum
589 1302 767 1345 singulares
793 1314 952 1347 personas
978 1316 994 1337 a
1024 1305 1190 1348 quibusvis

451 1356 804 1397 excommunicationis,
828 1358 1049 1401 suspensionis
1081 1364 1112 1392 et
1144 1360 1192 1399 in-

451 1408 588 1448 terdicd,
606 1409 743 1453 aliisque
758 1410 986 1443 ecclesiasticis
1012 1412 1190 1452 sententiis,

449 1462 593 1494 censuris
613 1467 643 1495 et
660 1462 784 1506 poenis,
803 1474 820 1496 a
839 1463 907 1497 iure
926 1464 973 1497 vel
990 1464 1028 1497 ab
1043 1464 1189 1506 homine,

450 1514 559 1556 quavis
572 1515 743 1549 occasione
763 1517 811 1549 vel
831 1517 1018 1557 causalatis,
1037 1517 1190 1561 siquibus

450 1568 696 1609 quomodolibet
710 1569 885 1602 innodatae
900 1569 1051 1610 existunt,
1067 1571 1105 1604 ad
1121 1570 1192 1604 ess'e-

450 1624 536 1653 ctum
569 1622 788 1663 praesentium
810 1623 978 1656 dumtaxat
994 1634 1191 1667 consequen-

450 1673 526 1706 dum
544 1700 551 1714 ,
587 1674 701 1707 harum
728 1675 814 1709 serie
840 1676 1044 1710 absolventes
1077 1682 1107 1710 et
1139 1677 1192 1710 ab·

450 1727 571 1760 solutas
591 1728 659 1761 sore
689 1735 881 1770 censentes,
911 1730 1096 1763 huiusmodi
1122 1742 1194 1774 sup—

449 1781 680 1824 plicationibus
707 1783 868 1824 inclinati,
896 1789 927 1817 et
958 1789 1080 1817 attento
1105 1785 1191 1828 quod

450 1835 584 1868 dilectus
613 1835 697 1868 silius
730 1841 841 1869 noster
876 1837 998 1880 Ioseph
1030 1837 1060 1871 S.
1092 1838 1127 1870 [t.
1154 1838 1190 1871 E.

450 1888 623 1922 cardinalis
645 1889 781 1932 Spinelli
807 1896 1015 1934 nuncupatus
1036 1918 1042 1931 ‚
1067 1891 1192 1925 archie-

448 1942 623 1985 piscopalis
639 1943 794 1976 ecclesiae
809 1942 1044 1987 Neapolitanae
1063 1954 1099 1977 ex
1120 1955 1194 1977 con-

449 1994 598 2028 cessione
610 2001 642 2028 et
654 1996 900 2039 dispensatione
915 1997 1092 2040 apostolica
1104 2008 1194 2040 prae-

450 2048 516 2088 sul,
538 2049 577 2081 ad
602 2059 662 2081 nos
690 2049 852 2090 retulerit,
872 2050 1034 2093 praefatos
1059 2051 1193 2094 presby-

449 2106 549 2142 teros,
577 2101 722 2135 alumnos
742 2106 773 2135 et
790 2102 990 2136 convictores
1008 2114 1075 2137 non
1089 2105 1191 2137 solum

449 2154 481 2186 in
507 2154 545 2187 iis
570 2155 609 2187 ad
637 2155 735 2188 divini
762 2157 868 2189 cultus
894 2157 1131 2190 incrementum
1161 2163 1193 2190 et

449 2207 630 2241 animarum
655 2209 795 2241 salutem
821 2209 853 2241 in
880 2209 1006 2243 civitate
1038 2216 1070 2243 et
1105 2210 1193 2244 dioe-

449 2260 514 2294 cesi
553 2261 767 2305 Neapolitana
805 2263 1027 2305 spectantibus
1064 2265 1192 2306 regulas

450 2320 481 2347 et
505 2314 652 2348 instituta
678 2321 740 2348 tam
766 2316 1031 2359 presbyterorum
1050 2317 1191 2350 Oratorii

448 2369 549 2402 sancti
575 2369 693 2412 Filippi
718 2368 805 2402 Nerii
833 2380 927 2412 quam
958 2370 1088 2403 Piorum
1114 2370 1194 2414 Ope-

447 2422 609 2454 rariorum
635 2422 874 2466 praedictorum
901 2433 1048 2464 servare,
1079 2434 1190 2457 verum

449 2476 546 2508 etiam
574 2476 699 2509 maiora
719 2476 799 2519 ipsis
818 2486 918 2510 onera
938 2477 1090 2520 imposita
1109 2487 1190 2518 esse,

447 2528 561 2563 iisdem
587 2529 840 2573 Congregationi
866 2535 899 2563 et
917 2530 1058 2574 collegio
1075 2530 1190 2565 Sacrae

484 2594 493 2619 1
517 2592 658 2622 coniunct.
678 2596 706 2622 et
724 2601 774 2622 nos
794 2592 920 2623 addimus
938 2594 982 2630 (R.
998 2594 1047 2630 T.).

1044 192 1224 216 BULLARIUM
1249 192 1403 215 ROMANUM
1986 193 2035 219 ΛῐΙ.
2052 193 2082 220 C.
2103 193 2166 223 1738
2190 192 2191 197 ’
2225 231 2232 235 .

1240 240 1393 273 Familiae
1417 240 1488 273 Iesu
1508 240 1637 281 Christi,
1655 240 1806 284 illiusque
1824 240 1980 274 ecclcsiae

1240 304 1275 326 ac
1311 295 1512 337 presbyteris
1547 294 1788 335 saecularibus,
1825 294 1977 334 alumnis,

1240 347 1481 380 convictoribus
1507 353 1538 380 et
1563 349 1713 391 personis
1738 359 1824 381 nunc
1856 353 1887 381 ct
1922 358 1980 391 pro

1240 393 1384 443 teinpore
1416 401 1657 442 existentibus,
1692 407 1727 434 ut
1762 401 1910 434 omnibus
1949 406 1981 433 et

1240 453 1376 496 singulis
1413 453 1610 497 privilegiis,
1647 454 1902 498 praerogativis,
1937 453 1982 486 sa-

1240 506 1436 547 cultatibus‚
1475 506 1588 550 gratiis
1629 513 1660 540 et
1695 507 1905 550 indulgentiis
1944 516 1980 539 ac

1241 559 1507 603 exemptionibus
1528 565 1560 592 et
1578 560 1711 592 indultis
1730 564 1981 593 memoratarum

1239 612 1533 655 Congregationum
1549 640 1556 654 ‚
1595 623 1771 657 earumque
1807 613 1954 646 ecclesiis
1970 639 1978 654 ,

1239 666 1438 710 presbyteris
1477 672 1508 699 et
1544 667 1694 710 personis
1723 677 1783 711 per
1817 667 1980 700 Romanos

1240 719 1413 752 Pontifices
1439 721 1712 763 praedecessores
1737 724 1866 754 nostros
1902 730 1982 763 quo-

1239 773 1418 806 modolibet
1443 773 1607 806 concessis
1633 779 1664 806 et
1689 773 1719 805 in
1747 773 1887 806 futurum
1905 783 1982 806 con-

1239 825 1412 866 cedendis,
1439 825 1534 859 etiam
1560 826 1712 870 specifica
1749 831 1780 859 et
1813 825 1979 859 individua

1238 878 1405 911 mentione
1432 883 1463 911 et
1489 880 1699 922 expressione
1724 878 1839 922 dignis,
1865 884 1895 911 et
1915 877 1981 922 qui-

1238 931 1298 963 bus
1324 932 1455 965 eaedem
1488 933 1765 976 Congregationes
1801 942 1978 975 earumque
2197 945 2201 978 i

1238 985 1446 1018 ecclesiarum
1471 986 1651 1029 presbyteri
1689 991 1721 1019 et
1754 996 1916 1030 personae
1942 995 1980 1018 ex

1238 1039 1528 1080 praedecessorum
1553 1045 1736 1073 nostrorum
1764 1038 1978 1073 concessione

1237 1091 1276 1124 de
1301 1092 1465 1135 praesenti
1490 1098 1636 1133 utuntur,
1667 1093 1829 1133 fruuntur,
1847 1092 1980 1136 potiun-

1239 1149 1288 1176 tur
1314 1150 1346 1177 et
1371 1145 1524 1188 gaudent,
1552 1145 1603 1178 ac'
1631 1146 1696 1185 uti,
1724 1145 1802 1185 srui,
1827 1145 1924 1189 potiri
1950 1149 1980 1177 et

1237 1197 1380 1239 gaudere
1407 1198 1511 1230 libere
1537 1204 1569 1230 et
1595 1199 1681 1231 licite
1707 1199 1834 1242 possint
1867 1203 1899 1232 et
1928 1208 1981 1230 va-

1237 1251 1333 1291 leant⁷
1353 1251 1385 1282 in
1408 1251 1558 1284 omnibus
1577 1257 1608 1284 et
1628 1262 1689 1294 per
1706 1252 1822 1292 omnia,
1841 1251 1978 1295 perinde

1235 1313 1270 1335 ae
1289 1303 1313 1335 si
1335 1304 1513 1347 privilegia,
1531 1305 1788 1347 praerogativae,
1804 1304 1979 1352 facultates,

1235 1357 1364 1390 favores
1382 1384 1389 1398 ,
1416 1358 1561 1400 gratiae,
1587 1357 1810 1401 indulgentiae
1829 1385 1836 1399 ,
1873 1368 1980 1391 exem-

1235 1410 1363 1453 ptiones
1390 1416 1420 1443 ct
1445 1411 1572 1443 indulta
1597 1411 1786 1444 huiusmodi
1805 1411 1883 1454 ipsis
1900 1411 1980 1444 Con-

1235 1463 1416 1505 gregationi
1443 1469 1476 1496 et
1500 1464 1641 1507 collegio
1673 1464 1788 1497 Sacrae
1824 1464 1978 1497 Familiae

1236 1516 1305 1549 lesu
1332 1516 1464 1557 Christi,
1491 1527 1668 1561 eorumque
1695 1517 1865 1558 ecelesiae,
1887 1527 1977 1561 pres-

1235 1569 1372 1613 byteris,
1400 1570 1554 1610 alumnis,
1582 1571 1822 1604 convictoribus
1849 1576 1881 1604 et
1906 1581 1979 1614 per-

1237 1623 1326 1656 sonis
1352 1623 1538 1666 specialiter
1563 1635 1717 1658 concessa
1742 1625 1977 1668 reperirentur,

1236 1676 1306 1709 sine
1332 1677 1532 1719 praeiudicio
1562 1683 1666 1711 tamen
1693 1678 1894 1721 gratiarum,
1933 1679 1980 1712 in-

1236 1730 1402 1763 dultorum
1416 1736 1448 1763 et
1461 1731 1707 1774 privilegiorum
1722 1732 1836 1765 iisdem
1850 1743 1867 1765 a
1884 1733 1978 1766 nobis

1236 1782 1314 1815 alias
1329 1794 1570 1825 concessorum,
1583 1785 1761 1828 apostolica
1775 1785 1977 1827 auctoritate,

1238 1842 1348 1870 tenore
1374 1837 1613 1880 praesentium,
1640 1839 1850 1872 concedimus
1875 1844 1907 1873 et
1931 1839 1979 1872 in-

1237 1890 1419 1932 dulgemus.
2205 1931 2206 1934 Ἴ

1279 1943 1294 1986 ἓ
1318 1943 1350 1977 3.
1378 1943 1487 1982 Quoad
1520 1945 1739 1988 indulgentias
1773 1956 1848 1978 vero
1875 1945 1978 1978 eccle·
2009 1951 2168 1979 Coneeditquo·

1235 1996 1301 2029 siae
1328 2002 1360 2029 et
1384 1997 1416 2029 in
1443 2000 1479 2030 ea
1510 1998 1578 2031 sitis
1604 2000 1760 2032 altaribus
1795 1984 2030 2041 Congrega-ffi?
2055 1979 2170 2026 iiffiuliiiiss

1237 2050 1333 2083 tionis
1360 2055 1392 2083 et
1417 2052 1547 2094 collegii
1573 2052 1727 2085 Familiae
1757 2052 1827 2085 Iesu
1856 2031 2168 2086 Οὴνίειίἷῖῗῖἒεῑῗοῖῖῗῧῗ·

1235 2104 1464 2147 praefatorum,
1478 2116 1531 2139 eas
1547 2117 1661 2140 omnes
1681 2111 1712 2140 et
1729 2106 1883 2149 singulas,
1895 2117 1976 2150 quae

1236 2157 1391 2192 ecclesiae
1432 2158 1567 2203 eiusque
1605 2160 1786 2202 respective
1819 2159 1977 2193 altaribus

1235 2210 1266 2244 S.
1304 2211 1420 2244 Mariae
1456 2212 1495 2245 ad
1532 2212 1682 2256 Martyres
1718 2212 1805 2246 della
1829 2213 1979 2246 Rotonda

1235 2265 1330 2307 vulgo
1346 2265 1450 2297 dictae
1464 2265 1502 2298 de
1520 2265 1604 2298 Urbe
1622 2276 1681 2309 per
1691 2266 1856 2299 Romanos
1869 2266 1978 2299 Ponti-

1235 2316 1310 2350 fices
1322 2318 1592 2361 praedecessores
1607 2325 1736 2352 nostros
1751 2330 1876 2363 nosque
1891 2319 1978 2363 ipsos

1236 2370 1393 2403 hactenus
1429 2382 1603 2404 concessae
1641 2372 1851 2415 reperiuntur
1874 2399 1881 2413 ,
1925 2376 1978 2405 aut

1235 2434 1313 2467 quas
1338 2423 1371 2456 in
1398 2424 1538 2457 futurum
1564 2425 1790 2458 concedendas
1817 2436 1885 2459 esse
1903 2435 1978 2459 con-

1236 2476 1372 2518 tigerit,
1396 2487 1469 2510 cum
1495 2488 1559 2511 uno
1586 2478 1751 2511 dumtaxat
1786 2478 1878 2511 altari
1914 2478 1979 2522 pri-

1233 2530 1386 2573 vilegiato
1412 2531 1602 2574 quotidiano
1618 2537 1786 2575 perpetuo,
1804 2531 1900 2566 etiam
1918 2541 1978 2576 per

1273 2593 1282 2620 l
1306 2592 1466 2622 Coniunctio
1485 2601 1518 2622 ac
1538 2592 1652 2622 delenda
1672 2594 1712 2629 (n.
1731 2594 1781 2630 T.).
