2232 3178
292 188 341 220 An.
357 193 384 219 c.
410 193 474 220 1737
522 184 585 217 *250

292 254 375 301 ”¹53³ssss
390 255 475 301 :uncus
530 242 544 284 ξ,
570 241 621 274 Μ.
643 240 782 274 Mentem
799 239 1032 273 Falconensem
1053 238 1219 282 oppidum,

345 288 352 301 b
375 288 385 301 Β
399 297 403 302 .

486 294 653 337 vicinaque
680 294 761 333 loca,
779 303 843 336 quo
862 293 900 325 ad
926 293 1082 325 hibernas
1099 291 1223 324 missio-

487 359 543 381 nes
588 348 720 380 ineunte
762 357 847 379 anno
885 355 990 379 uncxit
1026 346 1221 384 advenerat,

487 408 576 433 atrox
614 399 802 443 pestilentia
835 399 1023 438 invaserat3
1059 398 1221 438 onmium,

487 453 540 496 qui
567 457 660 485 erant
683 451 874 494 contagioso
911 451 1025 484 morbo
1060 451 1223 494 correpti,

487 517 595 538 curam
609 505 722 538 alacris
738 505 887 547 suscepit,
905 509 1120 537 contemnens
1133 514 1224 547 prae-

486 559 586 591 sentis
625 558 737 590 mortis
778 557 958 601 periculum
978 583 985 597 ‚
1021 557 1073 590 cui
1116 557 1223 589 vivere

485 611 629 644 Christus
655 616 731 648 erat,
757 610 838 643 mori
864 616 970 643 autem
996 611 1133 643 lucrum.

312 676 475 697 salomonum-
530 664 621 707 {15
657 663 759 697 Anicii
797 663 887 706 gravi
924 663 1088 697 saeviente
1126 663 1224 704 same,

294 709 474 755 lagi-tflf'iZssss-'ffl
488 718 635 761 ingentes
658 727 838 761 pauperum
863 727 979 760 greges
1004 727 1129 760 pauper
1146 716 1224 759 ipse⁷

293 759 557 813 iihfafftiissssimiifsola
582 770 636 803 Dei
670 769 876 813 providentia
907 768 1065 808 confisus,
1091 769 1225 802 alendos

293 810 395 835 ”Pham
410 810 454 830 ‘¹¹¹¹'
487 825 644 868 suscepit,
662 829 701 864 et,
721 823 875 856 subsidiis
893 822 1037 866 undique
1052 822 1226 856 industrio-

487 882 520 912 sa
545 878 702 912 charitate
729 883 760 910 et
785 877 837 920 pia
862 876 1084 910 sollicitudine
1116 886 1227 908 corro-

487 933 589 976 gatis,
616 936 663 964 ter
688 931 783 963 etiam
809 930 1024 973 multiplicato
1050 940 1106 972 per
1131 929 1227 962 mira-

487 986 596 1018 culum
622 985 803 1023 srumento,
830 982 1033 1015 sustentavit.
1060 982 1227 1025 Siquidem

488 1037 657 1071 renovavit
681 1035 933 1078 benignissimus
956 1035 1039 1067 Deus
1073 1045 1131 1078 per
1165 1045 1229 1067 ma-

487 1101 548 1123 nus
574 1090 657 1123 servi
684 1089 731 1121 sui
770 1087 917 1131 prodigia
952 1087 1040 1121 Eliae
1066 1088 1098 1120 in
1124 1088 1230 1121 multi-

487 1143 665 1188 plicatione
691 1141 844 1175 frumenti
877 1141 964 1184 quod
986 1141 1017 1173 in
1043 1141 1228 1174 alimoniam

488 1205 684 1240 pauperum,
711 1194 742 1226 in
770 1195 896 1226 summa
931 1194 985 1227 illa
1018 1193 1150 1227 caritate
1175 1205 1229 1226 an-

488 1259 613 1287 nonae,
645 1247 784 1281 feminae
810 1247 1061 1280 custodiendum
1092 1247 1230 1280 tradide-

491 1308 554 1336 rat.
579 1301 657 1335 Nam
684 1311 778 1333 servo
803 1299 859 1332 Dei
885 1300 1009 1332 iubenti
1043 1304 1077 1331 ut
1113 1310 1231 1343 paupe-

488 1356 579 1389 ribus
601 1354 820 1393 distribueret,
846 1353 1019 1396 respondit
1042 1353 1097 1386 illa
1122 1364 1229 1386 arcam

490 1409 553 1443 iam
592 1407 816 1451 frequentibus
853 1406 1080 1449 largitionibus
1113 1406 1232 1439 exhau-

490 1468 571 1496 stam
593 1461 713 1500 fuisse,
735 1459 824 1492 iussa
845 1464 950 1491 autem
977 1458 1152 1501 inspicere,
1173 1458 1230 1491 im-

490 1514 650 1559 perioque
676 1522 806 1556 parens,
828 1511 991 1544 frumento
1014 1511 1231 1544 exundantem

490 1567 629 1601 invenit:
655 1576 716 1599 nec
741 1565 773 1598 id
799 1566 909 1604 semel,
936 1564 991 1597 sed
1019 1564 1113 1597 tertio
1131 1563 1232 1596 conti-

492 1621 548 1664 git.
570 1619 632 1652 Sed
652 1617 805 1661 quoniam
825 1617 970 1660 perfecta
988 1616 1129 1656 dilectio,
1149 1627 1232 1659 quae

492 1675 531 1707 ab
557 1682 665 1706 amore
690 1671 746 1704 Dei
771 1670 999 1714 proficiscitur,
1017 1670 1082 1713 agit
1102 1670 1233 1713 quidem

492 1731 648 1770 quantum
669 1729 778 1767 potest
794 1729 829 1756 ut
854 1723 1019 1766 proximus
1044 1724 1150 1756 salvus
1168 1733 1234 1756 cor-

492 1789 573 1824 pore
599 1779 769 1821 salvusque
807 1776 914 1809 animo
946 1776 1011 1816 sit,
1039 1776 1095 1809 sed
1125 1786 1233 1809 curam

493 1831 642 1876 corporis
659 1831 697 1863 ad
724 1829 893 1863 sanitatem
912 1829 1009 1862 animi
1024 1829 1141 1870 resert3
1161 1830 1234 1863 ideo

492 1885 607 1919 beatus
633 1883 688 1917 Dei
713 1894 823 1916 servus
850 1883 984 1915 curabat
1014 1887 1049 1915 ut
1073 1893 1132 1926 per
1159 1887 1236 1916 tem-

495 1939 622 1984 poralia
647 1937 794 1971 subsidia
818 1937 967 1970 homines
991 1937 1029 1969 ad
1055 1936 1156 1969 Deum
1175 1941 1236 1970 tra-

495 1992 599 2032 heret,
619 1996 650 2024 et
666 2000 724 2034 per
740 1990 943 2033 corporalem
961 1989 1146 2022 alimoniam
1165 1999 1236 2022 cae-

495 2045 569 2079 lesti
608 2043 813 2087 evangelicae
850 2042 1017 2077 doctrinae
1052 2042 1125 2075 cibo
1155 2041 1233 2074 refi-

498 2103 600 2131 ceret.

301 2159 390 2207 &plagulis
403 2157 484 2205 ffiffiss·
539 2150 633 2194 §1st
659 2149 764 2189 Quare
797 2147 899 2182 Anicii
935 2154 984 2182 ter
1018 2148 1147 2191 quaque
1179 2148 1237 2181 he-

301 2214 326 2232 oo
354 2200 656 2237 1501i2=in1=1=iibdomada
687 2213 800 2236 omnes
825 2201 858 2234 in
882 2200 1020 2234 ecclesia
1045 2205 1237 2233 convocatos

301 2239 683 2297 Zssississii'ffi'coiiferudiebat3
709 2264 948 2298 saepenumero
966 2263 1079 2286 eorum
1105 2253 1234 2286 audien-

301 2292 388 2313 Νικὼ
496 2309 545 2343 dis
563 2308 821 2342 confessionibus
846 2312 958 2340 noctes
979 2316 1113 2350 prorsus
1135 2307 1239 2338 tradu-

496 2363 541 2396 xit
565 2363 751 2403 insomnes;
780 2366 869 2394 tanto
895 2361 980 2394 enim
1007 2360 1104 2393 animi
1130 2359 1237 2393 studio

499 2421 531 2449 et
555 2415 722 2448 charitatis
759 2414 876 2447 ardore
912 2424 1024 2447 eorum
1049 2412 1239 2455 invigilabat

499 2469 615 2509 saluti,
639 2473 675 2501 ut
713 2468 820 2500 nullos
855 2467 1004 2507 labores,
1031 2466 1120 2499 nulla
1155 2465 1237 2498 vitae

501 2522 711 2556 incommoda
737 2521 884 2554 sentiret.

328 2580 488 2602 Ardenssdivlni
544 2575 635 2619 517.
673 2574 853 2609 Numerosa
893 2583 1024 2618 semper
1058 2582 1239 2618 pauperum

1065 190 1246 215 BULLARIUM
1270 190 1425 214 ROMANUM

2011 188 2060 214 An.
2077 187 2105 214 C.
2124 188 2188 218 ¹787
2212 203 2216 232 ζ

1266 238 1369 278 turba,
1386 237 1584 281 ubicumque
1603 238 1750 280 degeret,
1769 236 1902 281 stipatus
1920 240 2138 280 eratzhoporiret
2158 256 2190 273 ιι.

1265 293 1399 325 moleste
1424 296 1520 334 atque
1545 291 1707 324 inurbane
1725 291 1756 324 in
1778 302 1851 324 eum
1877 277 2189 324 irruen-'Sss'imssssfm'm'
2215 299 2216 303 ’

1267 350 1324 384 tes,
1351 345 1437 377 suavi
1464 344 1646 388 excipiebat
1669 343 1881 386 benignitate,
1902 348 1933 376 et
1950 343 2004 376 ad-

1267 397 1407 430 mirabili
1434 397 1561 429 ferebat
1584 395 1755 440 patientia,
1777 396 1913 429 aliorum
1932 395 2004 429 sub-

1266 452 1376 484 levans
1402 451 1550 494 corporis
1584 450 1767 493 angustias,
1794 449 1931 482 aliorum
1957 459 2006 482 sa-

1268 515 1348 538 nans
1372 505 1497 538 animae
1522 504 1739 542 infirmitates,
1764 504 1888 535 nullum
1915 513 1932 535 a
1956 513 2004 542 sc,

1267 557 1291 590 si
1320 557 1426 590 minus
1456 556 1624 600 temporali
1658 565 1849 589 succurrere
1875 560 2004 598 posset,

1268 610 1431 653 spirituali
1448 610 1567 642 auxilio
1584 609 1771 642 destitutum
1790 608 2004 652 praeteribat:

1269 663 1316 696 sui
1343 663 1429 696 enim
1456 663 1594 703 oblitus,
1621 662 1652 694 id
1679 672 1776 695 unum
1802 671 1879 705 prae
1903 662 2005 695 oculis

1270 716 1413 748 habebat
1437 721 1472 748 ut
1495 725 1607 748 omnes
1632 714 1761 748 Christo
1788 713 2005 747 lucrifaceret.
2225 754 2232 767 1

1270 769 1356 801 Haec
1381 772 1448 801 erat
1481 767 1626 801 omnium
1657 771 1803 800 votorum
1830 771 1862 799 et
1886 766 2009 809 cogita*
2216 780 2232 810 Ἰ1

1271 820 1394 854 tionum
1421 831 1551 854 suarum
1578 831 1712 861 sumnia,
1732 831 1869 863 regnum
1891 819 2009 853 Christi
2216 815 2232 872 ³

1271 874 1491 918 amplificare,
1517 874 1573 907 Dei
1610 874 1748 917 gloriam
1779 879 1810 907 et
1842 873 2010 907 hominum
2226 877 2232 954 1

1270 929 1404 961 salutem
1431 938 1644 971 promovere;
1678 927 1752 960 idco
1787 926 2011 971 quandocum-

1272 979 1344 1025 que¹
1361 981 1499 1020 dicebat,
1513 990 1547 1013 se
1565 991 1770 1024 nequaquam
1789 984 2012 1014 recusaturum

1273 1034 1354 1067 caeli
1381 1034 1505 1067 deliciis
1530 1034 1634 1066 serius
1652 1033 1726 1074 frui,
1744 1033 1769 1066 si
1795 1035 1831 1068 ea
1856 1032 2012 1067 dilatione

1273 1087 1332 1120 sibi
1349 1087 1586 1120 concederetur
1604 1092 1639 1119 ut
1656 1087 1765 1130 plures
1783 1087 1822 1120 ad
1840 1087 1896 1120 Dei
1922 1086 2013 1129 agni-

1275 1142 1396 1174 tionem
1422 1151 1629 1184 amoremque
1655 1141 1860 1183 perduceret.

1318 1195 1332 1237 §
1358 1193 1410 1227 18.
1439 1194 1542 1233 Quare
1568 1194 1599 1227 id
1624 1204 1723 1227 unum
1760 1194 1813 1228 diu
1847 1198 2012 1237 noctuque
2023 1199 2200 1248 zffittyjcffinwffl

1274 1246 1477 1290 propositum
1504 1246 1655 1286 habebat,
1680 1247 1711 1280 id
1737 1246 1824 1289 vigili
1850 1248 1938 1286 cura,
1965 1246 2069 1279 in-cus·

1274 1300 1379 1332 somni
1405 1300 1523 1340 studio,
1552 1299 1743 1343 ardentique
1775 1299 1933 1333 charitate
1959 1309 2014 1332 cu-

1275 1354 1366 1386 rabat
1391 1353 1422 1386 in
1450 1354 1538 1393 urbe,
1562 1353 1593 1385 in
1619 1353 1705 1396 agris
1722 1380 1729 1393 ,
1757 1353 1788 1386 in
1815 1352 1953 1397 templis,
1980 1353 2014 1386 in

1275 1406 1358 1446 soro,
1386 1406 1417 1438 in
1444 1406 1601 1439 custodiis
1629 1406 1790 1449 publicis,
1818 1406 1850 1438 in
1875 1416 2015 1440 nosoco-

1276 1459 1359 1499 miis,
1386 1459 1418 1491 in
1444 1459 1645 1502 privatorum
1670 1459 1815 1499 aedibus,
1841 1459 1873 1492 in
1899 1469 1938 1493 eo
1960 1459 2017 1493 de-

1275 1523 1383 1551 mum,
1410 1512 1496 1555 quod
1536 1511 1782 1555 poenitentibus
1818 1512 2016 1546 mulierculis
2212 1528 2216 1545 t

1276 1570 1479 1604 extruxerat,
1506 1564 1680 1606 coenobio,
1707 1569 1740 1597 ut
1764 1565 1867 1597 bonos
1894 1565 2017 1598 inssam-

1276 1622 1378 1650 maret
1403 1617 1440 1650 ad
1467 1617 1633 1657 virtutem,
1660 1618 1814 1650 scelestos
1839 1623 1870 1650 et
1895 1617 2018 1660 impro-

1277 1671 1335 1704 bos
1354 1676 1522 1704 revocaret
1539 1681 1556 1703 a
1575 1670 1670 1710 vitiis,
1689 1675 1817 1703 curaret
1834 1670 2017 1713 languidos,

1278 1724 1400 1757 foveret
1423 1724 1559 1767 tepidos,
1585 1728 1714 1756 sanaret
1738 1722 1896 1764 infirmos,
1921 1733 2016 1757 sanos

1277 1777 1467 1820 validosque
1492 1777 1530 1810 ad
1557 1777 1754 1810 currendum
1770 1776 1802 1809 in
1822 1777 1871 1810 via
1887 1776 2016 1810 Domini

1278 1831 1476 1874 impelleret.
2227 1838 2232 1854 ¹

1323 1885 1336 1927 ἓ
1361 1883 1414 1916 19.
1434 1883 1524 1916 Vitiis
1544 1883 1667 1916 bellun]
1686 1883 1857 1925 indixerat,
1878 1887 1910 1916 et
1928 1883 2018 1927 quie·
2044 1885 2201 1935 drogffwb
2228 1924 2232 1928 ,

1280 1943 1356 1978 tem,
1384 1937 1499 1970 samam
1524 1936 1687 1980 vitamque
1721 1937 1822 1979 ipsam
1847 1921 2040 1980 parvipen-²
2059 1921 2094 1936 ’π
2125 1929 2131 1935 ’
2227 1933 2232 1982 ξ

1281 1990 1371 2029 dens,
1388 2000 1494 2032 neque
1520 1989 1700 2030 laboribus,
1720 1999 1826 2032 neque
1852 1988 2019 2031 angustiis,

1280 2053 1386 2086 neque
1407 2042 1521 2082 minis,
1549 2052 1654 2085 neque
1686 2047 1795 2082 metu,
1823 2052 1928 2085 neque
1953 2041 2019 2075 ulla

1280 2096 1502 2139 periculorum
1518 2094 1769 2128 denunciatione
1783 2094 2018 2136 retardabatur,

1280 2148 1452 2191 quominus
1477 2148 1509 2180 in
1536 2147 1724 2180 discrimine
1757 2152 1909 2181 aeternae
1934 2148 2021 2180 salu-

1282 2202 1319 2234 tis
1356 2201 1560 2234 versantibus
1596 2206 1808 2241 accurreret,
1841 2200 2020 2243 flagitiosos

1281 2254 1429 2287 homines
1454 2264 1471 2286 a
1496 2253 1637 2296 peccatis
1658 2258 1846 2293 revocaret,
1873 2253 2019 2296 perditae

1282 2308 1382 2339 famae
1399 2306 1654 2349 profligataeque
1673 2304 1847 2348 pudicitiae
1865 2305 2019 2338 mulieres

1281 2370 1298 2393 e
1328 2360 1564 2403 turpitudinum
1591 2369 1692 2392 coeno
1718 2359 1893 2399 educeret,
1924 2359 2020 2392 orbas

1281 2412 1492 2456 parentibus⁹
1520 2413 1643 2456 puellas
1660 2440 1667 2454 ,
1695 2422 1832 2455 quarum
1864 2411 2022 2456 pudicitia

1281 2466 1538 2510 periclitabatur,
1557 2465 1589 2498 in
1615 2470 1683 2498 tuto
1708 2466 1900 2506 collocaret;
1923 2475 2021 2510 saepe

1318 2538 1327 2563 1
1351 2536 1451 2564 Forsan
1471 2535 1578 2571 legend.
1600 2536 1773 2571 quandoque
1793 2537 1830 2569 (a.
1847 2535 1896 2570 an).

1315 2581 1330 2607 2
1351 2581 1424 2609 Edit.
1445 2581 1526 2608 lllain.
1546 2580 1613 2616 legit
1628 2580 1795 2616 patentibus
1809 2581 1848 2615 (R.
1865 2580 1914 2615 ¹12).
