2232 3178
31 229 122 260 Amc.
143 226 208 256 1738

217 273 270 305 rali
307 272 424 303 Ordinis
456 271 550 302 adhuc
573 281 623 311 per
645 271 732 301 breve
755 275 870 310 tempus
892 274 958 300 ante

215 321 393 362 capitulum,
416 330 469 351 nec
502 320 581 351 inter
603 321 727 350 familias
750 320 891 350 alteretur
917 319 960 348 vi-

215 371 368 402 cissitudo.
785 403 792 408 ,

253 429 313 450 vui.
337 420 367 450 Si
390 420 540 458 contingat
572 418 806 449 commissarium
838 427 960 456 genera-

214 470 271 500 lem
295 469 420 499 deficere
442 469 472 499 in
495 469 551 498 alia
574 469 697 506 familia,
715 468 831 505 mortis,
850 476 960 497 renun-

216 518 370 554 ciationis,
395 522 445 547 aut
474 517 532 547 alia
554 517 656 557 quavis
686 519 793 553 caus-a,
819 521 887 546 tunc
910 516 961 545 mi-

214 567 307 597 nister
327 566 474 605 generalis
496 576 534 596 ex
556 567 658 596 eadem
682 567 744 596 eius
773 566 823 605 qui
848 565 962 595 desece-

216 615 256 646 rit
279 616 392 645 familia
421 616 510 654 eligat
537 615 864 651 vice-commissarium,
898 616 959 653 qui,

216 664 387 694 auctoritate
420 664 554 702 delegata
586 668 614 694 et
646 664 765 694 nomine
798 662 961 701 delegantis

216 723 376 753 expresso,
399 722 500 743 omnes
536 713 578 743 illi
607 713 777 743 commissas
810 713 961 742 facultates

217 772 310 802 usque
333 763 368 793 ad
393 763 557 802 proximum
581 763 742 802 capitulum
758 766 901 792 exerceat.

97 838 139 865 5²-
256 822 274 842 1.
298 812 439 843 Generale
462 812 621 851 capitulum
644 812 679 841 de
703 811 831 841 triennio
851 811 880 840 in
911 810 960 840 tri-

66 865 94 886 no
117 862 338 895 temporeennium
372 861 537 892 celebretur
573 861 693 891 sabbato
726 865 792 890 ante
826 864 959 900 quartam

34 893 149 915 etloeo,1n
166 896 206 917 quo

35 918 207 970 ‘Reiegass-iisifflm
218 910 391 940 dominicam
416 915 479 950 post
496 910 616 948 Pascha,
634 910 690 939 nisi
714 910 788 939 iusta
806 909 840 938 de
859 910 959 945 causa,

20 971 135 1019 Ιςεαοηια,
219 959 328 989 iudicio
350 959 510 989 definitorii
540 959 687 998 generalis
709 958 845 995 Ordinis,
870 958 960 988 omni-

20 1020 26 1221 ι
218 1008 273 1039 hus
310 1009 384 1039 votis
423 1013 536 1049 praeter
568 1018 659 1039 unum
693 1009 959 1045 concurrentibus,

218 1058 391 1095 differatur3
415 1062 442 1088 et
466 1062 535 1087 tunc
557 1058 603 1087 die
627 1058 803 1096 assignanda
831 1058 866 1088 ab
899 1058 961 1097 ipso

218 1108 384 1139 definitorio
400 1107 582 1138 celebretur:
607 1108 630 1137 si
650 1117 727 1143 vero,
746 1107 873 1137 instante
890 1112 962 1137 tem-

219 1166 289 1197 pore
322 1166 379 1196 quo
413 1159 490 1186 iuxta
524 1157 655 1195 regulam
685 1157 843 1196 capitulum
876 1165 963 1194 gene-

218 1206 280 1236 rale
302 1206 445 1236 celebrari
468 1206 572 1244 debet,
598 1215 716 1245 praeses
738 1206 859 1245 capituli
882 1206 963 1235 infir-

221 1260 337 1294 metur,
371 1256 446 1285 itaut
476 1256 615 1286 assistere
650 1265 706 1284 non
742 1255 851 1293 valeat,
892 1259 962 1284 tunc

219 1304 345 1344 ipsemet
368 1304 475 1344 poterit
497 1304 660 1344 capitulum
676 1304 794 1334 differre
814 1313 866 1343 per
883 1313 962 1334 men-

220 1362 281 1384 sem
304 1357 429 1384 tantum.

258 1412 289 1433 11.
317 1402 482 1442 Capitulum
512 1403 651 1441 generale
681 1402 715 1432 ad
745 1402 961 1441 praescriptum

25 1427 29 1520 ἱ
219 1452 337 1491 regulae
359 1451 524 1482 celebretur
545 1452 580 1482 de
602 1452 730 1482 triennio
748 1452 778 1482 in
804 1451 963 1482 triennium

220 1501 342 1532 sabbato
364 1505 432 1531 ante
461 1505 595 1541 quartam
618 1501 795 1531 dominicam
819 1505 883 1540 post
912 1501 964 1530 Pa-

26 1546 30 1580 l
221 1550 290 1581 scha
312 1555 394 1580 extra
418 1550 515 1580 curias
537 1550 705 1589 principum
728 1549 758 1579 in
782 1550 868 1579 domo
891 1550 963 1579 assi-

27 1588 30 1629 i
220 1599 339 1638 gnanda.
353 1608 367 1629 a
385 1599 521 1629 ministro
536 1599 667 1637 generali
682 1598 800 1629 Ordinis
818 1602 964 1638 quatenus

28 1651 30 1663 ¹
221 1648 283 1688 ipse
315 1648 496 1688 praesideat,
522 1649 654 1678 consulto
687 1648 854 1678 definitorio
881 1658 966 1687 gene-

28 1671 32 1747 Ξ
222 1697 277 1727 rali
299 1697 405 1736 ipsius,
429 1697 476 1726 vel
495 1706 510 1726 a
526 1697 728 1727 commissario
751 1697 881 1735 generali
898 1706 966 1727 con-

29 1781 32 1792 1
223 1746 308 1776 sultis
330 1745 536 1776 definitoribus
566 1755 635 1776 suae
664 1746 808 1783 familiae,
832 1746 966 1777 ministro

29 1793 33 1810 ‘
223 1796 353 1835 generali
370 1806 427 1826 non
445 1796 640 1836 praesidente.

262 1855 305 1877 111.
345 1846 487 1886 Tempore
526 1846 646 1886 capituli
679 1856 736 1876 non
773 1846 967 1876 admittantur

224 1895 365 1935 hospites,
390 1905 443 1926 nec
459 1896 577 1926 domum
593 1895 785 1934 capitularem
802 1895 968 1934 ingredian-

31 1964 35 2003 ι
225 1948 275 1974 tur
296 1945 412 1975 vocales
435 1954 487 1984 per
509 1945 581 1975 duos
604 1954 718 1974 menses
747 1949 815 1974 ante
838 1944 968 1974 celebra-

32 2013 35 2030 .
226 1994 336 2024 tionem
353 1995 486 2034 capituli,
504 1995 561 2024 nisi
577 1995 664 2024 fuerit
681 1998 763 2033 pater
779 1994 967 2034 provincialis

33 2041 35 2093 :
225 2042 305 2073 illius
329 2043 509 2082 provinciae,
533 2044 662 2083 exceptis
679 2044 769 2080 socio,
793 2043 817 2072 si
834 2043 968 2073 minister

225 2092 331 2129 suerit,
356 2096 384 2122 et
413 2093 511 2122 vocale
541 2093 591 2123 illo
621 2093 671 2132 qui
699 2096 765 2122 ante
787 2102 896 2122 annum
921 2092 969 2122 ha-

225 2140 293 2171 beat
324 2141 354 2171 in
383 2142 485 2172 eadem
508 2141 593 2171 domo
616 2151 697 2172 suam
721 2142 764 2171 illi
786 2141 967 2180 designatam

34 2163 37 2271 Ι
226 2190 413 2220 residentiam
431 2192 612 2221 continuam.

266 2247 305 2268 lv.
334 2239 468 2269 Minister
499 2240 644 2277 generalis
677 2244 705 2270 et
738 2240 802 2269 eius
835 2240 969 2270 definito-

35 2275 38 2331 i
227 2287 303 2318 rium
335 2288 532 2328 praeexistere
566 2288 674 2319 debent
706 2295 773 2319 ante
806 2289 968 2328 capitulum

35 2337 38 2343 ’
228 2335 258 2366 in
281 2337 384 2366 eadem
408 2337 494 2367 domo
517 2337 682 2376 capitulari,
700 2341 728 2367 et
744 2337 832 2367 ceteri
856 2338 970 2367 vocales

228 2384 343 2424 ingredi
367 2390 522 2416 teneantur
545 2386 617 2416 seria
642 2386 746 2426 quinta
767 2389 835 2416 ante
857 2386 971 2425 praedi-

229 2437 303 2464 ctam
326 2434 501 2465 dominicam
524 2439 659 2475 quartam
685 2439 749 2475 post
771 2435 891 2465 Pascha.

270 2491 296 2513 v.
314 2483 400 2514 Pater
423 2485 557 2515 minister
580 2485 737 2523 generalis,
755 2489 886 2523 tempore
905 2488 971 2524 apto

38 2509 41 2592 ι
229 2536 262 2563 ut
283 2542 383 2563 omnes
406 2534 456 2573 qui
486 2534 608 2564 vocandi
641 2538 710 2563 sunt
743 2533 776 2563 ad
811 2533 971 2572 capitulum

39 2594 41 2653 p
231 2587 457 2622 congregentur,
488 2583 585 2614 mittat
612 2582 724 2613 litteras
748 2583 910 2613 vocatorias
943 2592 973 2613 0-

40 2664 43 2703 ἱ
231 2630 348 2663 mnibus
371 2632 519 2664 vocalibus
535 2632 585 2672 qui
602 2635 758 2663 teneantur
780 2640 969 2671 concurrere,

41 2729 43 2746 l

41 2762 43 2780 l

846 220 990 246 CLEMENS
1016 221 1062 245 xn
1086 221 1137 245 Pr.

1640 209 1704 243 435

1001 274 1028 299 et
1046 269 1227 300 invitatorias
1244 268 1351 308 quibus
1367 268 1479 299 licitum
1500 268 1537 297 sit
1552 276 1740 301 concurrere,

1002 328 1108 358 easque
1130 328 1231 349 omnes
1255 319 1351 348 mittat
1373 327 1438 348 cum
1462 317 1650 357 expressione
1671 319 1743 345 tem-

1002 368 1080 406 poris
1102 372 1130 398 et
1153 368 1209 398 loci
1232 367 1439 398 celebrationis
1461 366 1643 396 imminentis
1665 366 1743 405 capi-

1003 417 1055 446 tuli
1078 417 1241 455 generalis,
1266 421 1294 446 et
1315 417 1339 446 si
1363 416 1532 446 huiusmodi
1561 416 1675 445 litterae
1709 414 1744 443 ad

1002 465 1131 504 aliquem
1154 465 1348 505 capitularem
1371 475 1428 494 non
1453 464 1650 504 pervenerint,
1668 463 1745 492 nihi-

1003 514 1130 544 lominus
1152 515 1213 554 ipse
1244 518 1401 544 concurrat
1431 518 1460 543 et
1490 517 1611 543 vocatus
1638 511 1747 542 intelli-

1003 568 1100 602 gatur,
1125 564 1283 593 dummodo
1315 568 1430 593 constet
1454 563 1488 592 de
1512 561 1746 602 promulgatione

1003 613 1123 651 capituli
1146 613 1291 651 generalis
1314 613 1391 642 sacta
1414 617 1441 642 et
1464 612 1494 642 in
1518 613 1571 642 sua
1594 610 1746 651 provincia.

1003 663 1069 692 aliis
1092 664 1172 692 nota.

1043 721 1062 741 1.
1091 712 1123 742 In
1157 712 1285 751 capitulo
1318 711 1447 750 generali
1479 710 1597 741 Ordinis
1630 717 1746 748 semper
1824 725 1871 750 §3-

1004 762 1168 801 praesideat
1190 762 1324 800 superior
1346 760 1492 799 generalis
1512 760 1600 796 illius,
1618 758 1679 787 sive
1694 753 1819 800 ini-3⁰¹⁸
1842 752 1940 778 ¹'‘³⁰²⁵¹¹‘³

1794 780 1941 799 mmmmfflm

1004 812 1107 847 nister,
1123 811 1193 845 sive,
1208 811 1307 840 causst¹
1322 810 1449 839 ministri
1464 809 1604 845 desectus,
1618 807 1746 837 vicarius
1757 807 1851 831 suctum
1880 811 1943 832 εωθ-

1004 861 1149 899 generalis
1165 860 1398 898 cognominetur,
1414 864 1441 889 et
1457 859 1480 888 si
1498 862 1673 896 congregato
1689 857 1747 886 iam
1757 834 1805 854 mn.

1004 911 1132 949 capitulo
1156 911 1217 950 ipse
1240 910 1447 948 aegrotaverit,
1467 909 1510 938 vel
1525 913 1642 947 propter
1661 907 1748 937 aliam

1004 969 1122 989 causam
1146 970 1203 989 non
1228 959 1385 989 accesserit
1415 959 1449 988 ad
1475 958 1654 996 capitulum,
1680 960 1748 985 tunc

1004 1009 1224 1038 commissarius
1255 1007 1400 1045 generalis
1424 1007 1547 1037 alterius
1572 1005 1699 1035 familiae
1721 1014 1751 1034 e-

1005 1059 1043 1088 rit
1076 1068 1194 1097 praeses
1228 1058 1371 1097 capituli,
1396 1058 1517 1096 eiusque
1551 1054 1750 1095 praesidentia

1004 1107 1121 1137 durabit
1142 1117 1233 1146 usque
1256 1107 1289 1136 ad
1314 1107 1400 1136 finem
1429 1106 1499 1135 dicti
1528 1104 1668 1144 capituli,
1695 1103 1750 1132 nisi

1006 1166 1145 1196 praesens
1168 1156 1254 1186 suerit
1268 1156 1384 1185 noviter
1400 1155 1512 1185 electus
1530 1155 1558 1183 in
1581 1154 1750 1183 ministrum

1005 1205 1184 1244 generalem,
1209 1205 1276 1244 quia
1301 1209 1369 1234 tunc
1393 1203 1621 1243 praesidentiam
1639 1202 1750 1232 habere

1005 1254 1102 1284 debet.
1137 1254 1170 1283 Et
1200 1254 1224 1283 si
1256 1254 1344 1283 etiam
1372 1252 1547 1290 contingat,
1572 1255 1750 1289 congregato

1005 1303 1145 1343 capitulo,
1170 1303 1338 1332 ministrum
1362 1301 1529 1341 generalem
1554 1305 1582 1330 et
1616 1300 1753 1330 commis-

1006 1353 1117 1382 sarium
1149 1352 1318 1391 generalem
1348 1351 1469 1381 alterius
1503 1350 1632 1380 familiae
1664 1349 1751 1379 simul

1006 1401 1155 1437 deficere,
1181 1405 1249 1430 tunc
1273 1409 1392 1439 praeses
1415 1399 1538 1439 capituli
1568 1399 1694 1436 eligatur
1717 1397 1752 1427 ab

1007 1450 1144 1480 omnibus
1166 1449 1316 1479 vocalibus
1339 1449 1438 1486 simul,
1456 1453 1485 1478 et
1501 1457 1593 1487 usque
1617 1448 1646 1476 in
1664 1447 1752 1476 finem

1007 1500 1129 1540 capituli
1152 1499 1379 1539 praesidentiam
1409 1498 1534 1535 habeat,
1560 1496 1616 1527 nisi
1640 1497 1754 1526 noviter

1008 1551 1119 1581 electus
1134 1550 1164 1580 in
1181 1549 1349 1579 ministrum
1365 1548 1530 1587 generalem
1548 1547 1584 1576 sit
1601 1555 1751 1586 praesens.

1047 1609 1077 1630 11.
1101 1599 1133 1629 In
1155 1599 1282 1639 capitulo
1304 1597 1435 1636 generali
1451 1596 1622 1635 suffragium
1640 1600 1752 1626 tantum

1009 1649 1142 1679 habeant·
1156 1652 1326 1687 sequentes:
1352 1656 1469 1686 praeses
1488 1645 1622 1685 capituli,
1639 1645 1700 1675 sive
1716 1644 1754 1674 sit

1010 1698 1145 1728 minister
1167 1696 1324 1735 generalis,
1349 1696 1410 1726 sive
1433 1695 1561 1725 vicarius
1584 1693 1729 1732 generalis
1745 1716 1752 1730 ,

1010 1748 1070 1778 sive
1103 1746 1322 1777 commissarius
1354 1745 1475 1775 alterius
1509 1744 1660 1781 familiae,
1694 1742 1755 1772 sive

1010 1805 1128 1836 praeses
1161 1795 1270 1825 electus
1303 1803 1318 1823 a
1349 1793 1493 1833 capitulo;
1516 1792 1654 1831 deinceps
1677 1800 1755 1821 com-

1010 1845 1161 1876 missarius
1194 1843 1339 1883 generalis
1376 1843 1421 1873 vel
1458 1840 1755 1872 vice-connnissarius

1010 1894 1137 1925 familiae
1166 1903 1203 1923 ex
1235 1903 1291 1933 qua
1327 1892 1462 1922 minister
1495 1891 1638 1929 generalis
1675 1899 1755 1919 assu-

1012 1944 1134 1974 mendus
1179 1947 1222 1973 est
1242 1953 1249 1980 3
1298 1943 1367 1972 item
1405 1941 1573 1971 definitores
1606 1939 1756 1979 generales

1011 1993 1149 2031 Ordinis,
1174 1997 1203 2022 et
1226 1996 1325 2031 postea
1354 1991 1525 2021 definitores
1543 1989 1694 2028 generales
1718 1989 1757 2018 fa-

1011 2043 1127 2079 miliae;
1161 2051 1262 2072 omnes
1285 2041 1413 2071 ministri
1446 2040 1491 2070 vel
1515 2039 1615 2069 vicarii
1639 2038 1758 2078 provin-

1011 2094 1118 2130 ciales;
1143 2092 1251 2130 singuli
1274 2092 1329 2121 loci
1354 2091 1442 2130 primi
1472 2100 1523 2129 pro
1546 2089 1671 2127 singulis
1694 2098 1758 2128 pro-

1012 2143 1116 2172 vinciis
1129 2142 1259 2178 Ordinis,
1278 2144 1449 2180 procurator
1464 2139 1609 2177 generalis
1626 2138 1756 2173 Ordinis,

1012 2192 1084 2221 itaut
1106 2191 1219 2231 quoties
1242 2190 1271 2219 in
1296 2189 1434 2228 Hispania
1457 2188 1624 2218 celebretur
1640 2187 1758 2226 capitu-

1013 2241 1073 2270 lum
1097 2239 1245 2279 generale,
1264 2238 1436 2277 suffragium
1456 2237 1561 2267 habeat
1585 2240 1756 2276 procurator

1013 2290 1158 2328 generabs
1181 2288 1359 2328 Hispaniae,
1384 2292 1412 2317 et
1443 2287 1557 2327 quoties
1590 2285 1757 2315 celebretur

1013 2338 1175 2378 capitulum
1199 2341 1282 2367 extra
1306 2337 1486 2376 Hispaniam,
1511 2335 1682 2372 sutl'ragiuin
1708 2333 1758 2362 ha-

1014 2387 1080 2417 beat
1104 2390 1277 2426 procurator
1299 2385 1446 2423 generalis
1469 2385 1573 2415 Curiae
1596 2384 1755 2418 l‘tomanae3

1015 2440 1101 2475 atque
1125 2436 1210 2465 etiam
1236 2434 1407 2472 suffragium
1441 2432 1560 2462 habebit
1582 2431 1758 2461 secretarius

1015 2485 1161 2523 generalis
1184 2483 1313 2514 ministri
1337 2482 1481 2521 generalis
1511 2481 1561 2520 qui
1590 2481 1705 2519 spirat,
1730 2483 1758 2509 et

1015 2533 1195 2573 propterea²
1229 2532 1401 2569 suffragium
1435 2529 1542 2559 babere
1573 2529 1679 2568 poterit
1708 2528 1758 2567 qui

1751 216 1801 244 An.
1823 216 1850 243 C.
1869 216 1935 244 1738

1054 2593 1063 2617 1
1088 2591 1179 2618 Potius
1200 2590 1258 2625 lege
1278 2597 1347 2616 casu
1367 2596 1414 2623 pro
1435 2588 1520 2615 causti
1539 2587 1578 2622 (n.
1594 2587 1643 2621 τ.).

1049 2636 1066 2662 2
1086 2635 1200 2663 Videtur
1220 2634 1365 2670 legendum
1383 2635 1535 2668 praeterea
1556 2633 1594 2665 (n.
1611 2632 1661 2666 T.).
