2232 3178
295 176 343 202 An.
364 176 393 203 c.
412 177 479 204 1737
527 169 589 202 ⁶266

493 236 566 260 nam
593 227 765 271 splendido
791 236 909 270 genere
936 232 1043 260 natam
1069 228 1150 260 adeo
1178 228 1231 260 hu-

494 280 603 313 milem
629 286 663 313 ut
689 281 841 313 vilissima
868 291 1013 324 quaeque
1039 292 1174 314 munera
1200 282 1230 314 in

492 333 626 376 publico
651 333 838 366 nosocomio
864 339 1039 374 exerceret,
1065 334 1145 367 adeo
1177 334 1231 366 mi-

493 392 555 418 teui
582 391 612 418 et
636 386 812 429 patientem
844 391 878 418 ut
903 387 1000 419 alacri
1026 387 1134 419 animo
1161 397 1232 430 pro-

493 439 614 470 cacium
633 449 799 471 servorum
816 439 950 472 iniurias
970 444 1000 472 et
1017 440 1230 472 contumelias

492 492 670 535 exciperet,
690 494 775 524 tanta
792 493 970 525 ferventem
991 493 1163 533 charitate,
1183 499 1229 534 ut,

492 555 628 587 corpore
648 546 720 577 licet
741 544 875 585 infirma,
895 546 1039 578 omnium
1062 551 1230 588 aegrotan-

491 597 569 629 tium
597 608 692 630 curae
726 604 856 641 praesto
889 604 994 639 esset;
1022 603 1053 632 et
1086 600 1231 642 quamvis

492 650 617 683 divinae
658 651 945 694 contemplationis
985 652 1157 685 dulcedine
1199 653 1230 685 in

492 703 625 736 extasim
642 709 732 746 rapta
751 703 938 747 frequenter
956 715 972 737 a
989 705 1136 738 sensibus
1157 705 1231 738 alie-

490 761 632 797 naretur,
650 762 767 797 tamen,
781 763 893 790 vocata
907 758 945 790 ad
959 758 1145 801 peragenda
1161 759 1231 791 cha-

491 810 594 844 ritatis
621 811 736 851 officia,
758 811 845 844 illico
874 811 1050 854 surgebat,
1074 817 1105 845 et
1134 812 1230 846 hilari

490 873 527 896 ac
551 864 731 897 rubicundo
756 865 855 904 vultu,
881 865 980 897 veluti
1006 876 1042 898 ex
1066 866 1231 900 consortio

491 917 651 950 sermonis
664 917 804 958 Domini,
818 919 1016 957 accurrebat,
1028 919 1231 962 expletisque

490 970 657 1003 charitatis
683 971 872 1003 muneribus
907 971 946 1004 ad
971 971 1149 1004 orationem
1183 982 1231 1004 re-

490 1024 597 1063 dibat;
624 1024 668 1056 ita
693 1025 759 1057 Deo
785 1025 876 1057 unita
901 1030 934 1056 ut
958 1025 1081 1058 nullius
1113 1030 1232 1057 creatu-

490 1087 543 1110 rae
572 1077 811 1119 recordaretur,
829 1078 872 1111 ita
893 1077 1116 1121 proximorum
1135 1089 1229 1110 curae

489 1140 525 1163 ac
542 1130 721 1164 animarum
739 1131 833 1164 saluti
852 1131 975 1165 intenta
1000 1137 1035 1164 ut
1061 1132 1108 1164 sui
1135 1142 1229 1175 pror-

490 1193 543 1216 sus
571 1184 735 1217 videretur
760 1185 870 1217 oblita.

358 1246 422 1269 Quam
439 1244 478 1284 φφ
533 1237 547 1280 §
571 1236 625 1270 14.
652 1236 730 1270 Nam
756 1248 773 1270 a
798 1237 862 1270 Deo
895 1237 1145 1280 impetraverat,
1174 1243 1230 1279 ut,

293 1274 710 1333 2⁰31*ss'¹¹i·{⁴r¹ii1iproxim01·um
742 1290 993 1323 necessitatibus
1023 1291 1230 1324 sublevandis

294 1325 476 1378 ss‘ss-'iss'iii'p'ffiii‘onr‘ss
488 1342 676 1382 inserviens,
695 1343 821 1377 tametsi
840 1344 871 1376 id
891 1345 978 1376 tanta
1002 1344 1173 1377 sedulitate
1199 1350 1231 1377 et

295 1381 397 1400 'wem'
488 1395 660 1438 diligentia
677 1402 869 1439 praestaret,
888 1401 1045 1440 quantum
1072 1397 1153 1429 alius
1178 1408 1232 1430 ne-

487 1461 539 1482 mo
564 1450 632 1493 pari
659 1450 817 1483 charitate
850 1460 915 1483 non
946 1450 1113 1493 praeditus
1140 1450 1230 1483 adhi-

486 1503 564 1537 bere
589 1508 719 1546 posset,
746 1508 865 1543 tamen,
893 1504 999 1537 statim
1025 1514 1061 1536 ac
1086 1504 1228 1536 officium

486 1556 653 1589 charitatis
671 1556 869 1600 impleverat,
890 1557 971 1596 eius,
986 1556 1036 1589 cui
1054 1556 1230 1590 inservive-

485 1614 544 1651 rat,
566 1609 825 1643 oblivisceretur.
853 1610 963 1652 Itaque
989 1611 1079 1643 nulla
1105 1615 1230 1643 creatu-

485 1673 540 1696 rae
576 1663 682 1705 imago
720 1662 830 1703 illam,
858 1673 953 1706 quam
979 1664 1042 1696 alte
1078 1664 1175 1696 corde
1200 1670 1230 1696 et

485 1722 594 1749 mente
612 1715 741 1749 infixam
760 1716 912 1758 patientis
928 1715 1102 1749 Salvatoris
1120 1716 1230 1760 imagi-

484 1780 559 1802 nem
582 1770 724 1812 gerebat,
740 1770 967 1809 obumbrabat,
988 1775 1018 1802 et
1039 1770 1228 1813 flagrantem

486 1823 573 1856 illam
599 1822 698 1855 divini
725 1823 846 1856 amoris
872 1823 1052 1864 flammam,
1079 1834 1141 1868 qua
1173 1835 1229 1858 cor

485 1876 571 1910 illius
592 1877 735 1910 suaviter
752 1876 931 1917 aestuabat,
950 1878 1059 1910 nullus
1077 1882 1228 1911 terrenus

484 1928 616 1962 affectus
645 1931 693 1962 vel
721 1930 949 1972 restinguebat
972 1931 1022 1963 vel
1048 1930 1224 1964 minuebat.

485 1982 610 2015 Idcirco
640 1993 715 2016 vere
749 1992 820 2015 cum
846 1983 1005 2026 Apostolo
1043 1984 1227 2017 exclamare

484 2040 637 2078 poterat:
664 2034 775 2079 Neque
806 2045 904 2076 mors,
935 2046 1038 2079 neque
1069 2036 1149 2076 vita,
1177 2047 1228 2069 ue-

484 2097 546 2131 que
577 2087 705 2130 anqeti,
738 2097 840 2131 neque
869 2088 1092 2132 principatus,
1125 2099 1228 2133 neque

483 2140 631 2180 virtutes,
659 2150 757 2183 neque
781 2141 954 2180 instantia,
971 2150 1074 2184 neque
1097 2142 1223 2184 sutma,

483 2203 587 2236 neque
603 2192 756 2233 altitudo,
773 2202 876 2236 neque
890 2194 1105 2236 profundum„
1124 2204 1227 2238 neque

484 2249 635 2278 creatura
670 2245 741 2278 alia
774 2246 895 2288 poterit
927 2256 985 2279 uos
1020 2257 1173 2290 separare
1207 2259 1227 2281 a

484 2298 644 2331 charitate
668 2298 728 2331 Dei
752 2309 834 2341 quae
859 2303 902 2331 est
930 2299 964 2332 iu
994 2300 1121 2334 Christo
1152 2300 1227 2333 Iesu

484 2351 615 2385 domino
632 2357 752 2386 nostro.
774 2353 924 2387 Profecto
942 2364 1009 2387 non
1026 2355 1115 2387 illam
1135 2365 1227 2397 aspe-

485 2416 520 2438 ra
545 2410 658 2438 natura
690 2411 721 2439 et
752 2405 901 2439 dissoluti
934 2407 1226 2451 intolerabilesque

485 2458 544 2491 viri
569 2469 686 2500 mores,
706 2470 785 2503 quos
810 2470 939 2503 semper
964 2460 1101 2503 patienti
1126 2466 1158 2494 et
1183 2472 1227 2495 re-

485 2511 585 2544 misso
611 2511 719 2545 animo
745 2513 914 2553 toleravit;
938 2523 1006 2546 non
1024 2518 1228 2557 contemptus

487 2570 518 2598 et
541 2564 731 2609 irrisiones,
757 2565 832 2600 dum
869 2565 1002 2610 pietatis
1028 2577 1129 2610 opera
1154 2577 1228 2611 per-

1070 179 1253 203 BULLARlUM
1279 181 1436 205 ROMANUM

2025 185 2075 213 An.
2095 186 2126 213 c.
2143 180 2205 216 ¹73¹!

1275 229 1401 272 agebat,
1432 230 1593 272 guadebat
1617 231 1702 264 enim
1727 233 1813 275 quod
1840 232 1936 276 digna
1961 233 2014 266 ha-

1274 282 1340 315 bita
1361 287 1443 316 esset
1459 294 1518 326 pro
1536 284 1668 317 nomine
1687 285 1756 317 lesu
1782 286 2012 319 contumeliam

1274 336 1363 379 pati·‚
1391 347 1456 369 non
1491 337 1571 369 dura
1604 348 1715 371 eorum
1742 339 1796 382 qui
1822 339 2013 373 nosocomio

1274 389 1503 422 ministrabant
1527 391 1686 434 imperia,
1715 403 1797 435 quae
1822 392 1954 425 humilis
1979 402 2015 425 ac

1274 443 1390 475 lubens
1426 444 1668 486 exequebatur,
1704 455 1768 477 non
1805 455 1956 477 carorum
1982 449 2015 478 et

1275 496 1592 537 consanguineorum
1617 497 1754 537 iactura,
1777 508 1893 540 quam,
1917 498 2015 531 bene-

1274 549 1387 582 dicens
1406 550 1554 590 Domino,
1572 551 1769 594 aequissimo
1790 551 1900 584 animo
1919 551 2012 592 tulit;

1275 612 1339 635 non
1365 603 1512 645 corporis
1530 603 1699 636 infirmitas
1728 604 1944 647 assiduaeque
1965 614 2016 637 ae-

1274 655 1455 698 gritudines
1475 656 1560 699 (cum
1580 656 1665 689 enim
1686 656 1921 698 infirmabatur,
1940 662 2017 690 tunc

1275 709 1442 751 potentior
1476 714 1561 749 erat·‚
1588 719 1652 742 non
1685 710 1825 753 denique
1850 710 1916 743 sive
1940 721 2016 754 pro-

1274 771 1371 804 spera
1396 761 1461 793 sive
1488 762 1622 794 adversa
1644 762 1708 795 sive
1734 762 1921 806 praesentia
1949 762 2017 796 sive

1276 814 1382 847 futura
1420 826 1436 847 a
1462 815 1527 847 Deo
1553 816 1696 848 avellere
1732 820 1932 859 potuerunt:
1959 815 2016 848 sed

1276 873 1438 910 tamquam
1465 873 1559 911 petra
1584 868 1759 901 immobilis
1789 868 1944 901 adversus
1969 869 2018 901 su-

1275 926 1385 954 rentes
1405 922 1526 954 saeculi
1551 921 1698 968 turbines
1717 928 1748 954 et
1770 922 1936 955 frementis
1956 922 2017 955 ho-

1275 975 1331 1007 stis
1357 974 1496 1017 impetus
1522 974 1635 1014 stabat,
1661 985 1721 1007 nec
1746 975 1942 1008 caelestibus
1960 976 2017 1008 do-

1275 1027 1324 1059 nis
1351 1027 1451 1060 ditata
1477 1027 1681 1068 efferebatur,
1700 1039 1760 1061 nec
1777 1028 1925 1061 adversis
1942 1039 2018 1062 con-

1274 1090 1365 1112 cussa
1391 1080 1652 1123 deprimebatur;
1679 1081 1735 1114 sed
1761 1082 2018 1124 perseverantis-

1274 1132 1354 1165 sima
1371 1132 1467 1166 animi
1491 1134 1634 1176 puritate
1659 1135 1881 1176 complectens
1902 1135 2015 1177 Deum,

1275 1196 1370 1229 quem
1397 1196 1529 1229 semper
1564 1192 1769 1229 praesentem
1807 1188 1951 1230 gerebat,
1978 1189 2017 1221 ad

1274 1250 1348 1271 eum
1375 1244 1440 1272 toto
1463 1238 1575 1272 atl'ectu
1603 1250 1636 1271 se
1664 1245 1804 1281 tenens,
1829 1251 1896 1273 non
1921 1241 2018 1275 habe-

1274 1293 1328 1325 bat
1353 1294 1438 1336 quod
1454 1299 1641 1337 expectaret
1653 1295 1703 1327 vel
1719 1295 1849 1327 timeret
1863 1295 2017 1336 futurum,

1274 1358 1334 1380 nec
1360 1347 1392 1379 in
1418 1347 1632 1390 praeteritum
1661 1347 1825 1381 traiiciens
1843 1349 1929 1392 quod
1955 1360 2019 1383 me-

1274 1399 1443 1438 minisset,
1468 1410 1529 1432 nec
1568 1399 1600 1432 in
1643 1410 1796 1443 praesens
1837 1401 2017 1445 respiciens

1275 1453 1359 1496 quod
1401 1458 1532 1485 amaret.
1561 1453 1637 1485 Ideo
1662 1454 1751 1486 nulla
1776 1453 1845 1487 vice
1870 1454 2017 1488 variaba-

1275 1510 1333 1544 tur,
1354 1515 1412 1537 nec
1437 1506 1504 1538 ulla
1529 1505 1561 1538 in
1589 1510 1737 1548 tempora
1758 1506 2015 1548 distendebatur;

1274 1559 1330 1591 sed
1365 1559 1547 1591 cohaerens
1583 1569 1710 1592 summo
1726 1585 1733 1598 ,
1758 1570 1857 1601 vero,
1883 1564 1916 1593 et
1939 1571 2015 1594 vere

1273 1616 1406 1644 aeterno
1428 1611 1529 1653 Bono,
1554 1611 1640 1654 quod
1666 1612 1770 1644 solum
1795 1612 1921 1646 animae
1948 1613 2017 1647 dili-

1273 1664 1361 1706 genti
1388 1664 1468 1696 illud
1487 1664 1616 1705 sufficit,
1638 1664 1770 1707 eiusque
1795 1664 1937 1707 flagrans
1962 1665 2017 1698 de-

1273 1716 1428 1749 siderium
1470 1717 1600 1759 explere
1639 1715 1787 1760 posset¹‚
1824 1717 1857 1749 in
1892 1718 2016 1751 nullam

1273 1774 1459 1812 temporum
1485 1769 1672 1802 varietatem
1699 1774 1730 1802 et
1754 1769 2015 1804 vicissitudinem

1272 1822 1310 1855 ab
1337 1823 1393 1856 illo
1419 1833 1454 1855 se
1479 1822 1676 1863 revolvebat,
1694 1828 1726 1856 et
1749 1823 1788 1856 ad
1814 1833 1849 1857 se
1876 1823 2016 1857 declina-

1271 1877 1336 1918 bat,
1354 1877 1403 1909 vel
1426 1875 1586 1909 defluebat
1610 1876 1648 1909 ad
1675 1876 1754 1909 alia:
1773 1887 1856 1918 nam,
1882 1877 2014 1911 invento

1271 1939 1368 1973 quem
1396 1929 1553 1971 diligebat
1577 1929 1683 1962 anima
1701 1940 1766 1970 sua,
1784 1930 1917 1963 tenebat
1941 1941 2014 1964 eum

1271 1993 1331 2016 nec
1357 1981 1560 2023 dimittebat·‚
1584 1982 1616 2015 in
1643 1993 1681 2016 eo
1707 1983 1882 2024 exultabat,
1900 1985 2016 2027 gaude-

1270 2037 1336 2077 bat,
1353 2035 1565 2078 gloriabatur,
1582 2035 1716 2079 eiusque
1734 2041 1878 2069 sanctum
1896 2047 2014 2071 nomen

1269 2099 1398 2131 semper
1423 2089 1557 2131 gerebat
1582 2088 1614 2120 in
1636 2088 1748 2129 corde,
1769 2099 1898 2133 semper
1913 2089 2014 2124 habe-

1269 2142 1324 2174 bat
1349 2141 1382 2173 in
1408 2151 1484 2181 ore,
1511 2142 1637 2174 nullum
1671 2141 1774 2174 maius
1804 2143 2013 2185 persentiens

1270 2193 1424 2236 gaudium
1462 2203 1498 2226 ac
1534 2193 1708 2235 solatium,
1735 2204 1831 2237 quam
1856 2194 1881 2227 si
1918 2195 2013 2229 dulce

1270 2247 1340 2280 Iesu
1367 2257 1486 2280 nomen
1512 2246 1607 2279 etiam
1633 2247 1672 2279 ab
1705 2246 1777 2281 aliis
1807 2248 2011 2291 pronuntiari

1270 2299 1410 2333 audiret.

1313 2353 1328 2396 ξ
1349 2353 1403 2386 15.
1424 2352 1598 2391 Quamdam
1624 2352 1804 2395 mulierem,
1824 2354 2012 2398 contagiosa
2024 2363 2200 2412 15515⁸0⁰3¹lffill

1271 2406 1359 2440 febre
1384 2406 1417 2438 in
1443 2411 1586 2440 extremo
1612 2406 1696 2440 vitae
1728 2407 1929 2441 laborantem
1945 2436 1952 2450 ,
1981 2414 2047 2443 elsa
2063 2417 2121 2438 subm
2142 2417 2199 2438 iao·
2221 2421 2224 2426 ·

1292 2459 1297 2465 .
1425 2460 1430 2465 .
1615 2459 1620 2465 .
1870 2461 1876 2467 .
2024 2444 2097 2468 rantis,
2108 2449 2160 2470 quae
2169 2443 2198 2464 1·-

1270 2470 1299 2493 v1
1325 2460 1431 2493 morbi
1464 2459 1621 2503 loquendi
1655 2459 1803 2494 facultate
1827 2466 1983 2505 privatam
2002 2469 2200 2504 ,suuomeninw-

2024 2499 2110 2518 caverat
2120 2512 2124 2521 .
2150 2499 2199 2517 mor-
2222 2506 2225 2507 ν

1271 2513 1400 2556 saepius
1426 2513 1599 2547 adhortata
1622 2517 1658 2546 ut
1683 2518 1830 2547 sanetum
1857 2514 1931 2548 Iesu
1955 2521 2198 2550 no-hnmcoutrahen·

1306 2577 1317 2603 1
1340 2575 1438 2613 Aptius
1457 2575 1570 2605 fortasse
1589 2575 1643 2613 leg.
1660 2579 1756 2613 potest
1775 2578 1812 2612 (a.
1834 2576 1883 2614 aa),
