2232 3178
32 244 78 272 An.
95 242 123 270 C.
143 241 210 268 1737

44 1149 150 1170 Postrema
163 1155 211 1169 nus-

31 1177 62 1198 sio
77 1176 202 1201 Lat-nescu:

84 1891 111 1911 Ex
133 1891 213 1911 itineris

33 1918 167 1939 incommodis
177 1918 213 1938 do-

33 1945 75 1965 ture
98 1946 168 1965 lalvrls
193 1947 213 1965 et

33 1972 94 1992 acuta
106 1972 157 1992 lehn
167 1977 211 1992 cnr-

33 1998 112 2024 ripitur.

831 239 974 263 CLEMENS
1001 240 1043 263 ΧΠ
1069 241 1115 263 PP-

225 287 363 332 pedibus
381 287 561 321 consistere
586 297 652 321 non
677 291 788 331 posset
805 299 810 319 z
831 297 897 320 non
916 298 964 321 se-

225 342 286 374 mel
313 340 462 383 contigit,
481 345 514 372 ut
532 351 548 373 e
568 346 725 384 suggestu
751 341 963 380 descendens,

222 394 329 427 animo
354 393 582 437 linqueretur:
621 394 676 426 sed
703 395 793 427 nullo
819 405 964 427 commo-

222 447 357 481 vebatur
388 446 562 489 periculo:
590 447 677 480 omni
704 457 761 489 spe
787 457 822 479 ac
848 446 966 479 fiducia

222 500 253 533 in
270 500 335 532 Deo
354 500 511 542 reposita,
529 511 752 543 quaecumque
768 506 966 542 temporum,

222 555 391 593 locorum,
417 553 690 597 negotiorumque
728 553 827 586 facies
855 558 963 594 esset,

222 606 373 639 eumdem
399 605 463 638 oris
490 606 639 639 habitum
661 606 807 650 quietum
830 611 861 639 et
879 616 966 639 sere-

223 670 300 692 num
335 659 605 702 praeseferebat,
631 664 662 692 ct
699 659 967 702 tranquillissima

223 712 320 744 animi
347 712 412 744 Deo
439 711 642 744 inhaerentis
674 712 847 744 dulcedine
881 712 966 744 frue-

222 765 336 797 batur:
373 764 524 807 placebat
559 764 620 797 sibi
654 765 686 797 in
720 764 964 797 infirmitatibus

222 817 300 858 suis,
329 818 361 850 in
388 817 607 857 contumeliis,
641 817 673 850 in
699 817 963 858 necessitatibus,

222 871 254 904 in
289 870 595 915 persecutionibus,
639 871 671 903 in
709 871 866 913 angustiis
904 882 964 914 pro

221 924 372 959 Christo:
399 935 471 957 curn
506 925 593 956 enim
630 924 863 964 infirmabatur,
890 929 966 957 tunc

222 982 339 1021 potens
356 982 434 1017 erat,
453 977 650 1010 caelestibus
670 978 806 1010 affluens
827 978 965 1017 deliciis,

222 1030 340 1074 quibus
365 1041 477 1063 servos
503 1041 579 1063 suos
606 1030 864 1073 benignissimus
884 1032 966 1065 Deus

222 1083 386 1118 consolari
412 1084 507 1116 solet.

266 1137 281 1180 ἓ
306 1136 360 1170 36.
381 1137 490 1180 ltaque
517 1142 590 1180 post
615 1138 822 1180 evangelicae
849 1138 967 1171 doctri-

221 1200 283 1223 nae
301 1201 413 1223 semen
432 1191 465 1223 in
485 1191 594 1224 multis
608 1191 688 1224 locis
707 1192 966 1232 disseminatum,

221 1243 408 1276 missionem
434 1244 614 1283 Lalovesci,
641 1244 780 1286 ignobili
807 1245 967 1277 Viennen-

222 1297 264 1329 sis
281 1296 439 1330 dioecesis
457 1307 549 1340 pago,
570 1297 601 1330 in
621 1297 764 1331 horridis
782 1297 966 1331 Helviorum

222 1350 387 1384 montibus
419 1351 545 1393 posito,
571 1351 691 1384 ultimis
717 1351 882 1384 Adventus
913 1351 968 1384 do-

222 1404 334 1437 minici
359 1404 474 1438 diebus
500 1405 684 1438 habendam
704 1405 848 1445 incidit¹‚
871 1416 967 1449 quam

223 1457 285 1491 sihi
304 1458 374 1491 fore
392 1463 603 1501 postremam,
620 1458 685 1491 Deo
705 1459 854 1498 docente,
874 1469 968 1502 prae-

224 1511 314 1545 dicit.
335 1510 556 1544 Intolerabilis
576 1516 660 1551 tunc,
680 1511 790 1544 adulta
807 1512 870 1544 iarn
891 1512 969 1555 hye-

222 1574 284 1604 me,
310 1570 379 1598 erat
404 1564 450 1597 vis
483 1564 638 1607 frigoris,
672 1569 703 1597 et
728 1565 969 1609 inexplicabilis

225 1617 346 1650 viarum
370 1617 554 1657 difficultas,
571 1618 657 1650 inter
676 1618 860 1651 inaccessos
880 1628 969 1651 mon-

224 1673 270 1703 tes
307 1670 432 1703 nivibus
469 1681 505 1703 ac
541 1671 644 1713 glacie
677 1677 851 1714 coopertos
879 1671 969 1704 valli-

223 1723 352 1766 busque
374 1723 576 1756 difficillimis
598 1724 795 1764 interiectos,
814 1735 968 1768 superan-

225 1776 265 1809 da
283 1777 493 1817 occurrebam
517 1776 742 1818 nihilominus,
757 1778 812 1811 Dei
835 1779 969 1811 nomine

224 1829 384 1870 invocato,
412 1830 442 1862 in
468 1831 551 1862 viam
577 1841 610 1863 se
637 1831 739 1863 dedit.

268 1883 283 1926 g
309 1882 363 1916 37.
403 1882 448 1915 Ad
487 1888 612 1916 ceteros
651 1883 840 1917 durissimos
880 1884 968 1917 illius

225 1935 350 1969 itineris
377 1946 471 1969 casus
496 1936 641 1977 accessit,
663 1937 750 1980 quod
770 1939 857 1970 recta
876 1938 967 1971 deer-

224 1995 351 2023 rantem
378 1989 440 2030 via,
461 2000 532 2022 cum
559 2000 620 2023 nox
646 1991 909 2034 supervenisset,
938 1997 970 2025 et

225 2053 322 2076 nemo
349 2054 420 2076 eum
446 2043 590 2087 hospitio
616 2045 790 2087 acciperet,
820 2044 851 2077 in
878 2046 970 2078 dere-

224 2095 300 2130 licto
327 2097 468 2139 tugurio,
495 2097 597 2130 ventis
623 2108 659 2131 ac
685 2097 812 2131 nivibus
846 2099 968 2141 pervio,

225 2149 458 2194 intempestam
485 2156 516 2183 et
537 2151 747 2195 perfrigidam
765 2157 892 2185 noctem
912 2153 970 2185 du-

225 2213 299 2237 cere
335 2214 470 2237 necesse
497 2204 566 2237 fuit.
589 2204 632 2239 Et
657 2205 811 2248 quoniam
847 2205 969 2239 sudore

226 2256 387 2290 madidus²
404 2258 445 2290 ob
460 2258 604 2291 laborem
623 2258 749 2291 itineris
766 2259 967 2300 constiterat,

226 2311 390 2344 concrevit
409 2322 524 2355 aspero
543 2312 664 2355 frigore
682 2313 874 2346 constrictus
901 2324 971 2346 san-

227 2364 308 2407 guis,
331 2369 361 2397 et
385 2365 495 2397 lateris
522 2365 634 2399 dolore
654 2366 842 2409 gravissimo
861 2367 970 2400 simul-

227 2428 290 2460 que
310 2420 401 2450 acuta
419 2417 500 2451 febri
519 2425 692 2462 correptus
711 2424 771 2452 est.
791 2420 852 2453 Sed
872 2431 970 2465 super

226 2480 357 2504 omnem
378 2471 498 2504 laboris
517 2472 774 2514 magnitudinem
793 2478 824 2506 et
847 2485 970 2517 poena-

226 2534 298 2557 rum
335 2525 515 2567 angustias,
542 2525 697 2559 ferventis
734 2527 854 2560 amoris
881 2528 910 2561 vi
936 2528 969 2561 in

261 2595 275 2622 1
299 2595 401 2622 Forsan
422 2595 530 2630 incipit
550 2597 591 2623 vel
613 2597 718 2631 incepit
737 2600 775 2628 (a.
794 2599 843 2631 'r.).

262 2639 279 2666 2
299 2639 369 2667 Edit.
390 2639 470 2668 Main.
493 2640 558 2676 legit
579 2641 713 2669 »uadibus
732 2643 770 2676 (n.
791 2643 841 2676 τ.).

1653 230 1716 263 955
1763 239 1810 266 An.
1829 239 1856 266 ci
1883 239 1947 266 1737

1008 288 1109 321 Deum
1135 293 1257 331 raptus,
1288 289 1490 332 trahensque
1516 300 1623 322 secum
1651 294 1751 322 terre-

1008 351 1085 373 num
1111 341 1261 383 corporis
1286 342 1423 385 pondus,
1442 342 1527 375 liber
1545 347 1576 375 et
1594 341 1751 375 admiran-

1009 394 1069 426 dus
1095 394 1338 436 supervolitavit
1373 395 1497 428 animus
1534 395 1650 438 pennis
1684 396 1753 438 pul-

1009 446 1178 479 cherrimis
1197 453 1228 480 et
1245 447 1480 490 integerrimis,
1499 448 1619 492 quibus
1637 448 1677 481 ad
1696 448 1750 481 Dei

1009 500 1194 541 amplexum
1219 510 1310 532 amor
1331 506 1435 533 castus
1460 501 1623 534 innititur.

1053 552 1068 595 ἓ
1092 551 1147 585 38.
1175 552 1328 585 Pervenit
1344 553 1563 594 Lalovescum,
1581 555 1634 587 ubi
1652 555 1752 588 Deum
1765 591 1770 611 Ι
1783 564 1902 610 λἰι-»ωιωω
1919 565 1948 584 ni-

1009 606 1114 637 solum
1140 616 1314 648 quaerens,
1333 607 1372 639 ad
1398 607 1551 640 caelestia
1576 608 1644 641 sola
1670 597 1899 651 aspi-11¹·'⁴·J⁴¹d'iii=⁰r⁰⁸e=
1915 598 1950 637 ‘¹3³2'

1009 667 1104 697 rans,
1132 658 1221 690 nullo
1246 658 1396 702 cuiquam
1421 659 1520 693 verbo
1546 660 1585 693 de
1618 660 1754 693 infirmi·
1765 646 1952 665 ”mmmmmual'

1010 715 1073 744 tate
1100 711 1248 754 corporis
1279 712 1386 754 facto,
1413 714 1604 747 concionem
1640 714 1754 747 habuit

1009 764 1049 797 ad
1076 764 1278 807 frequentem
1303 767 1463 809 populum
1490 777 1506 799 e
1530 767 1642 800 vicinis
1667 778 1755 800 mon-

1010 817 1095 849 tibus
1114 819 1297 859 collectum,
1314 818 1346 851 in
1365 830 1426 862 qua
1444 819 1582 852 labentis
1608 820 1754 864 eorporIs

1009 871 1271 904 imbecillitatem
1304 872 1443 905 amantis
1467 873 1565 905 animi
1591 873 1698 906 fervor
1724 879 1756 907 et

1010 924 1210 967 apostolicus
1247 925 1458 958 sacerdotalis
1495 926 1637 968 pectoris
1665 927 1756 970 vigor

1011 977 1176 1010 sustinuit.
1204 978 1292 1018 Inde,
1318 979 1408 1011 nullo
1434 984 1563 1022 sumpto
1589 980 1627 1012 ad
1654 980 1757 1023 respi-

1011 1031 1148 1063 randum
1184 1031 1300 1074 spatio,
1327 1031 1547 1074 poenitentes,
1574 1033 1756 1067 confessio—

1011 1083 1105 1116 nibus
1125 1086 1190 1116 tota
1208 1083 1259 1117 die
1285 1084 1413 1125 auditis,
1435 1085 1500 1118 Deo
1518 1086 1752 1119 reconciliavit.

1011 1136 1172 1170 Postridie
1209 1143 1279 1170 erat
1311 1137 1430 1170 Natalis
1468 1138 1623 1172 dominici
1662 1139 1754 1173 dies:

1011 1191 1088 1224 licet
1126 1190 1270 1223 deterius
1308 1201 1439 1234 semper
1464 1202 1498 1225 se
1524 1192 1681 1233 liaberet,
1707 1199 1757 1226 ter

1011 1243 1050 1276 ad
1088 1244 1244 1286 populum
1280 1243 1378 1276 verba
1410 1244 1499 1285 fecit,
1527 1251 1558 1278 et
1594 1245 1755 1289 reliquum

1012 1295 1170 1339 temporis
1194 1295 1227 1328 in
1253 1306 1346 1329 sacro
1364 1296 1520 1330 tribunali
1545 1298 1640 1331 sedit.
1668 1298 1756 1332 Idem

1011 1349 1087 1382 fecit
1112 1349 1145 1381 in
1171 1349 1322 1393 sequenti
1349 1350 1415 1390 die,
1443 1350 1565 1393 donec,
1592 1352 1757 1386 exhaustis

1011 1413 1147 1446 prorsus
1175 1403 1296 1436 viribus
1317 1408 1348 1436 et
1366 1404 1473 1438 animo
1496 1404 1679 1447 deficiente,
1698 1406 1757 1439 hu-

1010 1468 1125 1491 manae
1153 1458 1333 1491 conditioni
1359 1459 1477 1492 cedere
1503 1465 1652 1501 coactus,
1681 1471 1757 1494 con-

1013 1511 1104 1544 cidit.
1139 1511 1196 1543 Vix
1222 1517 1294 1554 post
1320 1516 1467 1555 quartam
1501 1512 1599 1546 horae
1631 1519 1756 1557 partem

1012 1564 1131 1607 spiritu
1150 1569 1292 1607 recepto,
1311 1565 1532 1599 confessiones
1553 1566 1664 1600 audire
1683 1577 1756 1610 per-

1011 1617 1116 1658 rexit,
1142 1617 1181 1650 ad
1207 1617 1313 1650 focum
1350 1617 1496 1651 assidens
1523 1619 1555 1652 in
1582 1619 1678 1653 domo
1703 1631 1756 1664 pa-

1012 1670 1114 1710 rochi,
1142 1681 1206 1713 quo
1232 1671 1338 1705 fuerat
1355 1682 1371 1704 a
1389 1671 1516 1705 rusticis
1543 1673 1754 1717 deportatus;

1012 1723 1078 1764 sed,
1098 1734 1169 1756 cum
1193 1723 1312 1757 iterum
1331 1723 1439 1758 animo
1457 1725 1561 1769 linqui
1580 1726 1755 1770 coepisset,

1012 1776 1044 1809 in
1071 1777 1155 1810 lecto
1181 1777 1343 1819 repositus
1371 1782 1428 1817 est,
1446 1778 1501 1810 ubi
1528 1779 1625 1812 totius
1653 1784 1758 1813 antea-

1013 1836 1082 1864 ctae
1108 1830 1193 1864 vitae
1219 1841 1346 1863 sacram
1372 1831 1635 1875 exomologesim,
1660 1844 1757 1877 quam

1013 1895 1134 1927 paucos
1161 1884 1229 1917 dies
1255 1890 1329 1918 ante
1355 1891 1541 1929 peregerat,
1567 1886 1686 1920 iterum
1712 1889 1756 1922 fe-

1013 1939 1066 1971 cit.
1105 1939 1221 1972 Postea
1261 1939 1508 1981 ingravescente
1547 1942 1686 1982 morbo,
1723 1948 1758 1976 ut
1793 1950 1954 1970 &haum-¹1¹0·

1013 2003 1172 2025 summam
1199 1993 1315 2026 Christi
1343 1994 1509 2026 nascentis
1537 1994 1755 2029 humilitatem
1768 1977 1953 2024 fll‘ffi‘innss'r‘dbssb'.

1014 2050 1317 2088 paupertatemque,
1339 2055 1436 2087 quam
1455 2045 1554 2078 totius
1572 2046 1654 2080 vitae
1681 2032 1831 2081 tem-Um

1013 2108 1093 2141 pore
1120 2097 1267 2142 impense
1294 2098 1463 2138 dilexerat,
1482 2100 1514 2132 in
1532 2099 1647 2133 ultimo
1672 2101 1756 2134 vitae

1014 2156 1087 2184 actu
1120 2150 1264 2184 exactius
1301 2161 1336 2183 ac
1374 2151 1563 2194 diligentius
1601 2153 1757 2187 imitando

1014 2205 1223 2248 exprimeret,
1252 2204 1282 2236 in
1309 2204 1474 2238 stabulum
1500 2206 1618 2239 deferri
1645 2217 1758 2250 preca-

1015 2264 1066 2292 tus
1089 2264 1146 2292 est.
1174 2258 1255 2299 Sed,
1280 2269 1320 2292 ne
1347 2258 1440 2292 citius
1466 2260 1630 2300 deficeret,
1649 2260 1756 2294 iussus

1014 2313 1098 2346 lecto
1123 2323 1156 2346 se
1183 2312 1363 2353 continere,
1386 2313 1429 2345 ibi
1456 2319 1681 2348 sacrosanctae
1699 2314 1758 2347 Eu-

1014 2366 1188 2400 charistiae
1214 2366 1328 2399 viatico
1358 2372 1387 2399 et
1407 2372 1569 2400 extremae
1594 2367 1756 2401 unctionis

1013 2425 1217 2453 sacramento
1257 2420 1421 2460 munitus,
1449 2420 1581 2453 dextera
1606 2419 1757 2454 Crucifixi

1013 2473 1189 2516 imaginem
1208 2478 1330 2512 tenens
1354 2473 1441 2506 etad
1460 2472 1599 2506 caeleste
1620 2483 1756 2516 regnum

1014 2532 1045 2560 et
1069 2527 1258 2560 immortalis
1276 2526 1400 2569 gloriae
1426 2536 1576 2559 coronam
1595 2537 1611 2559 a
1629 2526 1756 2561 Christo

1014 2581 1145 2614 domino
1172 2586 1203 2613 et
1228 2580 1356 2622 Virgine
1383 2580 1480 2613 Maria
1505 2580 1673 2621 invitatus,
1701 2581 1756 2624 qui

1014 2645 1048 2668 sc
1074 2634 1229 2667 videndos
1255 2633 1281 2666 ci
1309 2633 1547 2676 praebuerunt,
1572 2634 1680 2668 anima
1712 2634 1758 2668 di-
