2232 3178
843 197 986 223 effluens
1011 198 1056 222 sn
1079 199 1130 224 ΡΡ,
1643 186 1708 224 409
1754 196 1806 226 An.
1822 195 1851 225 c.
1873 197 1940 226 1738

411 255 560 280 REGULAE
582 256 682 280 CAPUT
706 257 763 280 xu.
979 250 981 276 t
1002 255 1068 276 rum
1090 246 1257 277 litterarum
1281 247 1476 286 provinciales
1505 256 1573 277 suos
1596 251 1743 278 moneant.

403 309 513 328 omnibus
527 310 635 329 secundis
651 311 796 332 cei-11⁵,etm
979 310 981 358 1
1003 295 1036 325 Et
1066 295 1094 324 in
1126 295 1258 325 archivio
1280 300 1448 326 nostrorum
1481 296 1658 326 Matritensis
1691 297 1747 326 Ro-

675 371 692 376 „
785 373 789 377 ,
851 372 855 376 ,
979 363 981 377 2
1004 344 1142 383 inanique
1164 344 1193 374 S.
1218 344 1311 374 Caroli
1345 349 1542 375 conventuum
1566 354 1622 374 una
1646 354 1678 374 ex
1703 345 1746 375 di-

238 369 335 400 CAPUT
358 378 407 399 ’ω’
433 387 468 391 ““
496 370 535 399 De
561 372 705 425 suffrnyus
731 372 868 410 'mmmmm
887 381 940 407 ΓΜ
980 380 981 437 ζ
1003 392 1059 421 ctis
1076 392 1184 423 litteris
1207 392 1365 423 cuiuslibet
1387 394 1516 423 defuncti
1540 397 1683 431 servetur,
1701 398 1744 432 ut,

515 420 663 458 defll'w‘ls'
980 443 981 476 ζ
1004 440 1028 469 si
1053 441 1127 470 forte
1150 441 1256 479 dignus
1272 442 1321 480 sit,
1338 442 1373 472 de
1390 442 1440 472 illo
1457 443 1484 472 in
1502 443 1649 473 chronicis
1668 453 1746 473 com-

258 499 277 519 1.
301 489 443 520 Omnibus
477 491 613 520 secundis
643 490 722 520 feriis
751 490 785 519 ad
818 490 960 529 praescri·
980 499 981 523 3
1004 490 1175 520 memoratio
1199 491 1260 520 fiat.

980 480 981 496 l

219 542 300 577 ptum
324 538 443 576 regulae
465 544 582 569 nostrae
605 540 720 569 dicatur
748 539 835 568 missa
858 540 960 569 defun-
980 527 981 578 J
1043 547 1073 567 11.
1098 538 1128 567 ln
1152 539 1276 576 collegio
1298 548 1348 569 seu
1372 545 1530 578 conventu,
1548 540 1651 580 inquo
1673 541 1746 572 obiit

1002 587 1180 625 religiosus,
1206 592 1321 626 praeter
1343 589 1492 627 vigiliam,
1515 599 1588 628 quae
1611 595 1746 620 cantatur

218 591 342 616 ctorum.
361 587 392 616 In
416 587 610 617 conventibus
628 589 746 627 quidem
770 597 835 617 cum
859 592 957 626 cautu,
980 616 981 638 ¹

217 635 392 674 nullumque
423 645 474 675 pro
506 638 541 666 ea
574 637 753 676 stipendium
786 637 956 675 recipiatur.
980 650 981 682 ζ
1003 635 1032 664 in
1055 636 1150 665 officio
1174 636 1353 675 sepulturae,
1379 638 1524 676 integrum
1547 638 1675 668 officium
1697 639 1745 668 de·

217 683 305 713 Missa
328 688 426 713 autem
450 684 544 720 finita,
568 685 618 714 fiat
641 694 692 724 per
710 685 870 714 claustrum
895 694 959 723 pro·
980 716 981 720 Ἰ
1002 683 1168 713 functorum
1192 685 1354 722 recitetur,
1384 690 1412 715 et
1434 691 1493 716 tres
1515 688 1620 717 missae
1643 687 1679 716 de
1701 697 1745 718 re-

217 732 331 770 cessio,
363 736 449 771 prout
481 733 510 762 in
534 733 675 762 manuali.
700 733 754 763 t'bi
781 742 850 763 vero
879 733 958 762 clau·
980 728 981 742 ¹
1002 732 1101 771 quiem
1135 742 1201 762 cum
1233 733 1294 762 suis
1332 734 1527 772 responsoriis
1560 735 1590 764 in
1620 735 1745 766 ecclesia

217 784 312 810 strum
345 790 403 811 non
440 781 553 818 fuerit,
590 781 735 812 absolutio
771 786 893 812 canatur
928 782 958 811 in
980 772 981 817 i
1002 785 1156 815 canantur,
1177 786 1205 810 et
1222 786 1372 820 praeterea
1396 791 1498 812 novem
1518 782 1581 812 sine
1597 787 1684 813 cantu
1702 783 1744 813 di-

30 200 81 230 An.
95 199 126 227 C.
142 198 214 226 4738

53 537 83 558 Do
97 511 206 559 §suin-..gns

30 564 171 593 defuncte-run·
188 569 207 583 tu

29 596 136 612 commum.

217 830 318 859 choro.

255 886 286 908 11.
311 877 343 908 In
366 878 503 908 omnibus
535 879 750 916 conventibus,
776 878 958 918 temporibus

217 936 230 956 a
254 931 353 957 nostro
377 928 505 957 manuali
533 928 716 967 designatis,
741 933 866 967 quatuor
889 928 959 958 fiant

216 975 418 1006 anniversaria
450 986 501 1016 pro
532 977 677 1012 defunctis
712 977 881 1015 religiosis,
906 975 980 1017 proi

215 1024 348 1064 captivis,
373 1024 622 1063 benefactoribus,
647 1026 829 1066 parentibus,
854 1035 959 1065 cogna-

215 1073 278 1110 tiS‚
312 1074 509 1104 confratribus
524 1098 531 1111 ,
562 1075 677 1113 amicis,
708 1085 759 1116 pro
782 1076 905 1115 sepultis
928 1076 957 1105 in

216 1122 325 1152 uostris
348 1123 517 1160 coenobiis,
542 1133 575 1154 ac
597 1123 722 1164 denique
747 1134 798 1164 pro
821 1124 957 1154 omnibus

215 1169 351 1200 fidelibus
370 1171 527 1202 defunctis.
548 1172 579 1201 In
602 1172 734 1211 quolibet
756 1173 957 1203 anniversario

214 1219 328 1249 dicatur
350 1220 496 1259 integrum
519 1221 648 1251 officium
671 1221 876 1251 defunctorum
892 1246 899 1259 ,
930 1226 958 1251 et

213 1273 337 1298 canatur
359 1269 530 1300 solemniter
554 1270 641 1300 missa
668 1271 703 1300 de
726 1271 868 1310 requiem,
894 1271 957 1300 ssat-

215 1327 272 1357 que
295 1319 444 1358 processio
477 1329 528 1359 per
561 1320 742 1355 claustrum,
766 1324 794 1349 et
826 1319 875 1349 ubi
898 1330 956 1350 non

213 1367 313 1401 fuerit,
330 1371 466 1398 cantetur
489 1368 634 1399 absolutio
657 1369 687 1398 in
704 1368 844 1399 ecclesia:
868 1369 956 1398 idem-

213 1424 270 1455 que
292 1425 413 1455 prorsus
445 1416 494 1446 fiat
526 1417 555 1446 in
587 1417 634 1448 die
666 1418 978 1448 Commemorationis,

213 1465 344 1495 omnium
367 1465 498 1496 fidelium
521 1467 738 1497 defunctorum.

92 1535 134 1561 §2—
252 1523 271 1544 1.
297 1514 417 1550 Quando
440 1515 547 1555 aliquis
569 1516 723 1554 religiosus
742 1526 756 1546 e
775 1516 834 1546 vita
856 1517 955 1546 deces-

10 1574 14 1578 “
39 1561 202 1609 rffiogfflssssjffi
213 1563 296 1602 serit,
320 1563 423 1594 devote
445 1574 478 1594 ac
500 1565 672 1595 solemniter
695 1566 874 1605 sepeliatur,
895 1575 955 1596 ser-

24 1594 100 1640 iixio-‘is
131 1615 280 1663 deplvff-vato
303 1612 399 1643 officio
434 1614 602 1653 sepulturae
635 1614 662 1644 in
698 1618 798 1644 nostro
825 1614 954 1644 manuali

24 1644 159 1668 etmatproa
177 1649 382 1699 ¹''assignat03
406 1667 434 1693 et
457 1663 594 1702 superior
616 1668 795 1700 conventus,
820 1673 870 1693 seu
897 1664 954 1693 col-

212 1709 280 1747 legii
299 1735 306 1747 ‚
330 1710 360 1740 in
386 1720 443 1750 quo
466 1711 557 1741 frater
583 1711 676 1750 obiit,
701 1712 810 1741 scribat
833 1722 885 1741 suo
908 1721 954 1742 su-

212 1760 320 1798 periori
342 1761 484 1799 generali,
502 1761 735 1800 provincialibus
758 1766 787 1792 et
810 1762 953 1791 ministris

212 1810 300 1840 totius
323 1818 391 1839 suae
415 1810 541 1839 familiae
556 1834 563 1847 ,
588 1814 676 1849 atque
699 1811 859 1840 cbronistis
874 1834 881 1847 ,
905 1820 953 1849 ge-

211 1858 304 1888 nerali
326 1862 413 1897 atque
431 1858 605 1897 provinciali
623 1859 792 1897 provinciae
808 1869 888 1895 suae,
909 1869 953 1889 re·

210 1907 307 1937 ferens
329 1907 460 1945 domum,
485 1907 515 1936 in
538 1916 594 1946 qua
618 1911 750 1937 mortuus
773 1908 848 1946 suit,
880 1912 953 1938 tcm-

210 1966 285 1996 pus,
310 1960 338 1986 et
360 1965 478 1986 causam
502 1956 624 1991 mortis,
648 1965 755 1986 nomen
771 1981 778 1995 ,
804 1957 950 1996 patriam,

210 2009 352 2043 aetatem,
376 2004 567 2044 professionis
589 2009 715 2045 tempus,
740 2010 767 2036 et
790 2006 949 2045 exercitia,

210 2064 260 2085 seu
283 2054 390 2092 officia,
415 2063 489 2093 quae
511 2054 667 2084 defunctus
690 2055 835 2094 habuerit,
851 2060 879 2086 ct
896 2056 952 2086 vir-

210 2107 306 2141 tuteS‚
331 2103 360 2133 in
383 2102 490 2142 quibus
525 2102 693 2142 specialiter
723 2104 949 2143 resplenduerit.

210 2152 244 2182 Et
267 2151 301 2182 de
323 2151 490 2190 defunctis,
514 2151 564 2190 qui
592 2152 714 2190 professi
746 2153 863 2182 fuerant
885 2158 951 2183 ante

209 2201 461 2231 confirmationem
495 2201 739 2231 constitutionum
774 2202 882 2232 factam
906 2203 951 2233 die

210 2261 224 2280 x
248 2250 412 2281 decembris
434 2250 502 2280 anni
532 2259 721 2288 ⁴uoccxxxnr,
746 2252 880 2291 superior
902 2262 952 2290 ge-

209 2300 316 2330 neralis
329 2299 428 2329 statim
444 2299 524 2329 illius
548 2304 669 2329 mortem
692 2300 850 2330 denunciet
865 2310 952 2340 supe-

210 2349 282 2378 riori
305 2348 435 2386 generali
457 2348 576 2377 alterius
604 2348 750 2385 familiae,
776 2354 807 2379 ut
830 2349 883 2380 istc
905 2360 951 2380 ce-

209 2397 279 2427 teris
302 2396 531 2435 provincialibus
554 2400 654 2426 notam
678 2397 778 2436 faciat,
803 2402 834 2428 ut
857 2403 884 2428 et
906 2398 950 2428 illi

208 2447 285 2477 intra
308 2455 389 2476 suam
412 2446 573 2483 familiam,
598 2450 625 2475 et
650 2447 851 2486 unusquisque
874 2447 950 2478 intra

209 2495 393 2534 provinciam
425 2504 507 2524 suam
540 2495 676 2524 omnibus
709 2495 902 2526 conventibus
924 2501 952 2526 et

210 2543 342 2582 collegiis
355 2543 430 2573 idem
447 2544 631 2582 denuntient,
651 2548 682 2574 ut
697 2544 770 2574 iusta
789 2545 852 2575 sine
869 2547 951 2575 mora

209 2593 396 2632 persolvant,
420 2596 448 2622 et
471 2592 598 2622 ministri
630 2593 664 2622 de
694 2594 861 2633 receptione
882 2595 951 2625 ista-

295 2651 374 2679 Ball.
396 2649 481 2679 Rom.
500 2666 534 2670 —
559 2651 621 2681 Vol.
640 2651 743 2680 XXIV.
874 2653 908 2680 52

979 821 981 850 i
1002 833 1116 859 cantur.
1141 829 1212 859 Cum
1234 829 1302 859 illae
1326 834 1384 860 tres
1407 834 1575 867 cantantur,
1593 831 1622 860 in
1646 832 1742 862 medio

1002 877 1131 916 capellae
1149 878 1266 908 maioris
1283 878 1320 908 sit
1347 878 1478 908 tumulus
1500 879 1664 909 altitudinis
1683 880 1743 919 pal-

1001 935 1115 956 morum
1139 927 1269 967 quinque
1292 937 1389 967 panno
1412 929 1495 966 nigro
1519 932 1691 968 coopertus,
1715 932 1743 959 et

1002 985 1089 1015 supra
1112 976 1207 1015 ipsum
1232 976 1349 1006 habitus
1372 976 1500 1007 Ordinis.

1040 1033 1081 1054 111.
1125 1024 1239 1063 Singuli
1277 1025 1442 1056 sacerdotes
1489 1030 1651 1057 conventus
1691 1036 1742 1058 seu

978 1079 979 1083 ’
1001 1072 1115 1111 collegii
1139 1082 1191 1113 pro
1214 1073 1350 1112 religioso
1382 1074 1489 1104 ibidem
1523 1074 1660 1105 defuncto
1682 1079 1742 1106 tres

1002 1121 1105 1151 missas
1128 1122 1254 1161 privatas
1277 1121 1438 1160 celebrent,
1453 1127 1479 1153 et
1503 1127 1566 1162 post
1582 1123 1743 1163 quamlibet

1000 1170 1126 1200 recitent
1158 1171 1378 1210 responsorium
1408 1172 1438 1201 in
1472 1172 1594 1202 tumulo.
1628 1172 1743 1211 Singuli

1001 1228 1118 1258 quoque
1141 1220 1247 1249 fratres
1271 1220 1305 1249 ad
1328 1220 1450 1250 chorum
1473 1221 1604 1260 deputati
1628 1222 1682 1251 tria
1699 1222 1743 1252 in-

1001 1271 1080 1305 tegra
1102 1267 1306 1298 defunctorum
1330 1269 1437 1306 officia,
1465 1274 1492 1299 et
1508 1269 1574 1299 laici
1591 1270 1645 1300 tria
1667 1270 1743 1301 inte-

1000 1326 1051 1354 gra
1073 1317 1185 1347 rosaria
1208 1319 1359 1355 recitent,
1377 1323 1406 1348 et
1429 1318 1458 1348 in
1481 1319 1546 1358 ipsa
1569 1319 1615 1349 die
1639 1320 1741 1350 mortis

1001 1365 1045 1395 vel
1069 1366 1205 1405 sequenti
1226 1367 1439 1397 Eucharistiam
1463 1377 1576 1398 sacram
1598 1368 1742 1408 recipiant

1000 1422 1051 1452 pro
1070 1413 1200 1445 defuncti
1223 1415 1332 1453 anima,
1350 1425 1382 1445 ac
1398 1416 1518 1456 insuper
1535 1427 1587 1456 pro
1602 1417 1653 1448 illa
1669 1418 1741 1449 duas

999 1462 1053 1492 alia
1077 1463 1200 1493 offerant
1222 1464 1454 1494 communiones.

1039 1520 1077 1542 tv.
1102 1512 1136 1542 Et
1158 1513 1225 1552 quia
1260 1514 1366 1543 futuris
1398 1514 1579 1553 temporibus
1602 1516 1740 1555 suffragia

999 1570 1051 1600 pro
1075 1563 1184 1592 nostris
1217 1562 1363 1602 religiosis
1392 1563 1537 1594 defunctis
1560 1565 1654 1595 solum
1677 1566 1740 1596 fieri

998 1610 1105 1640 debent
1120 1611 1195 1641 intra
1220 1612 1359 1642 familiam
1383 1622 1495 1650 eorum,
1514 1618 1541 1644 et
1556 1623 1614 1644 non
1631 1614 1659 1645 iu
1679 1619 1739 1646 toto

998 1659 1117 1695 Ordine,
1141 1661 1197 1690 nisi
1222 1670 1273 1700 pro
1295 1661 1366 1700 illis,
1391 1662 1440 1701 qui
1464 1667 1531 1693 ante
1553 1664 1738 1694 constitutio-

997 1718 1067 1739 num
1097 1710 1350 1740 confirmationem
1384 1712 1508 1750 professi
1541 1713 1658 1743 fuerant
1677 1738 1684 1752 ,
1708 1718 1740 1744 ut

996 1767 1085 1798 supra
1107 1759 1217 1789 dictum
1240 1764 1299 1789 est:
1320 1761 1444 1799 quilibet
1460 1766 1622 1792 conventus
1637 1767 1665 1792 et
1680 1764 1739 1793 col-

996 1807 1105 1845 legium
1128 1808 1209 1837 illius
1233 1809 1360 1839 familiae
1383 1819 1434 1849 pro
1457 1810 1556 1840 anima
1580 1811 1739 1842 cuiuslibet

996 1856 1127 1894 religiosi
1149 1857 1280 1887 defuncti
1313 1859 1459 1897 integrum
1484 1859 1612 1889 officium
1635 1860 1738 1891 defun—

996 1908 1109 1934 ctorum
1132 1906 1237 1936 recitet
1259 1911 1287 1937 et
1309 1907 1428 1936 missam
1452 1917 1538 1937 unam
1562 1913 1680 1946 cantet,
1704 1919 1738 1939 ac

995 1955 1214 1993 responsorium
1232 1956 1308 1986 circa
1332 1956 1489 1995 tumulum,
1508 1961 1538 1986 ut
1554 1957 1663 1988 dictum
1680 1963 1735 1988 est.

995 2003 1149 2033 Praeterea
1183 2004 1292 2043 singuli
1325 2005 1492 2036 sacerdotes
1528 2005 1599 2035 duas
1633 2006 1738 2038 missas

995 2053 1122 2092 privatas
1154 2053 1253 2084 dicant
1285 2063 1351 2084 cum
1385 2055 1590 2094 responsoriis.
1622 2055 1738 2088 Fratres

995 2101 1029 2131 ad
1054 2102 1175 2132 chorum
1199 2102 1342 2142 deputati,
1359 2103 1416 2133 duo
1438 2104 1549 2142 integra
1573 2104 1668 2134 officia
1690 2105 1737 2135 de-

995 2151 1173 2186 functorum,
1198 2155 1226 2182 et
1248 2152 1314 2182 laici
1337 2153 1394 2182 duo
1416 2152 1530 2191 integra
1554 2154 1685 2191 rosaria,
1710 2158 1737 2185 et

995 2200 1025 2230 in
1048 2201 1106 2238 die,
1124 2210 1180 2240 qno
1197 2202 1301 2232 notitia
1325 2203 1429 2232 mortis
1451 2203 1627 2241 pervenerit,
1645 2204 1689 2234 vel
1706 2204 1735 2234 iu

995 2250 1143 2289 sequenti,
1168 2259 1269 2280 omnes
1292 2251 1433 2290 praedicti
1456 2252 1560 2281 fratres
1582 2252 1668 2282 simul
1691 2262 1737 2282 sa-

995 2308 1075 2328 cram
1097 2299 1335 2329 communionem
1352 2309 1403 2339 pro
1422 2300 1552 2330 defuncti
1577 2301 1677 2330 anima.
1692 2310 1737 2330 re-

995 2348 1116 2387 cipiant,
1134 2348 1275 2388 illamque
1297 2358 1349 2388 pro
1372 2349 1423 2378 itta
1441 2349 1573 2379 offerant.

1035 2406 1062 2426 v.
1086 2397 1116 2427 si
1150 2397 1211 2427 vita
1242 2397 1360 2428 functus
1383 2397 1471 2427 fuerit
1493 2398 1628 2428 minister
1649 2407 1736 2436 gene-

995 2447 1065 2477 ralis
1089 2447 1132 2477 vel
1156 2447 1285 2478 vicarius
1307 2448 1453 2486 generalis
1476 2447 1605 2486 Ordinis,
1622 2448 1651 2477 in
1676 2452 1735 2478 toto

995 2496 1125 2534 Ordine;
1146 2497 1169 2526 si
1190 2506 1257 2526 vero
1281 2496 1500 2526 commissarius
1522 2496 1667 2534 generalis
1690 2497 1735 2527 vel

995 2545 1281 2575 vicecommissarius
1303 2544 1460 2583 generalis,
1485 2544 1579 2575 solum
1602 2545 1678 2575 intra
1695 2545 1735 2575 sa-

995 2594 1106 2625 miliam
1129 2603 1234 2632 suam,
1260 2594 1284 2624 si
1312 2593 1499 2635 provincialis
1529 2594 1574 2626 vel
1606 2595 1734 2626 vicarius
