2232 3178
284 233 337 258 An.
355 231 382 258 c,
407 230 473 257 ¹740
518 223 582 255 0102

472 281 606 318 strumina,
626 279 669 308 die
690 278 738 312 N.,
762 287 851 306 mense
872 276 919 314 N.,
944 286 1015 305 anno
1037 276 1072 307 N.
1097 276 1170 306 Loco
1192 277 1210 313 †

474 328 573 366 sigilli.
598 327 632 357 N.
657 327 735 356 abbas
758 326 916 355 monasterii
935 325 972 355 N.

514 386 544 406 n.
569 376 599 405 ln
623 375 697 404 libro
714 374 882 403 monasterii
899 372 1085 403 adnotabitur
1106 381 1210 402 nomen

473 424 598 454 ordinati
615 428 643 453 et
658 423 785 462 episcopi
802 422 974 459 ordinantis,
991 426 1018 451 et
1040 421 1114 459 dies,
1132 430 1212 451 men-

473 473 513 502 sis
536 477 563 502 ct
585 482 689 501 annus.

513 529 553 549 111.
571 520 599 549 Si
622 520 687 558 quis
710 528 744 548 ex
768 519 905 557 professis
929 518 1093 557 permiserit
1115 527 1145 547 se
1167 527 1212 547 or-

473 569 568 597 dinari
591 568 700 606 absque
723 568 840 597 licentia
872 566 984 596 abbatis
1006 571 1034 596 et
1056 575 1212 604 congrega-

475 617 562 645 tionis
591 616 818 651 monachorum,
843 616 991 653 negotium
1021 615 1083 644 eius
1105 614 1140 644 ad
1163 613 1213 643 ab·

473 665 567 694 batem
601 664 765 702 generalem
800 664 958 702 deseratur,
988 663 1037 702 qui
1064 663 1146 692 illum
1176 661 1212 691 ab

473 713 613 743 exercitio
635 713 746 742 ordinis
768 712 943 751 suspendat,
968 712 1090 750 aliisque
1112 710 1212 750 poenis

473 762 591 800 plectat.

514 819 552 840 lv.
577 810 607 840 ln
627 810 757 850 quolibet
780 810 958 840 monasterio
980 809 1093 839 clericis
1112 808 1147 838 ab
1166 807 1213 838 ab·

473 859 539 888 bate
563 859 700 897 magister
726 859 892 897 deputetur,
911 857 959 897 qui
983 867 1031 887 eos
1050 858 1162 895 doceat,
1185 860 1213 886 et

471 907 527 946 ipsi
548 907 659 937 litteras
681 907 836 946 diligenter
858 907 1003 944 excolant,
1020 914 1143 945 quarum
1160 914 1213 944 ope

472 957 560 985 choro
582 956 729 985 deservire
751 955 876 990 valeant,
896 958 924 984 et
946 954 1100 984 sacerdotii
1124 963 1212 983 onera

472 1004 558 1042 digne
592 1005 666 1034 ferre
681 1028 688 1042 ‚
713 1003 833 1043 eiusque
856 1012 975 1032 munera
999 1011 1050 1041 pro
1072 1001 1213 1040 dignitate

473 1053 587 1092 exequi.

515 1111 541 1131 v.
570 1102 600 1131 ln
628 1101 757 1141 qnalibet
780 1101 947 1140 provincia,
972 1100 995 1129 si
1019 1099 1080 1129 sieri
1104 1103 1212 1139 potest,

473 1159 563 1179 unum
583 1159 616 1179 ex
634 1150 819 1179 monasteriis
841 1148 1090 1188 frequentioribus
1108 1147 1144 1177 ab
1166 1147 1215 1176 ab·

472 1199 539 1228 bate
555 1199 684 1237 generali
701 1198 735 1228 ad
751 1198 907 1228 excolenda
923 1197 1016 1227 studia
1033 1196 1211 1234 designetur,

473 1248 502 1277 in
520 1257 588 1287 quo,
607 1251 722 1286 praeter
738 1247 906 1285 magistrum
924 1245 1142 1284 grammaticae,
1156 1245 1214 1274 sint

474 1297 559 1326 etiam
584 1296 633 1325 alii
656 1296 711 1325 duo
734 1295 876 1333 magistri,
900 1295 974 1324 alter
995 1294 1164 1324 dialecticae
1187 1298 1214 1323 et

474 1344 685 1384 philosophiae,
703 1348 730 1373 et
752 1344 825 1374 alter
848 1343 1025 1381 theologiae,
1044 1343 1088 1372 vel
1111 1342 1212 1371 saltem

473 1402 550 1422 unns
574 1393 724 1431 magister,
744 1397 808 1432 post
830 1397 978 1432 peractum
995 1391 1212 1430 grammaticae,

474 1442 642 1471 dialecticae
671 1445 698 1471 et
729 1441 929 1480 philosophiae
951 1439 1146 1478 curriculum,
1170 1448 1215 1468 sa-

474 1500 552 1520 cram
582 1490 754 1528 theologiam
788 1494 931 1529 exponat,
961 1493 989 1519 et
1021 1488 1213 1527 dogmaticam

474 1539 642 1578 praesertim
665 1543 751 1578 atque
773 1538 926 1576 moralem,
943 1538 1025 1567 iuxta
1045 1537 1214 1566 methodum

474 1588 510 1618 ab
533 1588 633 1618 eodem
656 1587 760 1617 abbate
783 1587 912 1625 generali
945 1585 1212 1625 praescribendam.

474 1637 626 1666 Praeterea
644 1636 840 1665 constituatur
856 1635 1020 1674 praefectus
1038 1634 1213 1671 studiorum,

475 1685 558 1715 cuius
580 1693 649 1714 cura
673 1693 736 1714 esse
758 1683 856 1720 debet,
879 1688 911 1713 ut
933 1687 996 1713 tum
1028 1691 1043 1711 a
1075 1682 1214 1712 scholari-

475 1734 540 1772 bus,
565 1738 626 1763 tum
648 1732 683 1762 ab
706 1732 809 1762 horum
833 1732 981 1770 magistris
1003 1735 1127 1761 statutus
1146 1731 1215 1760 ordo
1235 1744 1237 1751 π

475 1788 503 1813 et
519 1783 618 1821 regula
635 1782 796 1812 studiorum
814 1785 960 1810 servetur:
980 1780 1115 1819 idemque
1133 1789 1215 1819 prae-
1235 1795 1238 1806 ·

475 1832 531 1861 erit
549 1831 685 1861 omnibns
707 1829 820 1859 actibus
843 1829 995 1859 litterariis
1017 1833 1046 1858 et
1068 1829 1216 1858 examina-

476 1879 604 1910 ti0nibus
620 1879 808 1909 scholarium.
828 1878 888 1908 Etsi
905 1883 1000 1908 autem
1026 1878 1059 1907 ad
1082 1877 1214 1907 abbatem

475 1929 640 1967 generalem
665 1931 776 1967 spectat
809 1931 866 1957 tam
897 1928 1076 1966 praesectum
1107 1927 1213 1957 studio-

476 1988 541 2009 rum
569 1987 655 2017 quam
684 1977 838 2015 magistros
867 1977 1031 2016 praedictos
1062 1976 1214 2015 deputare,

476 2027 504 2056 in
534 2027 635 2056 mortis
669 2030 763 2056 tamen
797 2030 846 2055 ant
879 2025 1059 2055 infirmitatis
1092 2024 1216 2054 alicuius

476 2085 577 2106 eorum
601 2085 670 2105 casu
686 2099 693 2112 ,
717 2074 904 2113 congregatio
928 2074 1134 2104 monachorum
1159 2074 1214 2103 una

476 2133 543 2154 cum
567 2124 670 2153 abbate
692 2123 773 2153 illius
795 2123 964 2153 monasterii
994 2122 1082 2152 alium
1101 2122 1130 2152 in
1154 2122 1215 2152 eius

476 2173 571 2203 locum
594 2172 751 2210 subrogare
774 2172 891 2210 poterit,
905 2172 996 2201 donec
1018 2170 1107 2200 abbas
1130 2179 1216 2208 gene-

476 2222 546 2252 ralis
568 2222 753 2252 consulatur:
777 2221 861 2250 cuius
892 2221 948 2250 erit
980 2220 1105 2259 spatium
1128 2219 1215 2249 etiam

477 2279 620 2300 annorum
643 2270 803 2307 assignare,
824 2279 880 2308 quo
903 2269 1122 2307 grammaticae,
1153 2268 1216 2307 phi-

476 2319 624 2359 losophiae
647 2323 675 2348 et
697 2327 796 2348 sacrae
820 2318 981 2355 theologiae
1003 2317 1131 2347 studium
1152 2326 1215 2355 per-

477 2368 603 2406 ficiatur,
634 2366 872 2397 distributionem
905 2375 1020 2405 quoque
1055 2365 1214 2404 tempori5‚

477 2422 535 2446 tam
557 2415 693 2445 matutini
717 2424 804 2454 quam
835 2414 1048 2454 pomeridiani,
1076 2418 1104 2443 et
1134 2423 1217 2444 vaca-

477 2465 570 2495 tiones
588 2474 639 2504 per
655 2464 850 2494 hebdomadas
866 2468 893 2494 et
909 2473 1034 2500 annum3
1055 2463 1092 2492 ita
1110 2466 1217 2498 tamen,

477 2518 508 2543 ut
531 2523 624 2553 neque
647 2513 784 2543 horarum
807 2512 1026 2551 canonicarum,
1060 2521 1161 2542 sacrae
1183 2510 1218 2540 li-

477 2562 589 2600 turgiae
611 2566 754 2601 tempora,
771 2561 885 2601 aliaque
902 2561 1062 2591 monastica
1078 2559 1215 2590 exercitia

476 2620 492 2640 a
514 2611 662 2641 communi
685 2611 786 2649 regula
807 2614 835 2640 et
857 2609 1116 2641 constitutionibus
1135 2618 1217 2649 prae-

1072 227 1256 251 BULLARIUM
1280 227 1435 251 ROMANUM

1254 275 1361 315 scripta
1378 274 1597 315 perturbentur,
1608 284 1703 314 neque
1721 275 1798 306 vires
1813 275 1991 306 studentium

1254 327 1303 353 aut
1325 324 1529 361 magistrorum
1553 324 1767 363 opprimantur.

1293 380 1332 402 vi.
1356 372 1489 408 Quolibet
1508 382 1607 403 mense
1624 372 1780 412 disputatio
1797 372 1911 412 publica
1929 372 1990 410 fiat,

1254 425 1282 451 et
1310 421 1355 450 bis
1381 421 1409 451 in
1435 430 1511 451 anno
1534 430 1666 450 examen.
1696 421 1803 451 Diebus
1825 425 1920 451 autem
1943 421 1994 450 do-

1255 470 1371 500 minicis
1403 470 1564 500 habeantur
1596 470 1765 500 collationes
1786 470 1831 500 vel
1853 470 1888 500 de
1909 471 1993 500 sacra

1255 519 1425 557 Scriptura,
1449 518 1494 548 vel
1516 519 1551 548 de
1573 518 1688 547 casibus
1711 518 1920 555 conscientiae,
1943 521 1993 547 aut

1255 567 1463 596 controversiis
1485 567 1513 596 in
1531 566 1651 597 Oriente
1668 566 1833 605 vigentibus
1855 566 1993 596 adversus

1256 615 1480 653 schismaticos,
1504 615 1667 645 haereticos
1689 620 1717 645 et
1738 614 1890 652 infideles,
1913 615 1993 644 iuxta

1256 663 1446 693 directionem
1471 664 1608 703 praefecti
1630 664 1806 693 studiorum.

1295 720 1344 741 vn.
1369 713 1518 751 Syriacam
1542 716 1570 742 et
1591 711 1738 741 arabicam
1755 712 1884 749 linguam
1904 711 1994 750 probe

1256 761 1361 791 callere
1385 760 1550 798 curabunt,
1575 765 1606 790 ut
1632 770 1730 790 sacras
1753 760 1935 799 scripturaS,
1965 763 1994 790 et

1257 814 1352 848 patres
1375 809 1566 848 doctoresque
1586 809 1681 848 legere
1698 813 1783 848 atque
1806 807 1994 848 interpretari

1256 858 1382 888 valeant.

1296 915 1354 936 vm.
1370 905 1471 936 Omnia
1489 907 1522 936 ad
1540 907 1668 936 studium
1686 906 1849 937 necessaria
1865 905 1994 936 subsidia

1257 954 1291 983 ab
1315 954 1418 984 abbate
1441 954 1626 984 studentibus
1650 953 1994 994 procurentur.Studen-

1258 1007 1299 1032 tes
1316 1012 1383 1033 vero
1405 1007 1525 1033 curent:
1545 1021 1584 1026 —
1607 1004 1648 1040 1⁰,
1672 1007 1703 1032 ut
1726 1003 1815 1033 animi
1839 1003 1994 1042 puritatem

1257 1057 1285 1082 et
1306 1057 1413 1082 rectam
1437 1053 1466 1081 in
1490 1052 1595 1082 studiis
1623 1052 1817 1081 intentionem
1851 1050 1993 1087 habeant3

1255 1119 1295 1123 —
1316 1102 1359 1138 2⁰,
1383 1106 1414 1131 ut
1442 1102 1538 1131 servor
1568 1101 1730 1131 studiorum
1760 1110 1817 1130 non
1845 1100 1996 1137 extinguat

1257 1155 1306 1180 aut
1328 1151 1441 1180 minuat
1474 1158 1603 1179 amorem
1638 1149 1797 1179 solidarum
1831 1148 1994 1182 virtutum·,

1256 1216 1294 1221 —
1312 1199 1356 1236 3⁰,
1377 1203 1407 1228 ut
1430 1198 1465 1227 iis
1488 1197 1674 1227 facultatibus
1697 1206 1815 1236 operam
1836 1197 1916 1235 dent,
1933 1206 1996 1226 eos-

1257 1257 1312 1286 que
1336 1247 1455 1276 audiant
1477 1246 1641 1284 magistros,
1658 1255 1730 1286 quos
1756 1245 1845 1275 abbas
1870 1245 1996 1275 destina-

1234 1319 1236 1326 ,
1257 1295 1322 1332 bit3
1348 1314 1381 1317 —
1407 1296 1450 1333 40,
1475 1299 1506 1324 ut
1529 1295 1615 1324 horas
1647 1294 1742 1324 studio
1767 1298 1825 1323 tam
1848 1293 1995 1324 communi

1257 1354 1342 1383 quam
1377 1344 1488 1383 privato
1522 1343 1678 1373 attributas
1707 1343 1862 1381 diligenter
1897 1341 1996 1372 obser-

1257 1397 1345 1429 vent3
1378 1411 1415 1415 —
1448 1393 1491 1429 5⁰,
1516 1396 1564 1430 ut,
1589 1392 1611 1421 si
1645 1392 1799 1430 magistros
1831 1390 1995 1421 studiorum

1256 1443 1346 1471 causa
1368 1441 1525 1471 convenire
1548 1440 1671 1478 debent,
1695 1440 1794 1470 horam
1828 1444 1936 1470 certam
1959 1438 1995 1468 ab

1257 1490 1360 1520 abbate
1383 1489 1557 1519 destinatam
1580 1489 1716 1525 habeant,
1733 1493 1814 1518 extra
1831 1497 1917 1528 quam
1934 1487 1996 1517 illo-

1256 1548 1321 1569 rum
1337 1539 1425 1568 cellas
1438 1539 1501 1567 sine
1512 1537 1651 1577 peculiari
1663 1537 1799 1567 facultate
1811 1546 1869 1566 non
1882 1536 1995 1566 adeant.

1297 1597 1335 1617 ix.
1360 1588 1390 1617 ln
1415 1589 1515 1617 nostra
1532 1587 1757 1625 congregatione
1774 1586 1872 1616 nullus
1888 1585 1994 1624 gradus

1257 1641 1305 1666 aut
1329 1637 1529 1675 praerogativa
1554 1636 1699 1673 magistris
1729 1635 1831 1664 aliisve
1853 1634 1996 1672 debetur3

1256 1686 1305 1715 sed
1339 1686 1431 1715 solum
1464 1684 1560 1714 abbati
1592 1684 1739 1722 generali,
1764 1683 1935 1722 hegumenis
1967 1688 1997 1713 et

1257 1734 1411 1764 abbatibus
1439 1733 1654 1773 provinciarum
1687 1737 1773 1772 atque
1805 1732 1996 1762 monasterio-

1258 1793 1333 1820 rum,
1357 1784 1449 1812 donec
1472 1783 1500 1811 in
1524 1783 1559 1811 ea
1581 1781 1722 1819 dignitate
1745 1781 1874 1818 fuerint;
1898 1785 1997 1820 postea

1257 1831 1459 1862 sacerdotibus
1482 1830 1631 1870 professis,
1648 1831 1728 1860 iuxta
1751 1834 1865 1869 tempus
1887 1829 1997 1869 profes-

1257 1881 1370 1918 sionis;
1395 1879 1501 1910 deinde
1525 1879 1639 1908 clericis
1672 1879 1742 1908 item
1773 1878 1933 1917 professis,
1962 1887 1995 1908 ac

1258 1934 1403 1970 postremo
1426 1929 1519 1959 laicis.
1540 1927 1636 1957 Abbas
1661 1931 1756 1958 tamen
1780 1927 1925 1966 generalis
1947 1936 1996 1958 cu-

1257 1978 1333 2008 rabit
1364 1988 1416 2018 pro
1450 1977 1580 2007 laborum
1603 1981 1631 2007 et
1663 1976 1834 2006 meritorum
1860 1976 1994 2012 ratione,

1258 2031 1317 2056 tam
1346 2026 1499 2064 magistros
1521 2035 1606 2064 quam
1631 2025 1703 2055 alios
1732 2033 1931 2064 quoscumque
1952 2033 1997 2054 sa-

1257 2075 1388 2105 cerdotes
1426 2074 1584 2104 monachos
1619 2073 1825 2109 remunerari,
1867 2082 1915 2103 eos
1952 2072 1995 2103 vel

1258 2123 1442 2153 monasteriis
1475 2122 1686 2161 praeficiendo,
1712 2122 1757 2151 vel
1780 2121 1815 2151 ab
1837 2121 1994 2159 oneribus,

1258 2181 1331 2211 quae
1364 2171 1529 2201 iunioribus
1560 2171 1670 2209 imponi
1704 2171 1808 2205 solent,
1831 2170 1994 2200 eximendo.

1298 2231 1325 2250 x.
1344 2221 1432 2250 Nemo
1450 2229 1485 2249 ex
1502 2220 1652 2249 monachis
1668 2219 1773 2249 librum
1790 2219 1930 2258 aliquem,
1947 2222 1997 2248 aut

1258 2273 1426 2307 tractatum,
1461 2273 1511 2298 aut
1543 2268 1715 2306 orationem,
1739 2268 1801 2297 sive
1826 2267 1996 2297 concionem

1258 2317 1379 2355 scribat,
1400 2317 1455 2346 nisi
1479 2316 1613 2346 consulto
1635 2315 1749 2352 abbate,
1779 2316 1829 2354 qui
1851 2325 1923 2354 opus
1946 2324 1997 2354 per

1258 2375 1288 2395 se
1311 2367 1396 2403 legat,
1422 2369 1471 2394 ant
1493 2364 1580 2394 alicui
1603 2373 1637 2393 ex
1666 2364 1813 2402 magistris
1842 2363 1995 2401 legendum

1258 2414 1433 2444 committat.
1458 2413 1530 2443 Illud
1549 2417 1645 2442 autem
1668 2413 1696 2442 in
1714 2412 1862 2451 publicum
1879 2411 1996 2451 prodire

1258 2467 1308 2492 aut
1331 2463 1406 2502 typis
1429 2462 1558 2501 imprimi
1590 2471 1647 2491 non
1680 2460 1791 2498 licebit,
1825 2461 1881 2490 nisi
1914 2460 1995 2500 prius

1258 2511 1293 2541 ab
1315 2511 1418 2541 abbate
1440 2510 1571 2549 generali
1593 2515 1621 2540 et
1650 2510 1796 2549 episcopo,
1832 2513 1881 2539 aut
1914 2517 1994 2539 reve-

1258 2559 1434 2590 rendissimo
1472 2558 1588 2590 domino
1633 2558 1796 2598 patriarcha
1840 2557 1994 2597 probatum

1258 2609 1356 2639 fuerit.

2002 225 2048 252 An.
2065 226 2094 253 c.
2117 225 2184 255 1740
2216 209 2218 212 ’
