<?xml version="1.0" encoding="UTF-8"?>
<!DOCTYPE html PUBLIC "-//W3C//DTD XHTML 1.0 Transitional//EN"
    "http://www.w3.org/TR/xhtml1/DTD/xhtml1-transitional.dtd">
<html xmlns="http://www.w3.org/1999/xhtml" xml:lang="en" lang="en">
 <head>
  <title>
</title>
<meta http-equiv="Content-Type" content="text/html;charset=utf-8" />
  <meta name='ocr-system' content='tesseract 3.04.00' />
  <meta name='ocr-capabilities' content='ocr_page ocr_carea ocr_par ocr_line ocrx_word'/>
</head>
<body>
  <div class='ocr_page' id='page_1' title='image "./bullarumdiplomat24cath_0373.png"; bbox 0 0 2232 3178; ppageno 0'>
   <div class='ocr_carea' id='block_1_1' title="bbox 0 432 2 1056">
    <p class='ocr_par' dir='ltr' id='par_1_1' title="bbox 0 432 2 1056">
     <span class='ocr_line' id='line_1_1' title="bbox 0 432 2 1056; baseline 0 0"><span class='ocrx_word' id='word_1_1' title='bbox 0 432 2 1056; x_wconf 95' lang='lat' dir='ltr'> </span> 
     </span>
    </p>
   </div>
   <div class='ocr_carea' id='block_1_2' title="bbox 0 171 952 421">
    <p class='ocr_par' dir='ltr' id='par_1_2' title="bbox 0 171 952 421">
     <span class='ocr_line' id='line_1_2' title="bbox 24 171 205 204; baseline -0.028 0"><span class='ocrx_word' id='word_1_2' title='bbox 24 176 72 204; x_wconf 79' lang='lat' dir='ltr'>An.</span> <span class='ocrx_word' id='word_1_3' title='bbox 87 173 114 201; x_wconf 92' lang='lat' dir='ltr'>C.</span> <span class='ocrx_word' id='word_1_4' title='bbox 138 171 205 200; x_wconf 83' lang='lat'>1738</span> 
     </span>
     <span class='ocr_line' id='line_1_3' title="bbox 412 218 750 253; baseline -0.003 -7"><span class='ocrx_word' id='word_1_5' title='bbox 412 218 544 246; x_wconf 80' lang='lat' dir='ltr'>Clemens</span> <span class='ocrx_word' id='word_1_6' title='bbox 567 218 728 252; x_wconf 81' lang='lat' dir='ltr'>episcopus</span> <span class='ocrx_word' id='word_1_7' title='bbox 743 239 750 253; x_wconf 88' lang='lat'>‚</span> 
     </span>
     <span class='ocr_line' id='line_1_4' title="bbox 399 263 764 294; baseline 0 -5"><span class='ocrx_word' id='word_1_8' title='bbox 399 270 507 289; x_wconf 87' lang='lat' dir='ltr'>servus</span> <span class='ocrx_word' id='word_1_9' title='bbox 527 270 682 290; x_wconf 82' lang='lat' dir='ltr'>servorum</span> <span class='ocrx_word' id='word_1_10' title='bbox 702 263 764 294; x_wconf 86' lang='lat' dir='ltr'>Dei,</span> 
     </span>
     <span class='ocr_line' id='line_1_5' title="bbox 328 307 834 341; baseline 0 -6"><span class='ocrx_word' id='word_1_11' title='bbox 328 307 366 335; x_wconf 85' lang='lat' dir='ltr'>ad</span> <span class='ocrx_word' id='word_1_12' title='bbox 385 311 566 341; x_wconf 78' lang='lat' dir='ltr'>perpetuam</span> <span class='ocrx_word' id='word_1_13' title='bbox 584 308 629 335; x_wconf 86' lang='lat' dir='ltr'>rei</span> <span class='ocrx_word' id='word_1_14' title='bbox 649 308 834 335; x_wconf 79' lang='lat' dir='ltr'>memoriam.</span> 
     </span>
     <span class='ocr_line' id='line_1_6' title="bbox 0 377 952 421; baseline -0.003 -8"><span class='ocrx_word' id='word_1_15' title='bbox 0 408 1 419; x_wconf 64' lang='grc'>,</span> <span class='ocrx_word' id='word_1_16' title='bbox 48 392 168 413; x_wconf 79' lang='lat' dir='ltr'>Exordium.</span> <span class='ocrx_word' id='word_1_17' title='bbox 257 377 499 420; x_wconf 87' lang='lat' dir='ltr'>Circumspecta</span> <span class='ocrx_word' id='word_1_18' title='bbox 532 378 623 411; x_wconf 88' lang='lat' dir='ltr'>Sedis</span> <span class='ocrx_word' id='word_1_19' title='bbox 650 378 855 421; x_wconf 81' lang='lat' dir='ltr'>Apostolicae</span> <span class='ocrx_word' id='word_1_20' title='bbox 890 379 952 410; x_wconf 90' lang='lat' dir='ltr'>sol-</span> 
     </span>
    </p>
   </div>
   <div class='ocr_carea' id='block_1_3' title="bbox 23 430 954 2599">
    <p class='ocr_par' dir='ltr' id='par_1_3' title="bbox 213 430 953 741">
     <span class='ocr_line' id='line_1_7' title="bbox 213 430 953 474; baseline 0 -10"><span class='ocrx_word' id='word_1_21' title='bbox 213 430 350 464; x_wconf 91' lang='lat' dir='ltr'>licitudo</span> <span class='ocrx_word' id='word_1_22' title='bbox 375 430 628 463; x_wconf 87' lang='lat' dir='ltr'>christianorum</span> <span class='ocrx_word' id='word_1_23' title='bbox 654 431 849 474; x_wconf 79' lang='lat' dir='ltr'>principum,</span> <span class='ocrx_word' id='word_1_24' title='bbox 872 441 953 474; x_wconf 87' lang='lat' dir='ltr'>quos</span> 
     </span>
     <span class='ocr_line' id='line_1_8' title="bbox 214 483 953 517; baseline 0.001 -1"><span class='ocrx_word' id='word_1_25' title='bbox 214 483 254 517; x_wconf 91' lang='lat' dir='ltr'>ad</span> <span class='ocrx_word' id='word_1_26' title='bbox 280 483 466 516; x_wconf 82' lang='lat' dir='ltr'>exbibenda</span> <span class='ocrx_word' id='word_1_27' title='bbox 491 484 680 517; x_wconf 70' lang='lat' dir='ltr'>Catholicae</span> <span class='ocrx_word' id='word_1_28' title='bbox 709 484 873 517; x_wconf 80' lang='lat' dir='ltr'>Ecclesiae</span> <span class='ocrx_word' id='word_1_29' title='bbox 910 484 953 517; x_wconf 90' lang='lat' dir='ltr'>ei-</span> 
     </span>
     <span class='ocr_line' id='line_1_9' title="bbox 213 536 952 580; baseline 0.001 -11"><span class='ocrx_word' id='word_1_30' title='bbox 213 536 351 579; x_wconf 82' lang='lat' dir='ltr'>demque</span> <span class='ocrx_word' id='word_1_31' title='bbox 376 536 451 570; x_wconf 89' lang='lat' dir='ltr'>Sedi</span> <span class='ocrx_word' id='word_1_32' title='bbox 485 537 602 570; x_wconf 78' lang='lat' dir='ltr'>eximia</span> <span class='ocrx_word' id='word_1_33' title='bbox 627 537 758 570; x_wconf 78' lang='lat' dir='ltr'>servitia</span> <span class='ocrx_word' id='word_1_34' title='bbox 782 542 952 580; x_wconf 89' lang='lat' dir='ltr'>promptos</span> 
     </span>
     <span class='ocr_line' id='line_1_10' title="bbox 213 590 953 633; baseline 0.001 -10"><span class='ocrx_word' id='word_1_35' title='bbox 213 590 404 633; x_wconf 75' lang='lat' dir='ltr'>alacresque</span> <span class='ocrx_word' id='word_1_36' title='bbox 431 591 586 633; x_wconf 82' lang='lat' dir='ltr'>dignovit,</span> <span class='ocrx_word' id='word_1_37' title='bbox 611 590 819 623; x_wconf 75' lang='lat' dir='ltr'>liberalitatis</span> <span class='ocrx_word' id='word_1_38' title='bbox 837 596 869 623; x_wconf 91' lang='lat' dir='ltr'>et</span> <span class='ocrx_word' id='word_1_39' title='bbox 886 601 953 633; x_wconf 81' lang='lat' dir='ltr'>gra-</span> 
     </span>
     <span class='ocr_line' id='line_1_11' title="bbox 214 644 949 678; baseline 0.001 -2"><span class='ocrx_word' id='word_1_40' title='bbox 214 644 362 677; x_wconf 81' lang='lat' dir='ltr'>titudinis</span> <span class='ocrx_word' id='word_1_41' title='bbox 388 655 466 677; x_wconf 88' lang='lat' dir='ltr'>suae</span> <span class='ocrx_word' id='word_1_42' title='bbox 494 644 691 678; x_wconf 82' lang='lat' dir='ltr'>testimoniis</span> <span class='ocrx_word' id='word_1_43' title='bbox 727 644 837 678; x_wconf 82' lang='lat' dir='ltr'>fovere</span> <span class='ocrx_word' id='word_1_44' title='bbox 864 655 949 677; x_wconf 93' lang='lat' dir='ltr'>nun-</span> 
     </span>
     <span class='ocr_line' id='line_1_12' title="bbox 213 698 470 741; baseline 0 -11"><span class='ocrx_word' id='word_1_45' title='bbox 213 707 309 741; x_wconf 84' lang='lat' dir='ltr'>quam</span> <span class='ocrx_word' id='word_1_46' title='bbox 336 698 470 730; x_wconf 85' lang='lat' dir='ltr'>destitit.</span> 
     </span>
    </p>

    <p class='ocr_par' dir='ltr' id='par_1_4' title="bbox 23 750 954 1700">
     <span class='ocr_line' id='line_1_13' title="bbox 48 750 952 793; baseline 0 -10"><span class='ocrx_word' id='word_1_47' title='bbox 48 762 130 792; x_wconf 44' lang='lat' dir='ltr'>ioanni&lt;</span> <span class='ocrx_word' id='word_1_48' title='bbox 146 761 201 785; x_wconf 61' lang='lat' dir='ltr'>rom&lt;</span> <span class='ocrx_word' id='word_1_49' title='bbox 256 750 271 793; x_wconf 63' lang='grc' dir='ltr'><strong>ἓ</strong></span> <span class='ocrx_word' id='word_1_50' title='bbox 295 750 325 782; x_wconf 76' lang='lat' dir='ltr'>t.</span> <span class='ocrx_word' id='word_1_51' title='bbox 347 750 441 791; x_wconf 88' lang='lat' dir='ltr'>Sane,</span> <span class='ocrx_word' id='word_1_52' title='bbox 459 761 529 784; x_wconf 89' lang='lat' dir='ltr'>cum</span> <span class='ocrx_word' id='word_1_53' title='bbox 555 751 742 784; x_wconf 84' lang='lat' dir='ltr'>carissimus</span> <span class='ocrx_word' id='word_1_54' title='bbox 767 751 798 783; x_wconf 92' lang='lat' dir='ltr'>in</span> <span class='ocrx_word' id='word_1_55' title='bbox 826 751 952 784; x_wconf 86' lang='lat' dir='ltr'>Christo</span> 
     </span>
     <span class='ocr_line' id='line_1_14' title="bbox 23 788 954 846; baseline 0.002 -11"><span class='ocrx_word' id='word_1_56' title='bbox 23 788 298 846; x_wconf 61' lang='lat' dir='ltr'>ffif.il{2.5‘“‡ifitlifilius</span> <span class='ocrx_word' id='word_1_57' title='bbox 321 808 435 836; x_wconf 87' lang='lat' dir='ltr'>noster</span> <span class='ocrx_word' id='word_1_58' title='bbox 452 803 591 837; x_wconf 83' lang='lat' dir='ltr'>Ioannes</span> <span class='ocrx_word' id='word_1_59' title='bbox 609 804 669 837; x_wconf 91' lang='lat' dir='ltr'>hoc</span> <span class='ocrx_word' id='word_1_60' title='bbox 691 804 823 837; x_wconf 88' lang='lat' dir='ltr'>nomine</span> <span class='ocrx_word' id='word_1_61' title='bbox 841 804 863 836; x_wconf 79' lang='lat' dir='ltr'>V</span> <span class='ocrx_word' id='word_1_62' title='bbox 882 804 954 837; x_wconf 82' lang='lat' dir='ltr'>Por-</span> 
     </span>
     <span class='ocr_line' id='line_1_15' title="bbox 23 841 951 900; baseline 0.002 -12"><span class='ocrx_word' id='word_1_63' title='bbox 23 841 368 899; x_wconf 51' lang='lat' dir='ltr'>filssfflkffgaffi‘sstugatliae</span> <span class='ocrx_word' id='word_1_64' title='bbox 405 862 437 890; x_wconf 88' lang='lat' dir='ltr'>et</span> <span class='ocrx_word' id='word_1_65' title='bbox 461 857 689 900; x_wconf 80' lang='lat' dir='ltr'>Algarbiorum</span> <span class='ocrx_word' id='word_1_66' title='bbox 721 869 775 891; x_wconf 83' lang='lat' dir='ltr'>rex</span> <span class='ocrx_word' id='word_1_67' title='bbox 801 857 951 895; x_wconf 78' lang='lat' dir='ltr'>illustris,</span> 
     </span>
     <span class='ocr_line' id='line_1_16' title="bbox 23 901 952 953; baseline 0 -11"><span class='ocrx_word' id='word_1_68' title='bbox 23 901 74 916; x_wconf 53' lang='grc' dir='ltr'>ω’</span> <span class='ocrx_word' id='word_1_69' title='bbox 211 911 390 953; x_wconf 85' lang='lat' dir='ltr'>praeclaris</span> <span class='ocrx_word' id='word_1_70' title='bbox 432 910 590 944; x_wconf 83' lang='lat' dir='ltr'>maiorum</span> <span class='ocrx_word' id='word_1_71' title='bbox 634 921 767 944; x_wconf 89' lang='lat' dir='ltr'>suorum</span> <span class='ocrx_word' id='word_1_72' title='bbox 809 910 952 953; x_wconf 80' lang='lat' dir='ltr'>vestigiis</span> 
     </span>
     <span class='ocr_line' id='line_1_17' title="bbox 211 962 952 1008; baseline 0 -13"><span class='ocrx_word' id='word_1_73' title='bbox 211 962 398 1003; x_wconf 86' lang='lat' dir='ltr'>inhaerens,</span> <span class='ocrx_word' id='word_1_74' title='bbox 417 964 554 1007; x_wconf 90' lang='lat' dir='ltr'>copioso</span> <span class='ocrx_word' id='word_1_75' title='bbox 576 964 704 1008; x_wconf 87' lang='lat' dir='ltr'>piorum</span> <span class='ocrx_word' id='word_1_76' title='bbox 729 964 952 1008; x_wconf 80' lang='lat' dir='ltr'>operariorum</span> 
     </span>
     <span class='ocr_line' id='line_1_18' title="bbox 212 1016 953 1061; baseline 0.001 -13"><span class='ocrx_word' id='word_1_77' title='bbox 212 1017 319 1050; x_wconf 88' lang='lat' dir='ltr'>coetui</span> <span class='ocrx_word' id='word_1_78' title='bbox 339 1017 383 1049; x_wconf 81' lang='lat' dir='ltr'>ad</span> <span class='ocrx_word' id='word_1_79' title='bbox 410 1016 673 1060; x_wconf 81' lang='lat' dir='ltr'>amplificandum</span> <span class='ocrx_word' id='word_1_80' title='bbox 705 1018 737 1050; x_wconf 92' lang='lat' dir='ltr'>in</span> <span class='ocrx_word' id='word_1_81' title='bbox 764 1017 953 1061; x_wconf 80' lang='lat' dir='ltr'>longinquis</span> 
     </span>
     <span class='ocr_line' id='line_1_19' title="bbox 211 1070 954 1113; baseline 0.001 -11"><span class='ocrx_word' id='word_1_82' title='bbox 211 1070 404 1112; x_wconf 79' lang='lat' dir='ltr'>regionibus</span> <span class='ocrx_word' id='word_1_83' title='bbox 430 1071 497 1113; x_wconf 82' lang='lat' dir='ltr'>agri</span> <span class='ocrx_word' id='word_1_84' title='bbox 524 1071 676 1104; x_wconf 88' lang='lat' dir='ltr'>dominici</span> <span class='ocrx_word' id='word_1_85' title='bbox 703 1082 862 1113; x_wconf 80' lang='lat' dir='ltr'>messem,</span> <span class='ocrx_word' id='word_1_86' title='bbox 885 1082 954 1104; x_wconf 87' lang='lat' dir='ltr'>ver-</span> 
     </span>
     <span class='ocr_line' id='line_1_20' title="bbox 212 1124 951 1167; baseline 0.001 -11"><span class='ocrx_word' id='word_1_87' title='bbox 212 1124 353 1167; x_wconf 89' lang='lat' dir='ltr'>bumque</span> <span class='ocrx_word' id='word_1_88' title='bbox 380 1124 436 1157; x_wconf 89' lang='lat' dir='ltr'>Dei</span> <span class='ocrx_word' id='word_1_89' title='bbox 462 1124 701 1164; x_wconf 83' lang='lat' dir='ltr'>seminandum,</span> <span class='ocrx_word' id='word_1_90' title='bbox 722 1125 886 1157; x_wconf 68' lang='lat' dir='ltr'>indefessa</span> <span class='ocrx_word' id='word_1_91' title='bbox 908 1125 951 1157; x_wconf 88' lang='lat' dir='ltr'>vi-</span> 
     </span>
     <span class='ocr_line' id='line_1_21' title="bbox 213 1176 952 1221; baseline 0.003 -13"><span class='ocrx_word' id='word_1_92' title='bbox 213 1176 346 1219; x_wconf 70' lang='lat' dir='ltr'>gilantia</span> <span class='ocrx_word' id='word_1_93' title='bbox 373 1182 405 1210; x_wconf 90' lang='lat' dir='ltr'>et</span> <span class='ocrx_word' id='word_1_94' title='bbox 430 1177 518 1220; x_wconf 74' lang='lat' dir='ltr'>regia</span> <span class='ocrx_word' id='word_1_95' title='bbox 543 1178 740 1210; x_wconf 78' lang='lat' dir='ltr'>liberalitate</span> <span class='ocrx_word' id='word_1_96' title='bbox 759 1178 952 1221; x_wconf 87' lang='lat' dir='ltr'>temporalia</span> 
     </span>
     <span class='ocr_line' id='line_1_22' title="bbox 211 1230 952 1274; baseline 0.003 -13"><span class='ocrx_word' id='word_1_97' title='bbox 211 1230 297 1263; x_wconf 85' lang='lat' dir='ltr'>vitae</span> <span class='ocrx_word' id='word_1_98' title='bbox 324 1230 470 1263; x_wconf 85' lang='lat' dir='ltr'>subsidia</span> <span class='ocrx_word' id='word_1_99' title='bbox 506 1231 680 1274; x_wconf 81' lang='lat' dir='ltr'>quotannis</span> <span class='ocrx_word' id='word_1_100' title='bbox 705 1231 952 1264; x_wconf 85' lang='lat' dir='ltr'>subministrare</span> 
     </span>
     <span class='ocr_line' id='line_1_23' title="bbox 212 1283 952 1328; baseline 0.003 -12"><span class='ocrx_word' id='word_1_101' title='bbox 212 1283 435 1324; x_wconf 87' lang='lat' dir='ltr'>consueverit,</span> <span class='ocrx_word' id='word_1_102' title='bbox 463 1284 629 1328; x_wconf 80' lang='lat' dir='ltr'>divinique</span> <span class='ocrx_word' id='word_1_103' title='bbox 655 1285 761 1317; x_wconf 79' lang='lat' dir='ltr'>cultus</span> <span class='ocrx_word' id='word_1_104' title='bbox 786 1285 952 1318; x_wconf 84' lang='lat' dir='ltr'>assiduum</span> 
     </span>
     <span class='ocr_line' id='line_1_24' title="bbox 211 1338 954 1381; baseline 0.001 -12"><span class='ocrx_word' id='word_1_105' title='bbox 211 1342 463 1380; x_wconf 85' lang='lat' dir='ltr'>propagatorem</span> <span class='ocrx_word' id='word_1_106' title='bbox 488 1348 521 1370; x_wconf 89' lang='lat' dir='ltr'>se</span> <span class='ocrx_word' id='word_1_107' title='bbox 547 1347 643 1380; x_wconf 83' lang='lat' dir='ltr'>agere</span> <span class='ocrx_word' id='word_1_108' title='bbox 670 1348 801 1381; x_wconf 84' lang='lat' dir='ltr'>semper</span> <span class='ocrx_word' id='word_1_109' title='bbox 826 1338 954 1371; x_wconf 87' lang='lat' dir='ltr'>studue-</span> 
     </span>
     <span class='ocr_line' id='line_1_25' title="bbox 211 1390 952 1434; baseline 0.003 -12"><span class='ocrx_word' id='word_1_110' title='bbox 211 1390 270 1431; x_wconf 87' lang='lat' dir='ltr'>rit,</span> <span class='ocrx_word' id='word_1_111' title='bbox 295 1400 424 1424; x_wconf 84' lang='lat' dir='ltr'>necnon</span> <span class='ocrx_word' id='word_1_112' title='bbox 452 1390 598 1424; x_wconf 88' lang='lat' dir='ltr'>eiusdem</span> <span class='ocrx_word' id='word_1_113' title='bbox 627 1392 833 1434; x_wconf 78' lang='lat' dir='ltr'>Apostolicae</span> <span class='ocrx_word' id='word_1_114' title='bbox 859 1391 952 1424; x_wconf 86' lang='lat' dir='ltr'>Sedis</span> 
     </span>
     <span class='ocr_line' id='line_1_26' title="bbox 212 1444 953 1488; baseline 0.001 -12"><span class='ocrx_word' id='word_1_115' title='bbox 212 1444 530 1487; x_wconf 82' lang='lat' dir='ltr'>opportunitatibus,</span> <span class='ocrx_word' id='word_1_116' title='bbox 559 1450 593 1476; x_wconf 94' lang='lat' dir='ltr'>ut</span> <span class='ocrx_word' id='word_1_117' title='bbox 617 1446 758 1488; x_wconf 87' lang='lat' dir='ltr'>primum</span> <span class='ocrx_word' id='word_1_118' title='bbox 785 1450 878 1478; x_wconf 83' lang='lat' dir='ltr'>notas</span> <span class='ocrx_word' id='word_1_119' title='bbox 896 1445 953 1477; x_wconf 86' lang='lat' dir='ltr'>ba-</span> 
     </span>
     <span class='ocr_line' id='line_1_27' title="bbox 211 1496 950 1541; baseline 0.003 -12"><span class='ocrx_word' id='word_1_120' title='bbox 211 1496 281 1529; x_wconf 89' lang='lat' dir='ltr'>buit</span> <span class='ocrx_word' id='word_1_121' title='bbox 300 1523 307 1537; x_wconf 92' lang='lat'>,</span> <span class='ocrx_word' id='word_1_122' title='bbox 334 1497 538 1540; x_wconf 85' lang='lat' dir='ltr'>paratissimo</span> <span class='ocrx_word' id='word_1_123' title='bbox 565 1498 724 1541; x_wconf 87' lang='lat' dir='ltr'>obsequio</span> <span class='ocrx_word' id='word_1_124' title='bbox 750 1503 782 1530; x_wconf 88' lang='lat' dir='ltr'>et</span> <span class='ocrx_word' id='word_1_125' title='bbox 807 1498 927 1531; x_wconf 83' lang='lat' dir='ltr'>auxilio</span> <span class='ocrx_word' id='word_1_126' title='bbox 943 1525 950 1538; x_wconf 88' lang='lat'>,</span> 
     </span>
     <span class='ocr_line' id='line_1_28' title="bbox 212 1549 952 1594; baseline 0.004 -13"><span class='ocrx_word' id='word_1_127' title='bbox 212 1555 249 1582; x_wconf 88' lang='lat' dir='ltr'>ut</span> <span class='ocrx_word' id='word_1_128' title='bbox 284 1549 510 1583; x_wconf 79' lang='lat' dir='ltr'>fidelissimum</span> <span class='ocrx_word' id='word_1_129' title='bbox 535 1550 630 1584; x_wconf 88' lang='lat' dir='ltr'>decet</span> <span class='ocrx_word' id='word_1_130' title='bbox 661 1551 861 1594; x_wconf 80' lang='lat' dir='ltr'>principem,</span> <span class='ocrx_word' id='word_1_131' title='bbox 888 1562 952 1584; x_wconf 91' lang='lat' dir='ltr'>non</span> 
     </span>
     <span class='ocr_line' id='line_1_29' title="bbox 212 1602 952 1647; baseline 0.003 -12"><span class='ocrx_word' id='word_1_132' title='bbox 212 1603 284 1636; x_wconf 90' lang='lat' dir='ltr'>sine</span> <span class='ocrx_word' id='word_1_133' title='bbox 309 1602 399 1645; x_wconf 77' lang='lat' dir='ltr'>gravi</span> <span class='ocrx_word' id='word_1_134' title='bbox 425 1613 483 1636; x_wconf 90' lang='lat' dir='ltr'>suo</span> <span class='ocrx_word' id='word_1_135' title='bbox 518 1614 720 1647; x_wconf 81' lang='lat' dir='ltr'>suorumque</span> <span class='ocrx_word' id='word_1_136' title='bbox 745 1604 952 1637; x_wconf 82' lang='lat' dir='ltr'>subditorum</span> 
     </span>
     <span class='ocr_line' id='line_1_30' title="bbox 212 1655 892 1700; baseline 0.003 -12"><span class='ocrx_word' id='word_1_137' title='bbox 212 1655 438 1696; x_wconf 88' lang='lat' dir='ltr'>incommodo,</span> <span class='ocrx_word' id='word_1_138' title='bbox 464 1662 594 1700; x_wconf 87' lang='lat' dir='ltr'>praesto</span> <span class='ocrx_word' id='word_1_139' title='bbox 620 1667 690 1690; x_wconf 88' lang='lat' dir='ltr'>esse</span> <span class='ocrx_word' id='word_1_140' title='bbox 717 1658 892 1700; x_wconf 78' lang='lat' dir='ltr'>sategerit:</span> 
     </span>
    </p>

    <p class='ocr_par' dir='ltr' id='par_1_5' title="bbox 210 1708 952 2599">
     <span class='ocr_line' id='line_1_31' title="bbox 255 1708 952 1753; baseline 0.004 -12"><span class='ocrx_word' id='word_1_141' title='bbox 255 1708 270 1751; x_wconf 61' lang='grc' dir='ltr'><strong>ἓ</strong></span> <span class='ocrx_word' id='word_1_142' title='bbox 295 1708 325 1741; x_wconf 73' lang='lat'>2.</span> <span class='ocrx_word' id='word_1_143' title='bbox 346 1708 421 1750; x_wconf 91' lang='lat' dir='ltr'>Nos,</span> <span class='ocrx_word' id='word_1_144' title='bbox 438 1709 532 1742; x_wconf 87' lang='lat' dir='ltr'>tantis</span> <span class='ocrx_word' id='word_1_145' title='bbox 552 1709 698 1743; x_wconf 86' lang='lat' dir='ltr'>eiusdem</span> <span class='ocrx_word' id='word_1_146' title='bbox 716 1710 847 1744; x_wconf 88' lang='lat' dir='ltr'>loannis</span> <span class='ocrx_word' id='word_1_147' title='bbox 866 1711 952 1753; x_wconf 78' lang='lat' dir='ltr'>regis</span> 
     </span>
     <span class='ocr_line' id='line_1_32' title="bbox 211 1762 952 1805; baseline 0.004 -11"><span class='ocrx_word' id='word_1_148' title='bbox 211 1762 337 1795; x_wconf 90' lang='lat' dir='ltr'>meritis</span> <span class='ocrx_word' id='word_1_149' title='bbox 357 1767 514 1805; x_wconf 86' lang='lat' dir='ltr'>paternae</span> <span class='ocrx_word' id='word_1_150' title='bbox 530 1768 658 1796; x_wconf 87' lang='lat' dir='ltr'>nostrae</span> <span class='ocrx_word' id='word_1_151' title='bbox 677 1764 952 1797; x_wconf 86' lang='lat' dir='ltr'>considerationis</span> 
     </span>
     <span class='ocr_line' id='line_1_33' title="bbox 211 1815 948 1861; baseline 0.004 -13"><span class='ocrx_word' id='word_1_152' title='bbox 211 1816 305 1849; x_wconf 81' lang='lat' dir='ltr'>lance</span> <span class='ocrx_word' id='word_1_153' title='bbox 330 1815 496 1859; x_wconf 82' lang='lat' dir='ltr'>pensatis,</span> <span class='ocrx_word' id='word_1_154' title='bbox 522 1821 558 1848; x_wconf 89' lang='lat' dir='ltr'>ut</span> <span class='ocrx_word' id='word_1_155' title='bbox 583 1816 788 1850; x_wconf 80' lang='lat' dir='ltr'>servitiorum</span> <span class='ocrx_word' id='word_1_156' title='bbox 814 1817 948 1861; x_wconf 87' lang='lat' dir='ltr'>praedi-</span> 
     </span>
     <span class='ocr_line' id='line_1_34' title="bbox 211 1869 948 1913; baseline 0.003 -11"><span class='ocrx_word' id='word_1_157' title='bbox 211 1874 338 1902; x_wconf 89' lang='lat' dir='ltr'>ctorum</span> <span class='ocrx_word' id='word_1_158' title='bbox 365 1869 634 1913; x_wconf 84' lang='lat' dir='ltr'>apostolicaeque</span> <span class='ocrx_word' id='word_1_159' title='bbox 660 1870 867 1904; x_wconf 79' lang='lat' dir='ltr'>liberalitatis</span> <span class='ocrx_word' id='word_1_160' title='bbox 901 1872 948 1904; x_wconf 82' lang='lat' dir='ltr'>ri-</span> 
     </span>
     <span class='ocr_line' id='line_1_35' title="bbox 211 1922 951 1965; baseline 0.005 -11"><span class='ocrx_word' id='word_1_161' title='bbox 211 1922 319 1955; x_wconf 89' lang='lat' dir='ltr'>cissim</span> <span class='ocrx_word' id='word_1_162' title='bbox 346 1927 508 1965; x_wconf 85' lang='lat' dir='ltr'>praestata</span> <span class='ocrx_word' id='word_1_163' title='bbox 532 1933 668 1956; x_wconf 88' lang='lat' dir='ltr'>munera</span> <span class='ocrx_word' id='word_1_164' title='bbox 692 1924 793 1956; x_wconf 87' lang='lat' dir='ltr'>mutui</span> <span class='ocrx_word' id='word_1_165' title='bbox 814 1925 900 1957; x_wconf 88' lang='lat' dir='ltr'>inter</span> <span class='ocrx_word' id='word_1_166' title='bbox 917 1936 951 1958; x_wconf 89' lang='lat' dir='ltr'>se</span> 
     </span>
     <span class='ocr_line' id='line_1_36' title="bbox 211 1976 948 2011; baseline 0.004 -4"><span class='ocrx_word' id='word_1_167' title='bbox 211 1981 456 2008; x_wconf 88' lang='lat' dir='ltr'>monumentum</span> <span class='ocrx_word' id='word_1_168' title='bbox 483 1981 514 2008; x_wconf 91' lang='lat' dir='ltr'>et</span> <span class='ocrx_word' id='word_1_169' title='bbox 539 1976 689 2009; x_wconf 87' lang='lat' dir='ltr'>stimulus</span> <span class='ocrx_word' id='word_1_170' title='bbox 725 1977 845 2010; x_wconf 88' lang='lat' dir='ltr'>amoris</span> <span class='ocrx_word' id='word_1_171' title='bbox 879 1978 948 2011; x_wconf 76' lang='lat' dir='ltr'>exi-</span> 
     </span>
     <span class='ocr_line' id='line_1_37' title="bbox 211 2029 951 2075; baseline 0.004 -14"><span class='ocrx_word' id='word_1_172' title='bbox 211 2034 324 2068; x_wconf 91' lang='lat' dir='ltr'>stant,</span> <span class='ocrx_word' id='word_1_173' title='bbox 354 2029 527 2073; x_wconf 84' lang='lat' dir='ltr'>eidemque</span> <span class='ocrx_word' id='word_1_174' title='bbox 552 2030 663 2062; x_wconf 89' lang='lat' dir='ltr'>loanni</span> <span class='ocrx_word' id='word_1_175' title='bbox 691 2030 781 2073; x_wconf 77' lang='lat' dir='ltr'>regi,</span> <span class='ocrx_word' id='word_1_176' title='bbox 815 2031 951 2075; x_wconf 88' lang='lat' dir='ltr'>eiusque</span> 
     </span>
     <span class='ocr_line' id='line_1_38' title="bbox 211 2081 951 2125; baseline 0.004 -11"><span class='ocrx_word' id='word_1_177' title='bbox 211 2081 243 2114; x_wconf 90' lang='lat' dir='ltr'>in</span> <span class='ocrx_word' id='word_1_178' title='bbox 270 2081 363 2115; x_wconf 90' lang='lat' dir='ltr'>dictis</span> <span class='ocrx_word' id='word_1_179' title='bbox 388 2082 499 2125; x_wconf 83' lang='lat' dir='ltr'>regnis</span> <span class='ocrx_word' id='word_1_180' title='bbox 533 2084 794 2124; x_wconf 85' lang='lat' dir='ltr'>successoribus,</span> <span class='ocrx_word' id='word_1_181' title='bbox 822 2084 951 2118; x_wconf 88' lang='lat' dir='ltr'>uberio-</span> 
     </span>
     <span class='ocr_line' id='line_1_39' title="bbox 210 2135 952 2179; baseline 0.007 -12"><span class='ocrx_word' id='word_1_182' title='bbox 210 2145 289 2176; x_wconf 90' lang='lat' dir='ltr'>rem,</span> <span class='ocrx_word' id='word_1_183' title='bbox 314 2146 376 2179; x_wconf 89' lang='lat' dir='ltr'>qua</span> <span class='ocrx_word' id='word_1_184' title='bbox 401 2135 463 2179; x_wconf 90' lang='lat' dir='ltr'>piis</span> <span class='ocrx_word' id='word_1_185' title='bbox 490 2141 522 2169; x_wconf 88' lang='lat' dir='ltr'>et</span> <span class='ocrx_word' id='word_1_186' title='bbox 542 2136 834 2171; x_wconf 81' lang='lat' dir='ltr'>benemerentibus</span> <span class='ocrx_word' id='word_1_187' title='bbox 852 2140 952 2172; x_wconf 86' lang='lat' dir='ltr'>cccle-</span> 
     </span>
     <span class='ocr_line' id='line_1_40' title="bbox 211 2190 950 2235; baseline 0.004 -13"><span class='ocrx_word' id='word_1_188' title='bbox 211 2190 350 2222; x_wconf 88' lang='lat' dir='ltr'>siasticis</span> <span class='ocrx_word' id='word_1_189' title='bbox 376 2190 529 2233; x_wconf 88' lang='lat' dir='ltr'>personis</span> <span class='ocrx_word' id='word_1_190' title='bbox 554 2191 730 2233; x_wconf 79' lang='lat' dir='ltr'>gratificari</span> <span class='ocrx_word' id='word_1_191' title='bbox 756 2198 887 2235; x_wconf 83' lang='lat' dir='ltr'>queant,</span> <span class='ocrx_word' id='word_1_192' title='bbox 907 2193 950 2225; x_wconf 85' lang='lat' dir='ltr'>sa-</span> 
     </span>
     <span class='ocr_line' id='line_1_41' title="bbox 213 2243 950 2287; baseline 0.005 -12"><span class='ocrx_word' id='word_1_193' title='bbox 213 2243 363 2276; x_wconf 88' lang='lat' dir='ltr'>cultatem</span> <span class='ocrx_word' id='word_1_194' title='bbox 389 2243 642 2276; x_wconf 87' lang='lat' dir='ltr'>subministrare</span> <span class='ocrx_word' id='word_1_195' title='bbox 659 2245 841 2287; x_wconf 86' lang='lat' dir='ltr'>cupientes,</span> <span class='ocrx_word' id='word_1_196' title='bbox 861 2251 950 2279; x_wconf 87' lang='lat' dir='ltr'>motu</span> 
     </span>
     <span class='ocr_line' id='line_1_42' title="bbox 210 2296 949 2342; baseline 0.005 -14"><span class='ocrx_word' id='word_1_197' title='bbox 210 2296 366 2340; x_wconf 89' lang='lat' dir='ltr'>proprio,</span> <span class='ocrx_word' id='word_1_198' title='bbox 393 2302 425 2330; x_wconf 91' lang='lat' dir='ltr'>et</span> <span class='ocrx_word' id='word_1_199' title='bbox 449 2307 487 2330; x_wconf 81' lang='lat' dir='ltr'>ex</span> <span class='ocrx_word' id='word_1_200' title='bbox 522 2299 609 2330; x_wconf 73' lang='lat' dir='ltr'>certa</span> <span class='ocrx_word' id='word_1_201' title='bbox 635 2297 771 2331; x_wconf 78' lang='lat' dir='ltr'>scicntia</span> <span class='ocrx_word' id='word_1_202' title='bbox 795 2301 949 2342; x_wconf 77' lang='lat' dir='ltr'>moraque</span> 
     </span>
     <span class='ocr_line' id='line_1_43' title="bbox 210 2350 950 2396; baseline 0.004 -13"><span class='ocrx_word' id='word_1_203' title='bbox 210 2350 409 2383; x_wconf 87' lang='lat' dir='ltr'>liberalitate</span> <span class='ocrx_word' id='word_1_204' title='bbox 435 2351 571 2391; x_wconf 85' lang='lat' dir='ltr'>uostris,</span> <span class='ocrx_word' id='word_1_205' title='bbox 605 2351 711 2395; x_wconf 83' lang='lat' dir='ltr'>deque</span> <span class='ocrx_word' id='word_1_206' title='bbox 749 2353 950 2396; x_wconf 83' lang='lat' dir='ltr'>apostolicae</span> 
     </span>
     <span class='ocr_line' id='line_1_44' title="bbox 210 2403 952 2447; baseline 0.004 -11"><span class='ocrx_word' id='word_1_207' title='bbox 210 2403 382 2447; x_wconf 87' lang='lat' dir='ltr'>potestatis</span> <span class='ocrx_word' id='word_1_208' title='bbox 407 2404 623 2447; x_wconf 91' lang='lat' dir='ltr'>plenitudine,</span> <span class='ocrx_word' id='word_1_209' title='bbox 651 2405 757 2437; x_wconf 90' lang='lat' dir='ltr'>eidem</span> <span class='ocrx_word' id='word_1_210' title='bbox 783 2405 895 2439; x_wconf 84' lang='lat' dir='ltr'>loanni</span> <span class='ocrx_word' id='word_1_211' title='bbox 921 2413 952 2439; x_wconf 84' lang='lat' dir='ltr'>et</span> 
     </span>
     <span class='ocr_line' id='line_1_45' title="bbox 211 2457 951 2501; baseline 0.005 -12"><span class='ocrx_word' id='word_1_212' title='bbox 211 2467 271 2500; x_wconf 92' lang='lat' dir='ltr'>pro</span> <span class='ocrx_word' id='word_1_213' title='bbox 308 2462 454 2500; x_wconf 88' lang='lat' dir='ltr'>tempore</span> <span class='ocrx_word' id='word_1_214' title='bbox 491 2457 640 2491; x_wconf 82' lang='lat' dir='ltr'>existenti</span> <span class='ocrx_word' id='word_1_215' title='bbox 678 2459 894 2501; x_wconf 77' lang='lat' dir='ltr'>Portugalliae</span> <span class='ocrx_word' id='word_1_216' title='bbox 920 2465 951 2493; x_wconf 92' lang='lat' dir='ltr'>et</span> 
     </span>
     <span class='ocr_line' id='line_1_46' title="bbox 212 2502 950 2556; baseline 0.005 -14"><span class='ocrx_word' id='word_1_217' title='bbox 212 2510 439 2552; x_wconf 81' lang='lat' dir='ltr'>Algarbiorum</span> <span class='ocrx_word' id='word_1_218' title='bbox 456 2502 525 2553; x_wconf 80' lang='lat' dir='ltr'>regi</span> <span class='ocrx_word' id='word_1_219' title='bbox 541 2512 588 2543; x_wconf 92' lang='lat' dir='ltr'>ius</span> <span class='ocrx_word' id='word_1_220' title='bbox 602 2513 795 2554; x_wconf 73' lang='lat' dir='ltr'>patronatus</span> <span class='ocrx_word' id='word_1_221' title='bbox 815 2517 845 2546; x_wconf 87' lang='lat' dir='ltr'>ct</span> <span class='ocrx_word' id='word_1_222' title='bbox 863 2523 950 2556; x_wconf 84' lang='lat' dir='ltr'>prae-</span> 
     </span>
     <span class='ocr_line' id='line_1_47' title="bbox 212 2563 950 2599; baseline 0.003 -2"><span class='ocrx_word' id='word_1_223' title='bbox 212 2563 364 2597; x_wconf 82' lang='lat' dir='ltr'>sentandi</span> <span class='ocrx_word' id='word_1_224' title='bbox 401 2574 436 2597; x_wconf 83' lang='lat' dir='ltr'>ac</span> <span class='ocrx_word' id='word_1_225' title='bbox 473 2564 661 2598; x_wconf 88' lang='lat' dir='ltr'>nominandi</span> <span class='ocrx_word' id='word_1_226' title='bbox 699 2565 738 2598; x_wconf 84' lang='lat' dir='ltr'>ad</span> <span class='ocrx_word' id='word_1_227' title='bbox 776 2576 887 2599; x_wconf 84' lang='lat' dir='ltr'>omncs</span> <span class='ocrx_word' id='word_1_228' title='bbox 921 2571 950 2599; x_wconf 92' lang='lat' dir='ltr'>et</span> 
     </span>
    </p>
   </div>
   <div class='ocr_carea' id='block_1_4' title="bbox 23 1716 200 1770">
    <p class='ocr_par' dir='ltr' id='par_1_6' title="bbox 23 1716 200 1770">
     <span class='ocr_line' id='line_1_48' title="bbox 47 1716 200 1738; baseline 0 -2"><span class='ocrx_word' id='word_1_229' title='bbox 47 1716 158 1738; x_wconf 71' lang='lat' dir='ltr'>Cnncessio</span> <span class='ocrx_word' id='word_1_230' title='bbox 175 1717 200 1736; x_wconf 81' lang='lat' dir='ltr'>de</span> 
     </span>
     <span class='ocr_line' id='line_1_49' title="bbox 23 1743 200 1770; baseline -0.006 -5"><span class='ocrx_word' id='word_1_231' title='bbox 23 1749 63 1770; x_wconf 73' lang='lat' dir='ltr'>qua</span> <span class='ocrx_word' id='word_1_232' title='bbox 77 1743 96 1764; x_wconf 88' lang='lat' dir='ltr'>in</span> <span class='ocrx_word' id='word_1_233' title='bbox 107 1744 200 1765; x_wconf 73' lang='lat' dir='ltr'>rubrica.</span> 
     </span>
    </p>
   </div>
   <div class='ocr_carea' id='block_1_5' title="bbox 832 171 1120 195">
    <p class='ocr_par' dir='ltr' id='par_1_7' title="bbox 832 171 1120 195">
     <span class='ocr_line' id='line_1_50' title="bbox 832 171 1120 195; baseline -0.003 0"><span class='ocrx_word' id='word_1_234' title='bbox 832 171 973 195; x_wconf 85' lang='lat' dir='ltr'>CLEMENS</span> <span class='ocrx_word' id='word_1_235' title='bbox 1000 171 1046 195; x_wconf 80' lang='grc' dir='ltr'>ΧΠ</span> <span class='ocrx_word' id='word_1_236' title='bbox 1070 171 1120 195; x_wconf 85' lang='lat' dir='ltr'>PP.</span> 
     </span>
    </p>
   </div>
   <div class='ocr_carea' id='block_1_6' title="bbox 972 256 977 2498">
    <p class='ocr_par' dir='ltr' id='par_1_8' title="bbox 972 256 977 2498">
     <span class='ocr_line' id='line_1_51' title="bbox 972 256 977 2498; baseline 0 0"><span class='ocrx_word' id='word_1_237' title='bbox 972 256 977 2498; x_wconf 95' lang='lat' dir='ltr'> </span> 
     </span>
    </p>
   </div>
   <div class='ocr_carea' id='block_1_7' title="bbox 994 161 1929 2608">
    <p class='ocr_par' dir='ltr' id='par_1_9' title="bbox 994 161 1929 2608">
     <span class='ocr_line' id='line_1_52' title="bbox 1633 161 1929 198; baseline 0.014 -4"><span class='ocrx_word' id='word_1_238' title='bbox 1633 161 1697 195; x_wconf 76' lang='lat'>339</span> <span class='ocrx_word' id='word_1_239' title='bbox 1744 171 1929 198; x_wconf 74' lang='lat' dir='ltr'>An.c.1738</span> 
     </span>
     <span class='ocr_line' id='line_1_53' title="bbox 997 219 1734 263; baseline 0.001 -12"><span class='ocrx_word' id='word_1_240' title='bbox 997 219 1142 262; x_wconf 83' lang='lat' dir='ltr'>singulas</span> <span class='ocrx_word' id='word_1_241' title='bbox 1160 219 1382 263; x_wconf 75' lang='lat' dir='ltr'>insi-ascriptas</span> <span class='ocrx_word' id='word_1_242' title='bbox 1402 220 1588 263; x_wconf 79' lang='lat' dir='ltr'>dignitates,</span> <span class='ocrx_word' id='word_1_243' title='bbox 1610 230 1734 253; x_wconf 89' lang='lat' dir='ltr'>omnes-</span> 
     </span>
     <span class='ocr_line' id='line_1_54' title="bbox 997 273 1730 317; baseline 0.003 -14"><span class='ocrx_word' id='word_1_244' title='bbox 997 283 1057 315; x_wconf 87' lang='lat' dir='ltr'>que</span> <span class='ocrx_word' id='word_1_245' title='bbox 1084 279 1114 305; x_wconf 91' lang='lat' dir='ltr'>et</span> <span class='ocrx_word' id='word_1_246' title='bbox 1140 273 1286 316; x_wconf 79' lang='lat' dir='ltr'>singulos</span> <span class='ocrx_word' id='word_1_247' title='bbox 1311 274 1538 317; x_wconf 80' lang='lat' dir='ltr'>infrascriptos</span> <span class='ocrx_word' id='word_1_248' title='bbox 1564 274 1730 306; x_wconf 73' lang='lat' dir='ltr'>canonica-</span> 
     </span>
     <span class='ocr_line' id='line_1_55' title="bbox 998 326 1733 369; baseline 0.001 -12"><span class='ocrx_word' id='word_1_249' title='bbox 998 330 1046 358; x_wconf 91' lang='lat' dir='ltr'>tus</span> <span class='ocrx_word' id='word_1_250' title='bbox 1065 331 1096 358; x_wconf 90' lang='lat' dir='ltr'>et</span> <span class='ocrx_word' id='word_1_251' title='bbox 1112 326 1328 368; x_wconf 86' lang='lat' dir='ltr'>praebendas,</span> <span class='ocrx_word' id='word_1_252' title='bbox 1346 337 1406 359; x_wconf 86' lang='lat' dir='ltr'>nec</span> <span class='ocrx_word' id='word_1_253' title='bbox 1431 337 1494 360; x_wconf 89' lang='lat' dir='ltr'>non</span> <span class='ocrx_word' id='word_1_254' title='bbox 1520 326 1733 369; x_wconf 81' lang='lat' dir='ltr'>capellaniam</span> 
     </span>
     <span class='ocr_line' id='line_1_56' title="bbox 996 378 1733 422; baseline 0 -12"><span class='ocrx_word' id='word_1_255' title='bbox 996 378 1258 422; x_wconf 76' lang='lat' dir='ltr'>infrascriptam,</span> <span class='ocrx_word' id='word_1_256' title='bbox 1285 390 1321 412; x_wconf 87' lang='lat' dir='ltr'>ae</span> <span class='ocrx_word' id='word_1_257' title='bbox 1347 380 1497 413; x_wconf 86' lang='lat' dir='ltr'>dimidios</span> <span class='ocrx_word' id='word_1_258' title='bbox 1523 379 1733 412; x_wconf 79' lang='lat' dir='ltr'>canonicatus</span> 
     </span>
     <span class='ocr_line' id='line_1_57' title="bbox 997 432 1734 475; baseline 0.001 -12"><span class='ocrx_word' id='word_1_259' title='bbox 997 437 1027 464; x_wconf 90' lang='lat' dir='ltr'>et</span> <span class='ocrx_word' id='word_1_260' title='bbox 1053 432 1201 465; x_wconf 86' lang='lat' dir='ltr'>dimidias</span> <span class='ocrx_word' id='word_1_261' title='bbox 1227 433 1444 475; x_wconf 81' lang='lat' dir='ltr'>praebendas,</span> <span class='ocrx_word' id='word_1_262' title='bbox 1471 444 1529 466; x_wconf 87' lang='lat' dir='ltr'>nec</span> <span class='ocrx_word' id='word_1_263' title='bbox 1555 443 1617 465; x_wconf 89' lang='lat' dir='ltr'>non</span> <span class='ocrx_word' id='word_1_264' title='bbox 1646 442 1734 475; x_wconf 88' lang='lat' dir='ltr'>quar-</span> 
     </span>
     <span class='ocr_line' id='line_1_58' title="bbox 998 486 1736 529; baseline 0 -12"><span class='ocrx_word' id='word_1_265' title='bbox 998 486 1136 518; x_wconf 87' lang='lat' dir='ltr'>tanarias</span> <span class='ocrx_word' id='word_1_266' title='bbox 1161 486 1319 519; x_wconf 76' lang='lat' dir='ltr'>ecclesiae</span> <span class='ocrx_word' id='word_1_267' title='bbox 1345 487 1609 529; x_wconf 70' lang='lat' dir='ltr'>L‘tyssiponensis</span> <span class='ocrx_word' id='word_1_268' title='bbox 1631 486 1736 518; x_wconf 85' lang='lat' dir='ltr'>orien-</span> 
     </span>
     <span class='ocr_line' id='line_1_59' title="bbox 998 539 1736 582; baseline -0.001 -12"><span class='ocrx_word' id='word_1_269' title='bbox 998 539 1078 577; x_wconf 85' lang='lat' dir='ltr'>talis,</span> <span class='ocrx_word' id='word_1_270' title='bbox 1101 539 1139 571; x_wconf 85' lang='lat' dir='ltr'>ad</span> <span class='ocrx_word' id='word_1_271' title='bbox 1166 539 1370 572; x_wconf 82' lang='lat' dir='ltr'>decanatum¹</span> <span class='ocrx_word' id='word_1_272' title='bbox 1393 540 1562 580; x_wconf 71' lang='lat' dir='ltr'>videlicet,</span> <span class='ocrx_word' id='word_1_273' title='bbox 1582 539 1635 582; x_wconf 89' lang='lat' dir='ltr'>qui</span> <span class='ocrx_word' id='word_1_274' title='bbox 1663 543 1736 580; x_wconf 83' lang='lat' dir='ltr'>post</span> 
     </span>
     <span class='ocr_line' id='line_1_60' title="bbox 996 591 1736 633; baseline 0 -10"><span class='ocrx_word' id='word_1_275' title='bbox 996 591 1216 633; x_wconf 78' lang='lat' dir='ltr'>pontificalem</span> <span class='ocrx_word' id='word_1_276' title='bbox 1243 593 1368 631; x_wconf 88' lang='lat' dir='ltr'>maior,</span> <span class='ocrx_word' id='word_1_277' title='bbox 1395 603 1430 625; x_wconf 86' lang='lat' dir='ltr'>ac</span> <span class='ocrx_word' id='word_1_278' title='bbox 1456 593 1545 625; x_wconf 86' lang='lat' dir='ltr'>cuius</span> <span class='ocrx_word' id='word_1_279' title='bbox 1581 592 1669 624; x_wconf 86' lang='lat' dir='ltr'>mille</span> <span class='ocrx_word' id='word_1_280' title='bbox 1705 597 1736 623; x_wconf 82' lang='lat' dir='ltr'>et</span> 
     </span>
     <span class='ocr_line' id='line_1_61' title="bbox 997 643 1735 687; baseline 0.001 -12"><span class='ocrx_word' id='word_1_281' title='bbox 997 643 1141 687; x_wconf 88' lang='lat' dir='ltr'>quinque</span> <span class='ocrx_word' id='word_1_282' title='bbox 1168 645 1358 678; x_wconf 87' lang='lat' dir='ltr'>ducatorum</span> <span class='ocrx_word' id='word_1_283' title='bbox 1384 646 1453 678; x_wconf 89' lang='lat' dir='ltr'>auri</span> <span class='ocrx_word' id='word_1_284' title='bbox 1480 646 1519 678; x_wconf 86' lang='lat' dir='ltr'>dc</span> <span class='ocrx_word' id='word_1_285' title='bbox 1546 645 1679 678; x_wconf 62' lang='lat' dir='ltr'>Camerti</span> <span class='ocrx_word' id='word_1_286' title='bbox 1704 650 1735 677; x_wconf 87' lang='lat' dir='ltr'>et</span> 
     </span>
     <span class='ocr_line' id='line_1_62' title="bbox 996 697 1736 737; baseline 0 -8"><span class='ocrx_word' id='word_1_287' title='bbox 996 697 1148 730; x_wconf 89' lang='lat' dir='ltr'>iuliorum</span> <span class='ocrx_word' id='word_1_288' title='bbox 1174 699 1325 731; x_wconf 85' lang='lat' dir='ltr'>undecim</span> <span class='ocrx_word' id='word_1_289' title='bbox 1346 705 1496 731; x_wconf 85' lang='lat' dir='ltr'>monetae</span> <span class='ocrx_word' id='word_1_290' title='bbox 1518 708 1684 737; x_wconf 74' lang='lat' dir='ltr'>romanae‘,</span> <span class='ocrx_word' id='word_1_291' title='bbox 1705 704 1736 730; x_wconf 90' lang='lat' dir='ltr'>et</span> 
     </span>
     <span class='ocr_line' id='line_1_63' title="bbox 996 751 1735 795; baseline 0 -13"><span class='ocrx_word' id='word_1_292' title='bbox 996 751 1033 783; x_wconf 79' lang='lat' dir='ltr'>ad</span> <span class='ocrx_word' id='word_1_293' title='bbox 1060 756 1286 792; x_wconf 86' lang='lat' dir='ltr'>cantoratum,</span> <span class='ocrx_word' id='word_1_294' title='bbox 1314 752 1367 795; x_wconf 90' lang='lat' dir='ltr'>qui</span> <span class='ocrx_word' id='word_1_295' title='bbox 1394 752 1556 789; x_wconf 81' lang='lat' dir='ltr'>secunda,</span> <span class='ocrx_word' id='word_1_296' title='bbox 1583 764 1619 784; x_wconf 84' lang='lat' dir='ltr'>ac</span> <span class='ocrx_word' id='word_1_297' title='bbox 1644 751 1735 783; x_wconf 88' lang='lat' dir='ltr'>cuius</span> 
     </span>
     <span class='ocr_line' id='line_1_64' title="bbox 997 805 1737 848; baseline 0.003 -13"><span class='ocrx_word' id='word_1_298' title='bbox 997 805 1202 847; x_wconf 73' lang='lat' dir='ltr'>septuaginta</span> <span class='ocrx_word' id='word_1_299' title='bbox 1228 810 1258 837; x_wconf 91' lang='lat' dir='ltr'>et</span> <span class='ocrx_word' id='word_1_300' title='bbox 1284 805 1498 848; x_wconf 73' lang='lat' dir='ltr'>quadraginta</span> <span class='ocrx_word' id='word_1_301' title='bbox 1524 816 1579 837; x_wconf 79' lang='lat' dir='ltr'>sex</span> <span class='ocrx_word' id='word_1_302' title='bbox 1606 805 1737 837; x_wconf 79' lang='lat' dir='ltr'>ducato-</span> 
     </span>
     <span class='ocr_line' id='line_1_65' title="bbox 996 857 1736 890; baseline -0.001 -1"><span class='ocrx_word' id='word_1_303' title='bbox 996 867 1065 889; x_wconf 86' lang='lat' dir='ltr'>rum</span> <span class='ocrx_word' id='word_1_304' title='bbox 1103 857 1171 889; x_wconf 89' lang='lat' dir='ltr'>auri</span> <span class='ocrx_word' id='word_1_305' title='bbox 1209 857 1364 890; x_wconf 87' lang='lat' dir='ltr'>similium</span> <span class='ocrx_word' id='word_1_306' title='bbox 1400 863 1433 890; x_wconf 91' lang='lat' dir='ltr'>et</span> <span class='ocrx_word' id='word_1_307' title='bbox 1461 857 1615 890; x_wconf 89' lang='lat' dir='ltr'>iuliorum</span> <span class='ocrx_word' id='word_1_308' title='bbox 1641 857 1736 888; x_wconf 91' lang='lat' dir='ltr'>trium</span> 
     </span>
     <span class='ocr_line' id='line_1_66' title="bbox 998 910 1735 953; baseline 0 -12"><span class='ocrx_word' id='word_1_309' title='bbox 998 916 1146 942; x_wconf 85' lang='lat' dir='ltr'>monetae</span> <span class='ocrx_word' id='word_1_310' title='bbox 1165 910 1361 953; x_wconf 72' lang='lat' dir='ltr'>praedictae,</span> <span class='ocrx_word' id='word_1_311' title='bbox 1377 911 1415 943; x_wconf 86' lang='lat' dir='ltr'>ad</span> <span class='ocrx_word' id='word_1_312' title='bbox 1436 910 1735 943; x_wconf 84' lang='lat' dir='ltr'>archidiaconatum</span> 
     </span>
     <span class='ocr_line' id='line_1_67' title="bbox 997 962 1737 1007; baseline 0 -13"><span class='ocrx_word' id='word_1_313' title='bbox 997 962 1036 994; x_wconf 89' lang='lat' dir='ltr'>de</span> <span class='ocrx_word' id='word_1_314' title='bbox 1062 962 1202 995; x_wconf 83' lang='lat' dir='ltr'>Lisboua</span> <span class='ocrx_word' id='word_1_315' title='bbox 1226 969 1464 1007; x_wconf 83' lang='lat' dir='ltr'>nuncupatum,</span> <span class='ocrx_word' id='word_1_316' title='bbox 1491 963 1543 1006; x_wconf 89' lang='lat' dir='ltr'>qui</span> <span class='ocrx_word' id='word_1_317' title='bbox 1571 964 1674 1003; x_wconf 79' lang='lat' dir='ltr'>tertia,</span> <span class='ocrx_word' id='word_1_318' title='bbox 1701 973 1737 995; x_wconf 90' lang='lat' dir='ltr'>ac</span> 
     </span>
     <span class='ocr_line' id='line_1_68' title="bbox 997 1015 1737 1059; baseline -0.001 -11"><span class='ocrx_word' id='word_1_319' title='bbox 997 1015 1090 1048; x_wconf 83' lang='lat' dir='ltr'>cuius</span> <span class='ocrx_word' id='word_1_320' title='bbox 1117 1016 1377 1058; x_wconf 72' lang='lat' dir='ltr'>octingentorum</span> <span class='ocrx_word' id='word_1_321' title='bbox 1404 1022 1436 1049; x_wconf 88' lang='lat' dir='ltr'>et</span> <span class='ocrx_word' id='word_1_322' title='bbox 1461 1017 1628 1058; x_wconf 76' lang='lat' dir='ltr'>sexaginta</span> <span class='ocrx_word' id='word_1_323' title='bbox 1646 1016 1737 1059; x_wconf 89' lang='lat' dir='ltr'>quin-</span> 
     </span>
     <span class='ocr_line' id='line_1_69' title="bbox 998 1069 1737 1111; baseline 0.004 -12"><span class='ocrx_word' id='word_1_324' title='bbox 998 1079 1060 1111; x_wconf 85' lang='lat' dir='ltr'>que</span> <span class='ocrx_word' id='word_1_325' title='bbox 1081 1070 1271 1103; x_wconf 86' lang='lat' dir='ltr'>ducatorum</span> <span class='ocrx_word' id='word_1_326' title='bbox 1297 1070 1367 1102; x_wconf 87' lang='lat' dir='ltr'>auri</span> <span class='ocrx_word' id='word_1_327' title='bbox 1392 1070 1545 1103; x_wconf 86' lang='lat' dir='ltr'>similium</span> <span class='ocrx_word' id='word_1_328' title='bbox 1577 1075 1609 1102; x_wconf 88' lang='lat' dir='ltr'>et</span> <span class='ocrx_word' id='word_1_329' title='bbox 1643 1069 1737 1102; x_wconf 90' lang='lat' dir='ltr'>iulio-</span> 
     </span>
     <span class='ocr_line' id='line_1_70' title="bbox 998 1123 1737 1167; baseline 0.001 -13"><span class='ocrx_word' id='word_1_330' title='bbox 998 1133 1067 1155; x_wconf 90' lang='lat' dir='ltr'>rum</span> <span class='ocrx_word' id='word_1_331' title='bbox 1094 1123 1266 1156; x_wconf 86' lang='lat' dir='ltr'>duodecim</span> <span class='ocrx_word' id='word_1_332' title='bbox 1293 1129 1442 1156; x_wconf 87' lang='lat' dir='ltr'>monetae</span> <span class='ocrx_word' id='word_1_333' title='bbox 1462 1124 1645 1167; x_wconf 82' lang='lat' dir='ltr'>praedictae</span> <span class='ocrx_word' id='word_1_334' title='bbox 1664 1134 1737 1156; x_wconf 90' lang='lat' dir='ltr'>cum</span> 
     </span>
     <span class='ocr_line' id='line_1_71' title="bbox 997 1175 1737 1217; baseline 0.001 -10"><span class='ocrx_word' id='word_1_335' title='bbox 997 1175 1131 1209; x_wconf 84' lang='lat' dir='ltr'>dimidio</span> <span class='ocrx_word' id='word_1_336' title='bbox 1157 1176 1288 1210; x_wconf 85' lang='lat' dir='ltr'>alterius</span> <span class='ocrx_word' id='word_1_337' title='bbox 1313 1176 1381 1209; x_wconf 89' lang='lat' dir='ltr'>iulii</span> <span class='ocrx_word' id='word_1_338' title='bbox 1401 1177 1527 1217; x_wconf 88' lang='lat' dir='ltr'>similis;</span> <span class='ocrx_word' id='word_1_339' title='bbox 1545 1182 1575 1209; x_wconf 87' lang='lat' dir='ltr'>et</span> <span class='ocrx_word' id='word_1_340' title='bbox 1600 1177 1638 1209; x_wconf 88' lang='lat' dir='ltr'>ad</span> <span class='ocrx_word' id='word_1_341' title='bbox 1666 1177 1737 1208; x_wconf 85' lang='lat' dir='ltr'>the-</span> 
     </span>
     <span class='ocr_line' id='line_1_72' title="bbox 997 1229 1736 1273; baseline 0.003 -13"><span class='ocrx_word' id='word_1_342' title='bbox 997 1229 1209 1262; x_wconf 86' lang='lat' dir='ltr'>saurariatum</span> <span class='ocrx_word' id='word_1_343' title='bbox 1247 1230 1424 1270; x_wconf 83' lang='lat' dir='ltr'>maiorem,</span> <span class='ocrx_word' id='word_1_344' title='bbox 1451 1230 1505 1273; x_wconf 88' lang='lat' dir='ltr'>qui</span> <span class='ocrx_word' id='word_1_345' title='bbox 1543 1235 1675 1273; x_wconf 84' lang='lat' dir='ltr'>quarta,</span> <span class='ocrx_word' id='word_1_346' title='bbox 1702 1240 1736 1262; x_wconf 83' lang='lat' dir='ltr'>ac</span> 
     </span>
     <span class='ocr_line' id='line_1_73' title="bbox 997 1282 1738 1327; baseline 0.001 -12"><span class='ocrx_word' id='word_1_347' title='bbox 997 1282 1087 1315; x_wconf 84' lang='lat' dir='ltr'>cuius</span> <span class='ocrx_word' id='word_1_348' title='bbox 1114 1282 1253 1316; x_wconf 83' lang='lat' dir='ltr'>aliorum</span> <span class='ocrx_word' id='word_1_349' title='bbox 1280 1290 1505 1317; x_wconf 72' lang='lat' dir='ltr'>sexcentorum</span> <span class='ocrx_word' id='word_1_350' title='bbox 1542 1289 1573 1317; x_wconf 88' lang='lat' dir='ltr'>et</span> <span class='ocrx_word' id='word_1_351' title='bbox 1598 1284 1738 1327; x_wconf 83' lang='lat' dir='ltr'>quadra-</span> 
     </span>
     <span class='ocr_line' id='line_1_74' title="bbox 996 1335 1737 1379; baseline 0.001 -12"><span class='ocrx_word' id='word_1_352' title='bbox 996 1335 1086 1377; x_wconf 79' lang='lat' dir='ltr'>ginta</span> <span class='ocrx_word' id='word_1_353' title='bbox 1100 1336 1243 1379; x_wconf 86' lang='lat' dir='ltr'>quinque</span> <span class='ocrx_word' id='word_1_354' title='bbox 1258 1336 1448 1369; x_wconf 82' lang='lat' dir='ltr'>ducatorum</span> <span class='ocrx_word' id='word_1_355' title='bbox 1463 1338 1532 1370; x_wconf 88' lang='lat' dir='ltr'>auri</span> <span class='ocrx_word' id='word_1_356' title='bbox 1553 1337 1591 1369; x_wconf 87' lang='lat' dir='ltr'>de</span> <span class='ocrx_word' id='word_1_357' title='bbox 1607 1337 1737 1370; x_wconf 73' lang='lat' dir='ltr'>Camcra</span> 
     </span>
     <span class='ocr_line' id='line_1_75' title="bbox 997 1389 1738 1423; baseline 0.004 -4"><span class='ocrx_word' id='word_1_358' title='bbox 997 1389 1186 1422; x_wconf 85' lang='lat' dir='ltr'>huiusmodi</span> <span class='ocrx_word' id='word_1_359' title='bbox 1224 1395 1255 1422; x_wconf 87' lang='lat' dir='ltr'>et</span> <span class='ocrx_word' id='word_1_360' title='bbox 1293 1389 1444 1423; x_wconf 87' lang='lat' dir='ltr'>iuliorum</span> <span class='ocrx_word' id='word_1_361' title='bbox 1473 1390 1644 1423; x_wconf 84' lang='lat' dir='ltr'>duodecim</span> <span class='ocrx_word' id='word_1_362' title='bbox 1671 1401 1738 1423; x_wconf 88' lang='lat' dir='ltr'>mo-</span> 
     </span>
     <span class='ocr_line' id='line_1_76' title="bbox 995 1442 1737 1485; baseline 0.001 -11"><span class='ocrx_word' id='word_1_363' title='bbox 995 1447 1088 1475; x_wconf 87' lang='lat' dir='ltr'>netae</span> <span class='ocrx_word' id='word_1_364' title='bbox 1114 1442 1302 1485; x_wconf 82' lang='lat' dir='ltr'>praedictae</span> <span class='ocrx_word' id='word_1_365' title='bbox 1335 1454 1407 1476; x_wconf 89' lang='lat' dir='ltr'>cum</span> <span class='ocrx_word' id='word_1_366' title='bbox 1435 1443 1570 1477; x_wconf 87' lang='lat' dir='ltr'>dimidio</span> <span class='ocrx_word' id='word_1_367' title='bbox 1603 1444 1737 1476; x_wconf 87' lang='lat' dir='ltr'>alterius</span> 
     </span>
     <span class='ocr_line' id='line_1_77' title="bbox 996 1494 1737 1536; baseline 0.004 -10"><span class='ocrx_word' id='word_1_368' title='bbox 996 1494 1063 1527; x_wconf 86' lang='lat' dir='ltr'>iulii</span> <span class='ocrx_word' id='word_1_369' title='bbox 1091 1495 1222 1536; x_wconf 70' lang='lat' dir='ltr'>similis,</span> <span class='ocrx_word' id='word_1_370' title='bbox 1250 1502 1280 1528; x_wconf 93' lang='lat' dir='ltr'>et</span> <span class='ocrx_word' id='word_1_371' title='bbox 1303 1497 1341 1529; x_wconf 87' lang='lat' dir='ltr'>ad</span> <span class='ocrx_word' id='word_1_372' title='bbox 1368 1497 1672 1530; x_wconf 78' lang='lat' dir='ltr'>archidiaconatum</span> <span class='ocrx_word' id='word_1_373' title='bbox 1699 1497 1737 1529; x_wconf 84' lang='lat' dir='ltr'>de</span> 
     </span>
     <span class='ocr_line' id='line_1_78' title="bbox 995 1548 1736 1593; baseline 0.001 -12"><span class='ocrx_word' id='word_1_374' title='bbox 995 1548 1161 1581; x_wconf 84' lang='lat' dir='ltr'>Santarcm</span> <span class='ocrx_word' id='word_1_375' title='bbox 1188 1550 1370 1592; x_wconf 74' lang='lat' dir='ltr'>respective</span> <span class='ocrx_word' id='word_1_376' title='bbox 1397 1556 1618 1593; x_wconf 71' lang='lat' dir='ltr'>nuncupatum</span> <span class='ocrx_word' id='word_1_377' title='bbox 1639 1577 1646 1589; x_wconf 93' lang='lat'>‚</span> <span class='ocrx_word' id='word_1_378' title='bbox 1683 1550 1736 1593; x_wconf 89' lang='lat' dir='ltr'>qui</span> 
     </span>
     <span class='ocr_line' id='line_1_79' title="bbox 996 1601 1737 1647; baseline 0.004 -14"><span class='ocrx_word' id='word_1_379' title='bbox 996 1601 1119 1644; x_wconf 80' lang='lat' dir='ltr'>quinta,</span> <span class='ocrx_word' id='word_1_380' title='bbox 1146 1613 1181 1635; x_wconf 85' lang='lat' dir='ltr'>ac</span> <span class='ocrx_word' id='word_1_381' title='bbox 1206 1603 1297 1635; x_wconf 80' lang='lat' dir='ltr'>cuius</span> <span class='ocrx_word' id='word_1_382' title='bbox 1325 1603 1579 1646; x_wconf 78' lang='lat' dir='ltr'>quingentorum</span> <span class='ocrx_word' id='word_1_383' title='bbox 1607 1609 1636 1636; x_wconf 93' lang='lat' dir='ltr'>ct</span> <span class='ocrx_word' id='word_1_384' title='bbox 1664 1614 1737 1647; x_wconf 82' lang='lat' dir='ltr'>scp-</span> 
     </span>
     <span class='ocr_line' id='line_1_80' title="bbox 996 1654 1739 1697; baseline 0.004 -11"><span class='ocrx_word' id='word_1_385' title='bbox 996 1654 1142 1697; x_wconf 73' lang='lat' dir='ltr'>tuaginta</span> <span class='ocrx_word' id='word_1_386' title='bbox 1167 1656 1264 1688; x_wconf 83' lang='lat' dir='ltr'>unius</span> <span class='ocrx_word' id='word_1_387' title='bbox 1290 1656 1481 1690; x_wconf 84' lang='lat' dir='ltr'>ducatorum</span> <span class='ocrx_word' id='word_1_388' title='bbox 1508 1658 1576 1689; x_wconf 88' lang='lat' dir='ltr'>auri</span> <span class='ocrx_word' id='word_1_389' title='bbox 1608 1658 1647 1690; x_wconf 90' lang='lat' dir='ltr'>de</span> <span class='ocrx_word' id='word_1_390' title='bbox 1683 1657 1739 1690; x_wconf 84' lang='lat' dir='ltr'>Ca-</span> 
     </span>
     <span class='ocr_line' id='line_1_81' title="bbox 995 1708 1738 1754; baseline 0.004 -14"><span class='ocrx_word' id='word_1_391' title='bbox 995 1710 1083 1740; x_wconf 70' lang='lat' dir='ltr'>mcra</span> <span class='ocrx_word' id='word_1_392' title='bbox 1121 1708 1308 1742; x_wconf 84' lang='lat' dir='ltr'>huiusmodi</span> <span class='ocrx_word' id='word_1_393' title='bbox 1350 1715 1380 1742; x_wconf 88' lang='lat' dir='ltr'>et</span> <span class='ocrx_word' id='word_1_394' title='bbox 1419 1710 1576 1743; x_wconf 76' lang='lat' dir='ltr'>juliorum</span> <span class='ocrx_word' id='word_1_395' title='bbox 1613 1716 1738 1754; x_wconf 84' lang='lat' dir='ltr'>septem</span> 
     </span>
     <span class='ocr_line' id='line_1_82' title="bbox 995 1763 1738 1805; baseline 0.004 -12"><span class='ocrx_word' id='word_1_396' title='bbox 995 1767 1144 1795; x_wconf 87' lang='lat' dir='ltr'>monetae</span> <span class='ocrx_word' id='word_1_397' title='bbox 1170 1763 1355 1805; x_wconf 83' lang='lat' dir='ltr'>praedictae</span> <span class='ocrx_word' id='word_1_398' title='bbox 1382 1774 1454 1797; x_wconf 90' lang='lat' dir='ltr'>cum</span> <span class='ocrx_word' id='word_1_399' title='bbox 1489 1764 1625 1797; x_wconf 87' lang='lat' dir='ltr'>dimidio</span> <span class='ocrx_word' id='word_1_400' title='bbox 1659 1766 1738 1797; x_wconf 85' lang='lat' dir='ltr'>alte-</span> 
     </span>
     <span class='ocr_line' id='line_1_83' title="bbox 996 1815 1736 1858; baseline 0.005 -12"><span class='ocrx_word' id='word_1_401' title='bbox 996 1815 1063 1847; x_wconf 84' lang='lat' dir='ltr'>rius</span> <span class='ocrx_word' id='word_1_402' title='bbox 1090 1815 1160 1848; x_wconf 90' lang='lat' dir='ltr'>iulii</span> <span class='ocrx_word' id='word_1_403' title='bbox 1198 1816 1331 1856; x_wconf 87' lang='lat' dir='ltr'>similis;</span> <span class='ocrx_word' id='word_1_404' title='bbox 1365 1821 1396 1849; x_wconf 86' lang='lat' dir='ltr'>et</span> <span class='ocrx_word' id='word_1_405' title='bbox 1421 1817 1460 1849; x_wconf 89' lang='lat' dir='ltr'>ad</span> <span class='ocrx_word' id='word_1_406' title='bbox 1486 1817 1736 1858; x_wconf 58' lang='lat' dir='ltr'>scl‘iolastriam,</span> 
     </span>
     <span class='ocr_line' id='line_1_84' title="bbox 996 1870 1736 1914; baseline 0.005 -14"><span class='ocrx_word' id='word_1_407' title='bbox 996 1879 1077 1912; x_wconf 89' lang='lat' dir='ltr'>quae</span> <span class='ocrx_word' id='word_1_408' title='bbox 1105 1874 1217 1909; x_wconf 76' lang='lat' dir='ltr'>sexta,</span> <span class='ocrx_word' id='word_1_409' title='bbox 1244 1880 1279 1902; x_wconf 89' lang='lat' dir='ltr'>ac</span> <span class='ocrx_word' id='word_1_410' title='bbox 1304 1870 1393 1902; x_wconf 86' lang='lat' dir='ltr'>cuius</span> <span class='ocrx_word' id='word_1_411' title='bbox 1420 1871 1736 1914; x_wconf 79' lang='lat' dir='ltr'>quadringentorum</span> 
     </span>
     <span class='ocr_line' id='line_1_85' title="bbox 996 1922 1737 1964; baseline 0.005 -10"><span class='ocrx_word' id='word_1_412' title='bbox 996 1928 1027 1955; x_wconf 89' lang='lat' dir='ltr'>et</span> <span class='ocrx_word' id='word_1_413' title='bbox 1052 1922 1166 1964; x_wconf 75' lang='lat' dir='ltr'>viginti</span> <span class='ocrx_word' id='word_1_414' title='bbox 1192 1923 1331 1956; x_wconf 89' lang='lat' dir='ltr'>duorum</span> <span class='ocrx_word' id='word_1_415' title='bbox 1363 1923 1554 1956; x_wconf 85' lang='lat' dir='ltr'>ducatorum</span> <span class='ocrx_word' id='word_1_416' title='bbox 1592 1924 1661 1956; x_wconf 89' lang='lat' dir='ltr'>auri</span> <span class='ocrx_word' id='word_1_417' title='bbox 1699 1925 1737 1958; x_wconf 82' lang='lat' dir='ltr'>de</span> 
     </span>
     <span class='ocr_line' id='line_1_86' title="bbox 996 1975 1738 2021; baseline 0.003 -13"><span class='ocrx_word' id='word_1_418' title='bbox 996 1975 1128 2008; x_wconf 61' lang='lat' dir='ltr'>Camerti</span> <span class='ocrx_word' id='word_1_419' title='bbox 1154 1976 1338 2009; x_wconf 86' lang='lat' dir='ltr'>huiusmodi</span> <span class='ocrx_word' id='word_1_420' title='bbox 1361 1981 1392 2009; x_wconf 81' lang='lat' dir='ltr'>et</span> <span class='ocrx_word' id='word_1_421' title='bbox 1418 1977 1573 2010; x_wconf 89' lang='lat' dir='ltr'>iuliorum</span> <span class='ocrx_word' id='word_1_422' title='bbox 1593 1978 1738 2021; x_wconf 88' lang='lat' dir='ltr'>quinque</span> 
     </span>
     <span class='ocr_line' id='line_1_87' title="bbox 996 2030 1738 2072; baseline 0.004 -11"><span class='ocrx_word' id='word_1_423' title='bbox 996 2035 1147 2062; x_wconf 85' lang='lat' dir='ltr'>monetae</span> <span class='ocrx_word' id='word_1_424' title='bbox 1177 2030 1388 2072; x_wconf 79' lang='lat' dir='ltr'>praedictae;</span> <span class='ocrx_word' id='word_1_425' title='bbox 1417 2036 1447 2063; x_wconf 89' lang='lat' dir='ltr'>et</span> <span class='ocrx_word' id='word_1_426' title='bbox 1473 2031 1511 2064; x_wconf 87' lang='lat' dir='ltr'>ad</span> <span class='ocrx_word' id='word_1_427' title='bbox 1538 2031 1738 2064; x_wconf 84' lang='lat' dir='ltr'>archidiaco-</span> 
     </span>
     <span class='ocr_line' id='line_1_88' title="bbox 996 2082 1736 2128; baseline 0.003 -14"><span class='ocrx_word' id='word_1_428' title='bbox 996 2088 1105 2115; x_wconf 84' lang='lat' dir='ltr'>natum</span> <span class='ocrx_word' id='word_1_429' title='bbox 1142 2082 1228 2115; x_wconf 79' lang='lat' dir='ltr'>della</span> <span class='ocrx_word' id='word_1_430' title='bbox 1264 2088 1350 2116; x_wconf 77' lang='lat' dir='ltr'>[erza</span> <span class='ocrx_word' id='word_1_431' title='bbox 1384 2083 1473 2116; x_wconf 76' lang='lat' dir='ltr'>seclia</span> <span class='ocrx_word' id='word_1_432' title='bbox 1498 2089 1736 2128; x_wconf 84' lang='lat' dir='ltr'>nuncupatum,</span> 
     </span>
     <span class='ocr_line' id='line_1_89' title="bbox 996 2136 1739 2180; baseline 0.003 -12"><span class='ocrx_word' id='word_1_433' title='bbox 996 2137 1049 2180; x_wconf 88' lang='lat' dir='ltr'>qui</span> <span class='ocrx_word' id='word_1_434' title='bbox 1075 2136 1231 2180; x_wconf 86' lang='lat' dir='ltr'>septima,</span> <span class='ocrx_word' id='word_1_435' title='bbox 1257 2147 1293 2170; x_wconf 88' lang='lat' dir='ltr'>ac</span> <span class='ocrx_word' id='word_1_436' title='bbox 1329 2137 1418 2170; x_wconf 86' lang='lat' dir='ltr'>cuius</span> <span class='ocrx_word' id='word_1_437' title='bbox 1444 2143 1670 2171; x_wconf 77' lang='lat' dir='ltr'>sexcentorum</span> <span class='ocrx_word' id='word_1_438' title='bbox 1708 2144 1739 2171; x_wconf 84' lang='lat' dir='ltr'>ct</span> 
     </span>
     <span class='ocr_line' id='line_1_90' title="bbox 996 2190 1738 2233; baseline 0.003 -12"><span class='ocrx_word' id='word_1_439' title='bbox 996 2190 1230 2233; x_wconf 79' lang='lat' dir='ltr'>quinquaginta</span> <span class='ocrx_word' id='word_1_440' title='bbox 1268 2195 1340 2223; x_wconf 92' lang='lat' dir='ltr'>octo</span> <span class='ocrx_word' id='word_1_441' title='bbox 1378 2191 1568 2224; x_wconf 86' lang='lat' dir='ltr'>ducatorum</span> <span class='ocrx_word' id='word_1_442' title='bbox 1603 2191 1672 2223; x_wconf 88' lang='lat' dir='ltr'>auri</span> <span class='ocrx_word' id='word_1_443' title='bbox 1699 2192 1738 2223; x_wconf 81' lang='lat' dir='ltr'>si-</span> 
     </span>
     <span class='ocr_line' id='line_1_91' title="bbox 995 2242 1735 2287; baseline 0 -12"><span class='ocrx_word' id='word_1_444' title='bbox 995 2242 1120 2276; x_wconf 91' lang='lat' dir='ltr'>milium</span> <span class='ocrx_word' id='word_1_445' title='bbox 1157 2248 1188 2276; x_wconf 87' lang='lat' dir='ltr'>et</span> <span class='ocrx_word' id='word_1_446' title='bbox 1225 2242 1378 2276; x_wconf 87' lang='lat' dir='ltr'>iuliorum</span> <span class='ocrx_word' id='word_1_447' title='bbox 1418 2244 1561 2287; x_wconf 87' lang='lat' dir='ltr'>quinque</span> <span class='ocrx_word' id='word_1_448' title='bbox 1587 2249 1735 2276; x_wconf 70' lang='lat' dir='ltr'>monetae</span> 
     </span>
     <span class='ocr_line' id='line_1_92' title="bbox 995 2296 1737 2340; baseline 0.001 -12"><span class='ocrx_word' id='word_1_449' title='bbox 995 2296 1206 2339; x_wconf 85' lang='lat' dir='ltr'>praedictae;</span> <span class='ocrx_word' id='word_1_450' title='bbox 1242 2302 1274 2329; x_wconf 89' lang='lat' dir='ltr'>et</span> <span class='ocrx_word' id='word_1_451' title='bbox 1299 2297 1337 2329; x_wconf 87' lang='lat' dir='ltr'>ad</span> <span class='ocrx_word' id='word_1_452' title='bbox 1364 2297 1714 2340; x_wconf 64' lang='lat' dir='ltr'>arcliiprcsbytcratum</span> <span class='ocrx_word' id='word_1_453' title='bbox 1730 2323 1737 2337; x_wconf 82' lang='lat'>,</span> 
     </span>
     <span class='ocr_line' id='line_1_93' title="bbox 995 2350 1734 2393; baseline 0.001 -12"><span class='ocrx_word' id='word_1_454' title='bbox 995 2350 1048 2393; x_wconf 90' lang='lat' dir='ltr'>qui</span> <span class='ocrx_word' id='word_1_455' title='bbox 1077 2355 1190 2383; x_wconf 78' lang='lat' dir='ltr'>octava</span> <span class='ocrx_word' id='word_1_456' title='bbox 1227 2350 1308 2382; x_wconf 86' lang='lat' dir='ltr'>inibi</span> <span class='ocrx_word' id='word_1_457' title='bbox 1344 2350 1522 2393; x_wconf 77' lang='lat' dir='ltr'>respectire</span> <span class='ocrx_word' id='word_1_458' title='bbox 1560 2350 1734 2392; x_wconf 79' lang='lat' dir='ltr'>dignitates</span> 
     </span>
     <span class='ocr_line' id='line_1_94' title="bbox 995 2403 1734 2446; baseline -0.003 -11"><span class='ocrx_word' id='word_1_459' title='bbox 995 2403 1146 2443; x_wconf 79' lang='lat' dir='ltr'>existunt,</span> <span class='ocrx_word' id='word_1_460' title='bbox 1173 2414 1209 2436; x_wconf 87' lang='lat' dir='ltr'>ac</span> <span class='ocrx_word' id='word_1_461' title='bbox 1236 2403 1325 2436; x_wconf 85' lang='lat' dir='ltr'>cuius</span> <span class='ocrx_word' id='word_1_462' title='bbox 1352 2403 1603 2446; x_wconf 68' lang='lat' dir='ltr'>quingentorum</span> <span class='ocrx_word' id='word_1_463' title='bbox 1631 2408 1659 2435; x_wconf 89' lang='lat' dir='ltr'>ct</span> <span class='ocrx_word' id='word_1_464' title='bbox 1686 2414 1734 2434; x_wconf 78' lang='lat' dir='ltr'>se-</span> 
     </span>
     <span class='ocr_line' id='line_1_95' title="bbox 995 2456 1735 2499; baseline 0 -11"><span class='ocrx_word' id='word_1_465' title='bbox 995 2456 1163 2499; x_wconf 62' lang='lat' dir='ltr'>ptuaginta</span> <span class='ocrx_word' id='word_1_466' title='bbox 1189 2467 1305 2490; x_wconf 80' lang='lat' dir='ltr'>norem</span> <span class='ocrx_word' id='word_1_467' title='bbox 1332 2457 1524 2489; x_wconf 83' lang='lat' dir='ltr'>ducatorum</span> <span class='ocrx_word' id='word_1_468' title='bbox 1551 2456 1619 2489; x_wconf 85' lang='lat' dir='ltr'>auri</span> <span class='ocrx_word' id='word_1_469' title='bbox 1646 2456 1735 2488; x_wconf 80' lang='lat' dir='ltr'>simi-</span> 
     </span>
     <span class='ocr_line' id='line_1_96' title="bbox 994 2510 1735 2553; baseline 0 -11"><span class='ocrx_word' id='word_1_470' title='bbox 994 2510 1072 2543; x_wconf 90' lang='lat' dir='ltr'>lium</span> <span class='ocrx_word' id='word_1_471' title='bbox 1099 2516 1131 2544; x_wconf 90' lang='lat' dir='ltr'>ct</span> <span class='ocrx_word' id='word_1_472' title='bbox 1157 2511 1308 2543; x_wconf 85' lang='lat' dir='ltr'>iuliorum</span> <span class='ocrx_word' id='word_1_473' title='bbox 1335 2516 1456 2553; x_wconf 66' lang='lat' dir='ltr'>septem</span> <span class='ocrx_word' id='word_1_474' title='bbox 1476 2515 1625 2543; x_wconf 68' lang='lat' dir='ltr'>moneta«¹</span> <span class='ocrx_word' id='word_1_475' title='bbox 1647 2520 1735 2552; x_wconf 79' lang='lat' dir='ltr'>prae-</span> 
     </span>
     <span class='ocr_line' id='line_1_97' title="bbox 1031 2572 1692 2608; baseline 0 -9"><span class='ocrx_word' id='word_1_476' title='bbox 1031 2575 1041 2599; x_wconf 78' lang='lat' dir='ltr'>l</span> <span class='ocrx_word' id='word_1_477' title='bbox 1066 2572 1136 2600; x_wconf 74' lang='lat' dir='ltr'>Eclit.</span> <span class='ocrx_word' id='word_1_478' title='bbox 1158 2572 1237 2600; x_wconf 81' lang='lat' dir='ltr'>Main.</span> <span class='ocrx_word' id='word_1_479' title='bbox 1259 2573 1322 2608; x_wconf 77' lang='lat' dir='ltr'>legit</span> <span class='ocrx_word' id='word_1_480' title='bbox 1341 2575 1364 2600; x_wconf 65' lang='lat' dir='ltr'>rt</span> <span class='ocrx_word' id='word_1_481' title='bbox 1387 2574 1563 2599; x_wconf 71' lang='lat' dir='ltr'>llecctnatum</span> <span class='ocrx_word' id='word_1_482' title='bbox 1583 2575 1623 2604; x_wconf 83' lang='lat' dir='ltr'>(u.</span> <span class='ocrx_word' id='word_1_483' title='bbox 1642 2574 1692 2607; x_wconf 81' lang='grc' dir='ltr'>Τ.),</span> 
     </span>
    </p>
   </div>
  </div>
 </body>
</html>
