2232 3178
267 207 313 234 Αη.
331 206 359 234 c.
384 206 450 234 1734
495 196 537 230 90

457 255 585 297 phonae
610 253 703 287 Salve
728 252 851 295 Reqina
875 251 953 284 inibi
980 251 1100 295 pariter
1131 251 1191 284 sin-

458 308 542 349 gulis
568 306 642 340 anni
669 306 781 339 diebus
801 305 963 338 decantari
983 315 1039 338 seu
1062 304 1190 338 recitari

458 361 570 393 solitae
589 359 768 402 respective
788 358 899 391 devote
919 357 1139 397 interfuerint,
1162 362 1193 389 et

459 424 516 457 pro
541 414 571 446 S.
593 414 630 445 tt.
658 413 691 445 E.
720 411 924 451 exaltatione,
949 412 1119 444 haeresum
1145 422 1193 443 ex-

460 466 651 508 tirpatione,
690 465 927 497 haereticorum
954 469 986 497 et
1011 462 1192 496 infidelium

459 519 680 557 conversione,
708 529 744 551 ac
770 518 853 550 inter
878 517 1070 550 christianos
1106 517 1194 560 prin-

458 571 545 613 cipes
572 569 776 603 concilianda
795 575 826 603 ct
847 570 984 603 fovenda
1010 579 1098 612 pace,
1117 579 1194 601 con-

457 624 566 657 cordia
591 629 621 656 et
647 623 776 662 unione,
803 633 838 656 ac
863 634 921 665 pro
959 628 1102 666 ternpore
1129 622 1194 654 exi-

458 677 571 709 stentis
598 676 733 710 Romani
758 677 920 709 Pontiticis
939 677 1050 715 salute,
1069 675 1137 719 pias
1154 675 1193 708 ad

456 729 555 762 Deum
582 739 694 772 preces
720 728 914 769 effuderint,
940 739 975 762 ac
1008 728 1061 771 qui
1088 728 1194 761 eccle-

457 783 518 816 sias
543 783 672 816 Ordinis
698 782 884 815 huiusmodi
911 782 942 815 in
969 792 1078 816 earum
1105 782 1194 814 dedi-

457 836 618 870 cationum
638 835 647 852 ¹
683 836 860 879 respective
899 836 1012 869 diebus
1039 846 1055 868 a
1080 835 1195 878 primis

457 889 601 932 vesperis
623 900 726 933 usque
745 889 783 921 ad
805 899 953 922 occasum
973 889 1050 921 solis
1070 889 1194 921 dierum

457 942 662 981 huiusmodi,
701 952 844 983 necnon,
882 952 953 975 vere
991 941 1194 985 poenitentes

457 1000 488 1027 et
512 995 670 1035 confessi,
695 995 830 1037 singulis
856 995 980 1028 sabbati
1007 995 1120 1028 diebus
1146 1005 1194 1028 re-

457 1049 597 1090 spective
619 1049 713 1081 etiam
740 1048 853 1081 devote
891 1048 1108 1089 visitaverint,
1136 1048 1196 1081 ini-

457 1101 575 1145 bique,
601 1107 636 1133 ut
659 1111 777 1145 supra,
804 1101 985 1142 oraverint,
1010 1101 1138 1145 quoties
1163 1101 1194 1134 id

458 1154 586 1197 egerint
612 1154 789 1197 respective
815 1160 945 1188 centum
971 1155 1055 1195 dies,
1082 1161 1114 1188 et
1138 1155 1197 1188 eis-

458 1209 532 1242 dem
565 1208 731 1251 utriusque
768 1217 862 1241 sexus
901 1208 1193 1249 christifidelibus,

458 1261 555 1294 etiam
591 1272 666 1295 vere
702 1261 951 1305 poenitentibus
976 1267 1008 1294 et
1032 1261 1194 1295 confessis

458 1324 494 1346 ac
519 1316 609 1347 sacra
645 1315 874 1348 communione
912 1315 1060 1355 refectis,
1087 1314 1140 1358 qui
1179 1326 1197 1348 a

458 1367 623 1401 dominica
649 1367 910 1411 Septuagesimae
935 1379 1036 1412 usque
1070 1369 1108 1402 ad
1142 1369 1195 1402 do-

458 1420 610 1453 minicam
636 1420 819 1454 Palmarum
844 1421 1002 1455 inclusive
1036 1423 1138 1455 semel
1164 1422 1196 1455 in

459 1483 656 1517 unoquoque
682 1474 733 1507 die
752 1474 871 1517 septies
889 1475 1067 1508 orationem
1094 1475 1198 1508 domi-

459 1526 563 1560 nicam
590 1538 627 1560 ac
651 1526 745 1560 toties
770 1528 999 1561 salutationem
1017 1528 1197 1571 angelicam

458 1580 618 1624 praefatas
643 1581 826 1621 recitantes,
845 1592 882 1614 ac
903 1582 985 1615 feria
1010 1591 1040 1614 1v
1064 1581 1198 1615 maioris

458 1633 705 1673 hebdomadae,
733 1634 812 1667 feria
836 1645 854 1668 v
879 1635 911 1668 in
938 1634 1046 1668 Coena
1072 1634 1196 1668 Domini

460 1691 491 1719 et
515 1686 595 1720 seria
619 1698 649 1720 VI
675 1687 708 1720 in
734 1687 911 1721 Parasceve
947 1698 1019 1721 cum
1056 1689 1199 1721 eleemo-

460 1749 558 1783 synae
583 1739 826 1784 impartitione,
862 1746 894 1774 et
930 1741 1066 1784 singulis
1094 1741 1197 1775 tertiis

460 1792 630 1826 cuiuslibet
654 1793 775 1826 mensis
803 1793 901 1834 feriis,
928 1794 1071 1838 exceptis
1091 1800 1199 1828 tamen

460 1845 535 1886 illis,
562 1857 644 1890 quae
671 1847 817 1890 praefato
857 1852 1005 1890 tempore
1041 1847 1125 1880 intra
1145 1847 1200 1881 Se-

460 1900 680 1943 ptuagesimae
699 1905 730 1933 et
746 1899 928 1933 Palmarum
945 1900 1123 1934 dominicas
1141 1901 1201 1934 hu-

462 1952 600 1986 iusmodi
633 1952 794 1994 inclusae,
831 1964 886 1995 ac,
913 1954 1032 1997 septies
1067 1955 1199 1988 easdem

463 2005 646 2039 orationem
671 2005 879 2047 dominicam,
905 2011 936 2040 et
962 2007 1057 2040 toties
1083 2008 1201 2041 saluta-

463 2059 586 2092 tionem
611 2059 800 2102 angelicam,
823 2060 890 2093 sive
908 2070 1062 2103 vesperas
1087 2061 1201 2094 defun-

464 2117 590 2144 ctorum
606 2112 785 2153 recitando,
801 2112 948 2145 omnibus
963 2113 1085 2146 domini
1099 2113 1201 2146 nostri

464 2164 534 2197 Iesu
560 2164 704 2205 Christi,
729 2167 793 2197 una
831 2170 977 2206 tantum,
1003 2176 1039 2198 ac
1076 2171 1202 2209 septem

465 2218 609 2251 eiusdem
635 2219 669 2251 B.
684 2218 801 2252 Mariae
818 2219 969 2261 Virginis,
992 2219 1118 2252 duabus
1139 2226 1203 2253 tan·

466 2276 531 2304 tum
566 2271 778 2315 infrascriptis
820 2276 851 2304 et
886 2282 945 2314 per
980 2272 1203 2316 infrascriptos

465 2324 647 2368 superiores
661 2326 828 2368 regulares
845 2325 1004 2367 eligendis
1022 2326 1203 2369 respective

467 2378 621 2421 exceptis,
642 2379 824 2421 respective
842 2377 1081 2421 festivitatibus,
1100 2384 1131 2412 et
1147 2390 1205 2423 per

467 2435 541 2463 octo
568 2430 637 2464 dies
663 2430 868 2464 festivitatem
893 2430 1038 2464 eiusdem
1063 2431 1150 2464 Bai.
1168 2432 1201 2464 V.

467 2482 597 2526 Septem
621 2483 778 2517 Dolorum
802 2489 1018 2527 nuncupatae,
1042 2484 1135 2517 tertia
1153 2484 1205 2518 do-

468 2535 585 2568 minica
608 2536 729 2569 mensis
753 2536 950 2580 septembris
975 2535 1134 2570 celebrari
1155 2547 1206 2571 so-

504 2599 515 2625 1
539 2597 609 2625 Edit.
630 2597 710 2627 Maia.
732 2598 796 2634 tegit
816 2597 1031 2628 dedicationum
1051 2600 1094 2634 (a.
1111 2598 1161 2633 Τ.).

1034 201 1213 227 BULLARttJM
1239 201 1393 226 ROMANUM

1236 250 1345 290 litam,
1371 249 1499 282 etiamsi
1525 249 1581 282 illa
1606 249 1644 282 ad
1682 250 1776 283 aliam
1813 250 1899 283 diem
1925 255 1975 283 c'a-

1237 302 1353 335 nonice
1382 301 1548 335 transferri
1576 302 1759 345 contingat,
1784 308 1971 346 sequentes,

1238 365 1271 387 ac
1297 354 1432 396 singulis
1456 353 1488 387 S.
1515 353 1660 397 Iosepbi,
1688 354 1718 388 S.
1746 355 1916 397 Augustini
1943 361 1974 388 et

1236 407 1384 440 Ouinium
1409 407 1600 440 Sanctorum
1626 408 1770 441 eiusdem
1788 408 1924 449 Ordinis,
1944 415 1974 441 et

1237 471 1307 493 cum
1341 461 1567 504 eleemosynae
1605 461 1791 494 huiusmodi
1831 462 1974 506 imparti-

1239 513 1341 553 tione,
1368 513 1566 546 lnvcntionis
1599 519 1630 547 et
1666 513 1876 547 Exaltationis
1902 525 1973 548 san-

1238 570 1307 600 ctae
1329 566 1437 599 Crucis
1460 567 1638 610 respective
1665 567 1902 609 festivitatibus,
1929 573 1975 601 et-

1238 619 1327 651 iamsi
1354 619 1462 662 aliqua
1488 619 1616 652 illarum
1641 620 1807 660 canonice,
1829 626 1863 652 ut
1887 631 1976 664 prae-

1239 671 1350 710 fertur,
1379 671 1604 713 transferatur,
1629 672 1807 716 respective
1827 683 1844 705 a
1864 673 1976 716 primis

1238 725 1382 768 vesperis
1407 735 1510 769 usque
1536 727 1575 759 ad
1612 737 1763 760 occasum
1799 726 1878 760 solis
1909 725 1977 760 die-

1238 788 1325 819 rum,
1352 778 1383 811 in
1410 778 1527 821 quibus
1552 790 1665 813 omnes
1691 785 1723 813 et
1747 780 1895 823 singulae
1931 780 1977 813 fe—

1238 832 1394 865 stivitates
1425 832 1610 866 huiusmodi
1636 833 1905 876 celebrabuntur,
1931 837 1976 872 et,

1239 884 1346 928 quoad
1372 885 1570 919 Inventionis
1606 891 1637 919 et
1673 886 1883 919 Exaltationis
1919 886 1978 919 hu-

1239 937 1377 970 iusmodi
1404 938 1594 971 festivitates
1613 939 1783 981 praefatas,
1806 939 1900 972 etiam
1920 949 1978 983 per

1240 996 1313 1023 octo
1335 991 1402 1023 dies
1420 990 1492 1024 illas
1515 990 1695 1034 respective
1716 997 1900 1035 sequentes,
1918 991 1979 1024 sin-

1239 1043 1323 1086 gulis
1349 1043 1441 1076 annis
1467 1044 1597 1077 easdem
1630 1044 1783 1078 ecclesias
1821 1044 1896 1077 dicti
1921 1044 1979 1077 Or-

1240 1096 1324 1129 dinis
1351 1096 1532 1140 respective
1570 1096 1666 1130 etiam
1692 1097 1805 1131 devote
1833 1097 1978 1130 visitave-

1239 1150 1315 1189 rint,
1340 1150 1487 1194 inibique
1513 1150 1609 1184 etiam
1634 1161 1694 1194 pro
1712 1156 1843 1185 sanctae
1867 1151 1979 1184 matris

1238 1202 1399 1236 Ecclesiae
1437 1203 1648 1244 exaltatione,
1674 1204 1846 1237 haeresum
1883 1204 1980 1238 extir-

1240 1257 1381 1300 patione,
1409 1267 1444 1290 ac
1469 1253 1546 1290 alias
1571 1263 1606 1289 ut
1629 1257 1811 1300 praefertur
1835 1257 1904 1301 pias
1937 1257 1976 1290 ad

1240 1310 1340 1343 Deum
1367 1320 1480 1353 preces
1505 1309 1695 1351 effuderint,
1721 1310 1906 1354 respective,
1932 1321 1980 1343 se-

1240 1368 1328 1406 ptem
1355 1373 1458 1396 annos
1484 1368 1515 1396 et
1541 1363 1675 1396 totidem
1697 1364 1922 1407 quadragenas
1941 1363 1980 1396 de

1240 1415 1392 1449 iniunctis
1433 1416 1479 1450 eis
1519 1422 1574 1449 aut
1613 1417 1691 1450 alias
1732 1417 1980 1460 quomodolibet

1241 1468 1359 1502 debitis
1385 1469 1598 1512 poenitentiis
1623 1469 1656 1502 in
1681 1470 1782 1503 forma
1817 1469 1980 1503 Ecclesiae

1240 1524 1395 1554 consueta
1420 1522 1678 1555 misericorditer
1702 1522 1735 1555 in
1753 1522 1888 1556 Domino
1905 1533 1980 1566 per-

1240 1579 1336 1617 petuo
1362 1575 1554 1607 relaxamus.
1574 1574 1652 1608 Item
1671 1575 1793 1608 eisdem
1810 1576 1980 1620 utriusque

1241 1637 1335 1660 sexus
1360 1627 1650 1668 christifidelibus,
1677 1628 1773 1661 etiam
1806 1639 1881 1661 vere
1906 1639 1983 1672 poe-

1242 1680 1421 1713 nitentibus
1446 1685 1477 1713 et
1502 1680 1669 1721 confessis,
1697 1690 1732 1713 ac
1756 1681 1900 1724 praefata
1930 1691 1982 1714 sa-

1243 1735 1297 1766 cra
1323 1733 1552 1767 communione
1578 1734 1732 1774 resectis,
1759 1734 1813 1778 qui
1839 1734 1979 1768 orationi

1243 1787 1455 1830 quadraginta
1496 1788 1652 1820 horarum
1691 1788 1975 1829 continuatarum,

1243 1852 1306 1874 non
1334 1846 1441 1874 autem
1466 1841 1745 1885 interpolatarum‚
1772 1842 1811 1874 de
1836 1843 1981 1875 locorum

1243 1894 1489 1929 Ordinariorum
1524 1894 1654 1928 licentia
1693 1894 1725 1927 in
1762 1894 1908 1938 qualibet
1944 1905 1981 1928 ex

1245 1948 1338 1982 dictis
1374 1948 1519 1982 ecclesiis
1555 1947 1692 1991 praefati
1717 1947 1844 1981 Ordinis
1880 1949 1983 1982 semel

1244 2002 1277 2034 in
1292 2012 1376 2035 anno
1397 2006 1519 2035 tantum
1537 2001 1764 2042 instituendae,
1780 2011 1838 2045 per
1851 2001 1983 2045 aliquod

1247 2056 1404 2099 temporis
1431 2055 1569 2099 spatium
1594 2055 1708 2088 devote
1726 2054 1933 2088 interfuerim
1951 2059 1984 2088 et

1246 2113 1279 2141 ut
1304 2108 1488 2152 praefertur
1512 2108 1583 2151 pias
1608 2108 1646 2141 ad
1672 2107 1774 2141 Deum
1799 2117 1914 2150 preces
1940 2108 1984 2141 ef-

1246 2161 1406 2202 fuderint,
1433 2172 1469 2194 ac
1494 2161 1527 2193 in
1552 2163 1618 2193 una
1652 2171 1690 2193 ex
1721 2160 1981 2194 solemnitatibus

1247 2214 1392 2248 eiusdem
1417 2213 1539 2248 domini
1565 2214 1667 2247 nostri
1692 2214 1764 2247 Iesu
1789 2213 1918 2253 Christi,
1941 2224 1983 2246 o-

1247 2268 1406 2301 rationem
1446 2266 1642 2300 dominicam
1683 2272 1713 2300 et
1752 2267 1984 2301 salutationem

1247 2323 1428 2366 angelicam
1453 2321 1585 2365 septies,
1611 2321 1676 2354 sive
1694 2331 1845 2364 vesperas
1870 2320 1986 2354 defun-

1247 2381 1374 2409 ctorum
1398 2375 1577 2415 recitando,
1603 2379 1635 2407 et
1666 2375 1698 2407 in
1724 2374 1850 2407 duabus
1876 2383 1986 2417 respe-

1247 2429 1327 2462 ctive
1350 2440 1368 2462 a
1392 2428 1616 2472 superioribus
1641 2428 1798 2461 localibus
1832 2427 1908 2460 dicti
1932 2426 1986 2460 Or-

1248 2483 1332 2516 dinis
1351 2482 1509 2526 eligendis
1527 2482 1623 2526 (quae
1639 2487 1757 2521 tamen,
1777 2491 1849 2514 cum
1863 2480 1984 2514 electae

1249 2535 1389 2576 fuerint,
1415 2534 1555 2578 amplius
1581 2535 1698 2568 variari
1736 2544 1802 2568 non
1839 2532 1984 2577 possint)

1249 2599 1286 2623 ex
1312 2594 1435 2633 septem
1463 2588 1608 2623 eiusdem
1641 2587 1774 2621 B.M.V.
1803 2587 1985 2630 respective

1976 200 2025 228 Αιι,
2046 201 2077 229 C..
2100 199 2166 228 ¹73⁴
