2232 3178
25 215 73 243 An.
89 214 118 241 G.
139 212 206 239 ¹736

212 259 392 303 quibusvis,
421 259 516 292 etiam
542 258 747 299 iuramento,
781 258 952 291 confirma-

213 315 299 347 tione
330 313 532 357 apostolica,
571 314 620 346 vel
657 313 766 356 quavis
802 312 951 345 sirinitate

211 365 289 399 alias
315 366 486 405 roboratis,
513 366 655 405 statutis,
685 365 794 398 usibus
820 372 851 398 et
875 376 952 397 con-

211 418 449 458 suetudinibus,
468 419 646 462 privilegiis
661 429 800 462 quoque,
816 418 951 450 indultis

211 476 242 504 et
257 471 373 505 litteris
389 472 577 514 apostolicis
596 472 627 504 in
643 472 842 504 eontrarium
861 482 951 514 prae-

210 525 383 557 missorum
410 526 661 567 quomodolibet
681 525 855 564 concessis,
874 536 950 557 con-

209 577 342 610 firmatis
367 583 399 610 et
423 578 602 619 innovatis3
629 578 811 622 ceterisque
828 584 951 611 contra-

209 630 265 663 riis
290 631 565 674 quibuscumque.

252 683 365 716 Datum
392 684 525 724 Romae,
551 685 634 727 apud
657 684 688 717 S.
709 685 840 717 Mariam
860 685 951 717 Maio-

209 747 288 777 rem,
302 737 361 770 sub
383 737 504 770 annulo
520 737 707 778 PiscatoriS,
723 738 774 770 die
790 749 874 771 xxvii
897 739 947 770 iu-

209 791 254 823 nii
279 799 485 831 noemmin,
518 790 730 834 pontificatus
764 793 868 824 nostri
896 803 951 824 an-

209 854 252 878 no
276 855 319 878 v1.

242 906 304 933 Dat.
326 905 369 932 die
389 906 422 933 27
442 905 508 933 iunii
532 906 610 940 1736,
633 906 726 942 pontif.
749 914 818 934 anno
839 915 876 935 vi.

487 1050 669 1084 CLXXXIV.

206 1121 438 1164 Indnlyentiae
452 1132 512 1165 pro
533 1123 743 1156 recitantibus
763 1123 820 1156 suh
838 1124 953 1157 horam

250 1175 352 1207 noctis
376 1175 419 1207 acl
440 1175 572 1219 pulsnm
591 1187 769 1220 campanae
785 1178 952 1220 psalmum

252 1228 295 1260 De
322 1228 501 1271 profundis,
527 1229 576 1261 vel
600 1230 694 1262 semel
708 1231 885 1263 orationem
902 1231 953 1263 clo-

253 1281 410 1313 minz'cam
423 1285 449 1313 el
462 1281 513 1314 sal
518 1283 661 1315 ationem
677 1283 862 1325 anqelicam
880 1294 952 1316 cnm

252 1335 406 1367 versiculo
431 1335 592 1378 Requiem
619 1342 784 1369 aeternam
802 1363 809 1376 ,
837 1342 898 1370 etc.

419 1415 556 1442 Clemens
577 1416 654 1450 Papa
672 1416 736 1449 ΧΠ,

328 1459 365 1486 ad
386 1463 565 1494 perpetuam
586 1462 631 1488 rei
652 1462 836 1489 memoriam.

253 1531 413 1565 Caelestes
433 1532 597 1566 Ecclesiae
614 1533 794 1572 thesauros,
812 1546 950 1578 quorum

210 1585 485 1628 dispensationem
512 1586 606 1619 nobis
627 1588 787 1620 commisit
805 1588 895 1628 Deus,
912 1590 950 1622 ad

209 1638 469 1672 christifidelium
494 1639 648 1683 pietatem
674 1640 870 1681 fovendam,
897 1653 950 1674 au-

198 1692 373 1734 gendam,
399 1698 430 1724 et
454 1693 634 1726 animarum
661 1693 797 1726 salutem
824 1705 951 1737 promo-

209 1746 345 1779 vendam
370 1746 512 1779 libenter
537 1756 719 1789 erogamus.

253 1799 268 1843 ἓ
291 1799 324 1832 1.
351 1799 473 1842 ltaque,
491 1799 531 1832 de
556 1799 790 1843 omnipotentis
815 1800 870 1833 Dei
893 1802 950 1833 nii-

210 1852 390 1886 sericordia
425 1863 461 1885 ac
485 1852 654 1885 beatorum
681 1853 766 1886 Petri
801 1859 832 1886 et
860 1855 947 1888 Pauli

209 1906 430 1949 apostolorum
458 1906 526 1939 eius
556 1907 749 1940 auctoritaie
770 1907 894 1947 conlisi,
917 1919 949 1941 o-

209 1960 339 1993 mnibus
359 1965 390 1993 et
407 1960 542 2002 singulis
559 1960 729 2003 utriusque
751 1971 844 1993 sexus
864 1962 949 1994 cliri-

209 2013 426 2054 stisiclelibus‚
457 2013 510 2057 qui
536 2014 596 2046 sub
623 2014 736 2047 horam
774 2015 881 2048 noctis
909 2016 948 2048 ad

208 2069 338 2111 pulsum
361 2077 537 2110 campanae
564 2068 722 2110 psalmum
745 2068 790 2100 De
813 2070 950 2112 prosun-

209 2120 260 2153 dis
284 2122 335 2154 vel
360 2123 462 2155 semel
488 2121 667 2154 orationem
694 2122 890 2155 dominicam
920 2129 951 2156 et

209 2173 438 2207 salutationem
471 2175 654 2217 angelicam
687 2185 758 2207 euin
794 2176 950 2209 versiculo

210 2226 361 2270 Requz'cm
388 2231 573 2266 aeternam,
600 2231 669 2266 etc„
696 2227 726 2260 in
763 2228 949 2271 sull'ragium

212 2279 389 2312 animarum
424 2280 688 2313 eliiistifidelium
725 2281 950 2314 dcsunctoium

23 2332 300 2390 p1ss¹lssffifif¹¹¹¹²⁹sseXi⁵
325 2333 461 2375 genibus
487 2334 602 2366 devote
629 2334 859 2373 iecitzwveiint,
887 2345 950 2378 quo

212 2386 263 2419 ulie
289 2385 435 2428 veiint,
475 2392 603 2419 centum
632 2386 700 2418 dies
731 2386 769 2418 de
802 2361 951 2419 iniunctis

211 2439 256 2472 eis
281 2450 336 2472 seu
362 2439 440 2472 alias
467 2439 709 2483 quomodolibet
728 2439 844 2472 debitis
873 2450 950 2482 poe-

211 2492 354 2525 nitentiis
392 2492 422 2525 in
461 2492 562 2525 forma
598 2491 760 2525 Ecclesiae
794 2495 950 2526 consueta

212 2546 407 2579 relaxamus.

255 2599 269 2642 ἓ
294 2599 325 2632 2.
352 2599 491 2643 Insuper
523 2599 648 2632 eisdem
684 2598 949 2634 christifidelibus

297 2661 382 2690 Ball.
400 2661 486 2689 Rom.
510 2679 535 2682 —
565 2662 627 2690 Vol.
646 2661 750 2689 XXIV.
893 2661 927 2689 26

46 1544 186 1566 Prooemium.

57 1807 198 1832 indutui-ntiae

23 1833 48 1854 do
75 1835 149 1861 quibus
179 1837 198 1857 in

23 1861 112 1883 rubrica.

835 208 976 233 CLEMENS
1002 208 1046 231 xit
1072 208 1120 232 Pr.

1635 197 1691 231 201

994 267 1071 290 vere
1097 255 1344 300 poenitentibus
1369 260 1400 289 et
1416 256 1580 290 concessis
1599 261 1630 289 et
1648 258 1739 289 saera

996 310 1225 342 communione
1262 309 1414 350 resectis,
1451 309 1503 353 qui
1534 320 1737 353 perannum

995 362 1173 404 praemissa
1198 363 1408 405 peregerint,
1434 373 1471 396 ac
1500 373 1558 405 pro
1590 362 1739 395 clirislia-

996 425 1110 447 norum
1136 415 1322 458 principum
1347 416 1538 454 concordia,
1562 416 1737 448 haeresum

996 468 1234 510 extirpatione,
1273 479 1308 501 ae
1340 468 1370 502 S.
1399 469 1437 501 M.
1465 469 1500 501 E.
1540 469 1738 502 exaltatione

995 520 1063 563 pias
1089 521 1127 553 ad
1154 521 1253 554 Deum
1280 532 1395 564 preces
1421 521 1602 560 effuderint,
1624 523 1739 565 plena-

995 573 1074 605 riam
1098 573 1132 605 in
1157 584 1221 607 uno
1247 574 1299 607 die
1325 575 1499 608 cuiuslibet
1533 575 1607 607 anni
1646 575 1740 607 dum-

997 631 1080 659 taxat
1103 637 1164 670 per
1188 638 1456 671 unumquemque
1493 627 1738 661 christifidelem

995 680 1033 712 ad
1059 679 1106 712 sui
1133 680 1261 713 libitum
1286 681 1439 723 eligendo
1473 681 1738 714 lucrisaciendam

995 733 1140 765 omnium
1167 740 1372 776 peccatorum
1399 745 1531 767 suorum
1569 734 1740 777 indulgen-

997 786 1070 818 tiam
1097 791 1129 819 et
1155 787 1379 820 remissionem
1415 788 1669 821 misericorditer
1706 788 1737 821 in

996 839 1131 873 Domino
1157 841 1366 873 concedimus
1393 846 1424 874 et
1441 841 1628 884 elargimur.
1649 841 1739 874 Prae-

996 893 1142 926 sentibus
1179 893 1347 938 perpetuis
1383 895 1499 927 futuris
1538 894 1738 938 temporibus

996 946 1153 980 valituris.

1040 999 1113 1042 53.
1153 1000 1306 1034 Volumus
1345 1007 1452 1035 autem
1487 1007 1519 1034 ut
1553 1001 1738 1035 earumdem
1787 1012 1932 1036 mmmmm

995 1053 1217 1095 praesentium
1237 1054 1419 1088 litterarum
1447 1056 1664 1097 transumptis,
1682 1065 1736 1087 seu
1749 1046 1813 1086 323³
1927 1049 1932 1053 ’

997 1107 1167 1149 exemplis,
1198 1107 1294 1140 etiam
1321 1108 1502 1151 impressis,
1529 1119 1623 1141 manu
1642 1107 1738 1141 alicu-

997 1159 1044 1191 ius
1061 1160 1177 1192 notarii
1199 1161 1320 1204 publici
1340 1162 1550 1204 subscriptis,
1573 1167 1604 1194 et
1629 1161 1738 1203 sigillo

996 1222 1155 1254 personae
1180 1212 1212 1245 in
1240 1213 1460 1247 ecclesiastica
1483 1214 1641 1257 dignitate
1665 1224 1738 1246 cou-

996 1265 1126 1298 stitutae
1158 1266 1316 1306 munitis,
1341 1267 1455 1300 eadem
1491 1277 1625 1310 prorsus
1657 1266 1738 1299 fides

996 1317 1118 1361 ubique
1151 1319 1296 1352 locorum
1319 1319 1495 1359 habeatur,
1527 1330 1609 1362 quae
1640 1319 1738 1352 habe-

997 1376 1086 1404 retur
1112 1371 1190 1414 ipsis
1216 1372 1446 1415 praesentibus
1466 1372 1492 1404 si
1519 1373 1626 1405 forent
1647 1372 1736 1405 exbi-

996 1424 1082 1458 bitae
1108 1426 1158 1458 vel
1184 1430 1347 1458 ostensae.

1039 1478 1153 1511 Datum
1180 1478 1301 1511 Rornae
1314 1506 1321 1519 ,
1348 1478 1433 1522 apud
1452 1478 1483 1512 S.
1500 1478 1629 1511 Mariam
1644 1478 1736 1511 Maio-

997 1542 1075 1571 rem,
1099 1532 1157 1564 sub
1182 1532 1304 1564 annulo
1328 1531 1514 1571 Piscatoris,
1541 1531 1593 1564 die
1614 1542 1665 1565 xiv
1681 1542 1735 1564 au-

995 1585 1079 1627 gusti
1105 1594 1301 1624 nnccxxxvi,
1322 1584 1531 1628 pontificatus
1556 1584 1661 1617 nostri
1682 1595 1735 1617 an-

995 1648 1037 1670 no
1066 1647 1122 1670 vn.

1030 1699 1090 1725 Dat.
1112 1698 1158 1725 die
1180 1698 1211 1725 14
1230 1698 1338 1734 augusti
1362 1698 1446 1732 1736,
1468 1698 1570 1733 pontif.
1593 1706 1667 1726 anno
1687 1704 1733 1725 vn.

1278 1754 1312 1787 F.
1340 1754 1429 1786 eard.
1457 1753 1643 1787 Otivssmrs.

1745 208 1794 233 Au.
1813 208 1840 234 C.
1866 209 1931 235 i7si6

1280 1905 1446 1939 CLXXXV.

995 1976 1205 2018 Confirmatio
1223 1976 1336 2009 Brevis
1354 1976 1522 2009 Benedicti
1535 1976 1626 2009 XIII
1639 1986 1735 2019 snper

1037 2029 1256 2062 declaratione
1279 2030 1363 2073 qztod
1389 2030 1579 2062 institutum
1601 2030 1735 2071 Conpre-

1036 2083 1180 2125 qan'om's
1227 2083 1456 2125 Porcuyatlz'ae
1502 2082 1734 2114 monachorum

1039 2135 1173 2169 Ordinis
1198 2136 1231 2169 S.
1250 2136 1443 2178 Hieronymi
1463 2136 1504 2168 sic
1530 2135 1730 2168 monachale.

1198 2217 1334 2243 Clemens
1357 2216 1435 2249 Papa
1455 2215 1525 2247 ΧΠ,

1134 2261 1171 2288 ad
1190 2261 1327 2288 futuram
1346 2260 1391 2287 rei
1410 2259 1597 2287 memoriam.

1039 2334 1053 2377 ᾗ
1079 2333 1108 2365 1.
1130 2332 1252 2375 Exponi
1274 2331 1368 2365 nobis
1387 2342 1490 2374 nupei
1507 2331 1580 2364 fecit
1596 2330 1731 2363 dilectus
1771 2338 1799 2357 Γ,
1796 2344 1827 2362 »an
1814 2341 1927 2385 gaunt:

996 2386 1080 2419 lilius
1099 2385 1299 2430 Hyacinthus
1313 2384 1374 2417 aS.
1391 2384 1554 2423 Miehaclo,
1571 2383 1668 2416 abbas
1683 2394 1732 2426 ge·
1744 2372 1771 2438 ἷίι)Γ
1759 2366 1832 2438 μ’
1826 2391 1926 2437 'numi'

995 2449 1061 2472 nei
1057 2439 1114 2471 ilis
1136 2437 1405 2480 Congiegationis
1428 2436 1615 2478 portugalli
1610 2446 1645 2468 ie
1666 2445 1929 2520 m⁰'''=¹.¹1'''¹'¹¹.1''21¹ra'

995 2492 1176 2525 meliorum
1203 2490 1330 2523 Ordinis
1350 2478 1754 2533 S.111010113mi,quod,5
1771 2477 1802 2491 ω
1879 2478 1890 2491 ⁴

995 2556 1066 2579 cum
1092 2550 1191 2578 status
1216 2555 1272 2577 seu
1306 2543 1484 2576 institutum
1520 2542 1731 2576 monasticum

995 2600 1099 2633 dictae
1133 2597 1400 2642 Congregationis
1446 2608 1463 2630 a
1499 2596 1666 2631 nonnullis
1699 2597 1731 2630 iu
