2232 3178
279 261 462 289 Amet-138
508 252 571 285 416

473 310 583 346 mitate,
601 312 627 338 et
646 308 741 347 aliquo
753 305 938 336 condimento
951 313 964 333 a
979 303 1087 333 nostris
1100 303 1208 342 ignoto.

473 358 552 394 Quod
575 357 598 386 si
621 356 749 386 desectus
766 355 794 384 iu
811 354 909 393 aliqua
926 362 956 382 re
980 352 1131 390 acciderit,
1146 352 1211 381 hor-

475 412 571 436 tamur
594 409 743 443 aegrotos,
768 407 799 433 ut
823 407 969 441 tamquam
995 410 1136 441 pauperes
1162 410 1210 440 pa-

475 456 581 485 tienter
604 454 708 483 seram.

514 513 542 533 u.
565 502 697 538 Quotidie
727 500 861 539 superior
889 499 985 529 visitet
1014 498 1160 536 infirmos,
1185 503 1213 528 et

474 556 556 581 curet
579 555 710 589 tempore
733 554 799 588 apto
829 548 888 578 illis
916 551 1098 577 sacramenta
1129 546 1214 576 mini·

475 600 572 630 strari.
590 599 670 634 Quod
693 598 716 627 si
739 599 793 627 sust
815 596 994 635 negligentia
1018 596 1127 634 absque
1147 596 1215 625 Poe-

476 646 612 682 nitenti-51,
637 644 758 681 Viatico,
776 643 819 672 vel
837 643 975 672 Extrema
998 641 1140 671 Unctione
1162 641 1215 670 ali-

475 694 540 733 quis
562 692 730 729 decesserit,
748 699 907 730 suspensus
929 690 967 719 sit
990 689 1024 718 ab
1047 689 1142 719 officio
1167 698 1216 727 per

476 750 565 772 unum
589 748 709 776 annum,
733 739 777 769 vel
804 742 945 776 augeatur
968 746 1059 777 poena
1093 737 1216 766 arbitrio

477 788 664 828 provincialis
681 788 761 817 iuxta
785 787 923 825 culpam;
948 791 977 816 et
999 781 1168 822 infirmarii,
1193 785 1216 814 si

477 846 563 877 quam
587 837 702 875 culpam
725 834 893 873 habuerint,
918 834 997 864 iuxta
1021 833 1100 863 illius
1123 833 1218 871 gravi-

478 890 564 916 tatem
588 885 777 914 mulctentur.
801 884 887 914 Curet
920 883 1042 922 insuper
1071 881 1218 920 praelatus

478 933 554 974 quod
583 933 693 971 aegroti
723 932 812 962 semel
843 932 943 961 saltem
974 931 1004 960 in
1035 929 1220 959 hebdomada

479 983 562 1021 (dum
595 981 774 1011 infirmitatis
803 980 967 1010 accidentia
995 988 1053 1009 non
1080 977 1220 1017 impedie-

478 1031 562 1069 rint)
596 1030 715 1060 caelesti
737 1029 908 1059 reficiantur
933 1037 1018 1068 pane,
1043 1031 1070 1057 et
1092 1026 1168 1066 quod
1191 1026 1220 1055 in

479 1080 617 1109 Paschate
640 1087 691 1118 pro
716 1077 925 1117 adimpletione
949 1075 1099 1116 praecepti
1130 1074 1223 1104 eccle-

479 1128 591 1159 siastici
615 1137 696 1158 sacra
724 1126 908 1157 Eucharistia
937 1125 1107 1155 solemniter
1135 1123 1223 1153 mini-

481 1182 589 1208 stretur
621 1186 680 1206 non
714 1175 881 1206 valentibus
924 1182 1048 1212 surgere
1081 1182 1095 1202 a
1129 1172 1222 1210 lecto,

483 1231 568 1266 prout
591 1226 619 1255 in
643 1229 742 1255 nostro
765 1223 904 1254 manuali.

523 1285 564 1306 111.
588 1275 621 1304 In
642 1282 826 1314 quocumque
849 1276 995 1302 conventu
1027 1271 1072 1301 vel
1104 1269 1225 1308 collegio

484 1325 549 1364 quis
571 1323 777 1362 aegrotaverit,
808 1321 941 1361 quamvis
972 1321 1009 1351 sit
1036 1321 1153 1360 hospes,
1177 1328 1227 1348 cu-

483 1379 577 1412 retur,
601 1373 694 1403 donec
716 1371 841 1400 salutem
865 1373 1035 1408 recuperet,
1054 1369 1110 1399 nisi
1126 1369 1226 1399 iusta¹

483 1422 518 1452 de
540 1422 630 1451 causa
654 1419 841 1460 provincialis
863 1418 947 1448 illum
971 1418 1068 1447 mittat
1089 1417 1118 1447 in
1142 1418 1227 1448 aliam

484 1471 614 1505 domum,
638 1473 667 1498 et
689 1467 897 1498 conventuales
921 1466 1003 1496 illum
1036 1475 1101 1495 cum
1133 1466 1228 1495 chari-

485 1523 542 1549 tate
565 1517 720 1557 recipiant,
740 1526 773 1546 ac
795 1516 830 1545 de
860 1514 1034 1545 necessariis
1058 1514 1229 1554 provideant

485 1567 560 1598 sicut
583 1566 688 1597 ceteris
711 1564 966 1596 conventualibus.

525 1624 563 1646 ιν.
596 1615 625 1645 Si
659 1618 778 1654 propter
811 1613 996 1643 intirmorum
1033 1611 1228 1651 frequentiam

485 1668 646 1694 conventus
678 1663 784 1702 aliquis
814 1663 842 1691 in
876 1664 1036 1700 egestatem
1064 1660 1226 1698 devenerit,

486 1715 574 1752 facta,
592 1722 657 1742 cum
675 1711 798 1742 licentia
819 1710 981 1750 superioris
1003 1709 1160 1748 generalis,
1178 1709 1230 1738 ali-

486 1766 545 1802 qua
564 1770 614 1801 per
636 1764 797 1791 conventus
820 1758 1036 1789 contributione
1048 1758 1068 1787 ².

527 1820 555 1840 v.
578 1809 682 1840 Nullus
704 1812 839 1847 aegrotus
861 1817 895 1838 ex
919 1806 1026 1837 nostris
1042 1810 1161 1836 curetur
1183 1815 1229 1836 ex-

489 1864 530 1889 tra
554 1861 741 1893 conventum,
776 1856 864 1886 etiam
898 1856 927 1885 in
959 1855 1045 1885 domo
1075 1858 1228 1894 parentum

487 1915 618 1945 suorum,
642 1906 699 1936 nisi
722 1914 791 1935 casu
813 1914 870 1944 quo
893 1903 1013 1934 morbus
1044 1903 1084 1933 ita
1107 1903 1145 1932 sit
1166 1912 1230 1941 gra-

488 1956 531 1986 vis
553 1956 630 1995 quod
653 1954 688 1984 ab
711 1955 760 1985 illo
784 1954 868 1984 aliter
884 1954 893 1970 ³
916 1962 974 1983 non
998 1962 1084 1992 posse
1106 1952 1229 1982 evadere

489 2005 647 2044 prudenter
677 2003 834 2040 iudicetur,
869 2006 897 2032 et
929 2006 997 2031 tunc
1031 2000 1147 2040 quidem
1181 2000 1230 2029 siat

489 2063 554 2084 cum
578 2052 699 2083 licentia
722 2051 751 2081 in
775 2051 893 2090 scriptis
916 2049 1007 2090 patris
1030 2049 1228 2089 provincialis²

489 2106 518 2132 et
540 2102 567 2131 in
592 2100 697 2140 oppido
720 2099 749 2129 in
774 2098 880 2139 quibus
903 2098 1074 2129 coenobium
1097 2101 1230 2127 nostrum

490 2160 548 2181 non
574 2154 628 2180 est.

531 2208 567 2229 vr.
592 2198 697 2228 Balnea
721 2196 905 2226 medicinalia
934 2195 1033 2226 nullus
1066 2195 1155 2225 intret
1183 2203 1231 2224 ae-

490 2252 591 2286 grotus
614 2247 724 2285 absque
743 2245 833 2285 patris
853 2244 1040 2284 provincialis
1066 2243 1186 2273 licentia
1202 2244 1230 2272 in

491 2296 621 2336 scriptis,
645 2295 698 2325 suh
723 2295 818 2334 poena
834 2293 1007 2333 privationis
1024 2292 1102 2322 vocis
1120 2296 1147 2322 et
1162 2292 1229 2322 loci.

531 2344 671 2375 v11.Sine
706 2343 847 2382 expressa
881 2342 1000 2372 licentia.
1032 2341 1077 2371 sui
1110 2340 1232 2380 praelati

491 2404 576 2425 nemo
600 2393 744 2424 medicum
763 2391 907 2427 consulat,
926 2400 979 2420 nec
996 2390 1150 2420 medicinis
1170 2393 1233 2419 uta-

493 2448 539 2474 tur
561 2443 614 2473 sub
637 2443 730 2482 poena
754 2440 850 2480 gravis
872 2440 984 2479 culpae.

529 2516 537 2542 1
563 2514 634 2542 Edit.
655 2513 735 2540 Main.
758 2511 823 2547 legit
842 2511 927 2539 iuxta
946 2514 985 2543 (rt.
1001 2510 1049 2543 Τ.).

528 2560 544 2585 2
572 2558 691 2594 Aliquod
725 2557 826 2590 deest,
855 2554 971 2590 exempli
1000 2554 1086 2590 gratia
1115 2553 1233 2581 adiuve-

494 2607 542 2630 tur
560 2604 602 2635 (u.
620 2603 668 2630 ΤΛ.

528 2647 544 2676 3
565 2646 634 2674 Edit.
656 2645 736 2673 Μαίη.
757 2644 825 2680 legit
843 2645 918 2673 alter
937 2651 985 2680 pro
1005 2643 1093 2672 aliter
1112 2645 1149 2679 (R.
1170 2643 1219 2678 τ.).

1055 254 1236 280 BULLARIUM
1260 253 1417 279 nomnen

1293 310 1352 331 viu.
1377 300 1474 331 Liceat
1496 299 1622 330 infirmis
1644 309 1710 330 cum
1735 298 1855 339 praelati
1878 298 1996 329 benedi-

1254 350 1349 380 ctione
1373 349 1414 379 uti
1439 349 1589 379 tibialibus
1611 353 1639 379 et
1656 348 1819 388 pedalibus,
1836 348 1880 378 vel
1896 348 1996 387 aliqua

1256 399 1313 428 alia
1336 408 1367 429 re
1386 408 1422 428 ex
1446 407 1513 436 sago
1536 398 1612 435 albo,
1636 398 1679 427 vel
1704 397 1792 427 simili
1815 397 1947 435 materia,
1966 402 1996 427 ut

1259 458 1288 477 se
1311 451 1464 487 protegant
1488 451 1515 476 et
1537 446 1664 484 foveant,
1687 446 1844 476 dummodo
1877 446 1933 475 nisi
1966 446 1996 475 in

1258 505 1360 534 agrum
1384 496 1418 525 de
1442 496 1527 525 domo
1558 504 1614 524 non
1646 499 1764 532 exeant,
1794 503 1847 524 nec
1870 493 1998 524 saecula-

1257 545 1333 574 rium
1356 545 1456 574 domos
1479 548 1564 573 antea
1588 543 1633 573 vel
1658 547 1755 582 postea
1779 543 1893 581 ingredi
1917 552 1998 581 prae-

1258 596 1386 631 sumant,
1411 592 1465 622 sul)
1500 593 1593 631 poena
1625 591 1801 622 reclusionis
1834 591 1908 621 intra
1931 600 1999 621 con-

1260 646 1378 671 ventum
1403 650 1453 680 per
1474 641 1620 679 integrum
1639 649 1758 669 annum.

1432 716 1580 740 REGULAE
1607 716 1706 739 CAPUT
1742 715 1829 740 xxttt.

1312 766 1335 783 st
1350 765 1387 787 qui
1402 764 1505 787 religiosi
1519 764 1546 782 ad
1561 763 1723 786 hospitandum
1737 763 1882 785 devenerint,
1899 763 1946 782 eto.

1261 816 1357 846 CAPUT
1381 825 1461 845 xxm.
1483 834 1523 839 —
1544 815 1584 845 De
1606 815 1740 845 charitate
1761 815 1915 844 exercenda
1939 824 2000 844 cum

1341 864 1490 903 hospitibus
1511 863 1648 902 religiosis
1669 873 1701 892 ac
1722 863 1918 893 saecularibus.

1302 939 1320 960 1.
1345 930 1515 969 Superiores
1537 929 1677 959 benevole
1704 929 1848 968 recipiant
1871 928 2002 969 hospites

1264 980 1354 1010 nostri
1377 979 1506 1015 Ordinis,
1530 982 1558 1008 et
1590 978 1754 1008 necessaria
1787 978 1846 1008 illis
1868 977 2002 1017 suppedi-

1265 1032 1338 1066 tent,
1361 1023 1416 1057 ¹sub
1439 1028 1530 1066 poena
1553 1027 1656 1066 culpae
1681 1026 1788 1065 gravis.
1817 1025 1910 1056 Ceteri
1937 1025 2004 1056 reli-

1265 1077 1338 1115 giosi
1354 1075 1538 1106 familiariter
1553 1084 1618 1105 cum
1634 1075 1692 1104 illis
1707 1078 1804 1113 agant,
1821 1083 1836 1104 a
1852 1073 2005 1113 primaque

1266 1130 1349 1155 nocte
1382 1125 1511 1163 ipsorum
1545 1123 1633 1162 pedes
1665 1123 1819 1159 laventur3
1852 1132 1885 1153 ac
1917 1121 2006 1152 simili

1267 1174 1409 1204 charitate
1431 1178 1459 1203 et
1481 1172 1687 1202 benevolentia
1709 1172 1868 1212 recipiatur
1882 1171 2006 1211 quilibet

1268 1223 1388 1253 alterius
1420 1221 1536 1252 Ordinis
1568 1220 1735 1259 religiosus,
1758 1220 1809 1259 qui
1840 1220 1875 1250 ad
1908 1219 2007 1260 hospi-

1269 1272 1388 1302 tandam
1411 1271 1440 1300 in
1464 1271 1563 1300 domos
1586 1274 1701 1299 nostras
1723 1269 1885 1299 advenerit.

1309 1329 1339 1350 11.
1364 1319 1498 1358 llospites
1520 1319 1611 1348 nostri
1634 1318 1761 1357 Ordinis,
1779 1318 1926 1348 transacta
1947 1317 2008 1358 pri-

1271 1370 1319 1399 ma
1341 1369 1399 1407 die,
1424 1368 1511 1398 choro
1529 1372 1557 1398 et
1579 1367 1644 1397 aliis
1659 1367 1857 1398 functionibus
1879 1376 2008 1397 commu-

1270 1417 1371 1448 nitatis
1393 1417 1542 1454 assistant,
1560 1416 1617 1446 nisi
1639 1416 1725 1454 forte,
1749 1419 1868 1455 propter
1890 1415 2009 1456 prolixi-

1272 1471 1358 1497 tatem
1382 1465 1507 1503 itineris,
1533 1465 1665 1504 superior
1693 1465 1854 1503 longiorem
1882 1464 1942 1495 illis
1963 1473 2009 1495 re-

1271 1517 1368 1557 quiem
1387 1515 1537 1546 concedat.

1310 1574 1351 1595 111.
1375 1564 1405 1595 Si
1428 1564 1501 1594 ultra
1525 1566 1650 1603 quatuor
1665 1563 1726 1593 dies
1747 1562 1776 1592 in
1799 1565 1944 1592 conventu
1966 1571 2009 1593 re-

1271 1617 1435 1651 morentur,
1460 1612 1609 1652 pecunias,
1634 1612 1656 1641 si
1681 1621 1752 1651 quas
1775 1610 1894 1648 habent,
1925 1620 2009 1650 supe-

1271 1664 1343 1693 riori
1365 1663 1491 1699 tradant‚
1509 1665 1540 1691 ut
1562 1661 1592 1691 in
1615 1661 1702 1691 trium
1721 1661 1845 1691 clavium
1868 1661 1937 1691 arca.
1959 1670 2008 1690 cu-

1271 1712 1445 1749 stodiantur,
1482 1710 1611 1750 alioquin
1642 1719 1753 1749 poenae
1785 1709 1886 1749 culpae
1913 1708 2009 1748 gravis

1272 1771 1323 1801 per
1345 1765 1403 1791 tres
1426 1760 1487 1790 dies
1509 1759 1700 1796 subiaceant3
1730 1762 1758 1788 et
1784 1757 1918 1798 superior
1944 1757 2010 1788 illas

1272 1811 1384 1848 integre
1405 1809 1551 1845 restituat,
1568 1807 1621 1838 sub
1638 1808 1731 1847 poena
1752 1806 1953 1846 suspensionis
1975 1806 2009 1836 ab

1272 1859 1366 1889 officio
1390 1867 1441 1897 per
1462 1866 1591 1887 mensem
1614 1866 1716 1886 unum.

1311 1915 1349 1936 xv.
1371 1906 1472 1936 Statim
1495 1914 1528 1935 ac
1549 1905 1678 1944 hospites
1706 1904 1740 1934 ad
1767 1907 1941 1934 conventum
1963 1913 2011 1934 ac-

1273 1955 1424 1991 cesserint,
1449 1953 1581 1983 ministro
1604 1953 1752 1983 declarent
1780 1953 1850 1992 quid
1872 1962 1960 1983 curae
1982 1956 2010 1982 et

1273 2003 1388 2042 negocii
1411 2002 1548 2039 habeant,
1572 2005 1601 2031 et
1634 2002 1742 2040 absque
1775 2001 1856 2031 illius
1889 2001 2011 2031 licentia

1274 2052 1420 2092 (quamvis
1443 2051 1649 2081 conventuales
1671 2050 1714 2080 vel
1739 2049 1932 2089 provinciales
1965 2049 2010 2080 vel

1273 2101 1441 2131 definitores
1474 2099 1597 2129 alicuius
1630 2098 1796 2138 provinciae
1832 2097 1914 2137 sint)
1951 2107 2010 2128 non

1274 2149 1462 2188 egrediantur
1485 2157 1499 2178 e
1522 2151 1680 2185 conventu,
1704 2146 1912 2187 obediuntque,
1935 2146 2011 2177 sicut

1274 2197 1490 2235 conventuales,
1524 2195 1758 2226 ordinationibus
1789 2199 1818 2225 et
1850 2194 2011 2235 praeceptis

1274 2247 1366 2286 ipsius
1390 2245 1523 2285 praelati,
1541 2245 1598 2274 nisi
1622 2245 1726 2284 hospes
1749 2244 1786 2274 sit
1808 2243 1943 2283 superior
1964 2253 2012 2281 ge-

1274 2295 1384 2325 neralis
1408 2294 1451 2324 vel
1474 2294 1612 2324 definitor
1634 2293 1778 2331 generalis
1794 2292 1912 2322 alterius
1928 2292 2010 2321 fami-

1274 2344 1341 2382 liae,
1365 2343 1414 2383 qui
1438 2347 1585 2382 tamquam
1609 2342 1775 2371 definitores
1794 2340 1944 2380 generales
1959 2340 2012 2371 Or-

1274 2393 1351 2423 dinis
1374 2392 1498 2422 habendi
1521 2395 1587 2421 sunt
1610 2391 1684 2421 circa
1708 2391 1790 2420 haec.

1315 2450 1342 2471 v.
1376 2440 1542 2471 Transactis
1577 2439 1690 2469 duobus
1726 2438 1846 2475 diebus,
1883 2437 2011 2477 hospites

1275 2491 1378 2520 missas
1410 2489 1558 2519 celebrent
1587 2497 1638 2527 pro
1670 2487 1832 2517 intentione
1854 2490 1881 2516 et
1902 2485 2011 2524 obliga-

1277 2540 1354 2570 tione
1388 2542 1550 2569 conventus
1584 2537 1627 2566 vel
1655 2536 1771 2574 collegii
1802 2535 1881 2565 illius
1902 2534 1932 2565 in
1955 2543 2012 2574 quo

1276 2589 1472 2628 hospitantur.
1496 2587 1527 2618 Si
1549 2590 1646 2616 tamen
1675 2584 1808 2616 venerint
1834 2588 1866 2614 ut
1888 2593 2013 2614 conven-

1278 2637 1380 2677 tuales,
1404 2646 1418 2667 a
1442 2635 1536 2676 primo
1559 2635 1604 2666 die
1623 2643 1675 2675 pro
1696 2634 1747 2665 illo
1769 2642 1850 2664 sacra
1872 2632 1988 2665 saciant.

2031 969 2062 990 De
2076 943 2128 996 118qu

2014 996 2124 1021 retugiusis.
