2232 3178
261 202 311 229 An.
331 201 360 231 c,
379 201 448 230 ¹738
494 193 557 226 5396

453 254 580 289 potestas
613 252 641 278 et
664 248 823 278 auctoritas
845 247 1029 286 superiorum
1059 257 1072 276 a
1097 246 1195 276 subdi-

453 303 546 328 torum
580 297 728 327 submissa
761 296 910 326 voluntate
948 295 1103 335 dependet.
1138 294 1193 323 Sed

451 350 569 375 nostrae
600 344 839 383 Congregationis
873 345 976 373 fratres
1007 344 1192 381 intelligant,

453 394 528 433 qnod
553 394 715 423 obedientia
740 397 808 422 tnnc
831 393 887 422 erit
911 392 1077 422 hominibus
1100 393 1194 422 dulcis

453 444 566 481 Deoque
599 442 808 481 acceptabilis,
833 442 855 471 si
890 451 946 470 non
983 442 1112 480 trepide,
1136 451 1192 470 non

453 491 546 527 tarde,
571 500 664 529 neque
689 490 795 529 tepide,
813 494 863 519 aut
885 499 951 519 cum
976 499 1125 519 murmure
1149 490 1193 519 vel

453 548 517 568 cuin
546 539 735 578 responsione
768 539 893 568 nolentis
923 538 1092 576 efficiatur,
1124 538 1192 576 qnia

453 587 617 616 obedientia
632 610 639 624 ‚
663 597 727 616 cum
753 586 912 616 maioribus
936 586 1113 625 praebetur,
1138 587 1193 626 ipsi

452 635 608 665 exhibetur
636 636 693 666 Deo
723 636 852 666 dicenti:
882 635 935 670 Qut
965 646 1010 666 cos
1037 637 1130 670 audit,
1155 646 1195 664 me

452 684 540 713 audii.

492 742 521 762 n.
540 733 674 763 Ceterum
692 733 826 762 volumus
838 737 865 762 et
881 732 1065 762 declaramus
1078 736 1109 761 ut
1126 741 1194 761 con<

453 781 621 811 stitutiones
637 785 753 810 nostrae
773 790 830 810 non
854 780 985 818 obligent
1009 789 1061 810 nos
1083 780 1117 809 ad
1135 780 1196 809 cul-

453 839 517 868 pam
541 830 673 859 laetalem
690 834 738 859 aut
756 829 910 867 venialem,
928 829 979 858 sed
1003 829 1036 858 ad
1058 838 1193 868 poenam,

452 879 508 908 nisi
532 882 651 918 propter
674 883 861 918 praeceptum
885 878 929 906 vel
954 881 1166 916 contemptum.

492 937 533 957 111.
570 928 761 966 Praeceptum
795 931 890 956 antem
925 927 1037 956 nullum
1071 926 1193 963 intelligi

452 976 598 1013 volumus,
623 976 679 1005 nisi
703 975 776 1014 quod
802 979 912 1014 spectat
936 975 969 1004 ad
993 975 1047 1004 tria
1072 979 1134 1004 vota
1152 984 1195 1003 es-

452 1025 596 1062 sentialia,
615 1029 643 1054 et
665 1028 803 1063 quartum
822 1033 879 1053 non
896 1024 1043 1053 ambiendi
1061 1023 1089 1052 in
1111 1023 1196 1052 cleri-

452 1073 505 1109 cis,
523 1077 551 1102 et
574 1083 631 1102 non
655 1072 825 1102 transeundi
844 1072 878 1102 ad
902 1076 1010 1102 statum
1029 1072 1195 1101 clericalem

452 1126 480 1151 et
499 1131 597 1151 sacros
620 1121 738 1151 ordines
761 1121 790 1150 in
814 1121 908 1156 laicis,
933 1120 977 1150 vel
999 1120 1075 1158 qnod
1099 1120 1127 1149 in
1152 1120 1195 1149 liis

452 1171 711 1200 constitutionibus
744 1171 787 1200 vel
811 1180 826 1199 a
849 1170 1050 1209 superioribus
1083 1169 1196 1208 praeci-

453 1220 532 1259 pitur
554 1220 607 1250 sub
631 1222 722 1259 poena
747 1219 1072 1256 excommunicationis,
1098 1219 1142 1248 vel
1165 1219 1194 1248 in

453 1269 561 1298 virtute
577 1273 694 1298 sanctae
709 1268 901 1298 obedientiae.
918 1268 1194 1305 Transgressionem

453 1327 521 1347 vero
546 1318 588 1347 vel
611 1317 799 1347 omissionem
823 1317 967 1354 aliorum,
992 1317 1104 1346 secluso
1128 1326 1196 1346 con-

453 1371 579 1406 temptu,
604 1367 740 1396 nolumus
763 1366 911 1404 obligare,
936 1366 990 1395 nisi
1015 1366 1048 1395 ad
1073 1375 1194 1405 poenam

453 1415 642 1454 impositam,
667 1415 710 1445 vel
734 1425 748 1444 a
778 1414 980 1454 superioribus
1011 1423 1062 1453 pro
1096 1424 1194 1444 eorum

453 1464 589 1503 prudenti
607 1464 727 1493 arbitrio
743 1463 963 1503 imponendam.

492 1521 530 1542 ιν.
554 1512 634 1547 Quod
657 1513 680 1542 si
703 1512 809 1552 aliquis
834 1512 934 1551 (quod
958 1512 1033 1541 Deus
1057 1512 1194 1549 avertat)

453 1560 548 1599 quoad
572 1561 767 1590 reverentiam
790 1560 935 1599 superiori
962 1560 1088 1589 debitam
1112 1560 1141 1589 in
1164 1569 1195 1590 re

453 1610 535 1647 gravi
567 1609 750 1648 deliquerit,
775 1609 866 1639 ceteri
888 1609 1017 1647 religiosi
1040 1609 1196 1647 diligenter

453 1657 506 1688 sub
538 1659 632 1697 poena
664 1658 761 1697 gravis
794 1657 897 1696 culpae
931 1662 1035 1687 curent
1069 1662 1101 1687 ut
1128 1666 1195 1686 reus

453 1716 554 1737 severe
576 1707 737 1747 puniatur,
761 1707 902 1746 nullaque
924 1707 1009 1745 culpa
1032 1707 1196 1736 irreveren-

454 1755 510 1785 tiae
528 1765 596 1794 erga
615 1755 808 1795 superiorem,
825 1755 1013 1794 quantumvis
1036 1754 1120 1793 levis,
1142 1754 1196 1784 im-

455 1805 555 1844 punita
576 1809 703 1835 maneat.

493 1862 521 1884 v.
545 1853 574 1884 Si
606 1853 712 1893 aliquis
745 1853 899 1892 religiosus
923 1862 1020 1883 coram
1044 1852 1195 1892 superiore

453 1902 542 1933 alicui
565 1906 718 1942 praecepto
741 1902 928 1942 quantumvis
950 1902 1078 1941 simplici
1098 1903 1196 1941 (prae-

454 1955 536 1990 cepta
569 1950 647 1980 enim
680 1951 826 1990 simplicia
860 1951 1007 1990 pertinent
1039 1950 1074 1980 ad
1108 1950 1196 1980 vitam

454 1998 668 2036 monasticam,
692 1999 775 2028 cuius
807 1998 982 2037 gubernium
1015 1998 1196 2038 impossibile

454 2051 497 2077 est
519 2047 612 2078 solum
636 2057 688 2087 per
710 2051 861 2087 praecepta
885 2047 1032 2086 formalia)
1051 2056 1108 2076 non
1128 2047 1196 2077 obe-

454 2096 564 2135 dierit,
588 2100 616 2126 et
638 2106 720 2126 suam
743 2096 970 2126 inobedientiam
994 2096 1140 2126 mordicus
1169 2101 1197 2126 et

455 2145 646 2184 pertinaciter
677 2145 866 2183 defenderit,
895 2146 1034 2175 continuo
1067 2146 1197 2175 incarce-

440 2197 538 2223 ·retur
564 2197 711 2232 tamquam
742 2198 908 2223 comtumax
938 2198 966 2223 et
993 2193 1135 2229 rebellis,
1169 2197 1196 2222 et

454 2250 524 2272 voce
546 2242 642 2271 activa
672 2251 705 2271 ac
727 2241 790 2272 loco
824 2242 953 2280 privatus
982 2242 1019 2271 sit
1048 2251 1100 2280 pro
1124 2245 1194 2271 tem-

454 2300 524 2330 pore
543 2291 645 2330 culpae
669 2291 889 2330 proportionato
911 2290 947 2320 ab
971 2290 1125 2320 arbitrium
1142 2291 1195 2320 mi—

453 2339 552 2369 nistri.
570 2340 604 2369 Et
620 2339 723 2369 eadem
740 2342 833 2379 poena
850 2339 1039 2377 mulctentur,
1060 2339 1109 2378 qui
1127 2349 1195 2369 con-

455 2392 499 2418 tra
516 2388 682 2427 superiores
704 2388 930 2426 insurrexerint,
953 2388 1076 2418 istorum
1100 2388 1194 2418 officia

455 2441 652 2477 usurpanteS‚
677 2438 723 2468 vel
747 2447 848 2468 eorum
870 2438 1074 2468 executionem
1103 2437 1195 2477 irnpe-

455 2484 578 2517 dientes.

492 2541 531 2565 vi.
555 2533 606 2565 Ille
628 2544 709 2574 vero,
727 2535 776 2576 qui
794 2534 1004 2566 murmurando
1021 2534 1065 2564 vel
1081 2534 1194 2565 dissen-

454 2583 560 2624 tiendo,
583 2589 678 2625 gestu,
697 2594 766 2616 voce
782 2589 830 2616 aut
855 2584 976 2625 scripto,
994 2583 1193 2625 praelatorum

1033 198 1217 222 nULLARtUM
1240 197 1399 222 Romnum

1238 246 1437 275 ordinationes
1453 254 1518 276 cum
1535 250 1632 285 spretu
1650 255 1706 275 non
1723 245 1903 284 adimplevit,
1921 253 1973 283 pro

1238 294 1333 332 prima
1356 294 1417 323 vice
1436 294 1545 323 ieiunet
1562 294 1588 323 in
1607 303 1679 333 pane
1695 298 1722 324 et
1741 295 1817 333 aqua
1841 297 1972 328 tantum3

1238 351 1289 380 pro
1313 343 1441 371 secunda
1463 343 1562 371 eadem
1586 352 1676 381 poena
1703 343 1890 381 duplicetur3
1923 351 1974 380 pro

1237 390 1332 426 tei-tia,
1357 391 1384 419 in
1409 400 1462 429 qna
1486 391 1542 420 iam
1565 391 1660 430 aliqua
1684 391 1863 420 consuetudo
1880 390 1924 419 vel
1941 390 1974 419 il-

1237 439 1292 468 lius
1315 439 1465 469 suboritur
1481 440 1576 478 aliqua
1600 440 1738 479 suspicio,
1763 441 1973 476 incarceretur,

1228 497 1328 526 usqne
1351 488 1419 517 dum
1442 488 1618 527 resipiscens
1648 497 1744 518 coram
1767 488 1974 518 communitate

1237 546 1318 566 reum
1342 541 1427 573 agat,
1451 541 1479 566 et
1508 537 1542 566 ad
1577 537 1697 576 praelati
1731 537 1818 576 pedes
1851 536 1975 576 petendo

1238 585 1363 623 veniam,
1388 586 1620 616 emendationem
1643 586 1700 616 Deo
1716 595 1749 616 ac
1769 586 1824 625 ipsi
1846 595 1976 616 commu-

1238 634 1320 663 nitati
1345 635 1505 673 promittat.

1277 691 1325 712 vn.
1351 683 1490 721 Religiosi
1513 683 1585 713 niliil
1609 683 1728 713 omnino
1750 687 1837 722 agant
1859 682 1922 712 sine
1943 682 1978 712 li-

1238 731 1335 760 centia
1368 732 1552 771 superioris,
1578 733 1750 770 praesertim
1785 732 1894 771 absque
1925 731 1977 761 itta

1239 789 1304 808 cnm
1328 781 1475 810 extraneis
1498 790 1555 809 non
1580 780 1748 819 loquantur,
1766 789 1818 810 nec
1834 779 1975 817 scribant,

1238 838 1291 858 nec
1313 829 1456 868 recipiant
1480 829 1607 867 litteraS,
1632 829 1702 868 quin
1726 829 1808 868 prius
1831 828 1896 858 illas
1918 836 1977 857 ma-

1239 877 1375 907 nifestent
1398 878 1554 916 superiori,
1579 877 1627 916 qui
1651 887 1699 907 eas
1727 877 1820 916 legat,
1845 881 1872 907 et
1894 880 1976 906 curet

1239 934 1274 954 ne
1297 925 1463 955 scribantur
1484 935 1538 955 nec
1568 926 1748 965 recipiantur
1770 935 1843 965 quae
1872 934 1977 955 conve-

1240 974 1354 1003 nientes
1387 984 1443 1003 non
1479 975 1598 1004 fuerint.
1630 975 1768 1004 l'oternnt
1796 979 1891 1004 tamen
1915 974 1977 1003 sine

1239 1023 1357 1052 licentia
1379 1023 1412 1052 ad
1436 1032 1502 1052 snos
1526 1024 1669 1062 praelatos
1692 1024 1857 1062 superiores
1885 1027 1913 1052 et
1941 1022 1976 1052 ad

1239 1080 1441 1110 quoscumque
1464 1072 1631 1101 definitores
1653 1072 1793 1110 scribere,
1811 1076 1898 1110 atque
1913 1071 1976 1100 illo-

1238 1129 1303 1149 rum
1326 1120 1437 1149 litteras
1460 1120 1602 1159 accipere.

1279 1178 1337 1198 vni.
1362 1169 1389 1199 Si
1414 1169 1548 1199 subditus
1563 1170 1669 1209 aliquis
1692 1170 1840 1209 aperuerit
1858 1169 1903 1199 vel
1919 1178 1976 1198 non

1239 1218 1390 1247 tradiderit
1414 1218 1525 1247 litteras
1548 1219 1707 1258 superioris
1734 1219 1880 1256 generalis
1895 1242 1902 1256 ‚
1927 1227 1977 1248 cu-

1238 1266 1412 1305 iuscumque
1435 1267 1597 1296 definitoris
1627 1267 1772 1305 generalis
1795 1267 1838 1297 vel
1862 1267 1978 1306 provin-

1239 1315 1342 1352 cialiS,
1368 1316 1411 1345 vel
1435 1325 1555 1346 suorum
1590 1317 1789 1346 ministrorum
1813 1315 1977 1355 provincia-

1239 1364 1310 1394 lium
1334 1365 1379 1394 vel
1402 1366 1663 1402 conventualium,
1688 1366 1731 1395 vel
1760 1366 1824 1395 illas
1847 1374 1920 1404 quae
1942 1364 1977 1394 ad

1239 1413 1316 1452 ipsos
1339 1413 1496 1443 mittuntur
1512 1437 1519 1451 ,
1544 1414 1581 1443 sit
1610 1414 1833 1451 incarceratus,
1858 1417 1886 1443 et
1907 1422 1978 1443 voce

1238 1470 1270 1490 ac
1294 1461 1356 1491 loco
1380 1462 1511 1500 privatus
1544 1472 1596 1502 pro
1627 1467 1757 1501 tempore
1786 1461 1889 1500 culpae
1912 1471 1979 1501 pro-

1241 1510 1416 1548 portionato.
1434 1511 1462 1540 Si
1480 1520 1546 1541 vero
1563 1511 1735 1550 delinquens
1755 1511 1902 1550 praelatus
1919 1510 1979 1540 fue-

1239 1559 1287 1594 rit,
1312 1559 1349 1588 sit
1371 1568 1532 1598 suspensus
1555 1569 1568 1588 a
1593 1569 1644 1590 sno
1667 1560 1762 1589 officio
1782 1569 1833 1598 per
1855 1564 1979 1599 quatuor

1239 1615 1364 1636 menses.
1389 1606 1469 1642 Quod
1493 1608 1516 1637 si
1539 1608 1644 1647 aliquis
1677 1608 1798 1638 inferior
1832 1607 1980 1647 aperuerit

1981 196 2032 224 An.
2053 197 2082 226 G.
2097 200 2159 230 1788

1239 1655 1281 1684 vel
1314 1665 1371 1685 non
1406 1656 1560 1686 tradiderit
1592 1657 1728 1694 litteras,
1752 1666 1824 1696 quas
1856 1655 2011 1696 quilibet·

1238 1703 1394 1741 religiosus
1416 1704 1501 1734 alteri
1531 1704 1636 1743 mittat,
1654 1706 1743 1743 poena
1760 1705 1862 1744 culpae
1883 1705 1979 1743 gravis

1239 1752 1395 1790 puniatur;
1421 1757 1448 1782 et
1470 1753 1570 1782 eadem
1595 1755 1689 1792 poena
1710 1753 1869 1783 mulctetur
1891 1753 1977 1783 etiam

1239 1800 1362 1838 quilibet
1385 1801 1545 1840 praelatus,
1563 1801 1611 1840 qui
1628 1801 1741 1832 litteras
1764 1801 1820 1831 sibi
1836 1810 1895 1831 non
1911 1800 1978 1831 sub-

1238 1849 1366 1879 ditorum
1389 1851 1546 1888 aperuerit.

1279 1907 1298 1928 1.
1322 1898 1469 1928 Castitatis
1492 1899 1585 1929 virtus
1608 1899 1777 1938 angelornm
1794 1904 1836 1930 est
1852 1899 1976 1937 aemula,

1239 1950 1267 1976 et
1299 1947 1501 1985 religiosorum
1535 1957 1650 1987 quoque
1686 1948 1898 1988 propriissima.
1932 1948 1975 1979 Ad

1239 2004 1324 2034 qnam
1339 1996 1550 2035 perfectissime
1564 1997 1793 2035 custodiendam,
1807 2006 1875 2036 prae
1885 1997 1976 2027 oculis

1240 2043 1345 2074 habere
1368 2044 1474 2074 debent
1495 2045 1567 2075 illud
1591 2046 1731 2076 monitum
1754 2046 1872 2084 regulae
1895 2055 1978 2086 prae-

1239 2092 1384 2131 cipientis,
1401 2093 1477 2132 quod
1502 2094 1596 2123 omnis
1619 2099 1730 2133 status,
1755 2099 1875 2134 gestus,
1899 2095 1976 2134 vita,

1238 2141 1324 2179 actio,
1343 2145 1371 2171 et
1389 2142 1484 2171 omnia
1509 2143 1563 2172 alia
1589 2143 1708 2173 honesta
1726 2144 1755 2173 in
1773 2144 1815 2173 eis
1830 2143 1978 2183 reperian-

1238 2194 1297 2219 tur.
1321 2192 1460 2220 Ceterum
1477 2191 1501 2220 si
1520 2192 1610 2230 (quod
1633 2192 1708 2222 Deus
1730 2193 1854 2231 avertat)
1870 2192 1976 2231 aliquis

1238 2238 1392 2276 religiosus
1427 2244 1527 2269 contra
1558 2241 1721 2271 castitatem
1745 2241 1924 2280 deliquerit,
1948 2244 1976 2271 et

1238 2287 1272 2317 de
1289 2297 1322 2317 eo
1345 2288 1496 2318 convictus
1521 2290 1620 2328 suerit,
1644 2290 1843 2320 incarceretur
1859 2299 1909 2328 per
1924 2298 1975 2319 sex

1238 2345 1361 2375 menses,
1379 2337 1504 2376 ieiunet,
1522 2342 1549 2367 et
1566 2338 1728 2376 flagelletur
1751 2338 1873 2368 arbitrio
1893 2347 1978 2378 supe-

1238 2384 1335 2422 rioris,
1360 2387 1471 2415 attenta
1494 2386 1639 2423 gravitate
1657 2387 1766 2425 delicti,
1791 2391 1818 2417 et
1841 2396 1892 2426 per
1913 2396 1978 2426 spa-

1239 2433 1310 2462 tium
1333 2433 1419 2463 nnius
1447 2434 1516 2464 anni
1551 2435 1679 2474 privatus
1702 2436 1740 2466 sit
1762 2436 1881 2474 officio,
1905 2445 1974 2466 voce

1237 2487 1264 2513 et
1285 2483 1359 2513 loco.
1383 2483 1463 2519 Quod
1491 2485 1515 2514 si
1537 2485 1674 2515 delictum
1708 2485 1857 2525 publicum
1884 2485 1973 2516 suerit

1235 2532 1310 2571 apud
1333 2532 1514 2572 saeculares,
1538 2533 1692 2573 disciplina
1715 2534 1900 2565 conventuali
1923 2533 1974 2564 ssa-

1235 2580 1367 2619 genetur,
1385 2592 1418 2613 ac
1440 2591 1492 2621 per
1513 2582 1660 2621 integrum
1683 2592 1791 2613 annum
1807 2582 1837 2613 in
1853 2591 1969 2613 carcere

2027 1906 2118 1956 Desvglo
2131 1937 2166 1955 οι-

1989 1960 2073 1982 stit-atis.
