2232 3178
244 202 432 231 An.c.t·136
481 192 544 226 1⁶20

267 264 361 290 Utraque
378 271 427 289 pars

262 295 413 316 praitaetnwrlani

243 318 379 337 cirticuriltatu
392 324 425 342 pe-

244 346 268 363 ut
283 344 409 364 contii-mari.

255 1430 314 1454 Quod
328 1431 425 1460 concedi>

242 1460 274 1478 tur
290 1463 301 1478 a
315 1458 425 1478 ΡυιιῑιῐὶοεΑ

484 252 499 294 ἓ
524 251 556 285 3.
584 251 659 285 Cum
677 256 794 290 autem,
816 250 898 283 sicut
924 248 1038 282 eadem
1065 248 1178 292 petitio

439 305 668 347 subiungebat,
689 304 793 337 dictus
814 303 932 345 Ioseph
959 302 1179 345 archiepisco-

439 370 511 402 pus,
530 364 702 401 antequam
728 356 969 399 beneplacitum
993 355 1177 388 huiusmodi

437 422 454 443 a
481 411 575 444 nobis
603 411 847 454 impetraretur,
875 409 1017 442 debitum
1044 415 1178 441 naturae

437 464 642 508 persolverit,
656 462 828 495 concordia
843 472 898 494 scu
916 462 1088 494 transactio
1105 472 1179 494 vcro

439 516 627 549 hulusmodi
654 526 714 559 pro
747 515 801 547 diu
836 520 946 558 optato
972 515 1059 547 bono
1093 514 1180 557 pacis

437 571 519 602 inita
536 570 587 609 sit,
608 575 639 602 et
665 580 700 601 ex
727 569 782 601 illa
808 578 872 601 non
899 568 1062 601 modicum
1080 567 1178 600 divini

436 625 542 656 cultus
574 627 605 655 et
638 621 852 664 spiritualium
889 620 1068 654 animarum
1094 621 1179 653 dieto

436 676 637 710 monasterio
658 675 877 707 subiectarum
894 674 1077 707 huiusmodi
1105 683 1180 707 con-

435 729 635 762 solationum
663 728 820 762 oriturum
847 728 888 760 sit
921 727 1176 767 incrementum3

436 783 575 825 ideoque
601 782 739 814 Thomas
773 781 1038 824 archiepiscopus
1064 786 1095 813 et
1119 780 1179 812 Sil-

435 836 504 869 vius
530 835 799 878 archiepiscopus
827 840 857 867 et
883 833 1178 867 commendatarius

436 888 569 933 praefati
587 888 765 932 plurimum
785 887 917 931 cupiant
937 887 1024 920 illam
1043 897 1101 930 per
1119 897 1177 919 nos

436 946 467 974 et
481 941 597 974 Sedent
614 940 834 984 Apostolicam
852 946 885 973 ut
903 940 986 972 infra
1002 939 1176 983 approbari

436 1000 468 1027 et
492 993 688 1033 confirmari,
716 993 871 1036 illamque
897 992 1099 1036 apostolicae
1125 992 1177 1024 fir-

436 1048 556 1081 mitatis
582 1047 759 1080 munimine
795 1047 961 1080 roborari:
995 1057 1093 1090 quare
1119 1056 1176 1090 pro

436 1107 529 1145 parte
555 1101 698 1134 Thomae
716 1100 954 1143 archiepiscopi
974 1106 1004 1132 et
1021 1099 1108 1133 Silvii
1127 1110 1177 1132 ar-

436 1154 637 1198 chiepiscopi
673 1159 704 1186 et
733 1152 1003 1186 commendatarii
1040 1152 1175 1196 praedi-

437 1213 564 1242 ctorum
586 1207 681 1240 nobis
700 1206 758 1239 suit
775 1206 943 1239 humiliter
960 1206 1175 1249 supplicatum

437 1267 596 1305 quatenus
628 1260 674 1294 eis
707 1261 739 1292 in
765 1259 952 1303 praemissis
990 1264 1176 1303 opportune

436 1314 612 1359 providere
634 1314 673 1347 de
697 1313 900 1356 benignitate
927 1312 1107 1356 apostolica
1132 1312 1173 1345 di-

437 1377 612 1410 gnaremur
629 1378 636 1399 :

481 1422 496 1464 ξ
520 1421 554 1454 4.
580 1420 644 1453 Nos
661 1420 771 1463 igitur,
790 1420 844 1463 qui
860 1419 1091 1453 dissidentium
1109 1419 1177 1452 ani-

438 1485 506 1508 mos
531 1474 562 1507 in
588 1473 784 1507 concordiae
806 1473 929 1506 unitate
955 1473 1128 1506 conciliare
1148 1479 1177 1506 et

438 1528 632 1561 confirmare
645 1526 780 1559 sinceris
795 1531 983 1569 exoptamus
997 1525 1175 1565 affectibus,

438 1579 584 1612 Thomae
610 1577 861 1619 archiepiscopo
881 1582 911 1609 et
928 1576 1025 1609 Silvio
1051 1576 1177 1609 archie-

437 1633 572 1677 piscopo
612 1637 644 1664 et
683 1630 961 1664 commendatario
1001 1630 1175 1674 praedictis

437 1686 613 1730 specialem
649 1683 786 1727 gratiam
820 1683 924 1717 facere
950 1684 1114 1723 volentes,
1141 1694 1178 1716 ac

437 1740 592 1772 Thomam
618 1738 900 1781 archiepiscopum
922 1742 952 1770 et
972 1737 1106 1770 Silvium
1127 1747 1177 1770 ar-

437 1793 681 1837 chiepiscopum
700 1796 731 1823 et
751 1790 1061 1823 commendatarium
1087 1801 1178 1834 prae-

438 1848 519 1880 satos
544 1857 561 1879 a
586 1844 751 1889 quibusvis
771 1843 997 1888 suspensionis
1023 1850 1055 1877 et
1074 1844 1177 1877 inter-

438 1900 514 1934 dicti
532 1926 539 1940 ,
566 1899 704 1942 aliisque
737 1897 968 1931 ecclesiasticis
992 1898 1173 1939 sententiis,

437 1953 584 1987 censuris
610 1958 642 1985 et
666 1951 804 1996 poenis,
831 1962 849 1984 a
873 1951 942 1984 iure
973 1952 1021 1985 vel
1054 1951 1092 1984 ab
1118 1952 1176 1985 ho-

436 2006 534 2047 mine,
564 2005 675 2049 quavis
700 2004 874 2038 occasione
899 2006 950 2038 vel
975 2006 1072 2038 causa
1092 2005 1176 2045 latis,

437 2059 606 2103 siquibus
642 2057 891 2102 quomodolibet
926 2058 1074 2091 innodati
1110 2059 1177 2092 exi-

436 2119 533 2153 stunt,
561 2113 600 2145 ad
622 2111 770 2145 effectum
800 2111 1023 2154 praesentium
1054 2117 1175 2145 tantum

436 2167 713 2210 consequendum,
734 2165 849 2198 harum
867 2166 951 2198 serie
970 2165 1176 2200 absolventes

437 2226 467 2253 et
493 2220 661 2253 absolutos
685 2219 754 2252 sore
786 2224 970 2259 censentes,
996 2229 1031 2252 ac
1057 2219 1177 2252 instru-

437 2273 537 2306 menti
563 2271 720 2316 praedicti
746 2281 801 2304 seu
826 2271 1058 2314 scripturarum
1081 2283 1175 2316 prae-

439 2327 598 2360 dictarum
625 2330 754 2358 tenores
780 2325 875 2358 etiam
902 2325 1043 2358 veriores
1070 2336 1106 2359 ac
1123 2326 1176 2359 da-

440 2387 501 2414 tam
515 2379 744 2424 praesentibus
758 2389 818 2423 pro
833 2378 993 2422 expressis
1004 2379 1174 2420 habentes,

438 2443 568 2467 necnon
600 2443 713 2466 causas
745 2437 777 2465 et
801 2431 1039 2465 controversias
1065 2432 1175 2465 huius-

438 2486 525 2519 modi
551 2485 591 2518 ad
616 2495 676 2518 nos
702 2490 892 2527 avocantes,
917 2485 1057 2528 litesque
1081 2495 1175 2529 prae-

421 2540 551 2579 ,dictas,
577 2539 685 2583 quoad
711 2539 868 2573 Thomam
890 2538 1173 2582 archiepiscopum

439 2598 471 2626 et
495 2592 628 2626 Silvium
654 2592 937 2636 archiepiscopum
963 2598 994 2626 et
1014 2603 1174 2626 commen-

1028 198 1209 223 BULLARIUM
1234 198 1391 224 ROMANUM

1965 203 2017 228 An.
2041 203 2071 228 C.
2091 203 2154 230 ¹736

1222 247 1382 281 datarium
1416 249 1579 291 praefatos
1606 255 1750 291 tantum,
1776 250 1906 294 penitus
1931 257 1961 284 et

1222 301 1354 334 omnino
1373 302 1613 343 extinguentes,
1634 313 1671 335 ex
1689 308 1762 336 voto
1778 304 1961 347 Congrege-

1224 353 1319 386 tionis
1345 354 1577 387 venerabilium
1614 355 1746 388 fratrum
1774 362 1960 390 nostrorum

1223 406 1254 438 S.
1272 406 1306 438 n.
1320 407 1354 439 E.
1371 407 1583 440 cardinalium
1602 408 1806 442 decretorum
1826 409 1959 442 Concilii

1223 460 1401 492 Tridentini
1429 461 1656 504 interpretum,
1684 461 1868 495 huiusmodi
1888 474 1962 506 sup-

1224 513 1455 555 plicationibus
1483 514 1641 553 inclinati,
1669 515 1877 548 concordiam
1903 526 1960 548 seu

1223 567 1472 599 transactionem
1493 567 1693 606 huiusmodi,
1714 573 1753 606 et,
1776 574 1873 610 prout
1891 580 1960 602 eam

1223 620 1390 653 concernit
1407 631 1463 653 seu
1482 627 1693 661 concernunt,
1720 622 1863 665 desuper
1886 633 1962 656 con-

1223 673 1339 705 sectum
1361 673 1613 706 instrumentum
1639 685 1695 707 seu
1719 675 1860 718 desuper
1885 686 1962 708 con-

1223 727 1319 759 sectas
1338 727 1511 770 scripturas
1529 728 1727 769 huiusmodi,
1746 734 1776 761 ct
1798 729 1828 761 in
1847 739 1886 762 eo
1904 739 1961 762 seu

1222 781 1268 813 eis
1295 786 1449 814 contenta
1474 791 1717 824 quaecumque,
1743 781 1829 814 licita
1854 787 1960 815 tamen

1222 838 1253 865 et
1267 833 1412 873 honesta,
1424 844 1495 866 cum
1512 834 1665 866 omnibus
1684 840 1715 866 et
1731 834 1865 876 singulis
1884 834 1960 868 inde

1221 885 1365 928 legitime
1400 887 1547 930 sequutis
1574 893 1605 919 et
1629 887 1804 930 sequendis
1830 887 1962 930 quibus-

1221 951 1382 983 cumque,
1409 941 1588 984 apostolica
1614 942 1821 981 auctoritate,
1850 947 1959 974 tenore

1222 993 1463 1036 praesentium,
1490 1000 1651 1038 perpetuo
1678 995 1897 1038 approbamus
1930 999 1961 1027 et

1221 1046 1468 1087 confirmamus,
1494 1048 1626 1091 illisque
1659 1053 1837 1091 perpetuae
1862 1047 1961 1081 invio-

1222 1099 1327 1132 labilis
1353 1099 1551 1143 apostolicae
1570 1100 1730 1133 firmitatis
1757 1100 1857 1133 robur
1881 1100 1961 1133 adii-

1220 1152 1338 1193 cimus‚
1365 1164 1400 1186 ac
1425 1164 1537 1186 omnes
1563 1159 1594 1186 et
1618 1153 1765 1196 singulos
1792 1158 1855 1186 tam
1881 1154 1959 1187 iuris

1221 1216 1314 1248 quam
1341 1206 1414 1238 sacti
1431 1233 1438 1247 ‚
1467 1212 1499 1239 et
1523 1206 1787 1248 solemnitatum,
1814 1207 1959 1250 aliosque

1220 1259 1424 1301 quantumvis
1443 1259 1671 1293 substantiales
1690 1260 1844 1300 desectus,
1862 1260 1887 1292 si
1902 1260 1958 1303 qui

1221 1312 1360 1354 desuper
1384 1312 1632 1356 quomodolibet
1664 1312 1901 1346 intervenerint
1925 1312 1958 1345 in

1220 1365 1355 1406 eisdem,
1384 1367 1584 1409 supplemus.

1264 1419 1279 1462 g
1304 1418 1335 1451 5.
1363 1418 1493 1452 Necnon
1520 1419 1730 1452 concordiam
1756 1430 1811 1452 seu
1839 1424 1960 1453 transa-

1220 1471 1360 1505 ctionem
1387 1472 1596 1515 praedictam,
1613 1483 1742 1506 necnon
1768 1472 2152 1517 instrumen-matmnemnuuq

1222 1531 1286 1558 tum
1313 1535 1367 1558 seu
1394 1525 1572 1568 scripturas
1606 1526 1790 1559 huiusmodi
1815 1526 1956 1559 validum
1969 1515 2152 1568 332¹÷¹2²¹331u¹3⁰ssi2rf

1220 1584 1252 1611 et
1277 1578 1408 1618 efficaX,
1435 1589 1492 1611 seu
1518 1579 1639 1612 validas
1665 1584 1696 1612 et
1720 1580 1864 1613 efficaces
1889 1567 2041 1613 esse¹⁰¹¹¹¹¹²

1220 1637 1251 1664 et
1276 1632 1343 1664 sore
1362 1659 1369 1672 ‚
1397 1642 1538 1674 suosque
1563 1632 1730 1675 plenarios
1757 1638 1788 1665 ct
1812 1634 1958 1675 integros

1220 1684 1352 1718 eftectus
1389 1685 1498 1718 sortiri
1533 1691 1563 1718 et
1598 1686 1771 1726 obtinere,
1795 1691 1827 1719 et
1853 1692 1915 1719 tarn
1941 1697 1959 1720 a

1219 1738 1341 1771 Thoma
1364 1744 1395 1772 et
1418 1738 1518 1771 Silvio
1544 1738 1800 1782 archiepiscopis
1819 1744 1850 1772 et
1874 1749 1959 1772 com-

1219 1792 1423 1825 mendatario
1448 1793 1610 1835 praefatis,
1630 1803 1723 1836 quam
1749 1803 1766 1825 a
1791 1793 1958 1836 quibusvis

1219 1845 1301 1885 aliis,
1317 1845 1356 1878 ad
1376 1856 1457 1889 quos
1470 1855 1556 1878 nunc
1570 1846 1818 1889 quomodolibet
1834 1851 1958 1890 spectat

1218 1904 1248 1931 et
1273 1909 1330 1942 pro
1356 1905 1502 1942 tempore
1528 1899 1773 1942 quomodolibet
1797 1899 1958 1943 spectabit

1218 1952 1250 1984 in
1269 1952 1427 1991 futurum,
1444 1951 1578 1985 tirmiter
1600 1958 1632 1985 et
1655 1952 1886 1986 inviolabiliter
1902 1953 1957 1986 ob-

1218 2005 1347 2045 servari,
1374 2011 1406 2038 et
1430 2005 1602 2049 adimpleri
1628 2005 1759 2046 debere,
1777 2011 1809 2039 et
1828 2006 1867 2039 ab
1892 2006 1955 2040 illis

1217 2058 1334 2091 resiliri
1365 2063 1418 2091 aut
1442 2058 1551 2091 recedi
1586 2059 1676 2091 nullo
1706 2068 1848 2101 unquam
1875 2063 1957 2091 tem-

1217 2121 1297 2154 pore
1323 2121 1431 2154 posse,
1449 2121 1485 2143 ac
1509 2110 1665 2144 Thomam
1691 2116 1723 2144 et
1747 2110 1880 2144 Silvium
1906 2122 1956 2144 ar-

1219 2164 1468 2208 chiepiscopum
1483 2169 1514 2197 et
1531 2164 1842 2197 commendatarium
1859 2175 1955 2208 prae-

1219 2218 1312 2258 fatos,
1332 2228 1512 2261 eorumque
1531 2217 1562 2250 in
1581 2217 1862 2261 archiepiscopatu
1879 2217 1956 2251 Mes-

1218 2271 1347 2306 sanensi
1374 2276 1405 2304 et
1430 2271 1629 2304 monasterio
1648 2271 1822 2314 praedictis
1847 2282 1956 2315 respe-

1217 2326 1298 2358 ctive
1311 2335 1518 2371 successores
1532 2335 1591 2368 pro
1603 2330 1751 2367 tempore
1765 2324 1954 2364 existentes,

1218 2380 1360 2423 desuper
1384 2391 1401 2413 a
1427 2389 1574 2423 quoque,
1601 2378 1714 2422 quavis
1744 2378 1951 2420 auctoritate,

1218 2438 1248 2466 et
1274 2433 1388 2476 quovis
1414 2436 1594 2477 praetextu,
1613 2432 1724 2465 colore
1742 2432 1791 2464 vel
1809 2431 1951 2474 ingenio,

1218 2486 1340 2519 directe
1367 2487 1416 2519 vel
1441 2485 1598 2518 indirecte
1622 2484 1801 2525 molestari,
1828 2484 1953 2528 inquie-

1217 2539 1275 2572 tari
1300 2541 1349 2573 vel
1375 2539 1560 2583 perturbari
1587 2538 1772 2571 nullatenus
1808 2548 1950 2582 unquam

1215 2603 1314 2638 posse
1350 2603 1456 2637 neque
1493 2593 1636 2633 debere,
1660 2601 1787 2626 necnon
1821 2591 1951 2627 easdem

2013 1432 2151 1454 Concordiam

1970 1459 2059 1485 eiu=quo
2079 1460 2154 1480 contii·-
