2232 3178
26 186 75 213 An.
95 184 125 211 C.
143 182 210 210 1737

53 1195 158 1217 Terminus
174 1195 203 1215 in-

29 1223 93 1244 dictus
101 1222 204 1242 adliuius-

29 1249 81 1271 mod·
105 1251 203 1269 constitu-

29 1276 88 1297 tionis
113 1275 202 1301 vigorem

29 1302 170 1324 inducendum.

213 240 272 274 pro
297 229 429 262 illorum
463 228 635 261 sufficienti
669 226 882 270 derogatione
916 227 955 259 de

214 281 277 315 illis
298 291 480 325 eorumque
507 281 582 314 totis
609 280 779 314 tenoribus
795 279 954 323 specialis,

214 334 383 378 specifica,
411 344 561 377 expressa
587 339 617 366 et
644 332 831 371 individua,
860 342 895 364 ac
917 332 955 364 de

214 388 311 421 verbo
337 388 375 420 ad
402 387 547 428 verbum,
573 397 638 419 non
665 389 770 420 autem
789 396 848 428 per
869 386 955 418 clau-

212 442 297 474 sulas
323 440 497 482 generales
522 440 608 473 idem
630 439 852 482 importantes,
871 447 955 470 men-

213 494 257 527 tio
296 504 352 527 seu
389 494 557 537 quaelibet
593 493 656 526 alia
694 492 863 536 expressio
901 491 955 523 ha-

212 547 319 580 benda
338 574 346 587 ,
373 553 428 579 aut
452 546 560 590 aliqua
585 546 648 579 alia
673 545 832 589 exquisita
854 545 956 577 forma

213 601 250 633 ad
278 600 340 632 hoc
365 600 522 632 servanda
550 599 654 640 soret,
682 603 813 631 tenores
845 596 955 629 huius-

212 652 309 692 modi,
339 663 376 685 ae
400 652 425 684 si
453 652 490 685 de
516 652 615 684 verbo
641 651 680 684 ad
706 650 848 690 verbum,
872 649 954 682 nihil

212 706 341 751 penitus
367 706 488 739 omisso
515 711 545 739 et
570 707 674 739 forma
700 705 732 738 in
759 704 821 737 iliis
839 703 955 736 tradita

213 761 395 799 observata,
422 759 688 803 exprimerentur
713 764 745 792 et
770 758 955 790 insereren-

213 818 284 853 tur,
311 812 540 856 praesentibus
577 823 636 856 pro
674 813 771 855 plene
808 817 838 844 et
870 810 956 843 suffi-

213 867 334 899 cienter
359 865 518 909 expressis
544 870 576 899 et
601 865 731 899 insertis
765 865 925 897 habentes
947 890 955 904 ,

212 920 277 953 illis
303 919 382 952 alias
407 919 439 951 in
464 929 521 952 suo
547 919 666 952 robore
700 917 925 962 permansuris
946 943 953 956 ‚

214 973 252 1005 ad
287 972 539 1015 praemissorum
577 971 751 1012 effectum,
793 971 853 1003 hae
886 969 955 1003 vice

214 1025 398 1065 dumtaxat,
429 1024 617 1068 specialiter
649 1030 680 1058 et
713 1034 868 1068 expresse
900 1023 956 1056 de-

215 1088 387 1120 rogamus3
420 1078 602 1122 ceterisque
626 1077 796 1111 contrariis
823 1076 956 1121 quibus-

214 1143 361 1175 cumque.

257 1185 272 1228 ἓ
289 1185 320 1218 6.
340 1184 492 1218 Volumus
510 1191 629 1225 autem,
648 1192 691 1225 ut,
711 1184 809 1228 lapsis
827 1184 956 1227 viginti-

214 1238 356 1282 quinque
373 1239 488 1271 diebus.
507 1244 678 1282 postquam
697 1243 886 1282 praesentes
904 1237 956 1270 lit-

215 1297 303 1325 terae
321 1303 381 1335 per
398 1293 587 1326 earumdem
607 1292 833 1336 Hispaniarum
856 1301 956 1334 regna

215 1346 254 1378 ab
269 1345 432 1379 ordinario
447 1351 560 1379 nostro
575 1351 670 1389 atque
685 1345 881 1389 apostolicae
901 1344 956 1376 hu-

215 1400 264 1433 ius
282 1399 419 1433 Sanctae
434 1400 524 1433 Sedis
542 1401 573 1432 in
593 1400 708 1433 iisdem
726 1399 955 1442 Hispaniarum

215 1453 324 1496 regnis
351 1453 466 1486 nuntio
493 1453 678 1496 publicatae
697 1452 827 1492 suerint,
845 1462 957 1484 omnes

215 1512 246 1539 et
269 1506 415 1549 singulos
440 1506 472 1539 in
498 1506 653 1549 praelatis
680 1505 790 1548 regnis
817 1504 958 1538 existen-

215 1566 262 1594 tes
288 1560 424 1604 perinde
451 1565 584 1600 aretent,
611 1570 647 1592 ac
666 1560 690 1592 si
709 1558 884 1601 unicuique
903 1568 958 1590 eo-

214 1625 285 1647 rum
303 1614 520 1657 personaliter
534 1624 570 1646 ac
584 1613 774 1646 nominatim
790 1612 958 1644 intimatae

216 1668 368 1708 fuissent,
387 1672 486 1711 utque
508 1667 651 1710 ipsarum
670 1665 890 1709 praesentium
909 1664 959 1698 lit-

216 1728 358 1755 terarum
372 1721 589 1764 transumptis,
606 1732 662 1754 seu
678 1719 845 1763 exemplis,
863 1719 958 1752 etiam

215 1775 390 1818 impressis,
417 1785 515 1807 manu
540 1775 678 1808 alicuius
699 1773 816 1807 notarii
836 1772 958 1816 publici

216 1828 412 1872 subscriptis,
440 1834 471 1861 et
497 1828 604 1871 sigillo
623 1838 782 1871 personae
802 1827 833 1859 in
854 1827 959 1859 ecele-

217 1882 344 1916 siastica
368 1882 526 1925 dignitate
563 1882 760 1915 constitutae
796 1880 930 1913 munitis
950 1907 957 1920 ,

217 1935 329 1969 eadem
356 1946 490 1979 prorsus
515 1934 597 1968 fides
624 1934 655 1967 in
681 1933 801 1967 iudicio
823 1938 854 1966 et
871 1938 959 1965 extra

217 1989 296 2023 illud
311 1989 432 2032 ubique
450 1988 657 2028 adhibeatur,
673 1998 754 2031 qnae
772 1987 851 2030 ipsis
870 1997 960 2030 prae-

217 2043 360 2076 sentibus
386 2042 597 2075 adhiberetur
614 2042 638 2074 si
662 2042 769 2075 forent
794 2040 958 2074 exhibitae

218 2096 266 2129 vel
291 2101 453 2129 ostensae.

262 2150 374 2183 Datum
396 2150 528 2190 Romae,
552 2150 636 2192 apud
661 2149 693 2182 S.
713 2149 843 2182 Mariam
862 2148 958 2181 Maio-

220 2213 304 2244 rem,
322 2204 380 2236 sub
399 2204 520 2236 annulo
539 2203 724 2243 Piscatoris,
753 2202 804 2236 die
830 2213 882 2236 xvi
902 2212 959 2235 no-

220 2256 358 2289 vembris
381 2267 585 2297 moccxxxvn,
618 2256 823 2300 pontificatus
858 2256 958 2289 nostri

220 2321 305 2344 anno
337 2321 405 2344 vni.

256 2373 315 2401 Dat.
331 2373 375 2401 die
391 2374 420 2401 16
435 2372 594 2401 novembris
611 2373 688 2407 1737,
707 2372 802 2408 pontif.
820 2381 889 2400 anno
905 2379 957 2400 vni.

271 2641 351 2669 Bull.
371 2641 452 2671 Rom.
476 2656 510 2661 —-
532 2642 592 2670 Vol.
615 2641 716 2671 XXVI.
863 2640 896 2667 40

838 178 980 201 CLEMENS
1008 177 1053 201 xil
1078 178 1128 202 ΓΡ,

1316 226 1426 260 CCXV.

1001 307 1217 340 patriarchae
1228 318 1287 350 pro
1303 311 1441 350 tempore
1453 306 1602 339 ecclesiae
1622 306 1745 349 Ulyssi-

1040 361 1195 403 ponensz's
1219 360 1427 393 occidentalis
1449 364 1602 402 perpetuo
1632 370 1741 392 conce-

1043 412 1147 452 ditur,
1175 413 1261 456 quod
1285 414 1321 445 in
1346 413 1535 445 consistorio
1557 412 1744 445 immediate

1042 467 1191 508 sequenti
1215 465 1257 498 ml
1281 467 1350 498 eius
1374 465 1556 498 electionem
1581 476 1618 499 ac
1641 467 1745 509 prori-

1042 519 1165 551 sionem
1190 519 1227 551 cle
1255 520 1487 562 patriarchatu
1511 519 1553 552 ad
1586 519 1742 552 cardina-

1044 572 1154 604 liliam
1175 571 1369 615 diynilalem
1392 573 1575 616 promoveri
1600 573 1723 606 debeat.

1202 652 1337 680 Clemens
1359 653 1536 687 episeopus,

1189 704 1301 724 servus
1323 705 1481 725 servorum
1502 698 1566 732 Dei,

1117 743 1153 768 ad
1167 744 1351 775 perpetuam
1370 742 1417 770 rei
1436 743 1624 770 memoriam.

1044 811 1130 844 Inter
1154 812 1348 856 praecipuas
1373 813 1544 857 apostolici
1569 813 1743 847 ministerii

1000 865 1100 897 nostri
1126 871 1234 908 partes
1260 876 1330 899 eam
1356 877 1427 901 esse
1457 869 1556 910 longe
1591 869 1743 911 gravissi-

1000 928 1083 950 mam
1108 918 1201 951 nobis
1227 918 1407 953 iniunctam
1433 920 1671 963 intelligimus,
1709 928 1745 955 ut

1000 970 1234 1013 hierarchiam,
1262 972 1370 1005 divina
1395 973 1602 1007 ordinatione
1627 974 1660 1007 in
1686 975 1742 1008 Ca-

1001 1024 1120 1057 tholica
1144 1024 1288 1059 Ecclesia
1313 1025 1515 1066 institutam,
1541 1037 1607 1059 non
1639 1028 1743 1061 solum

999 1086 1127 1120 semper
1144 1077 1294 1111 stabilem
1312 1079 1473 1112 custodire
1493 1084 1524 1112 et
1537 1090 1741 1120 conservare,

999 1140 1108 1163 verum
1135 1131 1231 1163 etiam
1250 1131 1424 1164 maioribus
1442 1132 1567 1174 gloriae
1586 1143 1622 1165 ae
1636 1134 1744 1176 splen-

1000 1184 1090 1216 doris
1118 1184 1352 1225 incrementis,
1379 1196 1452 1218 cum
1478 1186 1560 1218 haec
1585 1186 1624 1219 ad
1644 1186 1743 1219 divini

1001 1238 1136 1270 honoris
1161 1239 1284 1271 cultum
1311 1238 1412 1281 magis
1444 1239 1671 1282 adaugendum
1709 1251 1745 1273 ac

1000 1291 1184 1324 Catholicae
1211 1291 1375 1325 Ecclesiae
1394 1292 1491 1325 decus
1513 1293 1653 1336 amplius
1671 1304 1745 1337 pro-

1000 1346 1194 1378 movendum
1220 1346 1314 1388 plane
1347 1346 1571 1379 redundatura
1596 1346 1664 1379 fore
1691 1347 1741 1380 in¹

1000 1399 1137 1431 Domino
1155 1398 1372 1442 prospicimus
1390 1404 1422 1431 et
1437 1399 1646 1439 confidimus,
1667 1410 1743 1443 apo—

1001 1453 1116 1485 stolica
1141 1452 1363 1486 sollieitudine
1388 1464 1424 1486 ae
1449 1452 1654 1496 providentia
1690 1463 1742 1485 cu-

1002 1506 1127 1538 mulare
1153 1511 1337 1548 satagamus
1351 1504 1372 1540 ⁹.

1642 166 1707 202 313
1752 176 1802 203 An.
1821 177 1852 205 c.
1871 176 1935 204 ¹737

1781 823 1924 843 l'ioeemium.

1046 1560 1060 1603 ἓ
1086 1559 1116 1591 l.
1152 1559 1282 1602 ltaque,
1310 1570 1381 1592 cum
1408 1559 1607 1593 venerabilis
1643 1561 1744 1594 frater
1782 1565 1863 1586 C⁶u<²0
1889 1570 1939 1584 Μ·

1755 1593 1842 1612 cedendi
1855 1594 1939 1619 privile-

1003 1612 1186 1656 patriarcha
1205 1613 1364 1646 ecclesiae
1382 1612 1646 1657 Ulyssiponensis
1663 1615 1810 1648 occi-eum
1826 1619 1851 1639 de
1865 1626 1906 1647 ‹iuo
1919 1627 1938 1642 ια

1004 1666 1142 1699 dentalis
1170 1665 1207 1698 iis
1232 1666 1417 1709 insignibus
1442 1672 1472 1699 et
1508 1667 1742 1710 praerogativis

1003 1731 1020 1753 a
1046 1719 1149 1753 felicis
1176 1719 1414 1753 reeordationis
1439 1719 1604 1753 Clemente
1641 1721 1678 1754 ΧΙ
1712 1727 1745 1754 et

1004 1773 1253 1806 BenedietoXlll
1266 1773 1418 1806 Romanis
1432 1773 1642 1807 Pontificibus
1656 1785 1745 1818 prae·

1003 1826 1228 1859 decessoribus
1250 1826 1369 1859 nostris
1394 1826 1536 1870 primum
1559 1827 1744 1860 ordinatus⁸

1004 1879 1100 1912 suerit
1134 1885 1169 1912 ut
1203 1880 1352 1923 profecto
1386 1879 1473 1912 inter
1505 1880 1743 1915 ecclesiasticos

1003 1934 1171 1977 praesules
1196 1939 1227 1966 et
1252 1933 1413 1966 antistites
1438 1933 1614 1977 plurimum
1641 1936 1744 1968 excel-

1004 1989 1064 2028 lat,
1091 1987 1167 2020 hinc
1190 1992 1239 2020 est
1260 1987 1347 2030 quod
1366 1997 1423 2020 nos
1445 1987 1541 2020 etiam
1559 1998 1743 2031 congruum

1004 2049 1036 2075 et
1059 2045 1315 2074 consentaneum
1340 2046 1516 2084 propterea
1546 2041 1613 2074 sore
1639 2042 1744 2075 existi-

1005 2104 1136 2134 mamus,
1163 2093 1187 2126 si
1214 2093 1399 2136 patriarcha
1424 2094 1588 2137 praefatus
1605 2105 1664 2138 per
1681 2096 1744 2128 lau-

1005 2148 1144 2181 dabilem
1162 2147 1388 2192 providentiae
1408 2153 1439 2181 et
1456 2147 1677 2191 indulgentiae
1697 2160 1745 2182 ra-

1006 2204 1148 2243 tionem,
1173 2213 1270 2246 quam
1304 2202 1483 2245 apostolica
1515 2202 1595 2235 haec
1629 2203 1745 2236 Sancta

1003 2256 1110 2297 Sedes,
1138 2262 1293 2299 quantum
1321 2256 1491 2289 commode
1518 2255 1586 2288 fieri
1603 2248 1743 2299 poterit,

1004 2311 1036 2343 in
1061 2309 1260 2343 assumendis
1285 2308 1315 2341 S.
1348 2308 1385 2340 R.
1405 2308 1438 2340 E.
1454 2308 1674 2341 cardinalibus
1692 2309 1746 2341 ha·

1003 2365 1081 2398 bere
1095 2362 1262 2397 consuevit
1276 2372 1352 2405 erga
1366 2362 1563 2411 orthodoxas
1585 2361 1742 2401 nationes,

1003 2419 1087 2452 inter
1112 2417 1242 2451 eosdem
1267 2416 1297 2449 S.
1319 2416 1356 2448 R.
1376 2415 1410 2448 Ε.
1439 2415 1620 2449 cardinales
1648 2415 1744 2449 etiam

1039 2498 1048 2524 1
1074 2496 1223 2532 Praeposit.
1244 2495 1277 2522 z'n
1298 2502 1346 2521 nos
1366 2493 1490 2521 addimus
1508 2494 1549 2528 (n.
1566 2495 1615 2526 T.).

1036 2542 1052 2569 2
1073 2541 1142 2569 Edit.
1163 2540 1244 2568 lllain.
1266 2539 1331 2574 legit
1350 2539 1513 2573 sataqimus
1532 2540 1571 2572 (n.
1591 2538 1641 2572 12).

1036 2587 1053 2614 3
1072 2586 1166 2614 Potius
1185 2584 1331 2621 legendum
1351 2586 1473 2614 ornatas
1492 2584 1532 2619 (a.
1551 2582 1601 2618 az).

1755 1646 1848 1666 rubrica.
