2232 3178
273 178 321 204 An⁴
345 179 373 205 c,
396 177 461 205 1737
511 168 575 201 ⁶290

274 476 337 496 Clr’ssli
347 483 377 496 us.

311 2250 391 2279 Sissqueb
410 2249 455 2269 ubt-

271 2282 311 2301 que
353 2279 454 2296 vlvtiuieu-

271 2305 318 2323 uum
335 2305 416 2323 statuit.

344 450 363 467 C·
375 450 456 470 nminat

467 226 666 269 apostolicae
692 224 947 258 confirmationis
979 229 1108 257 nostrae
1148 234 1204 266 pa-

469 279 603 311 trocinio
636 277 830 311 communiri
865 287 901 309 ac
936 277 1014 309 alias
1049 276 1081 308 in
1117 286 1207 319 prae-

466 332 571 365 missis
597 337 782 375 opportune
808 329 973 373 provideri
1011 334 1042 362 et
1066 334 1099 361 ut
1125 329 1209 361 inl'ra

467 386 628 427 indulgeri
655 394 862 427 summopere
889 383 1074 416 desideret:

511 439 525 480 ς
550 438 580 470 ll.
604 438 675 477 Nos,
694 437 815 470 dictum
842 442 1090 479 procuratorem
1117 446 1209 479 gene-

449 493 567 523 ‘ralem
593 490 789 533 specialibus
830 489 991 522 favoribus
1030 495 1061 522 et
1098 489 1208 532 gratiis

468 544 623 588 prosequi
656 544 819 585 volentes,
846 548 877 575 ct
902 554 919 575 a
955 542 1119 586 quibusvis
1157 553 1209 575 ex-

468 596 788 635 communicationis,
815 596 1037 639 suspensionis
1063 602 1093 629 et
1110 596 1211 628 inter-

469 650 568 689 dicti,
594 650 732 692 aliisque
758 649 988 682 ecclesiasticis
1022 649 1208 688 sententiis,

469 703 615 736 censuris
641 708 672 735 et
696 703 837 746 poenis,
863 713 879 734 a
906 702 974 735 iure
1001 703 1050 735 vel
1076 703 1114 734 ab
1148 702 1208 734 ho-

468 757 554 789 mine
571 783 578 796 ‚
604 756 715 798 quavis
741 755 912 788 occasione
940 756 989 788 vel
1015 757 1109 787 causa
1124 755 1207 795 latis,

469 809 492 841 si
519 809 636 852 quibus
662 809 909 851 quomodolibet
934 808 1107 841 innodatus
1144 808 1210 840 exi-

468 863 539 902 stit,
567 863 603 895 ad
630 862 776 895 eil'eclum
802 862 1021 905 praesentium
1047 862 1211 895 dumtaxat

469 915 754 958 consequendum,
780 915 894 947 harum
921 915 1005 948 serie
1037 915 1209 947 absolven-

468 975 515 1001 tes
541 974 571 1001 et
595 968 780 1001 absolutum
806 969 873 1000 sore
906 972 1095 1008 censenteS,
1133 979 1210 1011 sup-

468 1021 698 1065 plicationibus
724 1021 791 1054 eius
817 1021 948 1054 nomine
981 1020 1075 1053 nobis
1109 1032 1210 1064 super

469 1075 532 1108 lioc
558 1074 724 1107 humiliter
741 1074 900 1117 porrectis
921 1074 1077 1112 inclinati,
1098 1075 1208 1108 audito

469 1129 566 1161 etiam
593 1139 691 1171 super
714 1128 896 1172 praemissis
922 1128 1041 1161 dilecto
1067 1127 1134 1160 filio
1153 1138 1210 1160 no-

468 1188 534 1215 stro
559 1181 692 1214 Nicolao
717 1182 746 1214 S.
776 1182 812 1214 R.
841 1182 873 1214 E.
896 1181 1033 1214 diacono
1052 1181 1209 1214 cardinali

468 1237 574 1269 Iudice
601 1241 809 1278 nuncupato,
840 1235 978 1267 universi
1004 1234 1133 1267 Ordinis
1152 1235 1211 1268 sra-

469 1295 551 1321 trum
578 1289 612 1321 B.
640 1289 755 1321 Mariae
781 1289 820 1320 de
841 1288 946 1320 Monte
961 1288 1107 1321 Carmelo
1125 1289 1209 1331 apud

468 1353 526 1375 nos
553 1348 583 1375 et
607 1342 723 1375 Sedeui
751 1342 966 1384 Apostolicam
1000 1348 1210 1385 protectore,

469 1401 511 1435 et,
532 1396 637 1438 quoad
656 1406 755 1428 novas
780 1395 1038 1438 supradictarum
1064 1406 1208 1428 conven-

468 1454 622 1482 ventuum
653 1452 682 1481 et
721 1448 993 1480 monasteriorum
1030 1449 1211 1491 respective

469 1501 705 1543 assignationes
728 1501 902 1540 dumtaxat,
921 1501 1075 1543 praefatis
1093 1501 1212 1534 nostris

467 1554 584 1587 litteris
618 1554 837 1596 derogantes,
879 1554 1046 1586 decretum
1083 1555 1213 1597 praein-

468 1613 589 1641 sertum
614 1618 631 1640 a
669 1613 848 1640 memorato
885 1607 1029 1650 capitulo
1067 1607 1211 1650 generali

468 1661 605 1700 sactum,
633 1665 667 1692 ut
693 1660 887 1703 praefertur,
914 1671 987 1693 cum
1014 1660 1166 1693 omnibus
1182 1666 1214 1694 et

468 1713 601 1755 singulis
628 1713 658 1744 in
686 1723 724 1745 eo
751 1712 933 1752 contentis,
959 1712 1150 1746 auctoritate
1180 1724 1213 1746 a·

467 1766 639 1810 postoliea,
658 1771 768 1799 tenore
794 1765 1027 1808 praesentium,
1048 1766 1213 1799 confirma·

467 1830 590 1851 ruamus
616 1825 647 1851 et
672 1819 911 1861 approbamus,
938 1818 1070 1861 illisque
1103 1819 1212 1852 invio-—

467 1872 575 1905 labilis
600 1872 796 1915 apostolicae
823 1871 986 1904 firmitatis
1012 1872 1110 1905 robur
1133 1873 1213 1906 adii-

468 1925 595 1964 cimus,
624 1935 659 1957 ac
685 1935 799 1957 omnes
825 1929 856 1956 et
880 1924 1027 1966 singulos
1064 1925 1143 1958 iuris
1181 1931 1213 1958 et

467 1977 542 2009 sacti
560 1978 717 2017 desectus,
738 1977 762 2009 si
789 1977 843 2020 qui
870 1977 1013 2020 desuper
1031 1978 1213 2020 quomodo-

467 2030 548 2063 libet
573 2029 822 2070 intervenerint,
851 2031 1063 2073 supplemus,
1097 2041 1212 2074 perpe—

467 2089 624 2126 tuumque
650 2093 748 2125 super
773 2082 933 2115 divisione
958 2088 989 2116 et
1020 2083 1211 2126 assignatio-

468 2135 563 2168 nibus
588 2135 740 2178 praesatis
767 2135 931 2167 silentium
962 2135 1091 2179 utrique
1128 2136 1210 2179 parti

467 2189 665 2232 imponimus
685 2215 692 2229 ‚
720 2194 751 2221 et
776 2200 811 2221 os
837 2189 1048 2221 occludimus.

510 2244 523 2285 g
550 2242 580 2274 5.
611 2242 837 2282 Decet-nentes,
865 2242 993 2274 easdem
1020 2249 1209 2285 praesentes

466 2296 592 2328 litteras
617 2305 746 2338 semper
772 2295 888 2335 lirmas,
902 2295 1021 2327 validas
1047 2301 1078 2328 et
1103 2296 1209 2329 effica-

465 2359 517 2381 ces
545 2348 680 2381 existere
707 2353 737 2380 et
763 2348 851 2388 sore,
879 2358 1019 2391 suosque
1045 2349 1209 2391 plenarios

466 2407 497 2434 et
523 2401 669 2444 integros
695 2400 828 2435 effectus
854 2401 964 2434 sortiri
990 2406 1021 2434 et
1046 2401 1207 2442 obtinere,

466 2466 501 2488 ac
528 2454 592 2487 illis
609 2482 617 2496 ,
643 2455 681 2487 ad
708 2465 789 2498 quos
815 2460 936 2498 spectat
965 2460 996 2488 et
1032 2466 1091 2498 pro
1129 2460 1208 2488 tem-

465 2518 543 2551 pore
571 2508 743 2551 spectabit,
769 2509 802 2541 in
829 2509 978 2542 omnibus
1005 2514 1035 2542 et
1060 2520 1118 2552 per
1143 2520 1210 2542 om-

464 2561 516 2594 nia
540 2561 732 2605 plenissime
758 2561 936 2606 suffragari,
969 2567 1000 2595 et
1024 2563 1062 2595 ab
1097 2563 1142 2596 eis
1163 2573 1212 2596 re-

1060 175 1242 199 BULLARIUM
1268 174 1423 198 ROMANUM

1252 223 1393 266 spective
1426 221 1660 255 inviolabiliter
1682 221 1862 262 observari,
1886 221 1996 264 sicque

1251 275 1283 307 in
1302 275 1489 318 praemissis
1514 285 1575 318 per
1611 284 1833 317 quoscumque
1870 273 1994 307 iudices

1253 329 1435 361 ordinarios
1456 333 1487 360 et
1509 328 1687 370 delegatos,
1710 327 1806 360 etiam
1824 337 1995 360 causarum

1252 382 1361 425 palatii
1388 381 1560 424 apostolici
1586 381 1751 413 auditores
1769 407 1776 420 ‚
1806 379 1939 412 iudicari
1965 385 1998 412 et

1253 434 1381 466 definiri
1414 434 1551 472 debere,
1581 443 1616 465 ac
1642 433 1767 465 irritum
1793 438 1824 465 et
1848 433 1944 465 inane
1970 432 1997 464 si

1252 498 1344 520 secus
1370 498 1470 530 super
1496 487 1547 519 liis
1576 498 1593 520 a
1618 497 1793 530 quoquam,
1820 485 1931 529 quavis
1947 497 1998 518 au-

1253 541 1402 573 ctoritate
1419 567 1426 580 ‚
1451 540 1593 572 scienter
1618 541 1665 573 vel
1687 539 1887 583 ignoranter,
1914 549 1994 572 con-

1254 593 1364 636 tigerit
1389 593 1553 625 attentari.

1297 647 1311 689 ξ
1337 646 1367 679 0.
1395 646 1462 679 Non
1482 646 1687 679 obstantibus
1705 646 1860 690 praefatis
1877 646 1998 679 nostris

1254 700 1370 733 litteris
1389 727 1396 740 ,
1424 700 1560 743 aliisque
1586 699 1793 743 praemissis,
1819 710 1855 732 ae
1880 699 1998 732 consti-

1254 753 1434 786 tutionibus
1453 759 1485 785 et
1504 753 1765 786 ordinationibus
1790 752 1977 795 apostolicis
1991 780 1998 793 ,

1254 816 1391 847 necnon,
1406 812 1564 848 quatenus
1579 816 1660 848 opus
1679 806 1729 845 sit,
1744 805 1999 848 provinciarum,

1254 864 1469 891 conventuum
1496 865 1526 891 et
1564 859 1834 892 monasteriorum
1870 858 1998 902 praedi-

1255 917 1395 950 ctorum,
1421 912 1558 954 aliisque
1585 911 1760 955 quibusvis,
1787 911 1883 944 etiam
1910 911 1998 944 iura-

1255 970 1374 1005 mento,
1394 964 1638 998 confirmatione
1656 965 1844 1008 apostoliea,
1859 965 1908 998 vel
1920 975 1998 1008 qua-

1254 1018 1300 1051 vis
1331 1018 1482 1050 firmitate
1515 1018 1577 1050 alia
1604 1018 1788 1058 roboratis,
1813 1018 1940 1051 statutis
1967 1022 1999 1051 et

1255 1071 1553 1111 consuetiulinibus‚
1581 1071 1759 1114 privilegiis
1790 1081 1930 1115 quoque,
1952 1071 2000 1104 in-

1255 1124 1351 1157 dultis
1370 1129 1401 1157 et
1414 1124 1528 1156 litteris
1547 1124 1786 1167 apostolicis,in
1801 1124 1999 1157 contrarium

1255 1178 1508 1220 praemissorum
1539 1177 1789 1220 quomodolibet
1819 1177 2000 1216 concessis,

1255 1230 1455 1264 confirmatis
1472 1236 1503 1263 et
1521 1230 1696 1270 innovatis;
1712 1230 1831 1273 quibus
1848 1230 1999 1263 omnibus

1256 1289 1286 1316 et
1315 1283 1476 1326 singulis,
1511 1283 1644 1315 illorum
1678 1289 1810 1316 tenores
1845 1293 2001 1326 praesen-

1256 1337 1340 1369 tibus
1356 1348 1414 1379 pro
1433 1337 1530 1380 plene
1558 1342 1589 1370 et
1613 1336 1811 1369 sufficienter
1836 1336 1999 1380 expressis

1256 1391 1347 1423 aede
1370 1390 1467 1422 verbo
1494 1389 1531 1422 ad
1561 1391 1696 1423 verbum
1722 1389 1854 1423 insertis
1880 1390 2001 1424 liaben-

1257 1448 1317 1483 tes,
1341 1443 1405 1475 illis
1431 1443 1509 1475 alias
1535 1443 1565 1475 in
1585 1453 1642 1475 suo
1668 1444 1789 1476 robore
1807 1454 2002 1486 permansu-

1256 1496 1312 1535 ris,
1332 1497 1369 1528 ad
1389 1496 1645 1539 praemissorum
1669 1496 1830 1535 ellectum,
1850 1497 1912 1529 hac
1929 1496 2000 1530 viee

1257 1549 1429 1588 dumtaxat,
1457 1549 1644 1593 specialiter
1670 1555 1700 1582 et
1727 1560 1876 1592 expresse
1907 1549 2002 1583 dero-

1256 1612 1395 1644 gamus;
1433 1602 1616 1645 ceterisque
1657 1602 1829 1635 contrariis
1865 1601 2000 1646 quibus-

1256 1666 1409 1698 cumque.

1299 1710 1414 1742 Datum
1441 1709 1582 1748 Romae,
1615 1710 1702 1752 apud
1735 1709 1766 1742 S.
1789 1709 1921 1742 Mariam
1939 1709 2002 1743 Ma-

1256 1763 1381 1803 iorem,
1407 1762 1465 1794 sub
1492 1763 1613 1795 annulo
1641 1763 1832 1803 Piscatoris,
1860 1763 1911 1796 die
1937 1773 2000 1797 xxn

1256 1815 1334 1848 iunii
1355 1825 1559 1856 MDCCxxxle,
1581 1816 1793 1859 pontificatus
1814 1816 1922 1850 nostri
1947 1827 2002 1849 an-

1256 1880 1298 1902 no
1322 1880 1376 1902 vu.

1291 1933 1351 1960 Dat.
1374 1932 1416 1960 die
1436 1933 1470 1959 ‘22
1490 1932 1554 1959 iunii
1579 1933 1654 1965 1737,
1672 1932 1766 1967 pontif,
1787 1941 1856 1960 anuo
1878 1939 1924 1959 vn.

1581 2066 1681 2100 CClX.

1255 2136 1439 2179 Amplt'amo
1465 2137 1589 2170 indulti
1615 2137 1766 2180 Greqoriz'
1791 2137 1864 2177 XV,
1887 2148 2000 2182 nempe

1299 2190 1384 2232 quod
1419 2191 1535 2232 fratres
1562 2190 1777 2224 Carllzusiani
1801 2201 1866 2223 non
1895 2191 2000 2223 solum

1299 2243 1420 2284 eriycre
1445 2243 1574 2275 valeant
1599 2244 1744 2275 oratoria
1769 2247 1797 2275 el
1821 2243 1946 2276 altaria
1963 2244 2000 2276 in

1297 2307 1407 2328 corum
1432 2297 1579 2338 yranciis
1604 2301 1631 2329 et
1657 2296 1803 2329 domibus
1825 2297 1861 2329 in
1882 2296 1999 2339 quibus

1298 2349 1482 2382 residebunt
1518 2349 1695 2382 sacerdotes
1727 2349 1809 2382 dicei
1846 2349 2000 2390 Ordinis,

1297 2402 1349 2434 scd
1367 2403 1463 2434 eliam
1483 2403 1569 2446 quod
1587 2403 1629 2435 acl
1647 2401 1838 2435 lmiusmocli
1851 2402 1997 2445 effectum

1297 2456 1433 2498 sufficiat
1469 2455 1555 2499 quod
1595 2456 1682 2488 dicta
1716 2456 1887 2497 oratoria,
1925 2460 1997 2496 eta,

1300 2509 1430 2541 visitata
1455 2513 1483 2541 et
1508 2509 1688 2552 approbata
1713 2509 1780 2541 sint
1804 2519 1824 2541 a
1847 2508 1998 2552 patribus

1297 2561 1522 2594 visitatoribus
1547 2561 1689 2595 eiusdem
1716 2561 1862 2596 Ordinis

2005 173 2053 200 An.
2069 174 2097 201 C.
2121 175 2182 205 1737

2055 656 2188 679 mutantibus

2008 683 2106 708 derogat.
