2232 3178
19 207 69 235 An.
84 202 113 230 c.
135 202 204 230 17⁴0

71 1827 121 1848 Cir.
136 1825 161 1846 V.

26 1853 55 1884 De
70 1854 149 1884 abbate
159 1858 208 1879 pro-

27 1886 119 1902 vinciae.

832 199 973 224 CLEMENS
997 197 1044 222 ΧΠ
1067 197 1117 222 ΡΡ.

210 249 314 289 gendo.
339 249 396 289 Ipsi
421 258 491 278 vero
513 250 589 279 inter
611 258 641 279 se
670 249 699 278 in
732 248 885 278 sententiis
915 248 954 277 se-

212 298 310 329 rendis
333 298 530 336 consentiant,
550 298 683 337 alterque
702 297 828 327 alterum
843 297 955 326 honore

212 347 412 387 praeveniant.
446 347 475 377 Si
509 351 606 376 autem
639 346 794 384 contigerit
826 345 955 384 aliquem

211 406 313 427 eorum
336 397 365 426 in
388 396 615 434 congregatione
638 395 797 433 singularis
813 403 875 424 esse
891 403 957 423 sen-

211 446 331 482 tentiae,
354 455 440 475 nemo
462 445 497 475 ab
520 446 570 475 illo
593 445 683 474 ullam
702 444 886 474 aversionem
905 443 954 472 ha-

211 494 279 524 beat
302 494 348 524 vel
371 494 513 524 ostendat.
538 493 617 529 Quae
643 502 712 523 vero
738 494 768 523 in
795 501 956 530 congrega-

214 544 293 573 tione
316 544 462 583 proposita
489 547 539 574 aut
562 544 638 574 dieta
661 547 748 581 sunt,
778 551 863 572 nemo
891 541 956 571 illo-

211 601 277 622 rum
296 592 416 629 revelet,
433 596 483 622 aut
504 593 570 622 aliis
592 592 713 628 indicet,
731 591 785 621 sub
809 591 904 630 poena
921 590 956 620 ad

212 640 327 670 libitum
351 641 588 679 congregationis
611 641 856 679 hegumenorum.
877 639 956 675 Quae

213 689 331 719 demum
353 690 541 726 definientur,
565 699 597 719 ea
622 699 673 728 per
694 688 885 719 secretarium
908 688 957 717 de—

213 738 321 777 scripta
337 762 344 776 ,
368 738 532 777 sigillisque
555 737 669 767 abbatis
691 736 837 776 generalis
867 741 894 766 et
923 746 956 766 u-

213 786 427 826 niuscuiusque
449 787 698 825 beguinenorum,
723 794 885 825 manusque
909 794 956 815 eo-

213 844 280 864 rum
302 835 517 874 subscriptione
546 835 677 872 firmata,
702 843 767 864 cum
799 843 870 874 opus
893 843 956 863 esse

213 883 420 921 iudicaverint,
441 883 718 923 promulgabuntur.
736 883 891 922 Exemplar
906 892 957 912 au-

215 936 272 962 tem
297 932 398 962 eodem
423 932 506 962 modo
529 932 676 962 firmatum
699 936 727 962 et
745 931 954 971 subscriptum,

213 980 243 1010 in
267 981 385 1010 archivo
408 980 525 1011 Ordinis
547 979 779 1010 conservabitur.

253 1038 292 1059 iv.
327 1029 481 1060 Ordinaria
518 1029 750 1068 hegumenorum
782 1029 957 1067 residentia,

214 1078 457 1118 quandocumque
480 1078 542 1107 fieri
566 1082 671 1117 potest,
689 1079 748 1108 una
770 1087 835 1108 cum
854 1078 957 1108 abbate

215 1127 347 1165 generali
370 1127 426 1157 erit
444 1127 474 1157 in
494 1127 671 1157 monasterio
688 1137 739 1166 per
755 1128 955 1166 congregatio-

215 1185 281 1206 nem
299 1176 466 1214 generalem
482 1176 661 1215 deputando,
678 1185 692 1205 a
707 1186 774 1216 quo,
790 1176 956 1206 inconsulta

216 1224 445 1263 congregatione
467 1225 713 1263 hegumenorum,
731 1234 816 1255 nemo
838 1225 956 1255 illorum

215 1273 321 1313 poterit
353 1273 470 1310 abesse,
494 1283 589 1313 neque
622 1274 802 1304 ordinarium
833 1274 957 1304 alicuius

217 1322 387 1352 monasterii
403 1323 534 1360 regimen
551 1332 700 1353 exercere.
718 1322 800 1358 Quod
818 1323 842 1353 si
865 1323 957 1354 conti-

217 1371 294 1409 gerit
310 1371 477 1410 quempiam
496 1381 608 1409 eorum,
626 1381 661 1402 ex
676 1372 806 1410 legitima
823 1373 911 1402 causa
927 1372 956 1402 in

214 1420 315 1450 eadem
338 1420 569 1458 hegumenorum
588 1420 814 1460 congregatione
834 1421 957 1460 proban—

214 1467 262 1506 da,
278 1468 312 1498 ad
327 1468 500 1498 monasterii
515 1468 658 1507 regimen,
672 1469 733 1499 sive
746 1469 956 1500 visitationem¹

215 1517 363 1557 deputari,
381 1517 409 1547 in
423 1527 480 1557 quo
494 1517 589 1548 officio
605 1518 680 1548 ultra
698 1528 747 1548 sex
763 1528 877 1549 menses
893 1528 958 1549 ver—

215 1566 275 1596 sari
291 1564 409 1603 debeat,
425 1570 494 1596 tunc
507 1567 634 1597 vicarius
657 1568 683 1597 ei
700 1567 735 1597 ab
749 1568 851 1598 eadem
868 1569 958 1607 hegu-

216 1624 370 1645 menorum
393 1615 620 1654 congregatione
642 1616 867 1647 substituendus
889 1618 956 1653 erit,

217 1663 267 1703 qui
287 1663 364 1693 vices
378 1664 471 1702 ipsius
484 1668 512 1694 et
524 1665 728 1694 auctoritatem
745 1670 837 1703 gerat.
856 1665 959 1696 Utsci-

217 1712 285 1743 licet
300 1722 439 1743 numerus
461 1717 587 1753 quatuor
609 1714 840 1752 hegumenorum
860 1714 959 1745 abbati

217 1761 347 1800 generali
363 1762 563 1792 assistentium
586 1772 736 1802 nunquam
760 1764 920 1794 minuatur.

257 1819 276 1840 1.
301 1810 397 1840 Abbas
419 1810 586 1850 provinciae
608 1811 638 1841 in
661 1812 888 1851 congregatione
911 1813 960 1843 be-

217 1869 411 1898 gumenorum
434 1860 553 1898 eligitur
575 1859 611 1890 ab
633 1860 736 1891 abbate
758 1861 907 1899 generali,
931 1865 959 1892 et

218 1919 232 1939 a
256 1914 382 1948 quatuor
404 1909 590 1948 hegumenis,
614 1909 698 1940 cuius
721 1910 881 1940 auctoritas
904 1915 961 1941 ter-

218 1958 307 1988 minis
329 1967 400 1988 suae
417 1957 584 1998 provinciae
599 1958 771 1989 includitur.
788 1959 959 1990 Provinciae

218 2011 317 2039 autem
341 2015 500 2048 earumque
517 2008 654 2039 abbatum
672 2009 829 2040 residentia
847 2009 876 2039 in
893 2018 961 2039 con—

218 2057 389 2096 gregatione
420 2057 550 2096 generali
583 2057 787 2097 designentur.
810 2058 960 2089 Eiusmodi

219 2106 455 2144 congregationis
478 2106 599 2136 arbitrio
615 2106 671 2137 erit
686 2107 855 2137 huiusmodi
872 2106 960 2138 abba-

220 2158 263 2184 tes
279 2154 443 2191 instituere,
460 2154 510 2184 ubi
528 2155 687 2185 necessarii
704 2160 790 2194 sunt,
810 2156 854 2186 vel
873 2156 961 2186 desti-

220 2203 367 2242 tuere‚ubi
380 2203 446 2233 illos
459 2212 689 2242 supervacaneos
701 2213 764 2234 esse
776 2205 961 2235 iudicaverit.

259 2261 290 2282 11.
316 2251 446 2291 Singulis
472 2252 558 2282 annis
583 2252 668 2283 debet
694 2254 869 2284 monasteria
897 2263 961 2293 pro-

219 2300 334 2331 vinciae
362 2310 432 2331 suae
464 2301 582 2331 visitare
601 2311 653 2341 per
674 2302 821 2341 seipsum,
849 2302 913 2339 vel,
938 2302 962 2332 si

219 2349 464 2389 impedimentum
498 2349 660 2388 legitimum
694 2350 872 2388 occurrerit,
912 2359 962 2390 per

220 2397 380 2434 vicarium,
405 2403 436 2428 ut
457 2407 544 2437 supra
578 2398 613 2428 de
642 2398 746 2428 abbate
768 2399 898 2437 generali
920 2399 963 2429 di-

220 2451 298 2476 ctum
321 2451 380 2477 est:
404 2451 432 2477 et
455 2446 629 2477 visitationis
651 2447 768 2477 decreta
785 2447 881 2485 sigillo
910 2457 963 2478 suo

220 2504 383 2535 manusque
405 2495 619 2535 subscriptione
642 2496 755 2526 firmata
778 2496 813 2526 ad
829 2495 961 2528 abbatem

221 2545 387 2584 generalem
411 2545 624 2575 transmittere.

258 2601 268 2629 1
293 2599 363 2628 Edit.
384 2599 468 2627 Maia.
490 2598 555 2635 legit
574 2599 741 2629 visitatione
759 2600 800 2636 (n.
818 2600 867 2636 τ.).

1640 186 1704 219 699

1037 255 1078 276 111.
1102 245 1154 275 Bis
1187 245 1318 285 quolibet
1341 253 1417 275 anno
1440 244 1473 274 ad
1496 243 1629 274 eumdem
1653 242 1740 272 abba-

999 299 1056 325 tem
1079 294 1247 333 generalem
1271 294 1379 324 scribat
1401 294 1435 324 de
1458 297 1534 324 statu
1551 292 1741 322 monasterio-

999 353 1063 373 rum
1101 353 1170 374 suae
1203 343 1393 382 provinciae,
1429 343 1524 382 deque
1556 350 1679 371 numero
1712 345 1741 370 et

999 392 1140 431 qualitate
1165 392 1386 422 monachorum.

1039 449 1076 470 iv.
1092 441 1152 470 Non
1172 444 1265 479 potest
1283 449 1345 469 esse
1362 439 1451 469 abbas
1467 439 1635 469 ordinarius
1651 439 1741 469 ullius

1000 489 1188 525 monasterii,
1213 498 1308 527 neque
1330 488 1414 518 debet
1437 489 1569 526 ingerere
1593 498 1622 517 se
1645 489 1673 517 in
1697 497 1743 517 re-

999 537 1109 574 gimine
1132 537 1301 567 immediato
1325 537 1404 566 illius
1427 537 1607 573 monasterii,
1631 536 1743 566 ubire·

1000 586 1085 615 sidet:
1110 586 1158 615 sed
1181 586 1264 615 illum
1288 585 1415 615 liberum
1438 590 1465 615 et
1488 585 1652 615 ahsolutum
1676 594 1743 624 pro-

1001 634 1063 673 prio
1086 634 1183 664 abbati
1206 634 1387 673 relinquere,
1411 635 1461 673 qui
1484 638 1580 664 tamen
1604 634 1632 663 in
1650 635 1744 664 omni-

1001 682 1054 712 bus
1068 683 1194 722 primum
1209 683 1304 713 locum
1317 682 1417 712 abbati
1434 683 1603 722 provinciae
1618 683 1741 718 deserat,

1000 732 1131 772 nihilque
1148 732 1245 770 magni
1262 732 1401 762 momenti
1418 741 1451 762 eo
1467 732 1634 762 inconsulto
1652 732 1744 762 susci-

1001 781 1059 820 piat
1082 785 1110 811 et
1133 781 1325 821 praecipienti
1349 786 1457 821 pareat.

1040 839 1066 859 v.
1084 830 1181 860 Potest
1201 830 1359 860 monachos
1382 830 1416 860 de
1439 840 1497 860 uno
1520 830 1697 861 monasterio
1714 830 1743 861 in

1001 879 1080 909 aliud
1112 879 1242 909 eiusdem
1278 889 1347 909 suae
1380 879 1547 919 provinciae
1584 889 1619 909 ex
1654 882 1745 910 causa

1001 928 1180 966 rationabili,
1206 933 1291 968 prout
1313 929 1342 958 in
1362 928 1483 958 Domino
1506 929 1647 968 expedire
1669 929 1745 959 iudi-

1001 978 1124 1015 caverit,
1150 987 1201 1017 pro
1225 978 1387 1008 residentia
1421 978 1538 1008 mittere
1572 978 1616 1008 vel
1649 983 1745 1008 trans-

1001 1027 1088 1062 ferre,
1105 1026 1192 1056 etiam
1210 1027 1273 1056 sine
1289 1035 1436 1056 consensu
1455 1026 1567 1056 abbatis
1590 1026 1744 1066 utriusque

1001 1075 1190 1112 monasterii3
1210 1075 1249 1105 ita
1273 1080 1371 1105 tamen
1395 1079 1426 1105 ut
1448 1075 1483 1105 de
1505 1075 1559 1105 hae
1588 1075 1746 1105 monacho-

1001 1133 1067 1154 rum
1102 1124 1241 1154 missione
1271 1124 1316 1154 vel
1343 1123 1534 1154 translatione
1556 1123 1669 1153 litteras
1694 1133 1743 1162 pa-

1001 1177 1097 1203 tentes
1126 1182 1178 1203 suo
1205 1172 1301 1211 sigillo
1335 1181 1497 1211 manusque
1529 1172 1745 1212 subscriptione

1001 1222 1130 1251 munitas
1161 1221 1307 1252 conficiat.
1332 1221 1394 1251 Non
1428 1225 1522 1260 potest
1554 1225 1652 1251 autem
1685 1231 1746 1251 mo—

1001 1269 1110 1299 nachos
1127 1269 1183 1299 sibi
1200 1269 1348 1299 subiectos
1364 1268 1399 1299 ad
1415 1269 1591 1300 monasteria
1611 1269 1745 1300 diversae

1001 1318 1170 1358 provinciae
1190 1328 1241 1358 pro
1257 1318 1417 1349 residentia
1439 1319 1557 1349 mittere
1582 1319 1625 1349 vel
1649 1323 1745 1349 trans-

1001 1367 1098 1405 ferre,
1122 1367 1179 1397 nisi
1213 1367 1248 1397 de
1281 1376 1426 1397 consensu
1450 1366 1563 1397 abbatis
1586 1367 1743 1405 generalis.

1000 1416 1056 1447 Sed
1087 1426 1138 1456 pro
1161 1416 1286 1455 negotiis
1309 1420 1359 1446 aut
1382 1416 1605 1446 necessitatibus
1628 1416 1745 1456 provin-

1001 1465 1063 1496 ciae
1079 1475 1159 1501 suae,
1177 1465 1222 1494 vel
1239 1465 1363 1495 alicuius
1376 1465 1547 1495 monasterii
1570 1465 1625 1495 sibi
1649 1465 1746 1495 subie-

1002 1515 1058 1552 cti,
1090 1518 1186 1554 potest
1217 1514 1376 1544 monachos
1403 1514 1438 1544 de
1460 1515 1514 1544 sua
1536 1514 1687 1554 provincia
1710 1515 1745 1544 ad

1002 1564 1089 1594 aliam
1112 1563 1230 1593 mittere
1253 1572 1319 1593 cum
1349 1563 1456 1593 litteris
1478 1562 1743 1601 testimonialibus,

1002 1613 1030 1643 in
1054 1613 1160 1652 quibus
1183 1621 1300 1642 causam
1323 1612 1481 1651 significet,
1506 1616 1678 1653 tempusque
1700 1622 1746 1643 re-

1002 1662 1146 1693 versionis
1168 1662 1284 1692 limitet.

1042 1720 1080 1741 vi.
1101 1711 1258 1742 Monachos
1281 1711 1451 1751 provinciae
1474 1721 1543 1742 suae
1562 1720 1658 1751 neque
1679 1721 1743 1742 sus-

1003 1760 1141 1800 pendere,
1165 1770 1261 1799 neque
1283 1760 1540 1790 excommunicare
1564 1765 1671 1800 potest,
1695 1764 1746 1790 aut

1002 1818 1101 1839 casum
1121 1809 1247 1848 aliquem
1264 1808 1319 1838 sibi
1337 1809 1365 1838 in
1383 1809 1567 1839 confessione
1581 1818 1744 1847 reservare,

1002 1859 1065 1888 sine
1078 1858 1190 1888 abbatis
1203 1858 1349 1896 generalis
1362 1857 1500 1894 licentia;
1516 1858 1565 1888 sed
1582 1868 1631 1888 eos
1644 1868 1747 1897 regere

1003 1912 1029 1937 et
1062 1907 1193 1938 iudicare
1225 1907 1310 1938 debet
1331 1917 1364 1938 ex
1389 1912 1544 1948 praecepto
1577 1908 1696 1946 regulae
1719 1912 1748 1938 et

1003 1957 1259 1996 constitutionum,
1277 1957 1306 1987 in
1322 1957 1428 1997 quibus
1444 1957 1614 1997 dispensare
1630 1957 1744 1997 nequit,

1003 2006 1105 2037 eodem
1128 2006 1232 2036 abbate
1255 2006 1383 2045 generali
1407 2006 1584 2036 inconsulto.

1042 2065 1062 2086 1.
1087 2055 1183 2085 Abbas
1216 2055 1387 2085 monasterii
1409 2055 1529 2094 eligitur
1562 2055 1592 2085 in
1625 2064 1747 2094 eongrea

1003 2104 1121 2143 gatione
1156 2103 1391 2142 hegumenorum
1418 2103 1454 2134 ab
1477 2103 1581 2134 abbate
1613 2103 1743 2142 generali

1004 2157 1031 2184 et
1054 2163 1068 2183 a
1092 2156 1218 2192 quatuor
1240 2152 1425 2191 hegumenis,
1450 2156 1477 2183 et
1500 2162 1513 2182 a
1537 2152 1643 2192 quibus
1659 2152 1745 2183 etiam

1004 2211 1062 2232 non
1085 2201 1200 2241 expleto
1224 2201 1351 2231 triennio
1374 2200 1410 2231 ob
1433 2201 1593 2240 legitimam
1629 2210 1747 2232 causam

1004 2251 1040 2281 ab
1063 2251 1158 2281 officio
1180 2250 1336 2290 suspendi,
1360 2254 1410 2280 aut
1431 2251 1536 2290 deponi
1560 2251 1679 2290 poterit.

1043 2309 1074 2329 11.
1092 2300 1254 2339 Antequam
1274 2299 1369 2329 officio
1392 2308 1445 2328 suo
1467 2300 1617 2337 fungatur,
1633 2299 1747 2328 litteras

1005 2349 1204 2388 praefecturae
1237 2346 1371 2379 oste'ndat
1395 2348 1564 2386 monachis,
1588 2357 1695 2387 easque
1717 2349 1747 2377 in

1006 2398 1122 2437 publico
1145 2398 1207 2427 loco
1232 2397 1289 2435 legi
1320 2397 1417 2427 saciat.
1442 2397 1491 2432 Et,
1516 2396 1540 2426 si
1564 2395 1653 2426 abbas
1682 2406 1749 2436 pro-

1006 2448 1120 2478 vinciae
1142 2447 1171 2477 in
1196 2447 1297 2477 eodem
1328 2446 1506 2477 monasterio
1536 2450 1679 2484 versetur,
1704 2445 1748 2476 illi

1005 2506 1053 2526 eas
1076 2500 1260 2536 praesentet,
1285 2496 1329 2525 vel
1353 2504 1452 2525 earum
1476 2495 1625 2533 exemplar
1651 2494 1747 2533 sigillo

1007 2546 1175 2576 monasterii
1200 2545 1343 2575 munitum
1367 2544 1401 2574 ad
1424 2544 1505 2574 illuni
1526 2544 1632 2581 mittat,
1652 2544 1676 2573 si
1698 2543 1747 2573 ab-

1006 2604 1073 2626 sens
1088 2595 1186 2625 fuerit.
1202 2594 1356 2633 Postquam
1374 2602 1441 2624 vero
1459 2593 1572 2624 litterae
1589 2602 1747 2632 congrega—

1751 194 1800 220 An.
1818 193 1846 220 C.
1869 194 1937 220 1740

1798 2070 1847 2090 Car.
1867 2069 1899 2090 l'l.

1766 2096 1795 2117 De
1807 2098 1884 2117 abb-itu
1897 2102 1941 2118 nm·

1757 2126 1853 2144 naslei-n.
