2232 3178
295 235 347 261 An.
363 235 393 262 c.
413 234 479 262 1739
526 224 590 259 578

343 1303 393 1322 Eam
412 1304 482 1329 itaque

300 1330 410 1350 contii-mat
437 1331 481 1350 Cle-

300 1362 366 1376 mens.

490 294 553 317 non
572 283 630 316 suit
645 293 680 316 cx
697 283 837 326 eoquod
853 283 986 326 quidam
1003 293 1040 317 ex
1058 283 1234 327 praedictis

491 336 655 370 canonicis
682 336 897 377 regularibus,
915 337 980 369 sive
1006 338 1038 369 in
1064 336 1125 370 hac
1151 338 1234 370 alma

492 389 576 422 Urbe
591 391 712 430 nostra,
727 399 785 421 seu
803 389 835 422 in
852 390 1081 430 Avenionensi,
1095 390 1233 433 aliisque

491 442 672 475 civitatibus
694 442 878 482 existentes,
897 443 957 475 sub
976 442 1056 475 fictis
1073 448 1104 475 et
1124 453 1233 476 emen-

491 495 557 528 titis
583 495 630 527 vel
650 495 764 527 saltem
791 495 880 527 vanis
903 500 934 528 et
952 495 1126 527 subtilibus
1144 505 1234 538 prae-

491 548 646 587 textibus,
672 548 815 581 caesarie
848 548 1034 581 huiusmodi
1060 548 1174 581 utendi
1199 548 1234 580 li-

491 601 631 634 centiam
668 601 803 633 anobis
841 612 898 634 seu
935 601 1053 634 nostris
1086 607 1118 634 et
1142 601 1233 634 Sedis

494 654 699 697 Apostolicae
726 654 855 687 nunciis
874 654 1127 697 rep01·taverint;
1147 655 1233 698 quod

493 718 564 740 curn
601 707 774 750 religiosae
810 708 989 742 modestiae
1026 708 1234 752 regularique

493 760 720 793 observantiae
747 761 958 801 contrarium,
975 766 1040 793 tum
1059 761 1142 794 nihil
1168 771 1234 794 sae-

492 813 565 857 pius
583 813 704 846 nihilve
730 814 873 847 strictius
899 820 964 847 tum
983 825 1000 847 a
1017 814 1116 847 sacris
1142 825 1236 847 cano-

493 867 588 899 nibus
616 872 680 899 tum
706 878 764 911 per
793 867 972 901 Concilium
1009 868 1234 901 Tridentinum

492 921 686 965 Ordinisque
702 922 859 965 praedicti
875 927 992 955 statuta
1008 920 1233 965 praeceptum¹

493 975 618 1015 existit,
644 975 846 1018 dedecetque
877 975 1001 1008 viribus
1029 975 1236 1018 regularibus

493 1039 531 1062 eo
548 1028 591 1061 uti
612 1034 821 1061 ornamento:
840 1028 977 1071 proinde
996 1029 1099 1061 dictus
1122 1028 1235 1061 Petrus

495 1087 690 1125 procurator
708 1081 870 1124 generalis
889 1082 1127 1114 ordinationem
1146 1092 1237 1125 prae-

494 1135 611 1167 dictam
638 1146 696 1178 per
721 1145 779 1167 nos
805 1135 1001 1175 confirmari,
1029 1145 1066 1167 ac
1090 1135 1122 1167 in
1148 1145 1236 1178 prae-

494 1188 602 1221 missis
622 1194 803 1231 opportune
823 1188 987 1231 indulgeri
1005 1188 1236 1231 providerique

494 1251 555 1284 per
580 1252 638 1274 nos
664 1241 837 1283 plurimum
861 1242 1049 1274 desideret:

538 1296 552 1338 ἓ
570 1294 601 1328 3.
618 1295 690 1334 Nos,
711 1296 816 1338 ipsum
837 1295 966 1327 Petrum
988 1301 1235 1337 procuratorem

494 1348 684 1390 generalem
711 1347 906 1390 specialibus
932 1348 1096 1380 favoribus
1115 1353 1146 1380 et
1165 1358 1237 1390 gra-

494 1401 547 1433 tiis
573 1401 726 1444 prosequi
760 1402 922 1440 volentes,
960 1407 991 1433 et
1017 1412 1033 1433 a
1070 1401 1236 1444 quibusvis

495 1455 858 1495 excommunicationis,
886 1456 1111 1498 suspensionis
1134 1461 1165 1487 et
1191 1455 1237 1488 in-

496 1508 640 1547 terdicti,
675 1508 811 1551 aliisque
844 1508 1072 1541 ecclesiasticis
1110 1514 1239 1540 senten-

497 1563 560 1599 tiis,
586 1562 734 1594 censuris
760 1567 791 1594 et
816 1562 956 1605 poenis,
982 1572 999 1594 a
1025 1561 1093 1594 iure
1120 1563 1170 1594 vel
1200 1563 1238 1594 ab

495 1615 641 1654 homine,
660 1615 773 1658 quavis
788 1615 963 1647 occasione·
979 1615 1028 1647 vel
1046 1617 1141 1647 causa
1156 1614 1239 1654 latis,

495 1669 520 1700 si
547 1669 665 1711 quibus
699 1668 950 1710 quomodolibet
975 1668 1149 1700 innodatus
1177 1668 1240 1700 exi-

496 1722 571 1761 stit,
593 1722 632 1754 ad
659 1721 807 1754 ellectum
827 1721 1049 1764 praesentium
1073 1721 1241 1754 dumtaxat

497 1775 785 1817 consequendum,
814 1775 929 1807 harum
955 1775 1039 1807 serie
1070 1775 1241 1807 absolven-

496 1833 545 1860 tes
571 1834 602 1861 et
627 1828 809 1861 absolutum
828 1828 896 1861 sore
915 1833 1096 1869 censentes,
1118 1828 1241 1871 suppli-

497 1881 681 1913 cationibus
699 1891 756 1913 suo
775 1886 807 1913 et
831 1881 1018 1914 eorumdem
1042 1881 1168 1913 abbatis
1187 1891 1242 1923 ge-

497 1935 618 1969 neralis
638 1941 669 1968 et
695 1934 904 1967 definitorum
930 1935 1063 1968 nomine
1081 1935 1175 1968 nobis
1193 1946 1240 1967 su-

497 2000 558 2032 per
583 1989 646 2022 hoc
672 1988 838 2021 humiliter
874 1989 1034 2032 porrectis
1071 1988 1239 2029 inclinati,

498 2042 735 2085 praeinsertam
761 2041 1001 2074 ordinationem
1020 2052 1036 2074 a
1061 2047 1241 2076 memorato

498 2095 631 2127 Nicolao
657 2095 773 2127 abbate
799 2094 943 2137 generali
962 2094 1002 2127 de
1031 2094 1174 2127 unanimi
1200 2095 1243 2128 di-

500 2153 627 2180 ctorum
654 2147 862 2180 definitorum
896 2153 971 2180 voto
996 2153 1027 2180 et
1052 2158 1184 2181 assensu
1210 2154 1243 2181 ut

500 2200 688 2243 praefertur
713 2200 837 2240 factam,
856 2211 928 2234 cuin
954 2201 1105 2234 omnibus
1131 2206 1162 2234 et
1179 2201 1244 2234 sin-

501 2253 584 2295 gulis
603 2253 634 2285 in
651 2255 688 2286 ea
705 2253 877 2293 contentis,
896 2254 1089 2287 auctoritate
1115 2260 1244 2297 aposto·

500 2306 570 2345 lica,
590 2311 702 2339 tenore
721 2306 952 2349 praesentium,
973 2308 1191 2350 approbamus
1213 2312 1245 2340 et

501 2358 736 2399 confirmamus,
755 2359 868 2403 illique
889 2360 1086 2393 inviolabilis
1114 2366 1244 2403 aposto-

501 2413 582 2445 licae
612 2412 773 2445 firmitatis
800 2412 899 2446 robur
920 2413 1100 2453 adijcimus,
1119 2424 1244 2447 omnes-

502 2477 565 2510 que
593 2471 623 2499 et
648 2467 795 2509 singulos
821 2466 901 2500 iuris
928 2472 959 2499 et
983 2466 1058 2500 sacti
1084 2467 1242 2508 desectus,

502 2519 527 2552 si
554 2519 608 2562 qui
643 2519 784 2562 desuper
816 2519 1068 2563 quomodolibet
1103 2520 1244 2553 interve-

502 2572 625 2614 nerint,
657 2571 743 2605 dicta
774 2572 967 2606 auctoritate
994 2573 1185 2617 supplemus
1213 2578 1244 2607 et

539 2634 549 2660 1
573 2633 674 2662 Forsan
693 2633 841 2671 legendum
856 2635 1042 2671 prohibitum
1060 2636 1098 2670 (R.
1115 2635 1164 2671 τ.).

1058 234 1242 259 BULLARIUM
1269 233 1427 260 ROMANUM

1278 294 1440 325 sanamus,
1462 294 1590 317 necnon
1618 295 1839 329 quascumque
1863 285 2013 319 licentias

1277 342 1308 370 et
1332 338 1498 371 facultates
1532 338 1679 380 gestandi
1712 339 1885 372 caesariem
1911 349 2015 382 prae-

1277 390 1395 423 dictam
1413 402 1473 434 per
1491 402 1713 435 quoscumque
1732 391 1806 425 dicti
1821 391 1949 425 Ordinis
1964 403 2016 425 ca—

1277 443 1414 476 nonicos
1441 445 1611 487 regulares
1636 450 1699 477 tam
1725 456 1741 477 a
1766 444 1860 478 nobis
1885 456 1981 488 quarn
1999 456 2017 478 a

1278 497 1395 529 nostris
1423 503 1454 529 et
1478 497 1569 530 Sedis
1594 498 1782 540 praedictae
1808 497 1934 530 nunciis
1958 508 2016 531 seu

1278 559 1294 581 a
1320 549 1486 592 quibusvis
1514 550 1596 590 aliis,
1615 551 1673 583 sub
1695 551 1807 593 quavis
1832 553 1942 591 causa,
1967 561 2018 583 ra-

1279 602 1367 635 tione
1386 608 1417 635 et
1434 608 1606 646 praetextu
1633 604 1782 636 obtentas
1809 609 1841 636 et
1860 614 1919 647 pro
1939 609 2018 636 tem-

1278 667 1358 699 pore
1384 656 1588 698 obtincndas,
1608 667 1667 700 per
1691 662 1894 700 praesentes,
1913 661 2018 690 aucto-

1279 710 1374 742 ritate
1400 715 1431 743 et
1456 715 1570 743 tenore
1596 711 1784 754 praedictis,
1802 711 2016 752 annullamus,

1278 773 1442 796 cassamus
1468 769 1499 795 et
1524 763 1698 803 irritamus,
1718 762 1908 807 viribusque
1926 768 1958 796 et
1978 764 2018 797 ef-

1279 817 1363 849 fectu
1390 827 1601 858 evacuamus,
1626 828 1663 850 ac
1688 817 1890 856 annullatas,
1915 827 2018 850 cassa-

1280 875 1325 903 tas
1352 875 1382 903 et
1407 870 1524 911 irritas,
1550 881 1588 903 ac
1612 870 1732 904 nullius
1756 870 1884 903 roboris
1901 875 1932 904 et
1951 881 2019 905 mo-

1278 923 1378 956 menti
1405 923 1473 956 sore
1499 928 1530 956 et
1555 933 1623 956 esse
1650 924 1861 956 declaramus.

1323 977 1337 1020 ξ
1361 977 1392 1009 li.
1420 977 1654 1017 Dccernentes,
1672 977 1802 1010 easdem
1825 981 2018 1020 praesentes

1279 1031 1415 1071 litteras,
1435 1035 1466 1063 et
1491 1029 1521 1062 in
1549 1030 1595 1062 eis
1613 1035 1762 1063 contenta
1783 1041 2018 1074 quaecumque,

1280 1083 1411 1124 firmas,
1441 1083 1562 1116 validas
1589 1088 1620 1116 et
1652 1083 1797 1116 efficaces
1823 1083 1963 1117 existere
1989 1089 2022 1117 et

1280 1137 1366 1177 fore,
1392 1148 1534 1180 suosque
1552 1137 1717 1180 plenarios
1735 1142 1767 1170 et
1784 1138 1927 1180 integros
1945 1137 2022 1171 effe-

1280 1196 1351 1223 ctus
1370 1191 1482 1223 sortiri
1507 1196 1539 1223 et
1562 1190 1723 1231 obtinere,
1740 1201 1777 1224 ac
1793 1192 1870 1232 illis,
1885 1192 1922 1225 ad
1940 1202 2022 1235 quos

1280 1249 1403 1287 spectat
1429 1249 1459 1277 et
1483 1254 1542 1287 pro
1573 1249 1721 1287 tempore
1747 1245 2021 1288 quandocumque

1281 1297 1458 1340 spectabit,
1486 1297 1678 1340 plenissime
1704 1296 1872 1340 suffragari
1890 1324 1897 1338 ,
1927 1303 1959 1330 et
1982 1298 2021 1330 ab

1281 1350 1344 1382 illis
1369 1350 1548 1393 respective
1585 1350 1818 1383 inviolabiliter
1843 1349 2020 1391 observari,

1281 1403 1391 1446 sicque
1429 1403 1461 1435 in
1499 1403 1687 1446 praemissis
1718 1414 1777 1446 per
1801 1413 2022 1446 quoscumque

1282 1457 1406 1488 iudices
1443 1456 1624 1489 ordinarios
1651 1462 1683 1489 et
1708 1457 1898 1498 delegatos,
1925 1456 2022 1489 etiam

1282 1521 1450 1543 causarum
1470 1510 1581 1553 palatii
1600 1510 1769 1552 apostolici
1790 1510 1968 1549 auditores,
1988 1520 2024 1543 ac

1282 1563 1314 1596 S.
1335 1563 1372 1595 R.
1392 1563 1427 1596 Ε.
1450 1563 1643 1602 cardinales,
1671 1563 1768 1596 etiam
1794 1563 1833 1596 de
1858 1564 1959 1596 latere
1977 1564 2024 1596 le-

1284 1621 1375 1659 gatos
1409 1621 1441 1649 et
1474 1615 1580 1648 dictae
1605 1615 1696 1649 Sedis
1722 1616 1873 1656 nuntios,
1900 1616 2026 1649 sublata

1284 1670 1330 1702 eis
1357 1674 1388 1702 et
1413 1679 1524 1702 eorum
1550 1669 1684 1702 cuilibet
1716 1669 1826 1712 quavis
1858 1668 1953 1702 aliter
1976 1668 2025 1701 iu-

1284 1723 1411 1756 dicandi
1432 1728 1463 1755 et
1486 1722 1724 1765 interpretandi
1748 1723 1898 1755 facultate
1924 1727 1956 1755 et
1975 1732 2026 1754 au-

1284 1776 1447 1816 ctoritate,
1467 1775 1603 1808 iudicari
1629 1780 1661 1808 et
1686 1774 1814 1808 definiri
1841 1775 1973 1814 debere,
1989 1784 2026 1808 ac

1284 1830 1413 1862 irritum
1437 1834 1469 1862 et
1493 1829 1590 1861 inane
1623 1828 1649 1861 si
1675 1838 1766 1861 secus
1796 1838 1895 1871 super
1924 1827 1974 1861 his
2008 1839 2026 1861 a

1285 1893 1457 1926 quoquam,
1473 1882 1585 1925 quavis
1599 1882 1803 1923 auctoritate,
1819 1881 1961 1915 scienter
1974 1882 2026 1915 vel

1284 1937 1484 1980 ignoranter,
1510 1936 1685 1978 contigerit
1709 1935 1871 1969 attentari.

1328 1991 1342 2033 ἓ
1367 1990 1398 2023 5.
1426 1989 1496 2023 Non
1529 1989 1732 2022 obstantibus
1764 1989 1964 2032 praemissis,
1991 1999 2027 2022 ac

1285 2043 1575 2076 constitutionibus
1600 2043 1798 2086 apostolicis,
1825 2053 1954 2076 necnon
1984 2042 2027 2076 di-

1286 2097 1327 2130 cti
1354 2096 1491 2135 Ordinis,
1518 2096 1614 2129 etiam
1640 2096 1836 2136 iuramento,
1855 2095 2027 2130 confirma-

1288 2150 1375 2183 tione
1400 2149 1590 2193 apostolica,
1608 2151 1658 2182 vel
1673 2150 1783 2193 quavis
1798 2149 1951 2182 firmitate
1965 2149 2027 2183 alia

1286 2203 1470 2243 roboratis,
1497 2202 1625 2235 statutis
1655 2208 1687 2236 et
1715 2202 2025 2244 consuetudinibus,

1286 2256 1465 2300 privilegiis
1497 2266 1649 2299 quoque,
1674 2255 1810 2289 indultis
1847 2261 1879 2289 et
1910 2256 2026 2289 litteris

1287 2309 1474 2352 apostolicis
1500 2310 1532 2341 in
1554 2310 1754 2343 contrarium
1772 2309 2027 2353 praemissorum

1287 2363 1535 2405 quomodolibet
1567 2363 1728 2396 concessis
1742 2389 1749 2403 ,
1778 2363 1975 2396 confirmatis
1989 2350 2029 2396 ‘et

1287 2415 1469 2456 innovatis3
1497 2416 1615 2459 quihus
1640 2416 1790 2449 omnibus
1816 2422 1847 2450 et
1872 2416 2026 2459 singulis,

1288 2469 1419 2503 illorum
1446 2475 1586 2509 tenores,
1604 2470 1832 2512 praesentibus
1850 2479 1909 2512 pro
1930 2470 2027 2512 plene

1289 2527 1320 2554 et
1345 2522 1544 2555 sufficienter
1570 2522 1741 2565 expressis,
1758 2532 1795 2555 ac
1815 2522 1854 2554 de
1870 2522 1970 2555 verbo
1987 2522 2027 2554 ad

1290 2575 1422 2608 verbum
1448 2575 1577 2608 insertis
1602 2575 1775 2616 habentes,
1800 2574 1864 2608 illis
1890 2574 1968 2608 alias
1993 2573 2026 2607 in

1289 2638 1346 2662 suo
1372 2627 1491 2662 robore
1515 2628 1748 2673 permansuris,
1771 2628 1810 2663 ad
1835 2627 2027 2674 praemisso-

2023 239 2077 266 An.
2093 239 2121 267 c.
2138 241 2203 270 17³9
2223 260 2226 277 ,

2044 988 2122 1014 Sieqne
2134 987 2152 1008 in
2164 993 2208 1013 per·
2231 1012 2232 1015 Ἴ

2031 1016 2115 1040 patrium
2128 1016 2208 1040 praeci-

2031 1043 2060 1067 pit
2076 1041 2188 1062 observari.

2038 1995 2146 2016 Contraria
2155 1993 2210 2015 toltit.
