2232 3178
245 211 292 237 An.
313 212 340 238 (Σ.
367 211 431 238 173ἰ

273 1548 418 1571 Transiimplis

236 1573 309 1593 aarum
335 1573 417 1593 littura-

237 1606 280 1619 ·iiin
304 1600 361 1620 credi
389 1606 418 1619 iu-

236 1626 279 1647 hei.

262 2287 359 2308 firmitas
371 2293 419 2308 can-

232 2320 360 2335 coisl‘mllm.

478 202 519 235 Ἡ

436 261 711 304 provincialibus,
737 261 946 304 generalibus
982 261 1172 294 universali-

436 315 561 358 busque
587 315 732 348 conciliis
750 314 845 348 editis
864 315 911 348 vel
931 314 1078 356 edendis,
1099 325 1172 358 spe-

435 368 570 402 cialibus
602 369 649 402 vel
686 368 892 411 generalibus
931 368 1195 402 constitutioni-¹

435 423 494 454 bus
527 426 558 454 et
583 420 844 454 ordinationibus
869 421 1078 465 apostolicis,
1104 421 1171 465 pri-

436 474 560 517 vilegiis
586 485 728 517 quoque,
754 474 889 507 indultis
914 479 945 507 et
961 473 1078 507 litteris
1097 484 1173 517 apo-

434 527 565 566 stolicis,
584 527 749 569 quibusvis
769 526 921 570 personis
946 526 1042 560 etiam
1069 526 1099 559 in
1118 537 1172 569 ge-

435 590 512 613 nere
537 581 585 612 vel
611 579 643 611 in
669 579 779 622 specie
805 579 838 612 in
863 579 1060 613 contrarium
1079 589 1172 623 prae-

433 632 605 665 missorum
631 632 875 675 quomodolibet
899 632 1062 666 concessis
1082 658 1089 672 ,
1117 642 1172 675 ap-

433 684 575 728 probatis
600 690 631 717 et
655 684 837 726 innovatis·‚
876 685 993 729 quibus
1020 685 1172 718 omnibus

432 743 464 771 et
487 738 643 781 singulis,
669 738 793 771 etiamsi
830 749 889 782 pro
922 738 1055 772 illorum
1089 737 1173 771 suffi-

432 791 528 825 cienti
565 791 779 835 derogatione
815 792 854 826 de
892 792 956 826 illis
993 801 1171 835 eorumque

432 844 504 878 totis
530 844 696 878 tenoribus
721 845 895 889 specialis,
924 844 1096 888 specifica,
1122 855 1171 878 ex·

430 908 543 941 pressa
574 903 605 931 et
629 898 819 939 individua,
845 909 881 931 ac
917 899 957 932 de
993 898 1092 931 verbo
1129 898 1169 931 ad

431 951 589 992 verbum,
616 962 682 985 non
707 957 815 986 autern
841 963 901 995 per
926 952 1090 986 clausulas
1115 961 1169 995 ge-

431 1006 560 1038 nerales
586 1005 671 1038 idem
697 1005 914 1049 importantes
931 1032 938 1046 ‚
966 1005 1087 1038 mentio
1112 1015 1168 1038 seu

430 1058 560 1103 quaevis
586 1058 648 1092 alia
673 1059 838 1102 expressio
859 1058 1011 1092 habenda
1032 1063 1087 1091 aut
1111 1058 1168 1091 ali-

431 1123 493 1156 qua
518 1112 676 1156 exquisita
702 1112 804 1146 forma
840 1112 878 1146 ad
915 1112 977 1145 hoc
1011 1112 1170 1145 servanda

430 1165 516 1199 foret
533 1192 540 1205 ,
566 1176 678 1198 eorum
706 1170 835 1199 tenores
860 1165 1085 1209 praesentibus
1109 1175 1168 1208 pro

429 1219 529 1261 plene
551 1222 582 1251 et
599 1217 795 1251 sufficienter
813 1217 973 1262 expressis
993 1217 1167 1257 habentes,

431 1270 495 1304 illis
531 1271 610 1304 alias
647 1271 679 1304 in
705 1281 762 1304 suo
787 1271 906 1304 robore
932 1270 1167 1314 permansuris,

431 1325 587 1358 latissime
623 1329 655 1357 et
690 1323 880 1368 plenissime
912 1334 948 1356 ac
982 1323 1170 1367 specialiter

430 1383 528 1417 motu,
555 1377 691 1411 scientia
715 1382 747 1411 et
770 1376 939 1421 potestatis
965 1376 1169 1420 plenitudine

430 1431 590 1465 similibus
623 1431 838 1474 derogamus,
873 1430 1057 1474 ceterisque
1094 1440 1170 1463 con-

431 1485 536 1518 trariis
561 1484 833 1528 quibuscumque.

473 1539 488 1581 ἓ
514 1537 544 1572 8.
573 1538 725 1571 Volumus
746 1543 864 1577 autem,
888 1536 973 1580 quod
1002 1537 1168 1581 praefatae

430 1591 574 1625 Coronae
599 1589 722 1624 nemini
747 1589 873 1633 possint
899 1589 991 1623 vendi
1010 1599 1070 1622 nec
1086 1600 1169 1623 com-

430 1643 567 1684 modari,
592 1648 635 1684 et,
662 1643 688 1676 si
714 1653 807 1676 secus
832 1643 901 1683 fiat,
929 1642 1166 1686 indulgentiae,

430 1708 490 1742 pro
515 1697 640 1731 illarum
666 1696 857 1730 recitatione
873 1723 880 1736 ,
905 1701 940 1729 ut
963 1696 1166 1740 praefertur,

429 1761 603 1785 concessae
629 1756 660 1784 et
691 1750 895 1794 impartitae,
922 1755 1068 1791 cessent,
1094 1751 1168 1784 nul-

430 1804 557 1848 liusque
576 1804 640 1837 sint
661 1803 789 1837 roboris
807 1804 858 1837 vel
877 1802 1048 1844 momenti;
1071 1803 1169 1847 quod·

429 1868 492 1901 que
506 1857 694 1890 earumdem
709 1856 929 1900 praesentium
945 1856 1183 1900 transumptis,-

429 1910 523 1944 etiam
549 1909 632 1954 typis
646 1909 827 1953 impressis,
842 1919 937 1942 manu
956 1908 1092 1943 alicuius
1110 1920 1169 1943 no-

430 1963 500 1997 tarii
511 1963 631 2008 publici
644 1963 850 2007 subscriptis,
865 1968 896 1996 et
909 1963 1016 2006 sigillo
1032 1963 1168 1997 alicuius

429 2017 626 2060 personaein
644 2016 863 2050 ecclesiastica
875 2015 1032 2059 dignitate
1050 2017 1169 2050 consti-

430 2075 516 2104 tutae
526 2069 666 2110 munitis,
682 2069 795 2103 eadem
807 2079 938 2112 prorsus
951 2068 1033 2103 fides
1047 2069 1169 2103 iniudi-

428 2123 478 2156 eio
489 2127 521 2156 et
535 2122 714 2156 extraillud
725 2121 1026 2166 adhibeatur,quae
1045 2122 1168 2156 eisdem

429 2175 507 2220 ipsis
539 2175 768 2219 praesentibus
792 2175 1006 2208 adhiberetur
1041 2175 1067 2208 si
1092 2175 1168 2209 illae

430 2228 596 2263 exhibitae
622 2228 730 2261 forent
754 2227 803 2261 vel
827 2232 989 2261 ostensae.

473 2283 488 2326 ἓ
511 2282 543 2316 9.
570 2281 655 2315 Nulli
681 2291 758 2325 ergo
783 2281 915 2315 omnino
941 2281 1111 2316 hominum
1129 2283 1168 2316 li-

431 2341 504 2369 ceat
528 2335 613 2368 hanc
637 2334 788 2379 paginam
813 2340 942 2369 nostrae
968 2336 1137 2370 relationis
1150 2337 1167 2377 ¹,

431 2388 660 2428 concessionis
686 2388 931 2432 imparfflionis,
957 2388 1170 2423 confirmatio-

432 2442 492 2483 nis,
510 2440 766 2486 approbationis,
781 2441 1021 2482 declarationis,
1040 2442 1170 2484 indulti,

432 2494 574 2535 decreti,
601 2494 839 2538 derogationis,
867 2500 899 2528 et
923 2495 1097 2529 voluntatis
1122 2496 1171 2529 in-

433 2547 587 2590 fringere,
614 2551 675 2580 etc.

469 2611 479 2641 1
504 2607 614 2645 Videtur
633 2607 778 2644 legendum
797 2609 990 2639 relaxationis
1011 2609 1047 2645 (n.
1063 2609 1112 2645 τ.).

1019 212 1206 237 BULLAIllUM
1232 213 1392 238 ROMANUM

1962 218 2010 242 An.
2034 217 2062 242 C-
2089 217 2154 245 ¹734

1258 261 1372 295 Datum
1400 263 1544 304 Romae,
1569 265 1653 307 apud
1681 265 1712 298 S.
1737 264 1865 298 Mariam
1898 266 1958 298 Ma-

1217 314 1320 348 iorem
1341 342 1348 356 ,
1382 326 1466 349 anno
1503 317 1735 351 lncarnationis
1772 319 1958 352 dominicae

1216 377 1417 407 Mbccxxxiv,
1442 379 1460 402 v
1493 369 1566 402 idus
1600 370 1798 411 decembris,
1826 371 1958 415 pontifi-

1216 427 1307 454 catus
1333 422 1432 455 nostri
1460 432 1546 455 anno
1571 433 1601 455 v.

1251 483 1312 510 Dat.
1335 482 1379 510 die
1399 483 1414 510 9
1436 483 1590 511 decembris
1611 484 1699 519 1734,
1721 485 1819 521 pontif.
1839 494 1909 514 anno
1931 494 1956 513 ν.

1511 600 1662 634 CXLVlll.

1215 669 1405 714 Superiores
1429 671 1607 714 regyulares,
1633 672 1732 705 etiam
1759 672 1875 706 locales
1901 673 1958 707 Or-

1259 722 1351 756 dinis
1386 723 1558 757 Servorum
1594 725 1633 758 B.
1663 726 1705 759 M.
1739 726 1774 759 V.
1799 726 1958 769 facilitate

1258 776 1401 819 qaudent
1432 777 1646 810 ecclesiastiea
1683 777 1879 811 indumenta
1914 778 1958 811 ad

1260 830 1360 862 liuius
1398 829 1534 864 Ordinis
1571 830 1720 864 ecclesias
1754 831 1958 875 pertinentia

1259 883 1478 925 benedicendi,
1495 884 1669 918 dummodo
1686 885 1721 917 in
1740 885 1958 918 benedictione

1260 937 1453 970 huiusmodi
1476 939 1562 970 sacri
1581 938 1653 972 Olei
1676 939 1787 972 unctio
1810 949 1876 972 non
1900 938 1958 972 ad-

1261 991 1427 1024 hibeaiur.

1421 1063 1556 1091 clemens
1578 1063 1751 1098 episcopus,

1398 1117 1508 1136 servus
1529 1116 1688 1137 servorum
1708 1109 1772 1143 Dei,

1330 1153 1367 1181 ad
1384 1157 1565 1188 perpetuam
1585 1155 1633 1182 rei
1648 1155 1835 1182 memoriam.

1257 1216 1403 1259 Super-na
1429 1215 1655 1260 dispositione,
1684 1216 1776 1249 cuius
1800 1217 1956 1250 inscruta-

1213 1269 1270 1303 bili
1293 1269 1499 1312 providentia
1519 1269 1757 1303 ordinationem
1775 1269 1955 1314 suscipiunt

1213 1322 1379 1362 universa,
1406 1322 1436 1355 in
1463 1322 1648 1366 Apostolica
1681 1322 1764 1356 Sede
1789 1323 1951 1364 collocati,

1214 1375 1253 1409 de
1279 1375 1441 1418 religiosis
1465 1375 1552 1416 viris,
1579 1375 1632 1419 qui
1652 1376 1710 1409 sub
1731 1376 1953 1419 peculiaribus

1214 1428 1390 1461 institutis¹
1425 1428 1490 1461 Deo
1523 1428 1699 1461 ferventius
1736 1428 1952 1470 famulantur,

1214 1481 1424 1525 praecipuam
1464 1481 1604 1524 gerimus
1639 1492 1749 1515 curam
1770 1509 1777 1523 ,
1814 1482 1954 1526 illosque

1213 1534 1393 1578 privilegiis
1411 1545 1530 1578 augere
1549 1545 1585 1568 ae
1611 1535 1775 1569 favoribus
1799 1537 1953 1581 prosequi

1214 1588 1391 1630 satagimus
1417 1587 1625 1631 opportunis.

1256 1641 1270 1685 ξ
1295 1641 1327 1674 1.
1354 1641 1430 1674 Cum
1468 1640 1578 1684 itaque
1597 1667 1605 1680 ‚
1640 1640 1721 1674 sicut
1752 1641 1952 1685 accepimus,
1978 1654 2149 1685 aamecesearf

1213 1694 1298 1727 Ordo
1325 1694 1519 1727 dilectorum
1544 1693 1685 1726 filiorum
1710 1694 1846 1727 fratrum
1881 1680 2060 1728 Ser-lllffllffm
2080 1683 2150 1729 {353¹-

1212 1758 1327 1781 vorum
1353 1747 1387 1780 B.
1415 1747 1455 1780 M.
1482 1747 1622 1790 Virginis
1649 1753 1911 1792 nuncupatorum
1936 1734 2150 1786 a3312t“;a⁰L'3512‘³13

1212 1800 1278 1834 suis
1304 1799 1492 1844 primordiis
1516 1800 1555 1833 ad
1581 1800 1663 1834 haec
1686 1811 1789 1844 usque
1807 1787 2056 1845 temporassfssl‘iff?
2078 1794 2148 1844 ¹⁵3?ss

1212 1853 1394 1887 catholicae
1420 1853 1582 1887 Ecclesiae
1607 1854 1780 1887 admodum
1805 1854 1893 1888 utilis
1922 1840 2149 1896 &diffidati-35}

1213 1907 1397 1941 fructuosus
1432 1906 1598 1948 extiterit,
1625 1917 1662 1940 ac
1697 1907 1835 1940 dilectus
1867 1896 2095 1942 siliiis⁰⁰¹²v⁰¹¹¹¹⁰²⁴

1212 1967 1323 1995 noster
1360 1960 1473 1994 Petrus
1507 1959 1604 1993 Maria
1637 1959 1720 1993 tituli
1760 1960 1790 1994 S.
1823 1960 1954 1995 loannis

1213 2020 1285 2048 ante
1310 2014 1440 2048 Portam
1466 2013 1611 2047 Latinam
1637 2013 1813 2058 nuncupati
1831 2014 1860 2048 S.
1872 2014 1906 2047 R.
1919 2014 1952 2048 E.

1211 2068 1386 2112 presbyter
1418 2067 1591 2101 cardinalis
1618 2066 1700 2100 Pieri
1733 2073 1952 2111 nuncupatus,

1212 2120 1278 2164 qui,
1297 2120 1451 2154 Ordinem
1473 2120 1578 2164 ipsum
1604 2130 1756 2164 expresse
1774 2121 1952 2164 professus,

1211 2174 1331 2218 prioris
1356 2174 1516 2217 generalis
1542 2178 1574 2207 et
1599 2174 1759 2207 nonnulla
1784 2173 1846 2207 alia
1875 2173 1952 2207 dicti

1213 2228 1343 2261 Ordinis
1368 2237 1506 2261 munera
1532 2232 1627 2271 atque
1655 2227 1758 2260 officia
1785 2227 1954 2262 laudabili-

1214 2287 1263 2315 ter
1288 2281 1463 2321 sustinuit,
1489 2281 1609 2314 dudum
1636 2291 1708 2314 suas
1745 2291 1859 2324 preces
1894 2292 1954 2326 pro

1212 2334 1406 2379 quibusdam
1444 2334 1556 2377 gratiis
1589 2334 1811 2378 spiritualibus
1844 2335 1953 2369 favore

1213 2388 1374 2422 dictorum
1399 2387 1534 2420 fratrum
1562 2392 1593 2420 et
1614 2388 1825 2421 ecclesiarum
1847 2389 1886 2421 ab
1905 2389 1952 2422 eis

1213 2441 1508 2475 administratarum
1527 2440 1566 2474 ab
1592 2440 1776 2484 Apostolica
1801 2440 1884 2474 Sede
1901 2451 1954 2475 ro-

1212 2495 1367 2529 borandis
1404 2493 1500 2528 nobis
1540 2493 1709 2527 liumiliter
1747 2494 1949 2538 porrexerit3

1213 2553 1244 2581 et
1260 2558 1330 2588 n05‚
1352 2547 1390 2581 ad
1417 2547 1671 2591 praemissorum
1696 2546 1858 2588 effectum,
1882 2558 1954 2592 par-

1250 2612 1261 2637 1
1284 2609 1357 2639 Edit.
1377 2609 1460 2638 Main.
1480 2609 1547 2650 legit
1565 2609 1710 2639 institutis
1723 2609 1762 2645 (n.
1779 2610 1828 2647 τ.).

1992 1229 2135 1252 Prooemium,
