2232 3178
50 181 100 208 An.
120 181 149 207 G.
173 179 241 207 ¹740

244 227 416 266 maximam,
441 228 490 259 ubi
512 228 673 268 repositum
703 232 746 259 est
767 228 984 258 sanctissimum

229 277 443 307 Eucharistiae
465 281 678 308 sacramentum
694 302 701 316 ,
730 277 835 307 deinde
858 277 983 316 reliqua,

242 326 266 356 si
300 335 373 365 quae
406 330 514 364 erunt,
538 326 654 364 altaria,
678 336 714 356 an
747 326 843 356 onmia
878 326 983 355 munda

242 374 311 413 sint,
335 378 364 404 et
386 375 523 405 decentor
545 380 646 405 ornata
676 378 704 404 et
726 375 898 414 composita.
922 374 982 409 Qua

242 423 411 454 visitatione
444 423 601 460 absoluta,
635 432 771 453 reversus
803 423 837 452 ad
872 426 982 462 portam

243 472 380 510 mediam,
405 476 434 501 et
457 473 533 502 sacta
556 472 642 502 altari
664 471 841 509 reverentia,
865 471 913 500 dat
935 471 983 500 be-

240 520 436 550 nedictionem
459 520 580 550 dicens:
613 520 761 549 Benedicat
789 529 835 548 ros
861 520 983 558 onmipo-

236 572 333 606 polens
349 568 432 603 Deus,
449 568 532 597 Pater
546 570 573 604 †,
591 573 615 597 et
634 568 724 597 Filius
739 569 767 605 †,
784 572 809 596 ct
824 566 948 606 Spiritus
963 568 981 604 †

240 615 368 646 Sanctus.
381 616 511 654 Fratres,
525 616 623 645 Amen.
642 615 779 646 Visitator
796 615 981 654 prosequitur

238 665 314 694 hanc
337 665 588 695 admonitionem:
622 664 792 694 ,luctor-itale
815 664 866 693 Dei
888 664 981 693 totins-

239 723 290 752 que
313 712 425 743 Ordinis
448 715 534 743 nostri
552 714 694 753 praecipio
723 713 795 742 vobis
824 713 852 741 in
881 713 980 742 virtute

237 766 347 791 sanctae
372 762 553 796 obedientiae,
580 766 617 796 ut,
641 771 702 790 cum
726 761 912 799 imusquisque
939 770 979 790 re-

236 815 324 840 strum
346 810 377 840 de
399 810 522 840 omnibns
548 815 573 839 e!
601 810 718 848 singulis
736 810 862 848 personis
885 818 916 839 ac
937 819 980 838 re-

237 859 285 888 bus
313 859 348 888 ad
369 859 417 888 hoe
438 859 634 888 monasterium
657 858 840 898 spectantibus
862 858 980 886 interro-

235 911 314 945 yalus
349 908 452 946 fuerit,
481 907 573 936 debeat
607 907 754 937 secundum
786 906 978 935 conscientiam

233 966 305 995 pirre
326 959 351 984 et
372 956 508 985 veraciter
530 955 662 993 revelare,
686 955 789 985 secluso
811 955 884 984 omni
906 955 976 991 odio,

235 1007 329 1043 favore
355 1008 379 1033 et
406 1004 528 1043 affectu:
562 1013 610 1033 nec
641 1003 715 1032 ullus
749 1007 867 1032 restrum
900 1006 981 1045 ectr-q

236 1053 431 1082 monasterirum
453 1053 589 1082 discedere
603 1054 772 1091 praesumat,
787 1053 846 1080 sine
868 1060 978 1089 expres-

234 1103 265 1130 sa*
288 1104 381 1131 nostrct
409 1101 533 1131 licentia.
558 1101 708 1139 visitator,
732 1100 865 1140 deposita
885 1099 975 1139 {stolz‘n

234 1149 265 1179 in
291 1149 455 1179 sacristiam
478 1149 558 1179 vadit
580 1159 645 1179 cum
668 1149 758 1187 socio,
783 1149 888 1178 abbate
918 1158 978 1178 mo-

234 1198 367 1236 nasterii,
386 1202 414 1228 et
437 1199 582 1237 praefecto
605 1199 756 1236 ecclesiae,
774 1207 826 1227 seu
843 1198 975 1235 sacrista,

233 1256 357 1286 eamque
380 1247 537 1285 diligenter
568 1247 681 1284 visitat,
706 1246 918 1276 considerando
939 1256 975 1275 an

236 1296 344 1325 munda
366 1300 394 1325 et
415 1295 574 1335 composita
596 1295 654 1325 sint
674 1305 740 1324 vasa
757 1305 851 1333 sacra,
870 1299 974 1333 vestes,

233 1344 321 1383 libri,
345 1348 373 1374 et
400 1344 498 1373 omnia
531 1344 678 1374 utensilia.
703 1344 811 1374 Deinde
846 1343 977 1383 procedit

234 1393 450 1424 visitator-cum
466 1392 545 1423 socio
561 1402 594 1422 ac
610 1392 713 1422 abbate
736 1393 792 1423 loci
816 1393 850 1422 ad
873 1393 975 1423 cellam

230 1439 325 1482 ipsius
357 1442 481 1480 abbatis,
506 1441 556 1481 qui
589 1442 683 1481 primo
715 1441 799 1472 offert
832 1441 974 1471 visitatori

233 1490 344 1530 scripta
367 1490 485 1520 nomina
508 1494 536 1519 et
558 1490 652 1520 officia
672 1490 856 1528 singulorum
876 1499 977 1519 mona-

232 1539 354 1569 chorum
378 1542 406 1569 et
436 1547 645 1578 personarum,
669 1538 755 1568 etiam
779 1538 974 1568 saecularium

232 1588 282 1628 qui
306 1587 484 1618 monasterio
508 1587 671 1617 inserviunt
686 1598 693 1625 ς
710 1587 851 1625 secundo,
868 1586 975 1617 librum

233 1637 351 1676 regulae
381 1641 409 1667 et
438 1636 679 1666 constitutionum
703 1636 843 1672 Ordinis,
876 1637 974 1675 tertio,

231 1686 340 1716 librum
363 1686 546 1715 decretorum
562 1709 569 1722 ,
595 1694 668 1724 quae
691 1685 740 1715 alii
764 1685 927 1715 visitatores
949 1685 975 1715 ei

233 1733 411 1764 monasterio
434 1733 635 1772 reliquerunt3
657 1733 887 1772 quarto‚>libros
910 1742 976 1772 pro-

233 1787 374 1813 ventuum
397 1786 426 1811 et
447 1791 640 1820 expensarum
674 1781 844 1811 monasterii
872 1785 901 1811 et
929 1792 977 1811 ec-

232 1832 349 1862 clesiae.
366 1831 478 1867 Quibus
502 1831 640 1870 peractis,
658 1831 792 1860 visitator
814 1831 848 1860 ad
871 1830 974 1860 cellam

231 1880 491 1914 sibi‚destinatam
525 1888 577 1918 per
609 1880 705 1918 ipsum
738 1878 872 1908 abbatem
906 1879 973 1917 loci,

231 1933 281 1959 aut
303 1928 477 1959 monachum
495 1927 530 1957 ab
552 1938 586 1958 eo
608 1928 805 1967 designatum,
822 1927 975 1958 advocabit

232 1977 364 2016 singulos
387 1977 556 2014 monachos,
574 1980 601 2006 et
617 1976 838 2016 inquisitionem
856 1976 975 2006 inchoa-

232 2025 276 2056 bit
297 2035 312 2055 a
335 2025 512 2062 iunioribus,
537 2029 564 2055 et
583 2025 696 2055 desinet
718 2025 748 2055 in
771 2025 866 2064 ipsum
887 2024 975 2054 abha-

232 2079 302 2113 tem,
333 2074 382 2114 qui
405 2074 439 2104 de
462 2074 586 2113 singulis
609 2074 664 2114 ipsi
688 2074 788 2104 reddet
817 2074 971 2104 rationem.

231 2124 309 2160 Quae
326 2127 422 2153 autem
446 2132 460 2152 a
484 2123 610 2161 singulis
626 2123 777 2153 monachis
792 2123 971 2160 reseruntur,

231 2182 283 2212 per
314 2172 424 2202 socium
459 2176 487 2202 et
519 2172 710 2202 secretarium
744 2172 921 2202 visitationis
943 2172 971 2202 in

231 2222 311 2252 carta
345 2221 548 2258 notabuntur,
572 2221 602 2250 in
636 2230 760 2259 quorum
795 2221 852 2250 stne
885 2231 974 2252 unus-

231 2270 356 2310 quisque
380 2278 486 2299 nomen
520 2277 605 2298 suum
638 2268 826 2307 subscribat,
861 2270 923 2307 vel,
947 2270 971 2299 si

231 2318 361 2348 scribere
379 2317 484 2354 nescit,
503 2317 564 2355 ipse
581 2317 758 2347 secretarius
779 2317 843 2346 eius
866 2327 971 2348 nomen

231 2366 398 2397 subscribat
420 2366 455 2396 de
477 2366 570 2405 ipsius
593 2366 741 2395 mandato.

271 2425 320 2447 vu.
344 2415 488 2445 Postridie
512 2414 645 2445 visitator
657 2424 723 2444 cum
752 2415 909 2445 secretario
928 2416 970 2446 lu-

229 2464 338 2496 strabit
361 2464 454 2503 primo
470 2463 515 2493 die
530 2463 619 2492 cellas
631 2463 761 2494 omnium
775 2464 912 2501 fratrum3
927 2474 972 2494 se-

231 2514 326 2546 cundo
349 2513 420 2543 alias
442 2512 613 2542 monasterii
635 2512 812 2550 mansiones,
837 2517 867 2543 ut
889 2514 970 2543 scho-

230 2563 300 2602 lam,
323 2561 544 2599 bibliothecam,
568 2561 739 2601 hospitium,
764 2561 968 2602 infirmariam,

303 2620 380 2649 Butt.
401 2620 485 2649 Rom.
506 2634 540 2641 —
562 2619 621 2648 Vot.
642 2620 745 2648 XXIV.
893 2620 927 2648 82

863 160 1006 204 CL-EMENS
1033 179 1075 203 ΧΠ
1098 179 1147 204 ΓΡ.

1030 227 1216 264 vestiariam,
1249 226 1420 266 cellariam,
1452 227 1607 267 coquinam
1642 231 1670 257 et
1697 227 1772 258 rese-

1028 277 1171 315 ctorium,
1193 277 1399 316 praesentibus
1436 276 1540 306 abbate
1576 277 1653 315 loci,
1677 287 1769 317 eoque
1806 286 1809 288 ·

1028 326 1172 355 monacho
1195 325 1245 364 qui
1269 326 1359 355 cellae
1382 325 1462 355 illius
1485 334 1585 355 curam
1608 325 1737 355 habebit.

1066 383 1125 403 vni.
1143 374 1240 403 Tertio
1264 378 1292 403 et
1316 378 1461 413 postremo
1477 374 1534 410 die,
1553 376 1710 404 convocata
1727 379 1770 404 to-

1028 421 1085 451 tius
1109 422 1278 451 monasterii
1301 422 1529 460 congregatione
1552 422 1580 451 in
1606 422 1700 451 locum
1733 423 1769 452 ad

1026 469 1053 499 id
1078 476 1220 508 paratum,
1239 470 1372 500 visitator
1388 470 1508 499 brevem
1531 471 1768 500 adhortationem

1025 518 1110 547 saciet
1133 519 1168 547 ad
1191 519 1404 557 procurandam
1435 519 1554 556 regulae
1576 524 1604 549 et
1626 520 1769 549 constitu-

1026 566 1139 595 tionum
1162 565 1397 604 observantiam,
1421 571 1448 596 et
1472 567 1527 605 legi
1551 568 1637 597 saciat
1659 577 1711 607 per
1726 577 1769 597 se-

1025 615 1182 644 cretarium
1199 615 1308 645 monita
1321 615 1421 645 relicta
1439 616 1626 653 monasterio,
1640 621 1769 646 moneat-

1024 673 1080 702 que
1103 673 1205 693 omnes
1227 668 1255 693 et
1277 664 1408 702 singulos
1440 669 1472 694 ut
1500 674 1531 694 se
1560 665 1595 694 ad
1619 665 1767 703 poeniten-

1024 712 1095 741 tiam
1118 712 1365 751 negligentiarum
1401 713 1563 743 facicndam
1598 713 1764 753 disponant.

1023 760 1095 790 Tum
1117 761 1283 798 genuflexis
1316 761 1451 791 omnibns
1484 771 1581 791 coram
1605 762 1765 800 visitatore,

1023 809 1123 848 culpas
1146 818 1213 839 suas
1236 809 1334 839 dicant
1358 810 1514 840 ordinatim
1539 810 1708 849 incipiendo
1731 811 1766 840 ab

1023 857 1127 888 abbate
1149 858 1205 888 loci
1229 867 1323 897 usque
1346 858 1381 887 ad
1404 858 1550 888 iuniorem
1576 860 1763 895 monachum,

1022 910 1050 936 et
1074 906 1187 936 veniam
1210 910 1311 946 petant
1333 916 1348 936 a
1372 906 1534 945 visitatore,
1559 907 1607 946 qui
1641 907 1765 946 singulis

1022 964 1088 984 cum
1112 955 1287 985 discretione
1311 958 1339 984 et
1355 955 1497 985 charitate
1521 964 1644 993 poenam
1668 955 1765 984 iniun-

1021 1008 1069 1042 gat
1091 1004 1264 1034 salutarem.
1289 1004 1352 1034 Mox
1375 1004 1462 1034 faciat
1480 1004 1705 1042 ahsolutionem,
1723 1005 1765 1034 di-

1021 1062 1105 1082 cens:
1130 1053 1203 1083 Deus
1225 1054 1390 1083 misereatur
1412 1055 1503 1092 vestri,
1527 1058 1592 1091 etc„
1610 1057 1641 1083 ut
1663 1063 1763 1092 supra,

1021 1112 1050 1131 n.
1075 1111 1124 1131 1v:
1149 1106 1237 1141 atque
1259 1103 1300 1132 ita
1323 1111 1389 1132 cum
1413 1103 1512 1132 osculo
1535 1102 1613 1141 pacis
1637 1102 1765 1132 dimittat

1021 1151 1286 1189 congregationem.

1060 1208 1099 1228 lx.
1124 1199 1153 1228 Si
1178 1200 1240 1238 ipse
1256 1199 1403 1237 generalis
1419 1204 1469 1230 aut
1488 1199 1577 1229 abbas
1594 1199 1764 1238 provinciae

1021 1247 1218 1277 visitationem
1241 1248 1321 1283 facit,
1346 1252 1445 1278 utatur
1468 1248 1641 1277 auctoritate
1664 1249 1718 1277 sust
1732 1247 1763 1277 in

1020 1296 1204 1326 correctione
1226 1296 1342 1326 abbatis
1361 1301 1390 1326 et
1408 1297 1635 1326 monachorum:
1655 1296 1680 1326 si
1696 1306 1763 1327 vero

1020 1345 1108 1374 suerit
1132 1345 1269 1382 vicarius,
1294 1345 1329 1375 ad
1352 1345 1581 1375 substituentem
1606 1345 1702 1375 omnia
1718 1355 1763 1376 re-

1020 1395 1103 1424 serat.
1127 1394 1190 1424 Non
1223 1398 1318 1425 tamen
1348 1394 1482 1424 abbatem
1517 1394 1573 1424 loci
1606 1394 1762 1433 deponere,

1020 1447 1069 1472 aut
1091 1443 1126 1472 ab
1149 1443 1245 1473 officio
1268 1443 1449 1483 suspendere
1472 1443 1593 1483 poterit,
1617 1443 1672 1473 nisi
1698 1453 1763 1483 spe-

1019 1491 1122 1521 cialem
1147 1492 1315 1522 facultatem
1340 1491 1476 1521 habuerit
1497 1501 1511 1521 a
1536 1492 1762 1530 congregatione

1020 1540 1264 1578 hegumenorum.
1289 1540 1368 1575 Quod
1388 1540 1411 1569 si
1435 1540 1595 1570 necessitas
1619 1541 1760 1579 requirat,

1019 1593 1050 1618 ut
1081 1589 1256 1618 monachum
1279 1589 1312 1618 do
1335 1589 1385 1618 illo
1409 1589 1587 1618 monasterio
1620 1589 1649 1618 in
1682 1589 1761 1618 aliud

1020 1638 1187 1673 transferat,
1213 1637 1240 1667 id
1263 1637 1438 1668 auctoritate
1454 1638 1508 1666 sua
1524 1637 1617 1667 facere
1641 1637 1759 1676 poterit,

1018 1687 1041 1716 si
1065 1686 1211 1725 generalis
1234 1686 1322 1716 fuerit
1343 1690 1394 1715 aut
1416 1685 1505 1715 abbas
1529 1685 1711 1725 provinciae:
1736 1686 1761 1715 si

1020 1744 1085 1765 vero
1117 1735 1268 1773 delegatus
1303 1735 1406 1773 suerit,
1430 1735 1634 1764 consentiente
1656 1734 1760 1764 abbate

1018 1783 1093 1820 loci,
1118 1783 1147 1812 in
1170 1792 1228 1822 quo
1250 1787 1310 1820 est,
1334 1787 1362 1813 et
1384 1782 1488 1812 abbate
1512 1782 1701 1818 monasterii,
1725 1783 1760 1812 ad

1017 1831 1093 1870 quod
1118 1831 1338 1862 transferendus
1360 1835 1404 1861 est
1426 1831 1598 1867 monachus,
1617 1831 1645 1860 id
1662 1831 1758 1868 saciet3

1017 1880 1075 1910 illis
1098 1884 1195 1910 autem
1218 1880 1472 1916 dissentientibus,
1497 1889 1557 1910 rem
1574 1880 1609 1909 ad
1625 1880 1761 1918 delegan-

1018 1933 1074 1959 tem
1097 1930 1214 1959 referet.

1057 1989 1087 2006 x.
1117 1978 1193 2008 Haec
1226 1978 1286 2008 sere
1319 1978 1393 2017 sunt}
1423 1978 1458 2008 de
1486 1977 1593 2017 quibus
1627 1977 1759 2009 visitator

1016 2026 1166 2066 inquirere
1189 2025 1296 2056 debet:
1321 2036 1357 2056 an
1380 2026 1489 2065 singuli
1512 2025 1638 2056 debitam
1662 2026 1758 2057 abbati

1017 2075 1213 2106 obedientiam
1238 2075 1411 2111 exhibeant3
1436 2085 1471 2105 an
1489 2075 1578 2105 abbas
1594 2075 1689 2105 officio
1705 2085 1758 2105 suo

1016 2134 1083 2163 erga
1107 2134 1207 2155 omnes
1231 2125 1392 2164 aequaliter
1419 2129 1535 2161 utatur3
1564 2134 1599 2154 an
1627 2125 1703 2154 inter
1729 2135 1758 2154 o-

1017 2183 1100 2203 mnes
1121 2178 1149 2204 et
1171 2174 1304 2213 singulos
1321 2183 1375 2213 pax
1393 2178 1421 2203 et
1437 2174 1593 2204 concordia
1610 2178 1755 2209 servetur;

1015 2232 1050 2251 an
1074 2223 1111 2252 sit
1134 2222 1240 2262 aliquis
1272 2222 1486 2262 proprietarius
1518 2223 1546 2252 in
1582 2223 1756 2252 monasterio

1016 2272 1058 2301 vel
1082 2271 1282 2309 scandalosuS,
1306 2271 1452 2309 ebriosus,
1477 2271 1598 2309 otiosus,
1622 2275 1756 2300 assuetus

1014 2319 1113 2349 iurare
1136 2319 1179 2349 vel
1215 2320 1308 2358 turpia
1333 2320 1433 2358 loqui,
1459 2323 1575 2349 notatus
1598 2319 1632 2348 de
1654 2328 1756 2357 suspe-

1014 2369 1061 2397 cta
1077 2368 1274 2398 familiaritate
1291 2369 1369 2398 intra
1382 2368 1425 2397 vel
1438 2372 1518 2397 extra
1532 2367 1752 2405 monasterium,

1014 2426 1079 2447 cum
1103 2417 1240 2447 scandalo
1263 2417 1352 2447 alium
1369 2425 1426 2447 non
1443 2417 1608 2456 alloquens,
1628 2416 1754 2455 rixosus,

1013 2466 1259 2501 contumeliosus;
1284 2476 1319 2495 an
1344 2465 1379 2495 ab
1398 2465 1534 2495 omnibus
1557 2465 1753 2495 observentur

1013 2515 1112 2553 regula
1135 2519 1163 2544 et
1185 2514 1411 2545 constitutiones
1441 2514 1535 2553 qnoad
1557 2513 1688 2543 divinum
1712 2514 1754 2543 os-

1013 2563 1134 2602 ficium,
1158 2563 1389 2602 consessionem,
1413 2562 1665 2600 communionem,
1689 2571 1753 2593 ora-

1666 167 1730 203 649
1774 177 1829 221 An.
1846 177 1875 206 c.
1899 179 1966 206 1740
