2232 3178
64 252 111 281 An.
127 249 156 277 C.
175 248 242 276 1738

864 247 1005 271 CLEMENS
1031 247 1074 271 ΧΠ
1098 247 1145 271 ΡΡ.

251 295 387 329 nerabili
412 296 501 328 fratri
526 299 640 329 nostro
666 295 809 329 Thomae
834 296 865 328 S.
889 295 927 329 tt.
954 295 988 328 E.

250 349 440 392 presbytero
453 349 607 382 cardinali
621 349 823 392 patriarchae
837 348 992 392 Ulyssipo-

251 403 344 434 nensi
369 401 575 441 occidentali,
591 401 725 444 eiusque
743 401 991 441 successoribus,

250 460 285 487 ut
309 455 377 497 ipse
403 460 434 488 ct
465 455 527 498 ipsi
567 455 662 487 etiam
701 460 862 497 tamqnam
899 454 992 487 Sedis

250 508 455 551 Apostolicae
482 508 644 550 praefatae
670 509 838 550 delegatus
871 513 903 539 et
939 508 993 539 de-

251 561 362 603 legati,
390 571 461 593 eum
487 561 623 594 consilio
650 566 757 593 tamen
773 566 803 593 et
820 570 993 599 consensu,

252 619 283 646 et
308 624 373 647 non
399 614 505 654 alias,
533 614 692 647 carissimi
718 614 748 653 iu
775 614 904 646 Christo
936 613 992 646 tilii

251 666 354 699 nostri
379 666 509 699 Ioannis
536 666 599 699 hoe
625 666 755 698 nomine
787 666 809 697 V
846 666 993 698 moderni

251 719 472 762 Portugalliae
497 725 528 751 et
554 719 782 762 Algarbiorum
809 718 893 762 regis
921 719 991 752 illu-

252 772 346 812 stris,
372 772 462 804 cuius
489 772 634 804 sedulam
660 772 698 804 ad
714 771 855 804 divinum
873 773 994 804 cultum

252 826 284 858 in
315 825 400 859 dicta
428 824 636 868 patriarchali
669 825 803 858 ecclesia
837 825 995 868 Ulyssipo-

251 879 346 912 nensi
361 878 555 912 occidentali
570 878 705 922 eiusque
722 877 874 911 decorem
889 883 918 910 et
934 888 994 910 nia-

253 931 474 974 gnificentiarn
501 936 569 965 toto
595 931 703 964 studio
735 931 994 974 promovendum

253 995 361 1018 curam
392 990 519 1017 maturo
553 984 660 1017 animo
693 984 903 1023 revolvimus,
931 994 992 1016 no-

255 1049 327 1071 vum
347 1048 404 1081 pro
425 1037 638 1079 dignitatibus
656 1048 692 1070 ac
710 1037 876 1070 canonicis
893 1041 923 1069 et
940 1037 994 1069 be-

252 1090 412 1124 neficiatis
445 1090 548 1123 dictae
578 1089 809 1134 patriarchalis
839 1090 995 1123 eeclesiae

254 1144 518 1187 Ulyssiponensis
537 1143 749 1176 occidentalis
774 1143 994 1176 kalendarium

254 1198 381 1230 dierum
396 1203 427 1229 et
441 1197 656 1235 functionum,
672 1195 810 1239 aliaque¹
831 1201 892 1228 tam
911 1196 995 1228 cirea

253 1250 475 1288 residentiam,
495 1249 630 1292 diesque
652 1249 865 1288 vacationum,
883 1259 918 1280 ae
939 1260 996 1281 nu-

253 1313 378 1336 merum
398 1312 518 1343 eorum,
538 1302 654 1345 quibus
672 1302 842 1335 abessendi
863 1302 995 1335 facultas

254 1367 319 1389 uno
342 1356 522 1398 eodemque
542 1361 689 1398 tempore
707 1355 850 1399 permitti
870 1356 998 1395 debeat,

254 1420 383 1443 necnon
410 1409 595 1449 distantias,
622 1409 706 1441 intra
732 1419 809 1452 quas
835 1408 948 1441 diebus
967 1413 998 1441 ct

255 1463 476 1497 functionibus
518 1462 551 1495 in
592 1462 677 1495 dieto
714 1462 903 1495 kalendario
948 1462 996 1495 vel

255 1522 343 1550 extra
367 1516 447 1549 illud
474 1515 738 1558 praescribendis
765 1516 934 1555 interesse,
954 1516 997 1548 le-

255 1570 368 1613 gitimo
395 1574 502 1602 tamen
529 1574 560 1602 et
585 1580 602 1602 a
626 1569 696 1602 iure
722 1570 904 1612 approbato
941 1569 997 1601 iin-

254 1622 444 1666 pedimento
463 1627 617 1661 cessante,
632 1627 661 1654 et
675 1622 734 1654 nisi
755 1622 793 1653 ah
810 1621 997 1654 eorumdem

256 1676 475 1718 Portugalliae
508 1681 539 1708 et
576 1675 803 1717 Alga1·bioi·tnn
841 1686 916 1717 rege
948 1677 997 1708 vel

254 1731 387 1772 regina,
415 1739 501 1761 nunc
526 1734 558 1761 et
582 1739 640 1772 pro
667 1734 812 1772 ternpore
837 1730 999 1762 existenti-

256 1783 326 1822 bus,
349 1782 388 1814 ad
413 1782 545 1824 aliquod
572 1792 697 1814 sacrum
724 1792 779 1814 seu
806 1782 1000 1815 ecclesiasti-

256 1845 328 1867 cum
351 1834 568 1867 ministerium
591 1834 754 1877 publicum
776 1835 999 1878 peragendum

256 1888 419 1926 accersiti,
446 1893 499 1920 aut
533 1887 571 1920 ab
596 1888 667 1931 ipso
692 1888 815 1920 Tlioma
846 1888 999 1921 cardinali

256 1941 445 1985 patriarcha
470 1940 606 1983 eiusque
632 1941 874 1973 successoribus
901 1946 934 1973 ut
954 1941 1000 1973 in-

1034 296 1162 340 quoties
1188 296 1215 329 ei
1241 302 1272 329 et
1297 297 1341 330 eis
1364 297 1514 340 expedire
1535 296 1706 336 videbitur,
1726 307 1778 329 au-

1035 360 1110 391 gere
1128 377 1135 389 ,
1162 350 1311 384 minuere
1338 352 1387 383 vel
1413 351 1587 384 reformare
1614 350 1714 393 possit
1749 356 1780 382 et

1036 402 1149 441 valeat,
1174 413 1231 435 seu
1258 402 1383 446 possint
1408 409 1439 436 et
1458 403 1590 443 valeant,
1609 413 1680 435 cum
1699 413 1778 435 con-

1036 454 1109 487 silio
1135 460 1166 487 et
1191 467 1350 488 consensu
1370 457 1521 499 praefatis
1541 456 1702 499 (quaeque
1718 455 1779 487 vitn

1036 507 1117 549 legis
1141 507 1286 547 habere,
1314 519 1375 541 nec
1401 509 1572 541 statuentis
1597 514 1701 541 morte
1728 518 1779 540 ex-

1036 561 1170 604 pirare,
1208 572 1267 594 nec
1304 572 1321 594 a
1358 562 1521 604 praefatae
1555 561 1780 604 patriarchalis

1037 613 1193 647 eeclesiae
1212 614 1472 657 Ulyssiponensis
1497 614 1707 647 occidentalis
1725 624 1780 656 pa-

1039 667 1206 707 triarcha,
1232 678 1288 700 seu
1321 668 1408 701 illius
1444 668 1586 710 capitulo
1619 673 1650 700 et
1684 678 1780 700 cano-

1038 719 1118 752 nicis
1143 720 1311 763 praefatis,
1339 731 1444 763 neque
1482 720 1577 753 etiam
1616 720 1692 753 sede
1725 730 1780 762 pa-

1039 773 1203 805 triarchali
1222 778 1368 813 vacante,
1385 773 1444 806 nisi
1468 774 1506 806 de
1533 773 1633 816 ipsius
1652 773 1781 805 loannis

1039 826 1123 867 regis
1140 826 1279 859 consilio
1299 832 1330 859 et
1350 836 1526 867 consensu,
1543 826 1711 859 reformari
1727 830 1782 858 aut

1038 879 1183 912 revocari
1213 880 1262 912 vel
1296 879 1395 911 minui
1422 890 1518 922 posse
1543 879 1714 912 statuimus
1735 884 1782 911 at-

1040 941 1103 974 que
1121 931 1352 974 decernimus),
1374 942 1433 974 pro
1453 932 1529 964 dicti
1555 932 1697 965 Tliomae
1716 942 1780 964 car-

1040 984 1157 1017 dinalis
1187 984 1408 1027 patriarchae,
1445 985 1579 1028 eiusque
1615 995 1781 1018 successo-

1040 1048 1110 1069 rum
1134 1038 1354 1080 praefatorum
1381 1038 1513 1071 arbitrio
1534 1038 1688 1081 (etiamsi,
1704 1048 1781 1080 quo-

1040 1090 1079 1123 ad
1091 1091 1285 1123 muletarum
1303 1095 1334 1122 et
1353 1100 1529 1133 poenarum
1546 1090 1782 1133 impositiones,

1041 1149 1166 1186 tempus
1191 1143 1387 1176 residentiae
1421 1149 1452 1176 et
1489 1144 1661 1176 facultates
1692 1144 1783 1176 abes-

1040 1197 1132 1230 sendi
1160 1197 1350 1240 respective,
1371 1197 1498 1240 aliaque
1517 1197 1709 1240 praemissa,
1727 1196 1781 1228 uhi

1039 1250 1183 1290 servitio,
1208 1249 1318 1282 decori
1345 1255 1399 1282 aut
1423 1250 1590 1292 splendori
1611 1250 1715 1282 dictae
1730 1260 1783 1292 pa-

1041 1304 1225 1338 triarchalis
1251 1304 1407 1337 ecelesiae
1441 1304 1701 1347 Ulyssiponensis
1729 1314 1781 1336 oc-

1040 1357 1212 1391 cidentalis
1248 1357 1401 1400 expedire
1435 1357 1616 1397 videbitur,
1641 1368 1658 1389 a
1683 1357 1784 1390 sacris

1041 1411 1220 1445 canonibus
1236 1416 1267 1444 et
1281 1410 1470 1454 apostolicis
1485 1410 1784 1448 constitutionibus,

1041 1474 1168 1497 necnon
1194 1465 1232 1496 al]
1258 1463 1358 1507 ipsius
1380 1463 1608 1506 patriarchalis
1629 1463 1784 1496 ecclesiae

1042 1517 1303 1560 Ulyssiponensis
1336 1517 1547 1550 occidentalis
1579 1516 1785 1549 consuetudi-

1043 1571 1137 1603 nibus
1170 1576 1202 1603 et
1226 1570 1371 1611 statutis,
1397 1570 1493 1602 etiam
1521 1570 1702 1602 iuramento
1728 1579 1785 1602 seu

1042 1623 1222 1666 apostolica
1247 1622 1492 1655 confirmatione
1519 1623 1566 1654 vel
1594 1621 1704 1665 quavis
1739 1621 1786 1653 fn·-

1042 1677 1153 1709 mitatc
1190 1675 1251 1708 alia
1288 1675 1452 1708 roboratis
1473 1702 1480 1715 ,
1519 1676 1551 1707 in
1586 1681 1652 1708 toto
1679 1676 1726 1708 vel
1753 1675 1785 1707 in

1042 1735 1151 1772 parte,
1177 1730 1216 1761 de
1242 1729 1381 1761 consilio
1407 1733 1437 1761 et
1462 1738 1622 1762 consensu
1648 1728 1785 1770 praefati

1044 1782 1173 1815 loannis
1198 1782 1303 1824 regis,
1331 1787 1362 1814 et
1389 1793 1454 1814 non
1479 1782 1558 1815 alias
1576 1809 1583 1821 ,
1610 1782 1785 1814 deflectere

1044 1846 1126 1878 opus
1147 1836 1245 1878 esset)
1272 1835 1437 1868 licentiam
1464 1840 1496 1868 et
1514 1835 1697 1867 facultatem
1711 1845 1787 1878 apo-

1044 1888 1157 1922 stolica
1183 1888 1373 1920 auctoritate
1399 1888 1543 1931 praefata
1568 1893 1683 1920 tenore
1701 1898 1787 1930 prae-

1043 1942 1182 1975 sentium
1209 1942 1416 1974 concedimus
1441 1948 1471 1974 et
1496 1941 1712 1985 impartimur.

1678 237 1742 272 {103
1788 247 1835 274 An.
1855 247 1882 274 c.
1908 247 1973 274 1738

257 1996 304 2027 fra
329 1994 432 2027 vocati
458 1993 639 2033 abfuerint,
667 1994 801 2027 omnino
820 2000 1000 2035 teneantur,

258 2058 354 2091 quam
380 2047 464 2080 eirca
490 2048 553 2079 alia
578 2046 712 2087 munia,
750 2048 933 2081 functiones
971 2053 1001 2081 et

259 2100 364 2134 officia
390 2112 406 2133 a
444 2100 657 2143 dignitatibus
694 2112 730 2133 ac
767 2101 932 2134 canonicis
970 2107 1000 2134 et

257 2152 457 2186 beneficiatis
481 2154 634 2196 praefatis
661 2154 821 2193 obeunda,
848 2159 1001 2197 opportu-

259 2216 318 2239 nas
352 2206 583 2249 dispositiones
619 2207 750 2246 facere,
789 2208 930 2241 condere
966 2219 1002 2242 ac

1090 1996 1103 2039 ξ
1127 1995 1157 2027 ss.
1186 1994 1275 2027 Ultra
1302 2005 1378 2027 vcro
1404 1995 1472 2027 dies
1498 2000 1529 2027 et
1556 1995 1739 2028 functiones
1754 1996 1785 2028 in
1804 2030 1810 2049 1
1828 2004 1893 2041 'mi-jo
1907 2010 1983 2023 conve-

1044 2059 1126 2081 novo
1153 2047 1343 2080 kalendario
1370 2048 1556 2081 huiusmodi
1578 2048 1616 2081 de
1635 2049 1787 2092 praefatis
1799 2033 1986 2109 {¹1²¹[33⁴3¹1:=¹=3i=21¹›2;⁸u⁴¹15ss

1842 2093 1845 2102 ι
1887 2093 1892 2103 ,
1911 2092 1916 2103 ι
1941 2092 1983 2103 ,,,.

1044 2101 1182 2135 consilio
1209 2107 1240 2134 et
1264 2112 1423 2134 consensu
1443 2106 1476 2134 ut
1505 2102 1687 2145 praefertur
1714 2113 1889 2147 οοη-ειυιιηιω
1917 2111 1982 2130 unam

1044 2154 1184 2188 ficiendo
1212 2154 1489 2197 praescribendas,
1515 2155 1621 2187 cidem
1647 2138 1983 2210 Τ1101113θξ1ἶῖξμϊῖἱιῖἒξῖιί

1044 2207 1200 2241 cardinali
1228 2207 1433 2250 patriarchae
1459 2208 1594 2251 eiusque
1628 2218 1895 2241 successo-tuniano
1919 2219 1983 2236 conn-

260 2265 423 2298 statuere,
450 2260 650 2302 muletasque
677 2266 708 2293 et
733 2272 854 2303 poenas
881 2262 912 2293 in
949 2272 1002 2305 pe-

259 2312 377 2352 cunia,
404 2318 434 2345 et
460 2313 491 2344 in
518 2312 631 2345 diebus
656 2314 877 2354 vacationum,
902 2315 1001 2347 autin

259 2367 433 2406 alterutro,
462 2375 519 2408 pro
554 2365 734 2398 kalendarii
761 2372 792 2399 ct
817 2367 1003 2410 dispositio-

258 2427 334 2450 num
361 2417 548 2450 huiusmodi
574 2417 706 2451 firmiori
733 2418 937 2452 observantia
973 2425 1003 2453 et

261 2471 490 2514 exequutione,
506 2471 685 2514 imponere,
703 2471 853 2515 ipsasque
867 2474 1003 2506 mulctas

260 2529 291 2557 et
315 2534 459 2567 poenaS‚
486 2524 620 2567 diesque
646 2530 794 2565 statutos,
822 2525 1003 2559 functiones

260 2587 297 2610 ac
334 2577 523 2617 distantias,
555 2583 726 2621 ceteraque
764 2589 1003 2623 quiaecumquc,

298 2642 306 2667 1
331 2640 490 2675 Legendum
510 2640 643 2675 aliasque
662 2642 702 2675 (n.
718 2641 768 2675 T.).

1045 2261 1134 2293 ribus
1160 2261 1312 2304 praefatis
1338 2267 1426 2293 motu
1461 2261 1529 2303 pari
1563 2261 1647 2294 dicta
1681 2268 1790 2294 aucto-

1045 2315 1140 2347 ritate
1167 2315 1263 2347 etiam
1289 2315 1497 2347 concedimus
1519 2321 1550 2348 et
1567 2316 1788 2358 indulgemus

1046 2368 1132 2411 quod
1159 2368 1255 2400 liceat
1280 2368 1306 2400 ei
1333 2373 1364 2400 et
1389 2368 1443 2407 eis,
1472 2378 1530 2410 pro
1557 2369 1709 2408 utilitate,
1734 2379 1788 2401 ne-

1046 2420 1195 2453 cessitate
1220 2422 1270 2453 vel
1302 2422 1419 2453 decore
1453 2421 1555 2454 dictae
1589 2421 1789 2463 patriarcha-

1047 2473 1084 2506 lis
1106 2474 1262 2507 ecclesiae
1282 2473 1542 2517 Ulyssiponensis
1564 2473 1789 2514 occidentalis,

1046 2537 1102 2559 sen
1129 2526 1295 2568 dignitatis
1322 2526 1559 2569 patriarchalis,
1575 2528 1633 2559 suh
1658 2527 1788 2560 mulctis

1047 2585 1075 2612 et
1104 2579 1220 2623 poenis
1246 2580 1274 2612 ei
1301 2585 1332 2611 et
1353 2579 1398 2611 eis
1423 2580 1598 2619 bmerisis,
1618 2580 1789 2622 dignitates

1046 2634 1095 2666 vcl
1121 2632 1295 2666 canonicos
1321 2643 1375 2666 seu
1396 2632 1606 2667 beneficiatos
1625 2638 1680 2666 aut
1708 2634 1788 2668 alios

1801 2244 1883 2264 cicuitu.
