2232 3178
22 207 71 234 An.
86 204 115 232 C.
139 203 206 231 ¹739

53 1748 153 1768 Adrianus
169 1745 196 1767 Vt

19 1775 39 1795 et
51 1774 119 1796 sixtus
135 1774 150 1794 V
162 1779 196 1793 re-

20 1802 75 1826 gibus
85 1800 195 1821 catholicis

19 1827 136 1848 militiarum
169 1826 195 1847 de

0 1863 1 1871 π
19 1854 103 1880 spatha,
118 1854 144 1875 de
163 1855 193 1875 ΑΙ-

19 1883 109 1905 cantara,
119 1881 144 1902 de
155 1881 195 1902 Ca-

20 1906 96 1928 lui-aba
120 1910 140 1928 et
169 1908 194 1929 de

0 1942 1 1954 i
18 1932 108 1954 nontesa
128 1934 195 1955 adrni-

0 1968 1 1980 i
18 1959 158 1982 nistrauonem
174 1964 195 1982 et

0 1987 106 2013 iregimen
138 1993 195 2009 com·

0 2022 1 2033 i
19 2013 98 2035 mise're.

210 255 369 295 quatenus
399 260 479 293 opus
508 249 566 291 sit,
586 249 739 282 Ordinum
765 249 949 292 praedicto-

208 315 300 340 rum.
333 303 429 336 etiam
459 303 668 343 iuramento,
701 302 949 336 confirmatione

209 358 407 401 apostolica,
427 358 477 391 vel
503 357 613 401 quavis
640 356 789 389 firmitate
815 356 877 388 alia
897 365 950 388 ro-

207 411 341 451 boratis,
361 411 489 443 statutis
508 415 538 443 et
563 408 866 448 consuetudinibus,
886 408 950 451 pri-

207 464 333 506 vilegiis
358 474 498 507 quoque,
524 463 659 496 indultis
685 467 716 495 et
733 461 849 494 litteris
875 471 950 504 apo-

208 515 332 548 stolicis
346 515 379 548 in
394 515 590 548 contrarium
606 512 858 557 praemissorum
873 522 950 554 quo-

207 569 391 602 modolibet
414 568 592 608 concessis,
619 566 819 600 confirmatis
845 571 875 598 et
900 565 948 597 in-

207 621 358 661 novatis;
387 621 503 665 quibus
539 620 689 654 omnibus
726 624 758 652 et
794 618 949 661 singulis,

207 674 336 707 illorum
362 679 493 708 tenores
518 673 748 717 praesentibus
775 682 833 715 pro
851 672 948 714 plene

207 732 239 760 et
263 727 460 760 sufficienter
485 725 646 769 expressis
665 735 701 758 ac
719 725 758 758 de
783 725 883 757 verbo
910 725 948 757 ad

206 780 341 812 verbum
368 780 499 813 insertis
524 778 694 819 habentes,
721 777 785 810 illis
810 777 890 810 alias
916 777 947 809 in

206 843 265 865 suo
284 832 401 865 robore
427 831 664 875 permansuris,
692 831 730 863 ad
751 830 950 874 praemisso-

206 895 276 918 rum
303 884 461 925 effectum,
483 885 546 917 hac
578 884 645 917 vice
672 884 847 922 dumtaxat,
874 893 949 925 spe-

207 939 335 972 cialiter
352 944 383 971 et
400 948 553 981 expresse
576 938 771 980 derogamus
788 948 796 976 ;
822 936 950 969 ceteris-

207 1002 270 1036 que
291 991 462 1024 contrariis
488 991 760 1034 quibuscumque.

250 1045 362 1078 Datum
388 1045 520 1084 Romae,
538 1044 623 1087 apud
641 1044 673 1076 S.
693 1042 824 1076 Mariam
849 1042 948 1076 Maio-

206 1109 284 1140 rem,
298 1099 356 1132 sub
378 1098 499 1131 annulo
518 1097 705 1137 piscatoris,
720 1097 772 1130 die
789 1106 845 1130 xm
864 1096 947 1136 maii,

205 1161 406 1192 Muccxxxtx‚
433 1150 645 1195 pontificatus
669 1150 771 1183 nostri
798 1160 883 1184 anno
904 1159 946 1182 lx,

243 1214 300 1240 [tat.
322 1214 366 1240 die
389 1214 419 1241 13
441 1213 501 1240 maii
526 1213 603 1246 1739,
624 1212 721 1248 pontis.
742 1220 814 1239 anno
834 1219 870 1239 tx.

502 1355 651 1388 CCLYHI.

204 1435 365 1469 Subz'ectio
390 1434 532 1468 militiae
550 1434 586 1468 B.
608 1434 734 1467 Mariae
750 1433 788 1466 cle
804 1433 948 1466 Montesa

249 1489 384 1521 consilio
411 1487 573 1522 Ordinum
590 1498 610 1520 cz
627 1498 700 1530 reye
719 1486 878 1520 catholico
899 1486 950 1519 in-

250 1543 373 1576 stiluto.

414 1623 550 1650 Clemens
573 1623 652 1656 Papa
671 1622 741 1655 XII,

319 1669 355 1695 ad
376 1671 561 1702 perpetuam
581 1667 627 1694 rei
646 1666 835 1694 memoriam.

250 1739 320 1783 gl.
359 1739 471 1782 Nuper
508 1750 568 1782 pro
602 1744 694 1781 parte
732 1738 889 1771 carissimi
916 1738 948 1771 in

206 1793 337 1827 Christo
373 1792 429 1826 filii
461 1792 565 1826 nostri
600 1791 744 1835 Philippi
771 1792 946 1834 Hispania-

206 1857 276 1880 rum
302 1846 388 1889 regis
403 1845 557 1879 catholici
572 1845 666 1878 nobis
681 1844 864 1888 expositum
881 1844 948 1886 suit,

206 1899 295 1943 quod
321 1899 442 1932 dudum
460 1898 565 1932 felicis
583 1897 821 1931 recordationis
840 1897 947 1930 Adria-

206 1963 264 1986 nus
288 1953 335 1994 vt,
361 1963 420 1996 per
445 1953 601 1995 quasdam
627 1961 700 1984 suas
724 1951 784 1984 snb
810 1951 946 1994 plumbo

205 2016 238 2040 lv
263 2016 368 2040 nonas
392 2006 467 2039 maii
493 2006 570 2039 anni
595 2016 720 2045 MDxxn,
743 2005 947 2038 administra-

205 2061 326 2095 tionem
352 2060 539 2093 militiarum
564 2059 593 2093 S.
619 2059 726 2092 Iaeobi
752 2059 791 2092 dc
817 2058 946 2102 Spauta,

205 2115 245 2148 de
271 2114 447 2154 Calatrava‚
473 2114 566 2147 etde
583 2114 755 2147 Alcantara
776 2123 877 2155 regno
894 2113 948 2146 Ca-

204 2167 316 2201 stellae
342 2172 373 2200 et
397 2166 562 2209 Legionis,
581 2176 616 2200 ac
637 2166 740 2199 Sixtus
759 2166 793 2206 V,
811 2166 946 2199 Romani

205 2219 379 2253 Pontifices
394 2219 666 2263 praedecessores
681 2219 793 2260 nostri,
804 2229 947 2262 persnas

205 2274 320 2307 itidem
334 2273 393 2307 sub
408 2272 543 2316 plumbo
558 2273 610 2305 die
622 2282 661 2306 xv
672 2272 779 2305 martii
794 2282 946 2306 inntxxvn

205 2327 373 2370 expeditas
386 2327 520 2367 litteras,
534 2325 669 2359 alterius
683 2325 818 2359 militiae
834 2326 867 2358 B.
883 2325 947 2359 Ma-

205 2380 273 2413 riae
299 2380 338 2413 de
363 2379 507 2413 Montesa
542 2377 651 2412 filialis
676 2378 880 2422 supradictae
906 2378 946 2412 de

205 2434 373 2467 Calatrava
394 2443 497 2475 regno
516 2431 713 2475 Aragoniae,
732 2441 790 2464 seu
814 2431 946 2465 illorum

204 2487 274 2530 regi
308 2497 368 2530 pro
394 2491 542 2530 tempore
580 2484 751 2525 existenti,
775 2485 945 2519 nonnullis

204 2545 281 2574 tunc
305 2539 466 2583 expressis
491 2539 608 2580 causis,
626 2542 785 2583 perpetuo
810 2538 947 2572 confixe-

204 2599 281 2629 runt
304 2599 335 2628 et
358 2594 634 2638 incorporarunt,
661 2602 697 2626 ac
723 2592 945 2627 omnimodam

825 197 967 224 CLEMENS
994 198 1041 223 ΧΠ
1065 199 1116 222 ΡΡ.

991 248 1178 280 facultatem
1201 252 1232 280 et
1249 250 1442 291 potestatem
1461 255 1509 285 ea,
1527 255 1608 289 quae
1635 244 1733 277 dicta-

992 311 1062 333 rum
1077 300 1265 334 militiarum
1283 300 1466 344 spiritualia
1483 302 1730 334 concernerent,

992 365 1052 398 per
1069 365 1226 398 personas
1243 354 1502 397 supradictarum
1517 352 1662 386 omnium
1677 350 1732 382 mi-

992 407 1134 440 litiarum
1151 409 1328 451 regulares,
1347 417 1407 450 per
1425 407 1556 440 eosdem
1574 405 1732 438 Castellae

993 466 1023 494 et
1048 461 1200 504 Legionis
1226 472 1263 494 ac
1288 460 1469 503 Aragoniae
1494 470 1606 501 reges,
1633 458 1671 491 ad
1701 458 1734 491 il-

992 514 1097 547 lorum
1130 520 1241 547 nutum
1279 514 1488 554 amoribilcs,
1515 512 1730 555 deputandas,

992 567 1097 610 probe
1131 573 1162 600 et
1198 567 1408 601 laudabiliter
1443 576 1593 599 exercere
1627 566 1732 598 facere

993 620 1152 653 deberent
1175 625 1207 653 et
1233 626 1442 661 tenerentur3
1470 620 1587 663 quibus
1613 619 1658 651 sic
1680 618 1733 651 de-

993 673 1113 716 putatis
1139 673 1288 716 personis
1310 673 1417 706 omnia
1436 678 1467 705 et
1492 672 1629 715 singula,
1651 681 1732 715 quae

993 725 1153 758 dictarum
1180 726 1324 759 omnium
1351 725 1538 772 militiarum
1565 725 1731 767 magistri,

993 779 1089 812 etiam
1107 789 1165 822 pro
1184 784 1330 822 tempore
1348 779 1538 818 existentes,
1556 779 1587 811 in
1609 778 1733 811 eisdem

992 831 1218 874 spiritualibus
1244 832 1283 864 de
1309 832 1390 871 iure,
1414 831 1662 871 consuetudine,
1681 837 1734 864 aut

992 884 1071 917 alias
1096 884 1343 927 quomodolibet
1369 885 1486 923 facere,
1505 895 1627 926 gerere,
1646 893 1734 917 exer-

993 948 1079 978 cere,
1107 938 1292 980 disponere,
1318 938 1495 977 mandare,
1521 937 1676 970 ordinare
1702 942 1734 970 et

994 991 1109 1034 exequi
1128 997 1279 1034 poterant
1300 996 1331 1024 et
1352 996 1598 1029 consueverant,
1614 990 1734 1023 sacien-

993 1044 1034 1085 di,
1053 1044 1200 1087 gerendi,
1219 1044 1401 1083 exercendi,
1420 1043 1609 1083 mandandi,
1625 1042 1734 1085 dispo-

992 1098 1114 1138 nendi,
1139 1097 1314 1131 ordinandi
1346 1103 1380 1130 et
1405 1097 1612 1140 exequendi,
1639 1096 1734 1129 etiam

992 1156 1151 1194 perpetuo
1178 1151 1375 1190 tribuerant;
1402 1155 1434 1183 et
1459 1150 1551 1189 alias,
1578 1154 1676 1192 prout
1700 1149 1733 1181 in

993 1204 1181 1237 eorumdem
1207 1203 1341 1236 Adriani
1360 1208 1391 1236 et
1408 1202 1485 1236 Sixti
1503 1203 1734 1245 praedecesso-

993 1269 1062 1290 rum
1087 1257 1246 1300 expeditis
1284 1256 1421 1296 litteriS,
1445 1265 1579 1298 quarum
1607 1260 1734 1287 tenores

992 1309 1220 1352 praesentibus
1245 1318 1306 1351 pro
1325 1307 1487 1350 expressis
1513 1306 1626 1339 haberi
1646 1307 1734 1339 volu-

992 1374 1083 1402 mus,
1108 1362 1240 1394 uberius
1266 1361 1384 1394 dicitur
1419 1361 1594 1394 contineri.
1622 1359 1734 1392 Militia

992 1426 1069 1450 vero
1096 1417 1128 1449 B.
1157 1415 1274 1448 Mariae
1300 1415 1339 1448 de
1364 1414 1509 1448 Montesa
1542 1413 1732 1446 huiusmodi

992 1470 1030 1503 ad
1054 1480 1159 1513 usque
1184 1479 1305 1502 annum
1331 1477 1464 1501 MDCCVH
1491 1468 1543 1510 (in
1571 1478 1635 1510 quo
1661 1477 1734 1499 me-

992 1529 1138 1557 moratus
1163 1522 1335 1566 Philippus
1362 1532 1418 1554 rex
1444 1521 1615 1554 consilium
1641 1521 1732 1563 regni

994 1575 1174 1617 Aragoniae
1192 1575 1225 1606 in
1251 1573 1378 1606 civitate
1395 1572 1560 1605 Valentino
1581 1577 1733 1610 erectum,

993 1637 1051 1670 per
1068 1627 1154 1670 qnod
1180 1626 1297 1659 militia
1318 1625 1508 1659 huiusmodi
1531 1624 1734 1658 administra-

993 1681 1105 1721 batur,
1141 1679 1270 1722 penitus
1308 1678 1444 1712 extinxit
1478 1677 1733 1721 abrogavitque)

993 1734 1096 1774 aliter,
1118 1739 1214 1776 atque
1240 1732 1443 1775 supradictae
1465 1731 1600 1765 militiae
1619 1731 1735 1774 guber-

993 1788 1175 1827 nabantur,
1200 1786 1428 1819 administrata
1464 1785 1534 1818 suit.
1562 1785 1735 1817 Praeterea

994 1851 1094 1884 regna
1108 1840 1288 1883 Aragoniae
1306 1845 1338 1872 et
1356 1839 1518 1873 Valentiae
1536 1838 1650 1871 iisdem
1669 1837 1735 1870 abs·

993 1906 1055 1938 que
1080 1895 1146 1928 ulla
1171 1893 1352 1928 differentia
1377 1893 1514 1935 legibus,
1540 1892 1656 1936 quibus
1684 1901 1735 1924 re·

991 1960 1090 1992 gnum
1115 1948 1272 1982 Castellae
1297 1947 1433 1990 regitur,
1459 1950 1640 1989 coeperunt
1664 1955 1747 1977 mo·-

992 2002 1107 2036 derari.
1129 2002 1215 2034 Idem
1234 2000 1406 2044 Philippus
1424 2010 1479 2033 rex
1500 1997 1659 2032 clietalas¹
1677 2008 1734 2030 seu

992 2054 1228 2100 dependentias
1253 2053 1358 2087 dictae
1393 2053 1528 2086 militiae
1555 2053 1589 2085 B.
1617 2051 1734 2084 Mariae

992 2110 1031 2143 de
1056 2108 1214 2143 Montesia
1237 2107 1345 2150 regio²
1365 2107 1520 2140 Ordinum
1547 2105 1733 2138 huiusmodi

991 2162 1128 2196 consilio
1152 2161 1256 2194 univit
1277 2166 1309 2194 et
1333 2160 1568 2203 incorporavit,
1587 2164 1618 2192 et
1635 2159 1674 2192 ad
1692 2159 1734 2191 di-

991 2222 1078 2250 ctum
1111 2215 1269 2248 Ordinum
1307 2214 1480 2247 consilium
1513 2211 1734 2254 cognitionem

990 2279 1098 2303 rerum
1124 2266 1354 2311 temporalium
1379 2267 1513 2300 militiae
1538 2265 1732 2303 huiusmodi,

991 2323 1075 2356 etad
1096 2322 1183 2356 illius
1205 2331 1403 2354 assessorem
1421 2319 1607 2364 generalem
1625 2329 1734 2351 rerum

990 2376 1218 2420 spiritualium,
1232 2380 1329 2418 prout
1350 2379 1444 2407 antea
1464 2372 1638 2406 consilium
1657 2372 1734 2404 Ara-

990 2430 1122 2473 goniae,
1147 2435 1321 2472 antequam
1354 2436 1565 2469 suppressum
1601 2424 1731 2464 suisset,

989 2483 1179 2527 peragebat,
1202 2486 1349 2524 spectare
1374 2479 1485 2519 voluit,
1516 2483 1547 2511 et
1572 2482 1674 2511 totum
1700 2477 1730 2510 id

1026 2556 1037 2580 1
1059 2554 1111 2581 Seu
1133 2553 1280 2580 clientelas
1298 2553 1337 2586 (tt.
1354 2551 1403 2584 T.).

1024 2599 1040 2626 2
1060 2598 1130 2626 Edit.
1152 2598 1235 2624 Maia.
1258 2596 1324 2631 legit
1344 2595 1421 2630 reglis
1440 2597 1478 2630 (a.
1492 2594 1542 2629 rr).

1625 186 1688 219 557
1739 193 1789 220 An.
1810 192 1837 218 c.
1861 191 1927 220 1739
