2232 3178
43 195 88 222 An.
104 193 132 220 C.
155 191 219 219 ¹738

89 1100 209 1121 Huiusmodi

37 1127 139 1148 decretum
161 1133 210 1147 cun·

37 1155 124 1175 firmatur
139 1161 151 1175 a
166 1154 208 1175 Cle-

18 1180 23 1218 Ι
36 1184 108 1202 mento.

65 1949 158 1971 Firmius
171 1951 204 1972 ha-

35 1981 76 1997 rum
87 1976 207 2000 litterarum.

18 1219 23 1350 l

19 1377 25 1607 l

21 1647 26 1766 g

21 1778 27 1963 l

852 191 994 216 CLEMENS
1017 191 1063 215 XII
1086 192 1134 216 PP.

228 238 416 271 admittendi
443 248 478 270 ae
503 238 611 271 alendi
642 239 802 282 proiectos
825 240 908 272 intra
934 245 965 272 et

227 296 314 324 extra
340 290 434 323 Urbis
467 290 649 323 districtum
687 297 797 330 natos;
825 302 861 324 ac
893 302 964 335 pro-

224 343 322 382 inde;
350 353 384 376 11.
412 342 464 375 ln¹
491 343 680 376 incumbere
706 345 880 387 unicuique
907 355 961 376 re-

225 396 385 439 spectivae
419 396 604 438 provinciae
640 408 675 429 ex
711 397 749 428 iis
783 408 819 429 ex
845 398 963 440 quibus

224 453 316 482 antea
342 449 573 481 deserebantur
605 450 642 482 ad
671 450 788 482 dictum
815 450 964 482 archilio-

223 502 354 545 spitale:
374 513 419 542 ac,
437 508 470 534 ut
491 502 521 534 id
548 509 745 546 exequatur,
765 513 812 536 111.
836 503 868 534 ln
891 506 964 535 unai-

223 565 350 598 quaque
367 555 531 599 provincia
546 556 749 588 statuendum
768 566 838 588 esse
858 557 963 588 locum

223 614 252 641 et
283 609 415 642 modum
435 635 442 648 ,
468 615 502 641 ut
540 609 560 642 ii
592 609 774 652 respective
811 611 961 648 alantur3

222 672 262 696 lv.
288 662 365 695 Data
391 662 450 694 suit
482 662 587 695 eidem
621 663 769 696 Leandro
802 662 962 696 visitatori

223 715 357 748 facultas
376 715 518 758 eligendi
534 716 674 759 aliquem
692 717 881 759 praelatum,
898 716 961 759 qui,

223 779 292 801 cum
321 768 527 801 facultatibus
552 779 610 812 per
635 780 730 812 quam
756 770 964 812 ai‘nplissimis

223 832 238 854 a
271 821 365 854 nobis
403 821 637 865 impetrandis,
673 832 706 854 se
743 823 890 854 conserat
925 822 962 855 ad

223 874 322 907 dietas
348 875 550 917 provincias,
577 886 612 907 ae
646 875 794 908 adhibito
826 875 963 908 consilio

221 928 458 961 ordinariorum
479 929 743 971 gubernatorum,
759 940 886 962 necnon
909 930 963 962 de-

222 986 408 1024 putatorum
439 982 727 1022 communitatum,
757 983 841 1025 quod
875 992 962 1014 reso-

222 1035 324 1067 lutum
352 1035 427 1074 suit,
454 1035 579 1078 integre
606 1041 806 1078 exequatur:

265 1087 279 1131 ς
304 1086 335 1120 3.
364 1087 396 1120 ln
419 1099 557 1131 quorum
576 1088 739 1131 sequelam
758 1088 842 1122 idem
863 1089 962 1121 Lean-

222 1141 279 1173 der
299 1140 452 1181 visitator,
472 1141 509 1173 ad
529 1147 671 1173 mentem
694 1141 960 1184 Congregatiouis

221 1193 404 1236 praefatae,
431 1194 610 1237 praeelegit
636 1194 668 1226 in
705 1196 885 1237 praelatum
921 1195 959 1227 ad

220 1249 445 1291 exequendum
472 1249 636 1291 praedicta
669 1248 824 1282 dilectum
859 1248 959 1281 tilium

220 1301 408 1344 magistrum
447 1303 619 1335 lllartinum
664 1303 808 1336 Innicum
848 1303 961 1335 Carae-

219 1354 293 1387 cioli
319 1355 351 1387 in
380 1358 515 1399 utraque
546 1356 712 1399 signatura
743 1358 851 1390 nostra
876 1357 959 1389 rese-

219 1408 421 1441 rendarium:
443 1409 580 1442 subinde
614 1420 690 1442 vero
718 1410 770 1442 die
796 1420 849 1443 xiii
876 1410 960 1442 eius-

221 1460 292 1493 dem
310 1462 432 1494 mensis
450 1462 595 1501 ianuarii,
611 1462 691 1495 sacta
705 1463 798 1496 nohis
814 1463 958 1496 omnium

220 1514 389 1554 relatione,
416 1515 636 1558 praeinsertas
663 1516 884 1549 resolutiones
905 1528 960 1560 ap—

220 1567 433 1610 probavimus,
450 1579 494 1609 ae,
510 1579 567 1611 pro
586 1568 719 1602 firmiori
741 1570 870 1602 illarum
886 1570 960 1603 sul)-

220 1620 374 1660 sistentia,
403 1622 441 1654 de
468 1622 629 1664 praesenti
656 1628 743 1655 motu
770 1623 906 1666 proprio
930 1630 961 1656 et

220 1683 256 1706 ex
281 1676 367 1706 certa
391 1674 526 1707 seientia
547 1686 583 1708 ac
602 1678 727 1708 matura
753 1677 960 1710 deliberatio-

219 1737 259 1760 ne
278 1728 407 1769 nostris‚
430 1728 534 1771 deque
560 1730 762 1772 apostolicae
789 1731 958 1773 potestatis

219 1781 431 1824 plenitudine,
456 1787 569 1815 tenore
591 1784 822 1826 praesentium,
841 1784 958 1817 iterum

219 1835 437 1879 approbamus
475 1842 507 1869 et
542 1837 790 1877 confirmamus,
829 1838 958 1881 illisque

219 1889 416 1932 apostolicae
443 1889 603 1923 firmitatis
629 1891 729 1925 robur
753 1892 933 1925 adijcimus.

260 1943 275 1986 §
299 1942 330 1975 4.
358 1943 587 1983 Decernentes,
614 1946 747 1978 easdem
766 1952 959 1989 praesentes

217 1994 339 2029 litteras
364 1996 482 2036 sirmas,
509 1997 630 2030 validas
663 2004 694 2031 et
719 1999 866 2032 efficaces
894 2000 958 2032 exi-

218 2052 300 2083 stere
337 2054 368 2082 et
411 2050 502 2090 sore,
540 2061 683 2094 suosque
723 2053 890 2095 plenarios
929 2058 959 2086 et

218 2103 361 2147 integros
389 2103 520 2137 effeetus
547 2105 657 2137 sortiri
685 2110 716 2138 ct
733 2106 903 2147 obtinere,
923 2117 958 2140 ae

217 2155 303 2197 illis,
330 2157 368 2189 ad
405 2168 486 2200 quos
522 2163 647 2201 spectat
671 2164 702 2192 et
726 2170 786 2202 pro
813 2165 957 2203 tempore

217 2211 387 2252 spectabit,
414 2211 602 2253 plenissime
628 2212 814 2255 suffragari,
846 2213 957 2256 sieque

218 2262 249 2295 in
282 2264 467 2306 praemissis
499 2275 559 2308 per
585 2276 808 2310 quoscumque
835 2266 957 2300 iudices

217 2317 399 2351 ordinarios
444 2323 474 2351 et
522 2320 693 2362 delegatos
711 2347 718 2359 ,
760 2321 856 2353 ctiam
883 2332 957 2354 cau-

218 2380 323 2403 sarum
350 2372 460 2414 palatii
486 2373 659 2416 apostolici
698 2374 880 2414 auditores,
908 2374 956 2406 iu-

219 2421 317 2455 dicari
343 2428 375 2456 et
398 2424 526 2457 definiri
552 2425 683 2465 debere,
706 2436 741 2458 ac
770 2426 898 2459 irritum
925 2431 957 2460 ct

216 2474 312 2509 inane
337 2477 363 2510 si
388 2488 480 2511 secus
512 2489 614 2523 super
650 2479 701 2512 liis
727 2490 744 2513 a
769 2490 952 2523 quoquam,

218 2529 325 2573 quavis
350 2532 565 2574 auctoritate,
602 2533 745 2566 scienter
776 2534 826 2567 vel
863 2534 955 2577 igno-

255 2593 264 2618 ¹
288 2592 399 2622 Videtur
418 2595 563 2631 legendum
582 2595 618 2623 Ict
638 2603 685 2631 pro
705 2595 738 2623 Iu
760 2598 797 2631 (n.
815 2599 862 2627 T.).

1650 183 1715 217 317

1007 245 1128 279 ranter,
1149 240 1325 282 contigerit
1345 241 1511 274 attentari.
1538 242 1605 274 tlon
1625 243 1750 274 obstan-

1008 292 1092 324 tibus
1119 293 1404 326 constitutionibus
1431 300 1462 327 et
1487 295 1749 328 ordinationibus

1008 346 1218 388 apostolicis;
1253 347 1435 391 ceterisque
1473 349 1644 381 contrariis
1679 348 1749 391 qui-

1007 399 1223 442 buscumque.

1052 451 1164 484 Datum
1190 453 1329 493 Romae,
1354 454 1437 497 apud
1470 454 1501 487 S.
1529 455 1660 487 Mariam
1685 455 1749 488 Ma-

1007 503 1131 543 iorem,
1162 506 1220 537 sul)
1253 508 1375 539 annulo
1405 507 1600 547 Piscatoris,
1630 508 1680 540 die
1707 518 1750 541 vn

1009 556 1161 589 februarii
1187 568 1403 600 noccxxxvin,
1419 561 1631 604 pontificatus
1648 561 1750 594 nostri

1007 619 1092 642 anno
1111 620 1179 644 vni.

1044 671 1102 698 Dat.
1124 672 1166 699 die
1188 673 1201 699 7
1224 672 1357 700 februarii
1383 674 1458 709 1738,
1480 676 1574 710 pontis.
1597 684 1668 703 anuo
1693 683 1747 703 v111.

1295 816 1450 850 CCXVIII.

1009 902 1134 942 Quarta
1156 914 1235 946 pars
1259 905 1468 945 reddituum,
1495 917 1514 938 a
1542 907 1750 950 patriarcha-

1052 955 1087 995 li,
1108 957 1441 1000 areli{episcopalibus
1466 964 1492 991 et
1513 960 1749 1003 episcopalibus

1050 1009 1191 1041 ecclesiis
1217 1010 1252 1042 in
1278 1011 1508 1053 Portuyalli'ae
1533 1017 1561 1045 et
1577 1014 1750 1056 Alqarbio-

1050 1073 1123 1094 rum
1142 1064 1252 1105 refluis
1270 1064 1480 1097 eoeistentibus
1498 1066 1583 1098 alitis
1599 1066 1749 1099 dt'smem-

1050 1113 1144 1145 brata
1160 1115 1269 1156 surore
1286 1114 1501 1158 dsgynitatunz,
1520 1118 1749 1150 canonicorum

1048 1171 1077 1198 et
1102 1167 1364 1208 beneficiatorum
1393 1170 1630 1212 patriarchalis
1655 1171 1749 1203 eccle-

1048 1220 1115 1251 siae
1135 1220 1395 1263 olyssiponensis
1412 1223 1620 1255 occidentalis
1636 1234 1655 1255 a
1678 1224 1750 1266 scli-

1048 1273 1093 1305 cis
1117 1273 1352 1306 recordationis
1378 1275 1538 1308 Clemente
1563 1277 1615 1309 XI
1642 1281 1670 1309 et
1695 1277 1750 1310 In-

1047 1327 1194 1358 nocentio
1226 1326 1320 1359 XIII
1344 1330 1480 1361 summis
1514 1330 1747 1371 Pontificibus,

1048 1379 1232 1422 ampliatur
1256 1380 1298 1412 ad
1325 1382 1454 1413 tertiam
1480 1382 1642 1415 dictorum
1677 1383 1749 1415 red-

1048 1433 1179 1465 dituum
1201 1437 1347 1476 partem,
1375 1435 1504 1478 aliique
1539 1436 1748 1469 ecelesiastici

1046 1485 1195 1518 redditus
1211 1497 1271 1529 pro
1289 1487 1476 1519 earzmzclem
1497 1488 1700 1531 cliynitatmn
1717 1494 1745 1521 et

1047 1538 1276 1571 canonicorum
1297 1538 1473 1572 decentiori
1497 1540 1748 1574 substentatione

1046 1595 1075 1624 et
1099 1592 1336 1635 patriarchalis
1360 1593 1509 1626 ecclesiae
1534 1596 1747 1628 manutentio-

1047 1655 1086 1677 ηε),
1107 1650 1262 1688 perpetuo
1288 1647 1511 1690 applicantur.

1212 1726 1349 1754 Clemens
1371 1727 1547 1761 episcopus,

1185 1778 1292 1798 servus
1314 1779 1472 1799 servorum
1492 1773 1561 1805 Dei,

1145 1818 1181 1843 ad
1202 1816 1335 1844 futuram
1354 1817 1400 1844 rei
1421 1818 1603 1844 memoriam.

1060 1888 1226 1931 Religiosa
1266 1888 1520 1922 christianorum
1560 1889 1744 1932 principum

1003 1952 1082 1985 erga
1106 1941 1206 1974 divini
1227 1941 1348 1974 servitii
1369 1943 1519 1975 decorem
1545 1947 1617 1975 vota
1642 1948 1745 1986 pater-

1004 2006 1044 2028 no
1070 1995 1298 2038 prosequimur
1314 1994 1441 2035 atl'ectu,
1462 2006 1565 2039 eaque
1592 1995 1630 2028 ad
1657 1995 1746 2029 debi-

1004 2055 1092 2089 tum,
1119 2054 1215 2092 prout
1252 2050 1426 2092 pastoralis
1463 2049 1566 2082 nostri
1598 2050 1745 2083 muneris

1003 2103 1191 2136 sollicitudo
1209 2107 1242 2136 et
1258 2103 1431 2136 laudabilis
1450 2103 1638 2136 eorumdem
1657 2103 1746 2147 prin-

1002 2157 1109 2200 cipum
1136 2156 1233 2199 exigit
1262 2157 1408 2197 devotio,
1443 2156 1653 2200 perducimus
1681 2158 1742 2189 im-

1002 2211 1215 2253 plementum.
1239 2209 1453 2253 Quapropter,
1478 2210 1552 2242 dum
1577 2220 1635 2242 nos
1660 2220 1740 2252 pro—

1002 2264 1106 2297 vidam
1148 2269 1277 2297 nostrae
1323 2263 1595 2296 considerationis
1641 2263 1743 2295 aciem

1002 2317 1169 2360 dirigimus
1201 2317 1240 2349 ad
1274 2316 1419 2349 inclitam
1454 2322 1484 2349 et
1515 2326 1588 2348 vere
1620 2315 1742 2357 regiain

1001 2371 1189 2404 charitatem
1217 2369 1373 2403 carissimi
1396 2370 1427 2401 in
1454 2369 1580 2402 Christo
1606 2367 1660 2400 filii
1686 2378 1743 2400 no-

1000 2424 1057 2457 stri
1082 2424 1212 2457 loannis
1239 2424 1303 2456 hoe
1328 2422 1459 2455 nominc
1478 2423 1498 2453 V
1526 2421 1741 2464 Portugalliae

999 2483 1030 2511 et
1055 2478 1288 2521 Algarbiorum
1314 2476 1400 2519 regis
1433 2475 1568 2508 illustris
1586 2502 1593 2515 ,
1621 2475 1674 2517 qui
1709 2475 1742 2508 in

999 2532 1109 2575 regnis
1149 2531 1215 2564 suis
1256 2541 1320 2563 non
1361 2531 1465 2563 solum
1494 2529 1739 2572 temporalium,

998 2596 1108 2619 verum
1134 2585 1230 2619 etiam
1257 2589 1287 2617 et
1313 2583 1484 2627 praecipue
1522 2582 1740 2627 spiritualium

1761 193 1799 220 An
1827 194 1854 219 C.
1878 194 1945 222 1738

1811 255 1944 276 Obzmniium

1762 281 1880 307 delegatio.

1783 1898 1924 1919 Prooemium.
