<?xml version="1.0" encoding="UTF-8"?>
<!DOCTYPE html PUBLIC "-//W3C//DTD XHTML 1.0 Transitional//EN"
    "http://www.w3.org/TR/xhtml1/DTD/xhtml1-transitional.dtd">
<html xmlns="http://www.w3.org/1999/xhtml" xml:lang="en" lang="en">
 <head>
  <title>
</title>
<meta http-equiv="Content-Type" content="text/html;charset=utf-8" />
  <meta name='ocr-system' content='tesseract 3.04.00' />
  <meta name='ocr-capabilities' content='ocr_page ocr_carea ocr_par ocr_line ocrx_word'/>
</head>
<body>
  <div class='ocr_page' id='page_1' title='image "./bullarumdiplomat24cath_0136.png"; bbox 0 0 2232 3178; ppageno 0'>
   <div class='ocr_carea' id='block_1_1' title="bbox 245 242 544 279">
    <p class='ocr_par' dir='ltr' id='par_1_1' title="bbox 245 242 544 279">
     <span class='ocr_line' id='line_1_1' title="bbox 245 242 544 279; baseline -0.01 -2"><span class='ocrx_word' id='word_1_1' title='bbox 245 251 433 279; x_wconf 68' lang='lat' dir='ltr'>An.C.1735</span> <span class='ocrx_word' id='word_1_2' title='bbox 481 242 544 275; x_wconf 67' lang='lat'>102</span> 
     </span>
    </p>
   </div>
   <div class='ocr_carea' id='block_1_2' title="bbox 437 298 1187 2689">
    <p class='ocr_par' dir='ltr' id='par_1_2' title="bbox 437 298 1187 2636">
     <span class='ocr_line' id='line_1_2' title="bbox 438 298 1178 340; baseline -0.003 -8"><span class='ocrx_word' id='word_1_3' title='bbox 438 304 468 333; x_wconf 88' lang='lat' dir='ltr'>et</span> <span class='ocrx_word' id='word_1_4' title='bbox 493 300 592 332; x_wconf 88' lang='lat' dir='ltr'>auditi</span> <span class='ocrx_word' id='word_1_5' title='bbox 618 309 683 332; x_wconf 91' lang='lat' dir='ltr'>non</span> <span class='ocrx_word' id='word_1_6' title='bbox 711 299 849 337; x_wconf 81' lang='lat' dir='ltr'>suerint,</span> <span class='ocrx_word' id='word_1_7' title='bbox 875 299 923 331; x_wconf 93' lang='lat' dir='ltr'>vel</span> <span class='ocrx_word' id='word_1_8' title='bbox 957 308 993 331; x_wconf 76' lang='lat' dir='ltr'>ex</span> <span class='ocrx_word' id='word_1_9' title='bbox 1028 308 1066 331; x_wconf 89' lang='lat' dir='ltr'>eo</span> <span class='ocrx_word' id='word_1_10' title='bbox 1093 298 1178 340; x_wconf 89' lang='lat' dir='ltr'>quod</span> 
     </span>
     <span class='ocr_line' id='line_1_3' title="bbox 439 351 1177 395; baseline -0.001 -11"><span class='ocrx_word' id='word_1_11' title='bbox 439 353 494 385; x_wconf 75' lang='lat' dir='ltr'>illa</span> <span class='ocrx_word' id='word_1_12' title='bbox 520 353 559 386; x_wconf 87' lang='lat' dir='ltr'>de</span> <span class='ocrx_word' id='word_1_13' title='bbox 586 353 667 385; x_wconf 83' lang='lat' dir='ltr'>sacto</span> <span class='ocrx_word' id='word_1_14' title='bbox 695 351 892 395; x_wconf 73' lang='lat' dir='ltr'>processisse</span> <span class='ocrx_word' id='word_1_15' title='bbox 928 351 989 384; x_wconf 91' lang='lat' dir='ltr'>dici</span> <span class='ocrx_word' id='word_1_16' title='bbox 1022 355 1177 394; x_wconf 78' lang='lat' dir='ltr'>possent,</span> 
     </span>
     <span class='ocr_line' id='line_1_4' title="bbox 438 404 1180 448; baseline -0.001 -11"><span class='ocrx_word' id='word_1_17' title='bbox 438 405 505 437; x_wconf 84' lang='lat' dir='ltr'>sive</span> <span class='ocrx_word' id='word_1_18' title='bbox 530 405 623 438; x_wconf 82' lang='lat' dir='ltr'>etiam</span> <span class='ocrx_word' id='word_1_19' title='bbox 646 404 876 448; x_wconf 67' lang='lat' dir='ltr'>processerint,</span> <span class='ocrx_word' id='word_1_20' title='bbox 895 409 947 436; x_wconf 93' lang='lat' dir='ltr'>aut</span> <span class='ocrx_word' id='word_1_21' title='bbox 964 414 1000 437; x_wconf 81' lang='lat' dir='ltr'>ex</span> <span class='ocrx_word' id='word_1_22' title='bbox 1021 404 1082 437; x_wconf 73' lang='lat' dir='ltr'>aliti</span> <span class='ocrx_word' id='word_1_23' title='bbox 1102 415 1180 447; x_wconf 85' lang='lat' dir='ltr'>qua-</span> 
     </span>
     <span class='ocr_line' id='line_1_5' title="bbox 438 457 1181 499; baseline -0.001 -9"><span class='ocrx_word' id='word_1_24' title='bbox 438 458 484 490; x_wconf 86' lang='lat' dir='ltr'>vis</span> <span class='ocrx_word' id='word_1_25' title='bbox 511 459 645 490; x_wconf 79' lang='lat' dir='ltr'>juridica</span> <span class='ocrx_word' id='word_1_26' title='bbox 672 464 703 490; x_wconf 84' lang='lat' dir='ltr'>et</span> <span class='ocrx_word' id='word_1_27' title='bbox 728 457 872 499; x_wconf 70' lang='lat' dir='ltr'>legitima</span> <span class='ocrx_word' id='word_1_28' title='bbox 909 458 1005 491; x_wconf 89' lang='lat' dir='ltr'>etiam</span> <span class='ocrx_word' id='word_1_29' title='bbox 1032 467 1181 490; x_wconf 84' lang='lat' dir='ltr'>necessa-</span> 
     </span>
     <span class='ocr_line' id='line_1_6' title="bbox 439 512 1178 554; baseline 0 -11"><span class='ocrx_word' id='word_1_30' title='bbox 439 512 487 544; x_wconf 90' lang='lat' dir='ltr'>rio</span> <span class='ocrx_word' id='word_1_31' title='bbox 524 512 737 554; x_wconf 72' lang='lat' dir='ltr'>exprimenda</span> <span class='ocrx_word' id='word_1_32' title='bbox 763 513 874 552; x_wconf 75' lang='lat' dir='ltr'>causa,</span> <span class='ocrx_word' id='word_1_33' title='bbox 900 512 948 544; x_wconf 86' lang='lat' dir='ltr'>vel</span> <span class='ocrx_word' id='word_1_34' title='bbox 972 521 1178 554; x_wconf 89' lang='lat' dir='ltr'>quocumque</span> 
     </span>
     <span class='ocr_line' id='line_1_7' title="bbox 437 563 1180 607; baseline 0 -12"><span class='ocrx_word' id='word_1_35' title='bbox 437 568 615 607; x_wconf 84' lang='lat' dir='ltr'>praetextu,</span> <span class='ocrx_word' id='word_1_36' title='bbox 633 564 672 596; x_wconf 89' lang='lat' dir='ltr'>de</span> <span class='ocrx_word' id='word_1_37' title='bbox 694 563 916 606; x_wconf 69' lang='lat' dir='ltr'>subreptionis</span> <span class='ocrx_word' id='word_1_38' title='bbox 940 564 987 596; x_wconf 92' lang='lat' dir='ltr'>vel</span> <span class='ocrx_word' id='word_1_39' title='bbox 1015 563 1180 606; x_wconf 88' lang='lat' dir='ltr'>obreptio-</span> 
     </span>
     <span class='ocr_line' id='line_1_8' title="bbox 438 616 1177 656; baseline 0 -8"><span class='ocrx_word' id='word_1_40' title='bbox 438 617 486 649; x_wconf 89' lang='lat' dir='ltr'>nis</span> <span class='ocrx_word' id='word_1_41' title='bbox 511 622 565 649; x_wconf 90' lang='lat' dir='ltr'>aut</span> <span class='ocrx_word' id='word_1_42' title='bbox 590 617 748 649; x_wconf 86' lang='lat' dir='ltr'>nullitatis</span> <span class='ocrx_word' id='word_1_43' title='bbox 774 617 876 656; x_wconf 88' lang='lat' dir='ltr'>vitio,</span> <span class='ocrx_word' id='word_1_44' title='bbox 902 628 959 650; x_wconf 89' lang='lat' dir='ltr'>seu</span> <span class='ocrx_word' id='word_1_45' title='bbox 986 616 1177 649; x_wconf 86' lang='lat' dir='ltr'>intentionis</span> 
     </span>
     <span class='ocr_line' id='line_1_9' title="bbox 438 668 1177 712; baseline -0.001 -11"><span class='ocrx_word' id='word_1_46' title='bbox 438 674 570 701; x_wconf 88' lang='lat' dir='ltr'>nostrae</span> <span class='ocrx_word' id='word_1_47' title='bbox 594 670 643 702; x_wconf 91' lang='lat' dir='ltr'>vel</span> <span class='ocrx_word' id='word_1_48' title='bbox 670 670 734 702; x_wconf 89' lang='lat' dir='ltr'>alio</span> <span class='ocrx_word' id='word_1_49' title='bbox 760 669 876 712; x_wconf 88' lang='lat' dir='ltr'>quovis</span> <span class='ocrx_word' id='word_1_50' title='bbox 901 669 1027 703; x_wconf 78' lang='lat' dir='ltr'>defectu</span> <span class='ocrx_word' id='word_1_51' title='bbox 1057 668 1177 709; x_wconf 83' lang='lat' dir='ltr'>notari,</span> 
     </span>
     <span class='ocr_line' id='line_1_10' title="bbox 437 722 1177 765; baseline 0.003 -12"><span class='ocrx_word' id='word_1_52' title='bbox 437 722 642 765; x_wconf 83' lang='lat' dir='ltr'>impugnari,</span> <span class='ocrx_word' id='word_1_53' title='bbox 669 723 838 757; x_wconf 86' lang='lat' dir='ltr'>invalidari</span> <span class='ocrx_word' id='word_1_54' title='bbox 856 751 863 763; x_wconf 93' lang='lat'>,</span> <span class='ocrx_word' id='word_1_55' title='bbox 890 723 1056 756; x_wconf 87' lang='lat' dir='ltr'>retractari</span> <span class='ocrx_word' id='word_1_56' title='bbox 1085 728 1116 756; x_wconf 89' lang='lat' dir='ltr'>et</span> <span class='ocrx_word' id='word_1_57' title='bbox 1139 723 1177 755; x_wconf 91' lang='lat' dir='ltr'>ad</span> 
     </span>
     <span class='ocr_line' id='line_1_11' title="bbox 437 776 1177 816; baseline 0.001 -9"><span class='ocrx_word' id='word_1_58' title='bbox 437 776 595 809; x_wconf 88' lang='lat' dir='ltr'>terminos</span> <span class='ocrx_word' id='word_1_59' title='bbox 632 776 710 809; x_wconf 87' lang='lat' dir='ltr'>iuris</span> <span class='ocrx_word' id='word_1_60' title='bbox 748 776 879 816; x_wconf 80' lang='lat' dir='ltr'>reduci,</span> <span class='ocrx_word' id='word_1_61' title='bbox 907 782 962 809; x_wconf 89' lang='lat' dir='ltr'>aut</span> <span class='ocrx_word' id='word_1_62' title='bbox 993 777 1024 808; x_wconf 92' lang='lat' dir='ltr'>in</span> <span class='ocrx_word' id='word_1_63' title='bbox 1050 776 1098 808; x_wconf 87' lang='lat' dir='ltr'>ius</span> <span class='ocrx_word' id='word_1_64' title='bbox 1130 777 1177 809; x_wconf 91' lang='lat' dir='ltr'>vel</span> 
     </span>
     <span class='ocr_line' id='line_1_12' title="bbox 437 830 1177 870; baseline 0.003 -10"><span class='ocrx_word' id='word_1_65' title='bbox 437 830 694 863; x_wconf 88' lang='lat' dir='ltr'>controversiam</span> <span class='ocrx_word' id='word_1_66' title='bbox 732 831 897 870; x_wconf 86' lang='lat' dir='ltr'>revocari,</span> <span class='ocrx_word' id='word_1_67' title='bbox 931 836 986 863; x_wconf 84' lang='lat' dir='ltr'>aut</span> <span class='ocrx_word' id='word_1_68' title='bbox 1023 830 1177 863; x_wconf 88' lang='lat' dir='ltr'>adversus</span> 
     </span>
     <span class='ocr_line' id='line_1_13' title="bbox 437 882 1177 927; baseline 0.001 -13"><span class='ocrx_word' id='word_1_69' title='bbox 437 882 493 914; x_wconf 86' lang='lat' dir='ltr'>illa</span> <span class='ocrx_word' id='word_1_70' title='bbox 518 883 746 927; x_wconf 85' lang='lat' dir='ltr'>quodcumque</span> <span class='ocrx_word' id='word_1_71' title='bbox 773 883 860 923; x_wconf 89' lang='lat' dir='ltr'>iuris,</span> <span class='ocrx_word' id='word_1_72' title='bbox 888 883 960 916; x_wconf 82' lang='lat' dir='ltr'>sacti</span> <span class='ocrx_word' id='word_1_73' title='bbox 987 884 1037 917; x_wconf 90' lang='lat' dir='ltr'>vel</span> <span class='ocrx_word' id='word_1_74' title='bbox 1055 883 1177 926; x_wconf 83' lang='lat' dir='ltr'>gratiae</span> 
     </span>
     <span class='ocr_line' id='line_1_14' title="bbox 437 935 1176 979; baseline 0.001 -13"><span class='ocrx_word' id='word_1_75' title='bbox 437 940 491 966; x_wconf 87' lang='lat' dir='ltr'>aut</span> <span class='ocrx_word' id='word_1_76' title='bbox 505 935 697 978; x_wconf 85' lang='lat' dir='ltr'>aperitionis</span> <span class='ocrx_word' id='word_1_77' title='bbox 717 937 783 969; x_wconf 90' lang='lat' dir='ltr'>oris</span> <span class='ocrx_word' id='word_1_78' title='bbox 802 937 983 969; x_wconf 85' lang='lat' dir='ltr'>remedium</span> <span class='ocrx_word' id='word_1_79' title='bbox 998 935 1176 979; x_wconf 87' lang='lat' dir='ltr'>impetrari,</span> 
     </span>
     <span class='ocr_line' id='line_1_15' title="bbox 438 989 1179 1033; baseline 0.003 -14"><span class='ocrx_word' id='word_1_80' title='bbox 438 993 491 1020; x_wconf 88' lang='lat' dir='ltr'>aut</span> <span class='ocrx_word' id='word_1_81' title='bbox 522 989 618 1021; x_wconf 88' lang='lat' dir='ltr'>etiam</span> <span class='ocrx_word' id='word_1_82' title='bbox 647 995 735 1022; x_wconf 85' lang='lat' dir='ltr'>motu</span> <span class='ocrx_word' id='word_1_83' title='bbox 770 995 801 1022; x_wconf 92' lang='lat' dir='ltr'>et</span> <span class='ocrx_word' id='word_1_84' title='bbox 833 990 1004 1032; x_wconf 87' lang='lat' dir='ltr'>potestatis</span> <span class='ocrx_word' id='word_1_85' title='bbox 1035 989 1179 1033; x_wconf 88' lang='lat' dir='ltr'>plenitu-</span> 
     </span>
     <span class='ocr_line' id='line_1_16' title="bbox 438 1041 1177 1086; baseline 0.001 -13"><span class='ocrx_word' id='word_1_86' title='bbox 438 1041 512 1074; x_wconf 86' lang='lat' dir='ltr'>dine</span> <span class='ocrx_word' id='word_1_87' title='bbox 532 1042 691 1076; x_wconf 84' lang='lat' dir='ltr'>similibus</span> <span class='ocrx_word' id='word_1_88' title='bbox 716 1043 860 1083; x_wconf 83' lang='lat' dir='ltr'>concedi,</span> <span class='ocrx_word' id='word_1_89' title='bbox 888 1043 936 1076; x_wconf 87' lang='lat' dir='ltr'>vel</span> <span class='ocrx_word' id='word_1_90' title='bbox 963 1043 1021 1075; x_wconf 92' lang='lat' dir='ltr'>sub</span> <span class='ocrx_word' id='word_1_91' title='bbox 1040 1043 1177 1086; x_wconf 87' lang='lat' dir='ltr'>quibus-</span> 
     </span>
     <span class='ocr_line' id='line_1_17' title="bbox 437 1094 1178 1140; baseline 0.003 -14"><span class='ocrx_word' id='word_1_92' title='bbox 437 1094 482 1127; x_wconf 88' lang='lat' dir='ltr'>vis</span> <span class='ocrx_word' id='word_1_93' title='bbox 503 1095 788 1129; x_wconf 72' lang='lat' dir='ltr'>constitutionibus</span> <span class='ocrx_word' id='word_1_94' title='bbox 813 1096 1011 1140; x_wconf 87' lang='lat' dir='ltr'>apostolicis,</span> <span class='ocrx_word' id='word_1_95' title='bbox 1034 1096 1080 1128; x_wconf 93' lang='lat' dir='ltr'>vel</span> <span class='ocrx_word' id='word_1_96' title='bbox 1103 1095 1178 1128; x_wconf 89' lang='lat' dir='ltr'>Can—</span> 
     </span>
     <span class='ocr_line' id='line_1_18' title="bbox 439 1148 1179 1193; baseline 0 -13"><span class='ocrx_word' id='word_1_97' title='bbox 439 1148 591 1181; x_wconf 85' lang='lat' dir='ltr'>eellariae</span> <span class='ocrx_word' id='word_1_98' title='bbox 617 1150 825 1193; x_wconf 81' lang='lat' dir='ltr'>Apostolicae</span> <span class='ocrx_word' id='word_1_99' title='bbox 857 1150 979 1192; x_wconf 80' lang='lat' dir='ltr'>regulis</span> <span class='ocrx_word' id='word_1_100' title='bbox 1018 1149 1112 1182; x_wconf 85' lang='lat' dir='ltr'>editis</span> <span class='ocrx_word' id='word_1_101' title='bbox 1147 1154 1179 1181; x_wconf 91' lang='lat' dir='ltr'>et</span> 
     </span>
     <span class='ocr_line' id='line_1_19' title="bbox 440 1202 1179 1246; baseline 0.001 -13"><span class='ocrx_word' id='word_1_102' title='bbox 440 1202 594 1240; x_wconf 81' lang='lat' dir='ltr'>edendis,</span> <span class='ocrx_word' id='word_1_103' title='bbox 622 1214 657 1235; x_wconf 83' lang='lat' dir='ltr'>ac</span> <span class='ocrx_word' id='word_1_104' title='bbox 683 1203 798 1236; x_wconf 89' lang='lat' dir='ltr'>litteris</span> <span class='ocrx_word' id='word_1_105' title='bbox 831 1203 1020 1246; x_wconf 84' lang='lat' dir='ltr'>apostolicis</span> <span class='ocrx_word' id='word_1_106' title='bbox 1046 1202 1077 1234; x_wconf 93' lang='lat' dir='ltr'>in</span> <span class='ocrx_word' id='word_1_107' title='bbox 1103 1212 1179 1234; x_wconf 91' lang='lat' dir='ltr'>con-</span> 
     </span>
     <span class='ocr_line' id='line_1_20' title="bbox 440 1256 1180 1300; baseline 0.001 -12"><span class='ocrx_word' id='word_1_108' title='bbox 440 1257 573 1289; x_wconf 85' lang='lat' dir='ltr'>trarium</span> <span class='ocrx_word' id='word_1_109' title='bbox 599 1257 694 1290; x_wconf 85' lang='lat' dir='ltr'>etiam</span> <span class='ocrx_word' id='word_1_110' title='bbox 726 1263 814 1290; x_wconf 90' lang='lat' dir='ltr'>motu</span> <span class='ocrx_word' id='word_1_111' title='bbox 849 1257 918 1300; x_wconf 86' lang='lat' dir='ltr'>pari</span> <span class='ocrx_word' id='word_1_112' title='bbox 955 1262 986 1290; x_wconf 89' lang='lat' dir='ltr'>et</span> <span class='ocrx_word' id='word_1_113' title='bbox 1022 1256 1180 1290; x_wconf 87' lang='lat' dir='ltr'>concisto-</span> 
     </span>
     <span class='ocr_line' id='line_1_21' title="bbox 438 1310 1180 1354; baseline 0 -12"><span class='ocrx_word' id='word_1_114' title='bbox 438 1310 565 1343; x_wconf 87' lang='lat' dir='ltr'>rialiter</span> <span class='ocrx_word' id='word_1_115' title='bbox 580 1311 748 1352; x_wconf 82' lang='lat' dir='ltr'>emanatis,</span> <span class='ocrx_word' id='word_1_116' title='bbox 768 1316 823 1344; x_wconf 89' lang='lat' dir='ltr'>aut</span> <span class='ocrx_word' id='word_1_117' title='bbox 846 1311 1025 1354; x_wconf 73' lang='lat' dir='ltr'>quibusvis¹</span> <span class='ocrx_word' id='word_1_118' title='bbox 1048 1311 1119 1344; x_wconf 87' lang='lat' dir='ltr'>aliis</span> <span class='ocrx_word' id='word_1_119' title='bbox 1139 1310 1180 1343; x_wconf 88' lang='lat' dir='ltr'>si-</span> 
     </span>
     <span class='ocr_line' id='line_1_22' title="bbox 439 1363 1180 1408; baseline 0.003 -13"><span class='ocrx_word' id='word_1_120' title='bbox 439 1363 564 1396; x_wconf 81' lang='lat' dir='ltr'>milium</span> <span class='ocrx_word' id='word_1_121' title='bbox 589 1366 639 1398; x_wconf 90' lang='lat' dir='ltr'>vel</span> <span class='ocrx_word' id='word_1_122' title='bbox 667 1365 867 1398; x_wconf 85' lang='lat' dir='ltr'>dissimilium</span> <span class='ocrx_word' id='word_1_123' title='bbox 893 1365 1068 1408; x_wconf 82' lang='lat' dir='ltr'>gratiarum</span> <span class='ocrx_word' id='word_1_124' title='bbox 1090 1375 1180 1397; x_wconf 90' lang='lat' dir='ltr'>revo-</span> 
     </span>
     <span class='ocr_line' id='line_1_23' title="bbox 440 1416 1182 1461; baseline 0.001 -13"><span class='ocrx_word' id='word_1_125' title='bbox 440 1416 641 1459; x_wconf 78' lang='lat' dir='ltr'>cationibus,</span> <span class='ocrx_word' id='word_1_126' title='bbox 668 1418 958 1461; x_wconf 82' lang='lat' dir='ltr'>suspensionibus,</span> <span class='ocrx_word' id='word_1_127' title='bbox 984 1417 1182 1450; x_wconf 84' lang='lat' dir='ltr'>limitationi-</span> 
     </span>
     <span class='ocr_line' id='line_1_24' title="bbox 439 1469 1181 1513; baseline -0.001 -11"><span class='ocrx_word' id='word_1_128' title='bbox 439 1469 516 1509; x_wconf 83' lang='lat' dir='ltr'>hus,</span> <span class='ocrx_word' id='word_1_129' title='bbox 543 1476 597 1502; x_wconf 89' lang='lat' dir='ltr'>aut</span> <span class='ocrx_word' id='word_1_130' title='bbox 619 1471 691 1504; x_wconf 89' lang='lat' dir='ltr'>aliis</span> <span class='ocrx_word' id='word_1_131' title='bbox 717 1470 888 1504; x_wconf 70' lang='lat' dir='ltr'>contrariis</span> <span class='ocrx_word' id='word_1_132' title='bbox 914 1470 1181 1513; x_wconf 72' lang='lat' dir='ltr'>dispositionibus</span> 
     </span>
     <span class='ocr_line' id='line_1_25' title="bbox 441 1524 1180 1568; baseline 0 -12"><span class='ocrx_word' id='word_1_133' title='bbox 441 1524 675 1566; x_wconf 73' lang='lat' dir='ltr'>comprehendi</span> <span class='ocrx_word' id='word_1_134' title='bbox 717 1525 807 1558; x_wconf 88' lang='lat' dir='ltr'>nullo</span> <span class='ocrx_word' id='word_1_135' title='bbox 849 1535 992 1568; x_wconf 90' lang='lat' dir='ltr'>unquam</span> <span class='ocrx_word' id='word_1_136' title='bbox 1034 1529 1180 1566; x_wconf 86' lang='lat' dir='ltr'>tempore</span> 
     </span>
     <span class='ocr_line' id='line_1_26' title="bbox 440 1577 1180 1621; baseline -0.003 -11"><span class='ocrx_word' id='word_1_137' title='bbox 440 1586 551 1620; x_wconf 87' lang='lat' dir='ltr'>posse,</span> <span class='ocrx_word' id='word_1_138' title='bbox 577 1577 632 1610; x_wconf 89' lang='lat' dir='ltr'>sed</span> <span class='ocrx_word' id='word_1_139' title='bbox 658 1588 788 1621; x_wconf 80' lang='lat' dir='ltr'>semper</span> <span class='ocrx_word' id='word_1_140' title='bbox 820 1578 859 1610; x_wconf 90' lang='lat' dir='ltr'>ab</span> <span class='ocrx_word' id='word_1_141' title='bbox 892 1577 957 1610; x_wconf 92' lang='lat' dir='ltr'>illis</span> <span class='ocrx_word' id='word_1_142' title='bbox 983 1577 1108 1620; x_wconf 82' lang='lat' dir='ltr'>excipi,</span> <span class='ocrx_word' id='word_1_143' title='bbox 1133 1581 1180 1617; x_wconf 90' lang='lat' dir='ltr'>et,</span> 
     </span>
     <span class='ocr_line' id='line_1_27' title="bbox 441 1629 1183 1674; baseline -0.001 -12"><span class='ocrx_word' id='word_1_144' title='bbox 441 1631 568 1674; x_wconf 89' lang='lat' dir='ltr'>quoties</span> <span class='ocrx_word' id='word_1_145' title='bbox 593 1631 669 1664; x_wconf 86' lang='lat' dir='ltr'>illae</span> <span class='ocrx_word' id='word_1_146' title='bbox 694 1632 911 1672; x_wconf 86' lang='lat' dir='ltr'>emanabunt,</span> <span class='ocrx_word' id='word_1_147' title='bbox 940 1631 1035 1663; x_wconf 90' lang='lat' dir='ltr'>toties</span> <span class='ocrx_word' id='word_1_148' title='bbox 1062 1631 1093 1662; x_wconf 87' lang='lat' dir='ltr'>in</span> <span class='ocrx_word' id='word_1_149' title='bbox 1118 1629 1183 1673; x_wconf 89' lang='lat' dir='ltr'>pri-</span> 
     </span>
     <span class='ocr_line' id='line_1_28' title="bbox 441 1682 1183 1727; baseline -0.003 -11"><span class='ocrx_word' id='word_1_150' title='bbox 441 1684 561 1716; x_wconf 89' lang='lat' dir='ltr'>stinum</span> <span class='ocrx_word' id='word_1_151' title='bbox 587 1689 619 1717; x_wconf 87' lang='lat' dir='ltr'>et</span> <span class='ocrx_word' id='word_1_152' title='bbox 644 1695 717 1717; x_wconf 91' lang='lat' dir='ltr'>eum</span> <span class='ocrx_word' id='word_1_153' title='bbox 744 1684 775 1716; x_wconf 89' lang='lat' dir='ltr'>in</span> <span class='ocrx_word' id='word_1_154' title='bbox 802 1694 867 1727; x_wconf 90' lang='lat' dir='ltr'>quo</span> <span class='ocrx_word' id='word_1_155' title='bbox 892 1689 966 1717; x_wconf 82' lang='lat' dir='ltr'>ante</span> <span class='ocrx_word' id='word_1_156' title='bbox 1001 1682 1183 1726; x_wconf 87' lang='lat' dir='ltr'>praemissa</span> 
     </span>
     <span class='ocr_line' id='line_1_29' title="bbox 441 1737 1183 1777; baseline -0.004 -6"><span class='ocrx_word' id='word_1_157' title='bbox 441 1743 535 1771; x_wconf 85' lang='lat' dir='ltr'>erant</span> <span class='ocrx_word' id='word_1_158' title='bbox 556 1738 788 1771; x_wconf 85' lang='lat' dir='ltr'>validissimum</span> <span class='ocrx_word' id='word_1_159' title='bbox 814 1743 931 1771; x_wconf 84' lang='lat' dir='ltr'>statum</span> <span class='ocrx_word' id='word_1_160' title='bbox 958 1737 1117 1777; x_wconf 84' lang='lat' dir='ltr'>restituta,</span> <span class='ocrx_word' id='word_1_161' title='bbox 1137 1747 1183 1769; x_wconf 89' lang='lat' dir='ltr'>re-</span> 
     </span>
     <span class='ocr_line' id='line_1_30' title="bbox 440 1790 1182 1834; baseline 0 -11"><span class='ocrx_word' id='word_1_162' title='bbox 440 1791 546 1834; x_wconf 86' lang='lat' dir='ltr'>posita</span> <span class='ocrx_word' id='word_1_163' title='bbox 571 1797 601 1824; x_wconf 91' lang='lat' dir='ltr'>et</span> <span class='ocrx_word' id='word_1_164' title='bbox 624 1791 770 1834; x_wconf 79' lang='lat' dir='ltr'>plenarie</span> <span class='ocrx_word' id='word_1_165' title='bbox 796 1791 1039 1834; x_wconf 83' lang='lat' dir='ltr'>renintegrata,</span> <span class='ocrx_word' id='word_1_166' title='bbox 1073 1801 1109 1823; x_wconf 90' lang='lat' dir='ltr'>ac</span> <span class='ocrx_word' id='word_1_167' title='bbox 1143 1790 1182 1823; x_wconf 86' lang='lat' dir='ltr'>de</span> 
     </span>
     <span class='ocr_line' id='line_1_31' title="bbox 441 1843 1182 1888; baseline -0.003 -11"><span class='ocrx_word' id='word_1_168' title='bbox 441 1854 527 1877; x_wconf 93' lang='lat' dir='ltr'>novo</span> <span class='ocrx_word' id='word_1_169' title='bbox 564 1844 659 1877; x_wconf 89' lang='lat' dir='ltr'>etiam</span> <span class='ocrx_word' id='word_1_170' title='bbox 685 1845 744 1877; x_wconf 90' lang='lat' dir='ltr'>sub</span> <span class='ocrx_word' id='word_1_171' title='bbox 771 1855 978 1888; x_wconf 86' lang='lat' dir='ltr'>quacumque</span> <span class='ocrx_word' id='word_1_172' title='bbox 1003 1843 1182 1887; x_wconf 87' lang='lat' dir='ltr'>posteriori</span> 
     </span>
     <span class='ocr_line' id='line_1_32' title="bbox 442 1897 1182 1942; baseline -0.001 -11"><span class='ocrx_word' id='word_1_173' title='bbox 442 1898 515 1931; x_wconf 76' lang='lat' dir='ltr'>data</span> <span class='ocrx_word' id='word_1_174' title='bbox 539 1909 598 1941; x_wconf 90' lang='lat' dir='ltr'>per</span> <span class='ocrx_word' id='word_1_175' title='bbox 623 1899 804 1942; x_wconf 80' lang='lat' dir='ltr'>praefatum</span> <span class='ocrx_word' id='word_1_176' title='bbox 828 1899 981 1932; x_wconf 87' lang='lat' dir='ltr'>loannem</span> <span class='ocrx_word' id='word_1_177' title='bbox 1006 1897 1182 1931; x_wconf 84' lang='lat' dir='ltr'>Antonium</span> 
     </span>
     <span class='ocr_line' id='line_1_33' title="bbox 443 1952 1185 1996; baseline -0.003 -11"><span class='ocrx_word' id='word_1_178' title='bbox 443 1952 642 1985; x_wconf 83' lang='lat' dir='ltr'>cardinalem</span> <span class='ocrx_word' id='word_1_179' title='bbox 662 1957 811 1985; x_wconf 87' lang='lat' dir='ltr'>nostrum</span> <span class='ocrx_word' id='word_1_180' title='bbox 830 1958 860 1985; x_wconf 88' lang='lat' dir='ltr'>et</span> <span class='ocrx_word' id='word_1_181' title='bbox 884 1962 944 1996; x_wconf 91' lang='lat' dir='ltr'>pro</span> <span class='ocrx_word' id='word_1_182' title='bbox 967 1957 1112 1995; x_wconf 89' lang='lat' dir='ltr'>tempore</span> <span class='ocrx_word' id='word_1_183' title='bbox 1135 1962 1185 1984; x_wconf 80' lang='lat' dir='ltr'>ex-</span> 
     </span>
     <span class='ocr_line' id='line_1_34' title="bbox 442 2004 1183 2039; baseline -0.003 -1"><span class='ocrx_word' id='word_1_184' title='bbox 442 2006 592 2039; x_wconf 84' lang='lat' dir='ltr'>istentem</span> <span class='ocrx_word' id='word_1_185' title='bbox 623 2005 758 2038; x_wconf 85' lang='lat' dir='ltr'>Romani</span> <span class='ocrx_word' id='word_1_186' title='bbox 789 2004 954 2038; x_wconf 82' lang='lat' dir='ltr'>pontificis</span> <span class='ocrx_word' id='word_1_187' title='bbox 986 2004 1183 2038; x_wconf 79' lang='lat' dir='ltr'>cardinalem</span> 
     </span>
     <span class='ocr_line' id='line_1_35' title="bbox 442 2057 1185 2101; baseline -0.003 -10"><span class='ocrx_word' id='word_1_188' title='bbox 442 2058 597 2091; x_wconf 84' lang='lat' dir='ltr'>vicarium</span> <span class='ocrx_word' id='word_1_189' title='bbox 634 2058 905 2101; x_wconf 82' lang='lat' dir='ltr'>quandocumque</span> <span class='ocrx_word' id='word_1_190' title='bbox 932 2057 1084 2101; x_wconf 78' lang='lat' dir='ltr'>eligenda</span> <span class='ocrx_word' id='word_1_191' title='bbox 1108 2067 1185 2090; x_wconf 90' lang='lat' dir='ltr'>con-</span> 
     </span>
     <span class='ocr_line' id='line_1_36' title="bbox 443 2110 1184 2154; baseline -0.003 -10"><span class='ocrx_word' id='word_1_192' title='bbox 443 2121 545 2152; x_wconf 86' lang='lat' dir='ltr'>cessa,</span> <span class='ocrx_word' id='word_1_193' title='bbox 569 2111 739 2154; x_wconf 84' lang='lat' dir='ltr'>validaque</span> <span class='ocrx_word' id='word_1_194' title='bbox 766 2116 798 2144; x_wconf 90' lang='lat' dir='ltr'>et</span> <span class='ocrx_word' id='word_1_195' title='bbox 822 2110 964 2144; x_wconf 80' lang='lat' dir='ltr'>efficacia</span> <span class='ocrx_word' id='word_1_196' title='bbox 989 2110 1057 2143; x_wconf 86' lang='lat' dir='ltr'>sore</span> <span class='ocrx_word' id='word_1_197' title='bbox 1084 2115 1116 2143; x_wconf 85' lang='lat' dir='ltr'>et</span> <span class='ocrx_word' id='word_1_198' title='bbox 1140 2120 1184 2142; x_wconf 92' lang='lat' dir='ltr'>es-</span> 
     </span>
     <span class='ocr_line' id='line_1_37' title="bbox 443 2163 1183 2207; baseline -0.004 -10"><span class='ocrx_word' id='word_1_199' title='bbox 443 2174 489 2204; x_wconf 92' lang='lat' dir='ltr'>se,</span> <span class='ocrx_word' id='word_1_200' title='bbox 509 2164 621 2207; x_wconf 90' lang='lat' dir='ltr'>sicque</span> <span class='ocrx_word' id='word_1_201' title='bbox 647 2169 678 2197; x_wconf 92' lang='lat' dir='ltr'>et</span> <span class='ocrx_word' id='word_1_202' title='bbox 702 2174 768 2196; x_wconf 92' lang='lat' dir='ltr'>non</span> <span class='ocrx_word' id='word_1_203' title='bbox 787 2163 865 2197; x_wconf 72' lang='lat' dir='ltr'>alias</span> <span class='ocrx_word' id='word_1_204' title='bbox 883 2173 942 2206; x_wconf 89' lang='lat' dir='ltr'>per</span> <span class='ocrx_word' id='word_1_205' title='bbox 960 2173 1183 2207; x_wconf 87' lang='lat' dir='ltr'>quoscumque</span> 
     </span>
     <span class='ocr_line' id='line_1_38' title="bbox 444 2216 1186 2260; baseline -0.001 -10"><span class='ocrx_word' id='word_1_206' title='bbox 444 2217 587 2257; x_wconf 87' lang='lat' dir='ltr'>iudices,</span> <span class='ocrx_word' id='word_1_207' title='bbox 624 2217 719 2250; x_wconf 91' lang='lat' dir='ltr'>etiam</span> <span class='ocrx_word' id='word_1_208' title='bbox 756 2227 925 2250; x_wconf 84' lang='lat' dir='ltr'>causarum</span> <span class='ocrx_word' id='word_1_209' title='bbox 962 2216 1071 2260; x_wconf 87' lang='lat' dir='ltr'>palatii</span> <span class='ocrx_word' id='word_1_210' title='bbox 1109 2227 1186 2259; x_wconf 91' lang='lat' dir='ltr'>apo-</span> 
     </span>
     <span class='ocr_line' id='line_1_39' title="bbox 445 2271 1182 2312; baseline -0.001 -8"><span class='ocrx_word' id='word_1_211' title='bbox 445 2271 552 2305; x_wconf 89' lang='lat' dir='ltr'>stolici</span> <span class='ocrx_word' id='word_1_212' title='bbox 577 2271 761 2312; x_wconf 80' lang='lat' dir='ltr'>auditores,</span> <span class='ocrx_word' id='word_1_213' title='bbox 789 2282 826 2305; x_wconf 83' lang='lat' dir='ltr'>ac</span> <span class='ocrx_word' id='word_1_214' title='bbox 851 2272 997 2305; x_wconf 87' lang='lat' dir='ltr'>eiusdem</span> <span class='ocrx_word' id='word_1_215' title='bbox 1022 2271 1053 2304; x_wconf 88' lang='lat' dir='ltr'>S.</span> <span class='ocrx_word' id='word_1_216' title='bbox 1081 2271 1119 2304; x_wconf 83' lang='lat' dir='ltr'>R.</span> <span class='ocrx_word' id='word_1_217' title='bbox 1147 2271 1182 2304; x_wconf 88' lang='lat' dir='ltr'>E.</span> 
     </span>
     <span class='ocr_line' id='line_1_40' title="bbox 445 2324 1185 2367; baseline -0.004 -9"><span class='ocrx_word' id='word_1_218' title='bbox 445 2324 639 2365; x_wconf 81' lang='lat' dir='ltr'>cardinales,</span> <span class='ocrx_word' id='word_1_219' title='bbox 659 2324 756 2358; x_wconf 86' lang='lat' dir='ltr'>etiam</span> <span class='ocrx_word' id='word_1_220' title='bbox 774 2325 812 2358; x_wconf 90' lang='lat' dir='ltr'>de</span> <span class='ocrx_word' id='word_1_221' title='bbox 830 2326 933 2358; x_wconf 83' lang='lat' dir='ltr'>latere</span> <span class='ocrx_word' id='word_1_222' title='bbox 957 2324 1093 2367; x_wconf 81' lang='lat' dir='ltr'>legatos,</span> <span class='ocrx_word' id='word_1_223' title='bbox 1113 2324 1185 2356; x_wconf 89' lang='lat' dir='ltr'>sub-</span> 
     </span>
     <span class='ocr_line' id='line_1_41' title="bbox 445 2377 1186 2412; baseline -0.003 -1"><span class='ocrx_word' id='word_1_224' title='bbox 445 2379 509 2412; x_wconf 77' lang='lat' dir='ltr'>lata</span> <span class='ocrx_word' id='word_1_225' title='bbox 541 2378 587 2411; x_wconf 91' lang='lat' dir='ltr'>eis</span> <span class='ocrx_word' id='word_1_226' title='bbox 620 2382 651 2411; x_wconf 92' lang='lat' dir='ltr'>et</span> <span class='ocrx_word' id='word_1_227' title='bbox 684 2388 795 2411; x_wconf 89' lang='lat' dir='ltr'>eorum</span> <span class='ocrx_word' id='word_1_228' title='bbox 822 2378 955 2411; x_wconf 82' lang='lat' dir='ltr'>cuilibet</span> <span class='ocrx_word' id='word_1_229' title='bbox 987 2378 1082 2410; x_wconf 89' lang='lat' dir='ltr'>aliter</span> <span class='ocrx_word' id='word_1_230' title='bbox 1104 2377 1186 2409; x_wconf 89' lang='lat' dir='ltr'>iudi-</span> 
     </span>
     <span class='ocr_line' id='line_1_42' title="bbox 447 2431 1186 2465; baseline -0.003 0"><span class='ocrx_word' id='word_1_231' title='bbox 447 2431 540 2465; x_wconf 90' lang='lat' dir='ltr'>candi</span> <span class='ocrx_word' id='word_1_232' title='bbox 559 2438 591 2465; x_wconf 89' lang='lat' dir='ltr'>et</span> <span class='ocrx_word' id='word_1_233' title='bbox 611 2431 788 2465; x_wconf 79' lang='lat' dir='ltr'>definiendi</span> <span class='ocrx_word' id='word_1_234' title='bbox 816 2432 965 2464; x_wconf 81' lang='lat' dir='ltr'>facultate</span> <span class='ocrx_word' id='word_1_235' title='bbox 991 2435 1022 2463; x_wconf 86' lang='lat' dir='ltr'>et</span> <span class='ocrx_word' id='word_1_236' title='bbox 1046 2431 1186 2463; x_wconf 89' lang='lat' dir='ltr'>auctori-</span> 
     </span>
     <span class='ocr_line' id='line_1_43' title="bbox 447 2483 1183 2525; baseline -0.004 -7"><span class='ocrx_word' id='word_1_237' title='bbox 447 2490 512 2518; x_wconf 79' lang='lat' dir='ltr'>tate</span> <span class='ocrx_word' id='word_1_238' title='bbox 528 2511 535 2525; x_wconf 91' lang='lat'>‚</span> <span class='ocrx_word' id='word_1_239' title='bbox 560 2485 697 2518; x_wconf 89' lang='lat' dir='ltr'>iudicari</span> <span class='ocrx_word' id='word_1_240' title='bbox 723 2490 754 2518; x_wconf 88' lang='lat' dir='ltr'>et</span> <span class='ocrx_word' id='word_1_241' title='bbox 778 2484 905 2518; x_wconf 81' lang='lat' dir='ltr'>deliniri</span> <span class='ocrx_word' id='word_1_242' title='bbox 931 2484 1071 2524; x_wconf 88' lang='lat' dir='ltr'>debere,</span> <span class='ocrx_word' id='word_1_243' title='bbox 1108 2483 1183 2516; x_wconf 85' lang='lat' dir='ltr'>irri-</span> 
     </span>
     <span class='ocr_line' id='line_1_44' title="bbox 447 2537 1187 2582; baseline -0.004 -11"><span class='ocrx_word' id='word_1_244' title='bbox 447 2544 580 2582; x_wconf 87' lang='lat' dir='ltr'>tumque</span> <span class='ocrx_word' id='word_1_245' title='bbox 606 2539 728 2582; x_wconf 86' lang='lat' dir='ltr'>pariter</span> <span class='ocrx_word' id='word_1_246' title='bbox 753 2543 784 2572; x_wconf 87' lang='lat' dir='ltr'>ct</span> <span class='ocrx_word' id='word_1_247' title='bbox 800 2538 896 2571; x_wconf 88' lang='lat' dir='ltr'>inane</span> <span class='ocrx_word' id='word_1_248' title='bbox 914 2537 1073 2580; x_wconf 85' lang='lat' dir='ltr'>quidquid</span> <span class='ocrx_word' id='word_1_249' title='bbox 1094 2547 1187 2570; x_wconf 85' lang='lat' dir='ltr'>secus</span> 
     </span>
     <span class='ocr_line' id='line_1_45' title="bbox 447 2589 1185 2636; baseline -0.004 -11"><span class='ocrx_word' id='word_1_250' title='bbox 447 2602 546 2634; x_wconf 87' lang='lat' dir='ltr'>super</span> <span class='ocrx_word' id='word_1_251' title='bbox 558 2591 608 2625; x_wconf 91' lang='lat' dir='ltr'>his</span> <span class='ocrx_word' id='word_1_252' title='bbox 626 2602 643 2625; x_wconf 88' lang='lat' dir='ltr'>a</span> <span class='ocrx_word' id='word_1_253' title='bbox 661 2602 834 2636; x_wconf 85' lang='lat' dir='ltr'>quoquam,</span> <span class='ocrx_word' id='word_1_254' title='bbox 854 2590 966 2635; x_wconf 89' lang='lat' dir='ltr'>quavis</span> <span class='ocrx_word' id='word_1_255' title='bbox 984 2589 1185 2631; x_wconf 86' lang='lat' dir='ltr'>auctoritate,</span> 
     </span>
    </p>

    <p class='ocr_par' dir='ltr' id='par_1_3' title="bbox 484 2652 1186 2689">
     <span class='ocr_line' id='line_1_46' title="bbox 484 2652 1186 2689; baseline -0.004 -7"><span class='ocrx_word' id='word_1_256' title='bbox 484 2654 496 2682; x_wconf 87' lang='lat'>1</span> <span class='ocrx_word' id='word_1_257' title='bbox 510 2652 581 2681; x_wconf 84' lang='lat' dir='ltr'>Edit.</span> <span class='ocrx_word' id='word_1_258' title='bbox 598 2652 677 2681; x_wconf 66' lang='grc' dir='ltr'><strong>Μαίη.</strong></span> <span class='ocrx_word' id='word_1_259' title='bbox 691 2652 756 2688; x_wconf 84' lang='lat' dir='ltr'>legit</span> <span class='ocrx_word' id='word_1_260' title='bbox 767 2653 868 2688; x_wconf 77' lang='lat' dir='ltr'>quibus</span> <span class='ocrx_word' id='word_1_261' title='bbox 879 2661 927 2689; x_wconf 88' lang='lat' dir='ltr'>pro</span> <span class='ocrx_word' id='word_1_262' title='bbox 940 2652 1086 2689; x_wconf 77' lang='lat' dir='ltr'>quibusvis</span> <span class='ocrx_word' id='word_1_263' title='bbox 1095 2652 1186 2689; x_wconf 56' lang='lat' dir='ltr'>(aaz).</span> 
     </span>
    </p>
   </div>
   <div class='ocr_carea' id='block_1_3' title="bbox 1198 299 1209 2467">
    <p class='ocr_par' dir='ltr' id='par_1_4' title="bbox 1198 299 1209 2467">
     <span class='ocr_line' id='line_1_47' title="bbox 1198 299 1209 2467; baseline 0 0"><span class='ocrx_word' id='word_1_264' title='bbox 1198 299 1209 2467; x_wconf 95' lang='lat' dir='ltr'> </span> 
     </span>
    </p>
   </div>
   <div class='ocr_carea' id='block_1_4' title="bbox 1007 248 1376 273">
    <p class='ocr_par' dir='ltr' id='par_1_5' title="bbox 1007 248 1376 273">
     <span class='ocr_line' id='line_1_48' title="bbox 1007 248 1376 273; baseline 0 0"><span class='ocrx_word' id='word_1_265' title='bbox 1007 249 1192 273; x_wconf 79' lang='lat' dir='ltr'>BULLARIUM</span> <span class='ocrx_word' id='word_1_266' title='bbox 1218 248 1376 273; x_wconf 75' lang='lat' dir='ltr'>ROMANUM</span> 
     </span>
    </p>
   </div>
   <div class='ocr_carea' id='block_1_5' title="bbox 1222 295 1969 2207">
    <p class='ocr_par' dir='ltr' id='par_1_6' title="bbox 1223 295 1961 391">
     <span class='ocr_line' id='line_1_49' title="bbox 1223 295 1961 340; baseline -0.001 -10"><span class='ocrx_word' id='word_1_267' title='bbox 1223 297 1363 330; x_wconf 87' lang='lat' dir='ltr'>scienter</span> <span class='ocrx_word' id='word_1_268' title='bbox 1399 298 1448 330; x_wconf 90' lang='lat' dir='ltr'>vel</span> <span class='ocrx_word' id='word_1_269' title='bbox 1483 297 1691 340; x_wconf 83' lang='lat' dir='ltr'>ignoranter,</span> <span class='ocrx_word' id='word_1_270' title='bbox 1718 295 1890 339; x_wconf 84' lang='lat' dir='ltr'>contigerit</span> <span class='ocrx_word' id='word_1_271' title='bbox 1915 301 1961 329; x_wconf 89' lang='lat' dir='ltr'>at-</span> 
     </span>
     <span class='ocr_line' id='line_1_50' title="bbox 1224 350 1911 391; baseline 0.003 -9"><span class='ocrx_word' id='word_1_272' title='bbox 1224 351 1364 391; x_wconf 87' lang='lat' dir='ltr'>tentari,</span> <span class='ocrx_word' id='word_1_273' title='bbox 1391 350 1606 384; x_wconf 86' lang='lat' dir='ltr'>decernimus.</span> <span class='ocrx_word' id='word_1_274' title='bbox 1909 358 1911 361; x_wconf 82' lang='grc'>’</span> 
     </span>
    </p>

    <p class='ocr_par' dir='ltr' id='par_1_7' title="bbox 1222 403 1969 2207">
     <span class='ocr_line' id='line_1_51' title="bbox 1267 403 1961 447; baseline 0 -11"><span class='ocrx_word' id='word_1_275' title='bbox 1267 404 1281 446; x_wconf 65' lang='lat' dir='ltr'>g</span> <span class='ocrx_word' id='word_1_276' title='bbox 1305 403 1358 436; x_wconf 70' lang='lat' dir='ltr'>w.</span> <span class='ocrx_word' id='word_1_277' title='bbox 1378 404 1447 437; x_wconf 93' lang='lat' dir='ltr'>Non</span> <span class='ocrx_word' id='word_1_278' title='bbox 1474 403 1688 444; x_wconf 78' lang='lat' dir='ltr'>obstantibus,</span> <span class='ocrx_word' id='word_1_279' title='bbox 1705 409 1863 447; x_wconf 87' lang='lat' dir='ltr'>quatenus</span> <span class='ocrx_word' id='word_1_280' title='bbox 1880 413 1961 446; x_wconf 88' lang='lat' dir='ltr'>opus</span> 
     </span>
     <span class='ocr_line' id='line_1_52' title="bbox 1223 456 1963 499; baseline 0 -11"><span class='ocrx_word' id='word_1_281' title='bbox 1223 456 1277 496; x_wconf 90' lang='lat' dir='ltr'>sit,</span> <span class='ocrx_word' id='word_1_282' title='bbox 1298 460 1406 491; x_wconf 78' lang='lat' dir='ltr'>nostra</span> <span class='ocrx_word' id='word_1_283' title='bbox 1427 462 1458 490; x_wconf 93' lang='lat' dir='ltr'>et</span> <span class='ocrx_word' id='word_1_284' title='bbox 1477 456 1694 490; x_wconf 85' lang='lat' dir='ltr'>Cancellariae</span> <span class='ocrx_word' id='word_1_285' title='bbox 1714 456 1897 499; x_wconf 82' lang='lat' dir='ltr'>praedictae</span> <span class='ocrx_word' id='word_1_286' title='bbox 1916 466 1963 488; x_wconf 93' lang='lat' dir='ltr'>re-</span> 
     </span>
     <span class='ocr_line' id='line_1_53' title="bbox 1223 509 1961 553; baseline -0.001 -11"><span class='ocrx_word' id='word_1_287' title='bbox 1223 511 1298 552; x_wconf 72' lang='lat' dir='ltr'>gula</span> <span class='ocrx_word' id='word_1_288' title='bbox 1315 510 1353 542; x_wconf 92' lang='lat' dir='ltr'>de</span> <span class='ocrx_word' id='word_1_289' title='bbox 1371 509 1440 542; x_wconf 88' lang='lat' dir='ltr'>iure</span> <span class='ocrx_word' id='word_1_290' title='bbox 1459 509 1609 553; x_wconf 84' lang='lat' dir='ltr'>quaesito</span> <span class='ocrx_word' id='word_1_291' title='bbox 1628 520 1693 542; x_wconf 90' lang='lat' dir='ltr'>nou</span> <span class='ocrx_word' id='word_1_292' title='bbox 1714 509 1868 549; x_wconf 88' lang='lat' dir='ltr'>tollendo,</span> <span class='ocrx_word' id='word_1_293' title='bbox 1887 519 1961 542; x_wconf 89' lang='lat' dir='ltr'>nec-</span> 
     </span>
     <span class='ocr_line' id='line_1_54' title="bbox 1222 561 1961 606; baseline -0.001 -12"><span class='ocrx_word' id='word_1_294' title='bbox 1222 573 1287 595; x_wconf 92' lang='lat' dir='ltr'>non</span> <span class='ocrx_word' id='word_1_295' title='bbox 1314 563 1513 606; x_wconf 81' lang='lat' dir='ltr'>apostolicis,</span> <span class='ocrx_word' id='word_1_296' title='bbox 1534 562 1629 595; x_wconf 87' lang='lat' dir='ltr'>etiam</span> <span class='ocrx_word' id='word_1_297' title='bbox 1648 562 1680 594; x_wconf 90' lang='lat' dir='ltr'>in</span> <span class='ocrx_word' id='word_1_298' title='bbox 1698 561 1961 605; x_wconf 87' lang='lat' dir='ltr'>provincialibus,</span> 
     </span>
     <span class='ocr_line' id='line_1_55' title="bbox 1223 614 1961 658; baseline -0.001 -10"><span class='ocrx_word' id='word_1_299' title='bbox 1223 616 1433 658; x_wconf 69' lang='lat' dir='ltr'>synodalibus</span> <span class='ocrx_word' id='word_1_300' title='bbox 1471 620 1503 648; x_wconf 92' lang='lat' dir='ltr'>et</span> <span class='ocrx_word' id='word_1_301' title='bbox 1537 615 1775 648; x_wconf 85' lang='lat' dir='ltr'>universalibus</span> <span class='ocrx_word' id='word_1_302' title='bbox 1815 614 1961 648; x_wconf 86' lang='lat' dir='ltr'>conciliis</span> 
     </span>
     <span class='ocr_line' id='line_1_56' title="bbox 1223 668 1962 712; baseline -0.001 -11"><span class='ocrx_word' id='word_1_303' title='bbox 1223 669 1317 701; x_wconf 89' lang='lat' dir='ltr'>editis</span> <span class='ocrx_word' id='word_1_304' title='bbox 1344 674 1375 702; x_wconf 88' lang='lat' dir='ltr'>et</span> <span class='ocrx_word' id='word_1_305' title='bbox 1400 669 1545 709; x_wconf 86' lang='lat' dir='ltr'>edendis,</span> <span class='ocrx_word' id='word_1_306' title='bbox 1571 668 1766 712; x_wconf 85' lang='lat' dir='ltr'>specialibus</span> <span class='ocrx_word' id='word_1_307' title='bbox 1793 670 1843 701; x_wconf 91' lang='lat' dir='ltr'>vel</span> <span class='ocrx_word' id='word_1_308' title='bbox 1869 678 1962 710; x_wconf 84' lang='lat' dir='ltr'>gene·</span> 
     </span>
     <span class='ocr_line' id='line_1_57' title="bbox 1224 720 1964 762; baseline -0.003 -8"><span class='ocrx_word' id='word_1_309' title='bbox 1224 722 1356 762; x_wconf 78' lang='lat' dir='ltr'>ralibus,</span> <span class='ocrx_word' id='word_1_310' title='bbox 1382 722 1669 755; x_wconf 86' lang='lat' dir='ltr'>constitutionibus</span> <span class='ocrx_word' id='word_1_311' title='bbox 1695 727 1727 754; x_wconf 91' lang='lat' dir='ltr'>et</span> <span class='ocrx_word' id='word_1_312' title='bbox 1752 720 1964 755; x_wconf 90' lang='lat' dir='ltr'>ordinationi-</span> 
     </span>
     <span class='ocr_line' id='line_1_58' title="bbox 1222 773 1963 819; baseline -0.001 -12"><span class='ocrx_word' id='word_1_313' title='bbox 1222 776 1298 816; x_wconf 89' lang='lat' dir='ltr'>bus,</span> <span class='ocrx_word' id='word_1_314' title='bbox 1326 787 1362 809; x_wconf 86' lang='lat' dir='ltr'>ac</span> <span class='ocrx_word' id='word_1_315' title='bbox 1387 782 1527 819; x_wconf 84' lang='lat' dir='ltr'>quatuor</span> <span class='ocrx_word' id='word_1_316' title='bbox 1552 776 1627 809; x_wconf 90' lang='lat' dir='ltr'>dicti</span> <span class='ocrx_word' id='word_1_317' title='bbox 1653 775 1827 809; x_wconf 80' lang='lat' dir='ltr'>vicariatus</span> <span class='ocrx_word' id='word_1_318' title='bbox 1851 773 1963 808; x_wconf 87' lang='lat' dir='ltr'>Curiae</span> 
     </span>
     <span class='ocr_line' id='line_1_59' title="bbox 1223 827 1964 872; baseline -0.001 -13"><span class='ocrx_word' id='word_1_319' title='bbox 1223 827 1407 861; x_wconf 82' lang='lat' dir='ltr'>huiusmodi</span> <span class='ocrx_word' id='word_1_320' title='bbox 1444 828 1710 872; x_wconf 85' lang='lat' dir='ltr'>prirnodictorum</span> <span class='ocrx_word' id='word_1_321' title='bbox 1744 827 1964 861; x_wconf 85' lang='lat' dir='ltr'>notariatuum</span> 
     </span>
     <span class='ocr_line' id='line_1_60' title="bbox 1223 879 1964 925; baseline -0.003 -11"><span class='ocrx_word' id='word_1_322' title='bbox 1223 881 1406 915; x_wconf 84' lang='lat' dir='ltr'>officiorum</span> <span class='ocrx_word' id='word_1_323' title='bbox 1432 882 1613 925; x_wconf 82' lang='lat' dir='ltr'>respective</span> <span class='ocrx_word' id='word_1_324' title='bbox 1640 881 1806 915; x_wconf 89' lang='lat' dir='ltr'>erectione</span> <span class='ocrx_word' id='word_1_325' title='bbox 1827 908 1834 922; x_wconf 91' lang='lat'>,</span> <span class='ocrx_word' id='word_1_326' title='bbox 1872 879 1964 913; x_wconf 91' lang='lat' dir='ltr'>dicti-</span> 
     </span>
     <span class='ocr_line' id='line_1_61' title="bbox 1222 934 1962 979; baseline -0.004 -11"><span class='ocrx_word' id='word_1_327' title='bbox 1222 946 1284 979; x_wconf 89' lang='lat' dir='ltr'>que</span> <span class='ocrx_word' id='word_1_328' title='bbox 1321 936 1492 969; x_wconf 85' lang='lat' dir='ltr'>tribunalis</span> <span class='ocrx_word' id='word_1_329' title='bbox 1530 936 1722 975; x_wconf 83' lang='lat' dir='ltr'>vicariatus,</span> <span class='ocrx_word' id='word_1_330' title='bbox 1758 934 1962 977; x_wconf 89' lang='lat' dir='ltr'>aliorumque</span> 
     </span>
     <span class='ocr_line' id='line_1_62' title="bbox 1222 988 1961 1032; baseline -0.001 -11"><span class='ocrx_word' id='word_1_331' title='bbox 1222 989 1462 1029; x_wconf 87' lang='lat' dir='ltr'>tribunalium,</span> <span class='ocrx_word' id='word_1_332' title='bbox 1500 1000 1627 1023; x_wconf 86' lang='lat' dir='ltr'>necnon</span> <span class='ocrx_word' id='word_1_333' title='bbox 1666 988 1760 1022; x_wconf 88' lang='lat' dir='ltr'>Urbis</span> <span class='ocrx_word' id='word_1_334' title='bbox 1785 988 1961 1032; x_wconf 74' lang='lat' dir='ltr'>praefatae,</span> 
     </span>
     <span class='ocr_line' id='line_1_63' title="bbox 1223 1042 1964 1085; baseline 0 -11"><span class='ocrx_word' id='word_1_335' title='bbox 1223 1042 1318 1075; x_wconf 86' lang='lat' dir='ltr'>etiam</span> <span class='ocrx_word' id='word_1_336' title='bbox 1344 1043 1536 1084; x_wconf 87' lang='lat' dir='ltr'>iuramento,</span> <span class='ocrx_word' id='word_1_337' title='bbox 1562 1043 1806 1076; x_wconf 75' lang='lat' dir='ltr'>confirmatione</span> <span class='ocrx_word' id='word_1_338' title='bbox 1835 1046 1964 1085; x_wconf 84' lang='lat' dir='ltr'>aposto-</span> 
     </span>
     <span class='ocr_line' id='line_1_64' title="bbox 1223 1094 1961 1139; baseline -0.003 -11"><span class='ocrx_word' id='word_1_339' title='bbox 1223 1096 1295 1136; x_wconf 73' lang='lat' dir='ltr'>lica,</span> <span class='ocrx_word' id='word_1_340' title='bbox 1320 1096 1370 1129; x_wconf 89' lang='lat' dir='ltr'>vel</span> <span class='ocrx_word' id='word_1_341' title='bbox 1396 1096 1506 1139; x_wconf 89' lang='lat' dir='ltr'>quavis</span> <span class='ocrx_word' id='word_1_342' title='bbox 1531 1096 1682 1129; x_wconf 82' lang='lat' dir='ltr'>firmitate</span> <span class='ocrx_word' id='word_1_343' title='bbox 1708 1095 1771 1129; x_wconf 76' lang='lat' dir='ltr'>alia</span> <span class='ocrx_word' id='word_1_344' title='bbox 1789 1094 1961 1134; x_wconf 83' lang='lat' dir='ltr'>roboratis,</span> 
     </span>
     <span class='ocr_line' id='line_1_65' title="bbox 1223 1147 1964 1193; baseline -0.001 -12"><span class='ocrx_word' id='word_1_345' title='bbox 1223 1150 1351 1182; x_wconf 76' lang='lat' dir='ltr'>statutis</span> <span class='ocrx_word' id='word_1_346' title='bbox 1389 1155 1420 1183; x_wconf 89' lang='lat' dir='ltr'>et</span> <span class='ocrx_word' id='word_1_347' title='bbox 1445 1149 1735 1183; x_wconf 82' lang='lat' dir='ltr'>consuetudinibus</span> <span class='ocrx_word' id='word_1_348' title='bbox 1751 1177 1758 1191; x_wconf 90' lang='lat'>,</span> <span class='ocrx_word' id='word_1_349' title='bbox 1783 1147 1964 1193; x_wconf 81' lang='lat' dir='ltr'>privilegiis</span> 
     </span>
     <span class='ocr_line' id='line_1_66' title="bbox 1224 1202 1963 1246; baseline -0.001 -11"><span class='ocrx_word' id='word_1_350' title='bbox 1224 1213 1376 1246; x_wconf 90' lang='lat' dir='ltr'>quoque,</span> <span class='ocrx_word' id='word_1_351' title='bbox 1402 1203 1534 1236; x_wconf 90' lang='lat' dir='ltr'>indultis</span> <span class='ocrx_word' id='word_1_352' title='bbox 1573 1209 1604 1236; x_wconf 88' lang='lat' dir='ltr'>et</span> <span class='ocrx_word' id='word_1_353' title='bbox 1637 1203 1752 1236; x_wconf 89' lang='lat' dir='ltr'>litteris</span> <span class='ocrx_word' id='word_1_354' title='bbox 1778 1202 1963 1245; x_wconf 86' lang='lat' dir='ltr'>apostolicis</span> 
     </span>
     <span class='ocr_line' id='line_1_67' title="bbox 1223 1255 1965 1300; baseline -0.001 -11"><span class='ocrx_word' id='word_1_355' title='bbox 1223 1256 1341 1299; x_wconf 88' lang='lat' dir='ltr'>cuique</span> <span class='ocrx_word' id='word_1_356' title='bbox 1368 1267 1404 1289; x_wconf 84' lang='lat' dir='ltr'>ex</span> <span class='ocrx_word' id='word_1_357' title='bbox 1432 1257 1650 1290; x_wconf 88' lang='lat' dir='ltr'>tribunalibus</span> <span class='ocrx_word' id='word_1_358' title='bbox 1676 1256 1840 1300; x_wconf 75' lang='lat' dir='ltr'>praefatis,</span> <span class='ocrx_word' id='word_1_359' title='bbox 1867 1255 1965 1288; x_wconf 88' lang='lat' dir='ltr'>etiam</span> 
     </span>
     <span class='ocr_line' id='line_1_68' title="bbox 1224 1308 1966 1353; baseline -0.001 -11"><span class='ocrx_word' id='word_1_360' title='bbox 1224 1320 1323 1353; x_wconf 92' lang='lat' dir='ltr'>super</span> <span class='ocrx_word' id='word_1_361' title='bbox 1345 1309 1415 1343; x_wconf 89' lang='lat' dir='ltr'>iure</span> <span class='ocrx_word' id='word_1_362' title='bbox 1442 1310 1564 1343; x_wconf 83' lang='lat' dir='ltr'>similes</span> <span class='ocrx_word' id='word_1_363' title='bbox 1602 1320 1714 1343; x_wconf 85' lang='lat' dir='ltr'>causas</span> <span class='ocrx_word' id='word_1_364' title='bbox 1740 1309 1835 1342; x_wconf 87' lang='lat' dir='ltr'>etiam</span> <span class='ocrx_word' id='word_1_365' title='bbox 1861 1308 1966 1352; x_wconf 82' lang='lat' dir='ltr'>priva-</span> 
     </span>
     <span class='ocr_line' id='line_1_69' title="bbox 1226 1361 1966 1407; baseline -0.001 -12"><span class='ocrx_word' id='word_1_366' title='bbox 1226 1364 1285 1397; x_wconf 87' lang='lat' dir='ltr'>tive</span> <span class='ocrx_word' id='word_1_367' title='bbox 1312 1364 1418 1407; x_wconf 90' lang='lat' dir='ltr'>quoad</span> <span class='ocrx_word' id='word_1_368' title='bbox 1445 1364 1525 1397; x_wconf 90' lang='lat' dir='ltr'>alios</span> <span class='ocrx_word' id='word_1_369' title='bbox 1552 1362 1773 1406; x_wconf 84' lang='lat' dir='ltr'>cognoscendi</span> <span class='ocrx_word' id='word_1_370' title='bbox 1800 1367 1832 1395; x_wconf 91' lang='lat' dir='ltr'>et</span> <span class='ocrx_word' id='word_1_371' title='bbox 1857 1361 1966 1395; x_wconf 89' lang='lat' dir='ltr'>termi-</span> 
     </span>
     <span class='ocr_line' id='line_1_70' title="bbox 1225 1417 1965 1461; baseline -0.003 -11"><span class='ocrx_word' id='word_1_372' title='bbox 1225 1417 1345 1459; x_wconf 87' lang='lat' dir='ltr'>nandi,</span> <span class='ocrx_word' id='word_1_373' title='bbox 1373 1423 1403 1450; x_wconf 90' lang='lat' dir='ltr'>et</span> <span class='ocrx_word' id='word_1_374' title='bbox 1428 1418 1498 1450; x_wconf 88' lang='lat' dir='ltr'>aliis</span> <span class='ocrx_word' id='word_1_375' title='bbox 1524 1418 1712 1461; x_wconf 88' lang='lat' dir='ltr'>quibusvis,</span> <span class='ocrx_word' id='word_1_376' title='bbox 1750 1417 1845 1450; x_wconf 89' lang='lat' dir='ltr'>etiam</span> <span class='ocrx_word' id='word_1_377' title='bbox 1876 1421 1965 1449; x_wconf 89' lang='lat' dir='ltr'>motu</span> 
     </span>
     <span class='ocr_line' id='line_1_71' title="bbox 1224 1468 1966 1511; baseline -0.003 -8"><span class='ocrx_word' id='word_1_378' title='bbox 1224 1470 1321 1503; x_wconf 89' lang='lat' dir='ltr'>simili</span> <span class='ocrx_word' id='word_1_379' title='bbox 1354 1476 1385 1504; x_wconf 91' lang='lat' dir='ltr'>et</span> <span class='ocrx_word' id='word_1_380' title='bbox 1417 1469 1708 1511; x_wconf 84' lang='lat' dir='ltr'>concistorialiter,</span> <span class='ocrx_word' id='word_1_381' title='bbox 1735 1475 1789 1503; x_wconf 87' lang='lat' dir='ltr'>aut</span> <span class='ocrx_word' id='word_1_382' title='bbox 1813 1468 1907 1507; x_wconf 74' lang='lat' dir='ltr'>alias,</span> <span class='ocrx_word' id='word_1_383' title='bbox 1933 1468 1966 1501; x_wconf 92' lang='lat' dir='ltr'>in</span> 
     </span>
     <span class='ocr_line' id='line_1_72' title="bbox 1225 1522 1967 1567; baseline -0.004 -10"><span class='ocrx_word' id='word_1_384' title='bbox 1225 1524 1426 1557; x_wconf 88' lang='lat' dir='ltr'>contrarium</span> <span class='ocrx_word' id='word_1_385' title='bbox 1453 1524 1703 1567; x_wconf 84' lang='lat' dir='ltr'>quomodolibet</span> <span class='ocrx_word' id='word_1_386' title='bbox 1724 1522 1896 1563; x_wconf 87' lang='lat' dir='ltr'>concessis,</span> <span class='ocrx_word' id='word_1_387' title='bbox 1917 1533 1967 1565; x_wconf 83' lang='lat' dir='ltr'>ap-</span> 
     </span>
     <span class='ocr_line' id='line_1_73' title="bbox 1224 1575 1966 1620; baseline -0.003 -11"><span class='ocrx_word' id='word_1_388' title='bbox 1224 1577 1373 1620; x_wconf 87' lang='lat' dir='ltr'>probatis</span> <span class='ocrx_word' id='word_1_389' title='bbox 1399 1582 1430 1609; x_wconf 91' lang='lat' dir='ltr'>et</span> <span class='ocrx_word' id='word_1_390' title='bbox 1455 1577 1635 1616; x_wconf 64' lang='lat' dir='ltr'>innovatis,</span> <span class='ocrx_word' id='word_1_391' title='bbox 1663 1576 1779 1620; x_wconf 87' lang='lat' dir='ltr'>quibus</span> <span class='ocrx_word' id='word_1_392' title='bbox 1804 1575 1966 1615; x_wconf 90' lang='lat' dir='ltr'>omnibus,</span> 
     </span>
     <span class='ocr_line' id='line_1_74' title="bbox 1226 1628 1963 1673; baseline -0.003 -11"><span class='ocrx_word' id='word_1_393' title='bbox 1226 1630 1350 1663; x_wconf 87' lang='lat' dir='ltr'>etiamsi</span> <span class='ocrx_word' id='word_1_394' title='bbox 1375 1641 1437 1673; x_wconf 90' lang='lat' dir='ltr'>pro</span> <span class='ocrx_word' id='word_1_395' title='bbox 1462 1629 1592 1663; x_wconf 91' lang='lat' dir='ltr'>illorum</span> <span class='ocrx_word' id='word_1_396' title='bbox 1618 1628 1789 1662; x_wconf 87' lang='lat' dir='ltr'>sufficienti</span> <span class='ocrx_word' id='word_1_397' title='bbox 1824 1628 1963 1670; x_wconf 83' lang='lat' dir='ltr'>deroga-</span> 
     </span>
     <span class='ocr_line' id='line_1_75' title="bbox 1226 1681 1966 1726; baseline -0.005 -9"><span class='ocrx_word' id='word_1_398' title='bbox 1226 1684 1312 1717; x_wconf 89' lang='lat' dir='ltr'>tione</span> <span class='ocrx_word' id='word_1_399' title='bbox 1338 1684 1377 1717; x_wconf 91' lang='lat' dir='ltr'>de</span> <span class='ocrx_word' id='word_1_400' title='bbox 1403 1683 1467 1716; x_wconf 88' lang='lat' dir='ltr'>illis</span> <span class='ocrx_word' id='word_1_401' title='bbox 1492 1693 1670 1726; x_wconf 89' lang='lat' dir='ltr'>eorumque</span> <span class='ocrx_word' id='word_1_402' title='bbox 1695 1682 1771 1715; x_wconf 89' lang='lat' dir='ltr'>totis</span> <span class='ocrx_word' id='word_1_403' title='bbox 1798 1681 1966 1715; x_wconf 83' lang='lat' dir='ltr'>tenoribus</span> 
     </span>
     <span class='ocr_line' id='line_1_76' title="bbox 1227 1733 1968 1781; baseline -0.004 -12"><span class='ocrx_word' id='word_1_404' title='bbox 1227 1736 1389 1780; x_wconf 89' lang='lat' dir='ltr'>specialis,</span> <span class='ocrx_word' id='word_1_405' title='bbox 1404 1735 1564 1780; x_wconf 70' lang='lat' dir='ltr'>specifica,</span> <span class='ocrx_word' id='word_1_406' title='bbox 1580 1746 1731 1779; x_wconf 84' lang='lat' dir='ltr'>expressa</span> <span class='ocrx_word' id='word_1_407' title='bbox 1744 1733 1968 1781; x_wconf 79' lang='lat' dir='ltr'>etindividua,</span> 
     </span>
     <span class='ocr_line' id='line_1_77' title="bbox 1226 1789 1968 1831; baseline -0.005 -8"><span class='ocrx_word' id='word_1_408' title='bbox 1226 1801 1262 1823; x_wconf 87' lang='lat' dir='ltr'>ac</span> <span class='ocrx_word' id='word_1_409' title='bbox 1287 1790 1326 1823; x_wconf 91' lang='lat' dir='ltr'>de</span> <span class='ocrx_word' id='word_1_410' title='bbox 1351 1790 1450 1823; x_wconf 88' lang='lat' dir='ltr'>verbo</span> <span class='ocrx_word' id='word_1_411' title='bbox 1468 1790 1507 1822; x_wconf 84' lang='lat' dir='ltr'>ad</span> <span class='ocrx_word' id='word_1_412' title='bbox 1525 1789 1671 1829; x_wconf 85' lang='lat' dir='ltr'>verbum,</span> <span class='ocrx_word' id='word_1_413' title='bbox 1691 1799 1755 1822; x_wconf 92' lang='lat' dir='ltr'>non</span> <span class='ocrx_word' id='word_1_414' title='bbox 1777 1793 1884 1821; x_wconf 88' lang='lat' dir='ltr'>autem</span> <span class='ocrx_word' id='word_1_415' title='bbox 1908 1797 1968 1831; x_wconf 90' lang='lat' dir='ltr'>per</span> 
     </span>
     <span class='ocr_line' id='line_1_78' title="bbox 1226 1842 1965 1886; baseline -0.003 -10"><span class='ocrx_word' id='word_1_416' title='bbox 1226 1844 1387 1877; x_wconf 82' lang='lat' dir='ltr'>clausulas</span> <span class='ocrx_word' id='word_1_417' title='bbox 1419 1843 1588 1886; x_wconf 80' lang='lat' dir='ltr'>generales</span> <span class='ocrx_word' id='word_1_418' title='bbox 1613 1843 1699 1876; x_wconf 89' lang='lat' dir='ltr'>idem</span> <span class='ocrx_word' id='word_1_419' title='bbox 1731 1842 1965 1885; x_wconf 86' lang='lat' dir='ltr'>importantes,</span> 
     </span>
     <span class='ocr_line' id='line_1_79' title="bbox 1228 1894 1967 1940; baseline -0.004 -11"><span class='ocrx_word' id='word_1_420' title='bbox 1228 1897 1351 1930; x_wconf 90' lang='lat' dir='ltr'>mentio</span> <span class='ocrx_word' id='word_1_421' title='bbox 1366 1907 1423 1930; x_wconf 89' lang='lat' dir='ltr'>seu</span> <span class='ocrx_word' id='word_1_422' title='bbox 1442 1895 1575 1940; x_wconf 87' lang='lat' dir='ltr'>quaevis</span> <span class='ocrx_word' id='word_1_423' title='bbox 1589 1895 1650 1928; x_wconf 90' lang='lat' dir='ltr'>alia</span> <span class='ocrx_word' id='word_1_424' title='bbox 1666 1894 1831 1939; x_wconf 81' lang='lat' dir='ltr'>expressio</span> <span class='ocrx_word' id='word_1_425' title='bbox 1848 1894 1967 1927; x_wconf 83' lang='lat' dir='ltr'>baben·</span> 
     </span>
     <span class='ocr_line' id='line_1_80' title="bbox 1228 1947 1968 1993; baseline -0.005 -9"><span class='ocrx_word' id='word_1_426' title='bbox 1228 1951 1267 1984; x_wconf 83' lang='lat' dir='ltr'>da</span> <span class='ocrx_word' id='word_1_427' title='bbox 1284 1956 1338 1983; x_wconf 88' lang='lat' dir='ltr'>aut</span> <span class='ocrx_word' id='word_1_428' title='bbox 1354 1950 1461 1993; x_wconf 89' lang='lat' dir='ltr'>aliqua</span> <span class='ocrx_word' id='word_1_429' title='bbox 1480 1949 1541 1982; x_wconf 85' lang='lat' dir='ltr'>alia</span> <span class='ocrx_word' id='word_1_430' title='bbox 1555 1948 1713 1992; x_wconf 85' lang='lat' dir='ltr'>exquisita</span> <span class='ocrx_word' id='word_1_431' title='bbox 1731 1949 1834 1982; x_wconf 79' lang='lat' dir='ltr'>forma</span> <span class='ocrx_word' id='word_1_432' title='bbox 1848 1948 1887 1981; x_wconf 84' lang='lat' dir='ltr'>ad</span> <span class='ocrx_word' id='word_1_433' title='bbox 1905 1947 1968 1981; x_wconf 87' lang='lat' dir='ltr'>hoc</span> 
     </span>
     <span class='ocr_line' id='line_1_81' title="bbox 1229 2001 1968 2044; baseline -0.004 -7"><span class='ocrx_word' id='word_1_434' title='bbox 1229 2003 1390 2038; x_wconf 85' lang='lat' dir='ltr'>servanda</span> <span class='ocrx_word' id='word_1_435' title='bbox 1416 2003 1512 2044; x_wconf 83' lang='lat' dir='ltr'>soret,</span> <span class='ocrx_word' id='word_1_436' title='bbox 1526 2008 1655 2036; x_wconf 84' lang='lat' dir='ltr'>tenores</span> <span class='ocrx_word' id='word_1_437' title='bbox 1672 2001 1870 2041; x_wconf 85' lang='lat' dir='ltr'>huiusmodi,</span> <span class='ocrx_word' id='word_1_438' title='bbox 1889 2012 1924 2035; x_wconf 88' lang='lat' dir='ltr'>ac</span> <span class='ocrx_word' id='word_1_439' title='bbox 1941 2001 1968 2034; x_wconf 86' lang='lat' dir='ltr'>si</span> 
     </span>
     <span class='ocr_line' id='line_1_82' title="bbox 1229 2055 1965 2099; baseline -0.004 -8"><span class='ocrx_word' id='word_1_440' title='bbox 1229 2059 1268 2091; x_wconf 91' lang='lat' dir='ltr'>de</span> <span class='ocrx_word' id='word_1_441' title='bbox 1294 2057 1395 2091; x_wconf 87' lang='lat' dir='ltr'>verbo</span> <span class='ocrx_word' id='word_1_442' title='bbox 1422 2057 1460 2090; x_wconf 91' lang='lat' dir='ltr'>ad</span> <span class='ocrx_word' id='word_1_443' title='bbox 1484 2057 1635 2097; x_wconf 85' lang='lat' dir='ltr'>verbum,</span> <span class='ocrx_word' id='word_1_444' title='bbox 1661 2056 1743 2089; x_wconf 90' lang='lat' dir='ltr'>nihil</span> <span class='ocrx_word' id='word_1_445' title='bbox 1770 2055 1900 2099; x_wconf 88' lang='lat' dir='ltr'>penitus</span> <span class='ocrx_word' id='word_1_446' title='bbox 1927 2065 1965 2088; x_wconf 90' lang='lat'>0-</span> 
     </span>
     <span class='ocr_line' id='line_1_83' title="bbox 1228 2109 1967 2149; baseline -0.004 -5"><span class='ocrx_word' id='word_1_447' title='bbox 1228 2111 1326 2144; x_wconf 83' lang='lat' dir='ltr'>misso</span> <span class='ocrx_word' id='word_1_448' title='bbox 1352 2116 1382 2144; x_wconf 91' lang='lat' dir='ltr'>et</span> <span class='ocrx_word' id='word_1_449' title='bbox 1407 2111 1508 2144; x_wconf 78' lang='lat' dir='ltr'>forma</span> <span class='ocrx_word' id='word_1_450' title='bbox 1526 2110 1558 2142; x_wconf 91' lang='lat' dir='ltr'>in</span> <span class='ocrx_word' id='word_1_451' title='bbox 1576 2110 1639 2143; x_wconf 88' lang='lat' dir='ltr'>illis</span> <span class='ocrx_word' id='word_1_452' title='bbox 1658 2109 1773 2143; x_wconf 79' lang='lat' dir='ltr'>tradita</span> <span class='ocrx_word' id='word_1_453' title='bbox 1791 2110 1967 2149; x_wconf 76' lang='lat' dir='ltr'>observata,</span> 
     </span>
     <span class='ocr_line' id='line_1_84' title="bbox 1228 2162 1969 2207; baseline -0.004 -10"><span class='ocrx_word' id='word_1_454' title='bbox 1228 2165 1343 2198; x_wconf 89' lang='lat' dir='ltr'>inserti</span> <span class='ocrx_word' id='word_1_455' title='bbox 1369 2164 1497 2204; x_wconf 85' lang='lat' dir='ltr'>forent,</span> <span class='ocrx_word' id='word_1_456' title='bbox 1521 2163 1646 2196; x_wconf 89' lang='lat' dir='ltr'>eisdem</span> <span class='ocrx_word' id='word_1_457' title='bbox 1672 2162 1896 2207; x_wconf 86' lang='lat' dir='ltr'>praesentibus</span> <span class='ocrx_word' id='word_1_458' title='bbox 1923 2167 1969 2194; x_wconf 91' lang='lat' dir='ltr'>et-</span> 
     </span>
    </p>
   </div>
   <div class='ocr_carea' id='block_1_6' title="bbox 1228 2213 1970 2310">
    <p class='ocr_par' dir='ltr' id='par_1_8' title="bbox 1228 2213 1970 2310">
     <span class='ocr_line' id='line_1_85' title="bbox 1228 2213 1968 2261; baseline -0.005 -10"><span class='ocrx_word' id='word_1_459' title='bbox 1228 2218 1291 2251; x_wconf 87' lang='lat' dir='ltr'>iam</span> <span class='ocrx_word' id='word_1_460' title='bbox 1317 2228 1375 2261; x_wconf 91' lang='lat' dir='ltr'>pro</span> <span class='ocrx_word' id='word_1_461' title='bbox 1400 2217 1497 2261; x_wconf 88' lang='lat' dir='ltr'>plene</span> <span class='ocrx_word' id='word_1_462' title='bbox 1523 2222 1554 2249; x_wconf 90' lang='lat' dir='ltr'>et</span> <span class='ocrx_word' id='word_1_463' title='bbox 1579 2216 1778 2249; x_wconf 81' lang='lat' dir='ltr'>sufficienter</span> <span class='ocrx_word' id='word_1_464' title='bbox 1810 2213 1968 2258; x_wconf 80' lang='lat' dir='ltr'>expressis</span> 
     </span>
     <span class='ocr_line' id='line_1_86' title="bbox 1228 2265 1970 2310; baseline -0.005 -8"><span class='ocrx_word' id='word_1_465' title='bbox 1228 2269 1395 2309; x_wconf 84' lang='lat' dir='ltr'>habentes,</span> <span class='ocrx_word' id='word_1_466' title='bbox 1415 2268 1474 2300; x_wconf 87' lang='lat' dir='ltr'>bac</span> <span class='ocrx_word' id='word_1_467' title='bbox 1497 2267 1565 2300; x_wconf 91' lang='lat' dir='ltr'>vice</span> <span class='ocrx_word' id='word_1_468' title='bbox 1592 2267 1764 2307; x_wconf 76' lang='lat' dir='ltr'>dumtaxat,</span> <span class='ocrx_word' id='word_1_469' title='bbox 1783 2265 1970 2310; x_wconf 86' lang='lat' dir='ltr'>specialiter</span> 
     </span>
    </p>
   </div>
   <div class='ocr_carea' id='block_1_7' title="bbox 1227 2319 1971 2580">
    <p class='ocr_par' dir='ltr' id='par_1_9' title="bbox 1227 2319 1971 2473">
     <span class='ocr_line' id='line_1_87' title="bbox 1228 2319 1966 2366; baseline -0.005 -10"><span class='ocrx_word' id='word_1_470' title='bbox 1228 2328 1259 2356; x_wconf 91' lang='lat' dir='ltr'>et</span> <span class='ocrx_word' id='word_1_471' title='bbox 1284 2332 1449 2366; x_wconf 85' lang='lat' dir='ltr'>expresse,</span> <span class='ocrx_word' id='word_1_472' title='bbox 1467 2327 1554 2354; x_wconf 89' lang='lat' dir='ltr'>motu</span> <span class='ocrx_word' id='word_1_473' title='bbox 1572 2320 1652 2364; x_wconf 85' lang='lat' dir='ltr'>pari,</span> <span class='ocrx_word' id='word_1_474' title='bbox 1674 2321 1788 2353; x_wconf 86' lang='lat' dir='ltr'>harum</span> <span class='ocrx_word' id='word_1_475' title='bbox 1813 2319 1898 2353; x_wconf 90' lang='lat' dir='ltr'>serie</span> <span class='ocrx_word' id='word_1_476' title='bbox 1916 2319 1966 2353; x_wconf 88' lang='lat' dir='ltr'>de-</span> 
     </span>
     <span class='ocr_line' id='line_1_88' title="bbox 1227 2373 1971 2419; baseline -0.005 -9"><span class='ocrx_word' id='word_1_477' title='bbox 1227 2387 1393 2419; x_wconf 68' lang='lat' dir='ltr'>rogamus,</span> <span class='ocrx_word' id='word_1_478' title='bbox 1420 2375 1600 2419; x_wconf 88' lang='lat' dir='ltr'>ceterisque</span> <span class='ocrx_word' id='word_1_479' title='bbox 1633 2374 1806 2408; x_wconf 85' lang='lat' dir='ltr'>contrariis</span> <span class='ocrx_word' id='word_1_480' title='bbox 1838 2373 1971 2417; x_wconf 84' lang='lat' dir='ltr'>quibus-</span> 
     </span>
     <span class='ocr_line' id='line_1_89' title="bbox 1228 2440 1376 2473; baseline -0.007 -10"><span class='ocrx_word' id='word_1_481' title='bbox 1228 2440 1376 2473; x_wconf 90' lang='lat' dir='ltr'>cumque.</span> 
     </span>
    </p>

    <p class='ocr_par' dir='ltr' id='par_1_10' title="bbox 1229 2479 1971 2580">
     <span class='ocr_line' id='line_1_90' title="bbox 1272 2479 1971 2526; baseline -0.003 -11"><span class='ocrx_word' id='word_1_482' title='bbox 1272 2483 1287 2526; x_wconf 61' lang='grc' dir='ltr'><strong>ἓ</strong></span> <span class='ocrx_word' id='word_1_483' title='bbox 1310 2483 1364 2517; x_wconf 78' lang='lat'>13.</span> <span class='ocrx_word' id='word_1_484' title='bbox 1386 2482 1473 2515; x_wconf 91' lang='lat' dir='ltr'>Nulli</span> <span class='ocrx_word' id='word_1_485' title='bbox 1492 2492 1572 2524; x_wconf 79' lang='lat' dir='ltr'>ergo</span> <span class='ocrx_word' id='word_1_486' title='bbox 1598 2481 1733 2514; x_wconf 87' lang='lat' dir='ltr'>omnino</span> <span class='ocrx_word' id='word_1_487' title='bbox 1749 2479 1971 2515; x_wconf 89' lang='lat' dir='ltr'>bominumli-</span> 
     </span>
     <span class='ocr_line' id='line_1_91' title="bbox 1229 2533 1968 2580; baseline -0.004 -11"><span class='ocrx_word' id='word_1_488' title='bbox 1229 2541 1302 2570; x_wconf 84' lang='lat' dir='ltr'>ceat</span> <span class='ocrx_word' id='word_1_489' title='bbox 1318 2537 1403 2569; x_wconf 88' lang='lat' dir='ltr'>hanc</span> <span class='ocrx_word' id='word_1_490' title='bbox 1418 2536 1571 2580; x_wconf 82' lang='lat' dir='ltr'>paginam</span> <span class='ocrx_word' id='word_1_491' title='bbox 1596 2540 1726 2569; x_wconf 87' lang='lat' dir='ltr'>nostrae</span> <span class='ocrx_word' id='word_1_492' title='bbox 1755 2533 1968 2579; x_wconf 89' lang='lat' dir='ltr'>approbatio-</span> 
     </span>
    </p>
   </div>
   <div class='ocr_carea' id='block_1_8' title="bbox 1967 246 2152 276">
    <p class='ocr_par' dir='ltr' id='par_1_11' title="bbox 1967 246 2152 276">
     <span class='ocr_line' id='line_1_92' title="bbox 1967 246 2152 276; baseline 0.016 -3"><span class='ocrx_word' id='word_1_493' title='bbox 1967 247 2018 274; x_wconf 76' lang='lat' dir='ltr'>An.</span> <span class='ocrx_word' id='word_1_494' title='bbox 2040 247 2068 275; x_wconf 84' lang='lat' dir='ltr'>C.</span> <span class='ocrx_word' id='word_1_495' title='bbox 2086 246 2152 276; x_wconf 76' lang='lat'>¹735</span> 
     </span>
    </p>
   </div>
   <div class='ocr_carea' id='block_1_9' title="bbox 1973 466 2155 520">
    <p class='ocr_par' dir='ltr' id='par_1_12' title="bbox 1973 466 2155 520">
     <span class='ocr_line' id='line_1_93' title="bbox 2021 466 2155 488; baseline 0 0"><span class='ocrx_word' id='word_1_496' title='bbox 2021 466 2155 488; x_wconf 74' lang='lat' dir='ltr'>obstantium</span> 
     </span>
     <span class='ocr_line' id='line_1_94' title="bbox 1973 493 2094 520; baseline 0.008 -5"><span class='ocrx_word' id='word_1_497' title='bbox 1973 493 2094 520; x_wconf 72' lang='lat' dir='ltr'>derogatio.</span> 
     </span>
    </p>
   </div>
   <div class='ocr_carea' id='block_1_10' title="bbox 2053 2537 2205 2559">
    <p class='ocr_par' dir='ltr' id='par_1_13' title="bbox 2053 2537 2205 2559">
     <span class='ocr_line' id='line_1_95' title="bbox 2053 2537 2205 2559; baseline -0.013 0"><span class='ocrx_word' id='word_1_498' title='bbox 2053 2537 2169 2559; x_wconf 63' lang='lat' dir='ltr'>clausulae</span> <span class='ocrx_word' id='word_1_499' title='bbox 2204 2539 2205 2543; x_wconf 66' lang='lat'>¹</span> 
     </span>
    </p>
   </div>
   <div class='ocr_carea' id='block_1_11' title="bbox 1923 2565 2170 2592">
    <p class='ocr_par' dir='ltr' id='par_1_14' title="bbox 1923 2565 2170 2592">
     <span class='ocr_line' id='line_1_96' title="bbox 1923 2565 2170 2592; baseline -0.004 -6"><span class='ocrx_word' id='word_1_500' title='bbox 1923 2586 1929 2592; x_wconf 75' lang='grc'><strong>,</strong></span> <span class='ocrx_word' id='word_1_501' title='bbox 1981 2565 2083 2591; x_wconf 77' lang='lat' dir='ltr'>poenales</span> <span class='ocrx_word' id='word_1_502' title='bbox 2094 2567 2170 2586; x_wconf 74' lang='lat' dir='ltr'>contra</span> 
     </span>
    </p>
   </div>
   <div class='ocr_carea' id='block_1_12' title="bbox 1229 2587 1968 2631">
    <p class='ocr_par' dir='ltr' id='par_1_15' title="bbox 1229 2587 1968 2631">
     <span class='ocr_line' id='line_1_97' title="bbox 1229 2587 1968 2631; baseline -0.004 -9"><span class='ocrx_word' id='word_1_503' title='bbox 1229 2589 1300 2631; x_wconf 87' lang='lat' dir='ltr'>nis,</span> <span class='ocrx_word' id='word_1_504' title='bbox 1326 2589 1603 2630; x_wconf 77' lang='lat' dir='ltr'>confirmationis,</span> <span class='ocrx_word' id='word_1_505' title='bbox 1630 2587 1872 2628; x_wconf 85' lang='lat' dir='ltr'>concessionis,</span> <span class='ocrx_word' id='word_1_506' title='bbox 1899 2587 1968 2620; x_wconf 81' lang='lat' dir='ltr'>dis-</span> 
     </span>
    </p>
   </div>
   <div class='ocr_carea' id='block_1_13' title="bbox 1230 2640 1969 2686">
    <p class='ocr_par' dir='ltr' id='par_1_16' title="bbox 1230 2640 1969 2686">
     <span class='ocr_line' id='line_1_98' title="bbox 1230 2640 1969 2686; baseline -0.005 -8"><span class='ocrx_word' id='word_1_507' title='bbox 1230 2643 1477 2678; x_wconf 83' lang='lat' dir='ltr'>membrationis</span> <span class='ocrx_word' id='word_1_508' title='bbox 1496 2670 1504 2686; x_wconf 94' lang='lat'>,</span> <span class='ocrx_word' id='word_1_509' title='bbox 1539 2642 1712 2678; x_wconf 85' lang='lat' dir='ltr'>ablationis</span> <span class='ocrx_word' id='word_1_510' title='bbox 1729 2668 1737 2684; x_wconf 91' lang='lat'>,</span> <span class='ocrx_word' id='word_1_511' title='bbox 1778 2640 1969 2683; x_wconf 88' lang='lat' dir='ltr'>delationis,</span> 
     </span>
    </p>
   </div>
   <div class='ocr_carea' id='block_1_14' title="bbox 1982 2591 2206 2623">
    <p class='ocr_par' dir='ltr' id='par_1_17' title="bbox 1982 2591 2206 2623">
     <span class='ocr_line' id='line_1_99' title="bbox 1982 2591 2206 2623; baseline 0 -11"><span class='ocrx_word' id='word_1_512' title='bbox 1982 2593 2123 2623; x_wconf 70' lang='lat' dir='ltr'>temeratores</span> <span class='ocrx_word' id='word_1_513' title='bbox 2133 2591 2172 2612; x_wconf 84' lang='lat' dir='ltr'>hu·</span> <span class='ocrx_word' id='word_1_514' title='bbox 2204 2620 2206 2622; x_wconf 68' lang='lat'>‚</span> 
     </span>
    </p>
   </div>
   <div class='ocr_carea' id='block_1_15' title="bbox 1981 2618 2122 2640">
    <p class='ocr_par' dir='ltr' id='par_1_18' title="bbox 1981 2618 2122 2640">
     <span class='ocr_line' id='line_1_100' title="bbox 1981 2618 2122 2640; baseline 0 0"><span class='ocrx_word' id='word_1_515' title='bbox 1981 2625 2014 2640; x_wconf 78' lang='lat' dir='ltr'>lus</span> <span class='ocrx_word' id='word_1_516' title='bbox 2031 2618 2122 2640; x_wconf 78' lang='lat' dir='ltr'>decreti.</span> 
     </span>
    </p>
   </div>
   <div class='ocr_carea' id='block_1_16' title="bbox 2190 314 2232 3178">
    <p class='ocr_par' dir='ltr' id='par_1_19' title="bbox 2190 314 2232 3178">
     <span class='ocr_line' id='line_1_101' title="bbox 2190 314 2232 3178; baseline 0 0"><span class='ocrx_word' id='word_1_517' title='bbox 2190 314 2232 3178; x_wconf 95' lang='lat' dir='ltr'> </span> 
     </span>
    </p>
   </div>
  </div>
 </body>
</html>
