2232 3178
277 168 325 195 Αη.
346 167 460 195 c.1737
505 159 570 192 ⁶294

472 217 606 260 putandi
649 217 862 250 demandetur
902 220 933 248 et
971 217 1210 256 committatur,

472 274 569 312 atque
596 270 724 302 insimul
753 269 961 308 exhortetur,
989 274 1040 309 ut„
1067 270 1216 312 quemad-

476 323 607 355 modum
634 332 692 365 pro
720 321 889 363 religionis
913 323 982 354 zelo
1011 328 1071 354 tam
1107 322 1215 354 excel-

475 376 546 408 lens
582 380 614 407 etv
648 379 754 406 tantae
786 374 933 406 utilitatis
967 384 1048 417 opus
1073 374 1214 417 incepit,

475 429 516 460 ita
541 427 718 459 maioribus
749 427 960 459 incrementis
991 428 1151 469 adaugere
1181 438 1217 459 ac

474 479 631 523 perticere
669 485 870 522 perseveret,
897 481 1009 522 procul
1048 480 1146 512 dnbio
1180 480 1217 511 ti-

474 533 626 565 mendum
660 532 716 571 sit,
738 543 778 565 ne
812 533 849 565 ad
886 543 973 572 eam,
1001 543 1096 576 quam
1130 533 1214 565 idem

474 586 631 628 Iosephus
664 586 762 618 Maria
793 586 954 625 intendit,
981 586 1215 629 perfectionem

475 649 641 681 nunquam
670 639 840 681 pervenire
867 639 988 682 possit,
1022 639 1086 672 imo
1119 641 1215 672 ctiam

474 691 697 734 imperfectum
725 691 945 734 relinquatur:
971 702 1008 724 ac
1040 697 1217 735 propterea

473 744 609 787 praefati
625 750 827 787 exponentes
843 745 936 777 nobis
955 745 1124 778 humiliter
1143 756 1216 788 sup-

473 797 586 840 plicari
607 798 752 830 fecerunt
773 803 805 830 ut
831 798 862 830 in
889 798 1076 840 praemissis
1102 808 1216 841 oppor-

475 855 551 884 tune
576 851 751 893 providere
773 856 804 883 et
821 856 855 883 ut
880 851 962 883 inl'ra
981 852 1019 883 de
1039 851 1216 894 apostolica

474 903 676 945 benignitate
703 903 871 945 indulgere
895 904 1126 946 dignaremur:

519 956 533 999 ἓ
559 956 591 989 3.
610 957 674 989 Nos
694 956 799 998 igitur,
815 956 1000 999 praedictos
1015 962 1216 1000 exponentes

291 967 403 987 ‹t‹›1=innttit
417 966 463 986 1:1³-

293 1002 310 1013 '‘
337 1001 356 1039 ³¹
391 1000 407 1038 ii
432 1001 671 1052 ..‘.'3specialibt1s
699 1009 858 1042 favoribus
880 1014 910 1042 ct
936 1009 1046 1052 gratiis
1063 1009 1215 1052 prosequi

279 1054 308 1092 1¹⁴
380 1054 389 1065 ⁰
411 1053 462 1091 ·‹=‘'·.›-'
472 1063 629 1102 volentes,
653 1072 829 1105 eorumque
855 1062 1036 1104 singulares
1061 1072 1217 1105 personas

280 1104 304 1145 fii
473 1125 490 1147 a
515 1115 682 1158 quibusvis
707 1115 1061 1155 excommunicationis,
1087 1125 1218 1158 suspen-

279 1153 305 1199 ΞΓ.
408 1185 426 1198 ιο
440 1162 573 1201 thetonis
592 1174 623 1201 et
639 1168 815 1207 interdicti,
830 1168 967 1211 aliisque
987 1168 1216 1200 ecclesiasticis

279 1208 655 1278 {gsi'ssss¹¹¹,¹,‚ss,':l,3‘¹''semenffis’
675 1221 821 1254 censuris
841 1226 872 1253 et
892 1221 1016 1264 poenis,
1038 1232 1055 1253 a
1076 1221 1144 1254 iure
1170 1221 1216 1254 vel

474 1274 513 1306 ab
541 1274 673 1307 homine
692 1300 698 1313 ,
726 1274 836 1317 quavis
863 1274 1034 1307 occasIOne
1053 1276 1100 1307 vel
1120 1276 1217 1307 causa

474 1328 557 1369 latis,
575 1328 601 1360 si
624 1328 740 1371 quibus
770 1328 1015 1371 quomodolibet
1040 1328 1215 1361 innodatae

475 1381 629 1421 existunt,
651 1381 689 1413 ad
705 1380 1218 1423 effectumpraesentiumdumta-

474 1439 528 1466 xat
552 1435 836 1477 consequendum,
865 1435 979 1467 haruin
1006 1435 1090 1468 serie
1116 1435 1218 1468 absol-

474 1493 584 1520 ventes
610 1494 642 1520 et
667 1488 829 1520 absolutas
856 1488 923 1521 sore
949 1493 1133 1528 censentes,
1158 1488 1218 1520 hu-

475 1540 614 1573 iusmodi
652 1541 885 1584 supplieationi
900 1540 920 1580 ¹,
945 1552 980 1574 ac
1005 1542 1103 1574 etiam
1129 1547 1216 1574 motu

475 1593 611 1636 proprio
638 1597 668 1627 et
693 1605 729 1627 ex
756 1596 843 1627 certa
868 1594 1003 1627 scientia
1032 1605 1067 1627 ac
1093 1596 1218 1627 matura

477 1646 719 1680 deliberatione
745 1647 872 1687 nostris,
893 1648 997 1691 deque
1019 1648 1217 1691 apostolicae

476 1700 649 1743 potestatis
675 1701 900 1744 plenitudine,
927 1702 1063 1744 praefati
1089 1701 1217 1744 Iosephi

476 1753 595 1786 Mariae
632 1764 758 1787 omnem
795 1765 902 1787 curam
944 1760 976 1787 et
1014 1754 1218 1797 diligentiam

477 1806 538 1839 hae
562 1806 595 1838 in
620 1817 654 1839 re
681 1807 858 1840 adhibitam
885 1807 1058 1850 plurimum
1096 1807 1127 1839 in
1159 1807 1219 1840 Do-

477 1859 563 1892 mino
589 1860 867 1901 commendantes,
893 1860 1018 1901 eidem,
1046 1861 1150 1904 quoad
1176 1860 1219 1892 vi-

477 1913 569 1953 xerit,
596 1918 627 1945 et
652 1912 683 1945 in
710 1923 917 1956 quocumque
944 1918 1026 1946 statu
1063 1918 1094 1945 et
1119 1913 1219 1955 gradu

480 1971 543 1999 tam
569 1965 654 1998 intra
680 1976 774 2009 quam
799 1971 887 1999 extra
916 1966 1094 2009 praefatum
1130 1965 1220 1999 Ordi-

477 2029 552 2052 nem
577 2029 708 2062 semper
733 2025 765 2052 et
785 2020 1090 2063 quomodocumque
1113 2019 1220 2053 extite-

478 2071 531 2112 rit,
557 2076 654 2104 totam
681 2071 1013 2113 administrationem,
1040 2073 1219 2105 custodiam

479 2128 512 2156 et
530 2124 749 2157 omnimodam
767 2125 1003 2168 praefecturam
1023 2130 1085 2157 tam
1104 2124 1220 2157 biblio-

480 2177 595 2211 thecae
622 2188 716 2221 quam
743 2177 862 2210 archivi
896 2178 1058 2220 generalis
1090 2177 1220 2220 praedi-

480 2235 618 2271 ctorum,
639 2241 709 2262 eum
728 2230 878 2263 omnibus
905 2235 936 2263 et
960 2230 1095 2273 singulis
1120 2240 1220 2262 anne-

481 2283 527 2316 xis
545 2288 576 2316 et
593 2283 756 2324 connexis,
770 2283 1012 2324 committimus,
1027 2282 1219 2315 mandamus

482 2341 514 2370 et
553 2336 775 2378 iniungimus,
812 2347 942 2370 necnon
983 2335 1112 2369 aedium
1153 2336 1220 2369 sive

480 2390 687 2423 mansionum
723 2391 762 2423 ab
788 2390 858 2433 ipso
884 2390 1021 2433 Iosepho
1046 2389 1143 2422 Maria
1169 2400 1221 2422 ex-

482 2449 661 2478 tructarum
696 2453 788 2476 usum
827 2449 859 2476 et
891 2443 1123 2476 habitationem
1149 2453 1220 2476 eum

1052 168 1237 192 BULLARIUM
1260 166 1419 192 ROMANUM

2004 166 2054 194 An.
2075 166 2103 194 C.
2118 167 2186 198 1737

1261 216 1366 258 quoad
1403 215 1531 255 vixerit,
1562 220 1597 248 ut
1631 215 1859 259 praemittitur,
1894 215 2001 249 eidem

1261 268 1469 301 concedimus
1496 274 1528 301 et
1552 269 1773 312 impertimur,
1799 279 1834 301 ao
1866 269 2001 312 insuper

1260 321 1545 355 bibliothecarimn
1582 327 1613 356 et
1637 322 1841 355 archivistam
1869 331 2001 365 genera-

1261 375 1333 413 lem,
1360 386 1428 407 cum
1456 375 1569 408 ceteris
1591 375 1661 408 aliis
1685 374 1840 408 ministris
1876 380 1906 408 et
1932 375 2001 408 osti-

1261 427 1398 460 eialibus
1436 428 1496 471 ipsi
1534 428 1713 467 benevisis,
1740 434 1774 461 ut
1798 428 2000 470 praefertur,

1262 480 1356 523 eique
1393 480 1572 521 subiectos,
1599 481 1816 514 constituendi
1844 486 1875 514 et
1901 481 2002 524 depu-

1262 534 1367 573 tandi,
1394 534 1576 566 saeultatem
1613 533 1736 577 pariter
1773 533 1943 566 tribuimus
1970 538 2002 566 et

1261 586 1427 628 largimur.

1306 640 1321 680 ἓ
1347 639 1379 672 4.
1407 640 1561 672 Volumus
1598 645 1706 673 autem
1733 645 1767 673 ut
1793 645 1855 673 tam
1880 639 2000 673 biblio·
2023 650 2192 681 ,Proprias-mn.

1262 692 1423 726 thocarius
1440 704 1532 736 quam
1551 694 1721 726 archivista
1735 693 1917 726 huiusmodi
1937 693 2001 736 pie·
2011 676 2192 733 {p'ssssffiwf'g'sslssss

1265 750 1346 785 tate,
1374 746 1521 779 doctrina
1547 752 1578 779 et
1603 747 1754 788 religiosa
1779 746 1998 787 observantia,
2011 732 2090 781 {liffi
2101 732 2141 752 Μ’
2160 736 2192 752 ³⁸⁸

1261 799 1441 842 ceterisque
1475 799 1644 832 virtutibus
1682 800 1827 842 insignes
1861 799 1900 832 de
1925 809 2001 843 pro-

1260 852 1364 885 vincia
1390 852 1530 885 Romana
1556 853 1728 895 eligantur,
1754 863 1790 885 ac
1814 852 1878 884 sint
1902 853 2001 885 lecto-

1261 916 1312 938 res
1339 905 1473 938 iubilati.
1502 904 1558 943 Qui
1585 915 1663 938 sane
1684 905 1952 938 bibliothecarius
1970 910 2002 938 et

1260 958 1433 991 archivista
1448 959 1616 1000 genera-lis,
1632 969 1757 992 necnon
1779 959 2001 1001 chronologus

1260 1010 1388 1044 Ordinis
1413 1009 1549 1053 aliique¹
1575 1011 1711 1043 ministri
1737 1011 1930 1051 subalterni,
1950 1011 2000 1044 do-

1261 1074 1322 1096 nee
1357 1063 1427 1106 ipse
1464 1063 1623 1106 losephus
1660 1063 1758 1096 Maria
1793 1064 1823 1095 in
1850 1063 2001 1096 humanis

1261 1117 1366 1155 suerit,
1395 1116 1541 1149 habitent
1568 1116 1598 1149 in
1621 1115 1842 1149 mansionibus
1859 1117 1923 1149 sive
1941 1117 2002 1149 ecl-

1261 1170 1299 1202 lis
1324 1170 1384 1202 sibi
1412 1170 1443 1202 in
1469 1176 1627 1203 conventu
1665 1170 1830 1213 praedicto
1859 1170 2003 1213 assigna-

1262 1223 1314 1263 tis,
1341 1234 1395 1256 seu
1421 1223 1633 1265 assignandis3
1659 1228 1733 1266 post
1754 1223 1901 1256 eiusdem
1924 1233 2001 1256 vero

1260 1276 1387 1319 Iosephi
1406 1276 1522 1309 Mariae
1544 1282 1694 1316 mortem,
1708 1281 1951 1309 commorentur
1969 1275 2002 1308 in

1261 1329 1404 1369 aedibus,
1423 1329 1487 1362 sive
1505 1329 1739 1369 mansionibus,
1758 1340 1893 1372 quarum
1910 1339 2001 1361 usum

1263 1387 1294 1415 et
1319 1382 1553 1415 habitationem
1579 1382 1640 1425 ipsi
1659 1383 1797 1425 losepho
1820 1382 1935 1416 Mariae
1962 1382 2001 1415 ad

1263 1435 1312 1467 sui
1337 1434 1431 1468 vitam
1458 1434 1675 1468 attribuimus.

1307 1488 1322 1531 ᾗ
1347 1488 1376 1520 5.
1402 1488 1532 1528 Verum,
1556 1493 1590 1520 ut
1614 1488 1838 1531 provfflentiae
1871 1494 2002 1522 nostrae
2026 1495 2122 1516 Ministro
2134 1501 2194 1522 sen·-

2224 831 2232 886 --..ι..
2222 681 2232 816 --,;ι..;..
2224 582 2232 674 *Ag-2„
2230 556 2232 565 ..

2014 1523 2053 1543 nli
2068 1525 2089 1543 et
2100 1522 2194 1543 commis·
2228 1533 2232 1540 -

1263 1541 1432 1574 decretum
1459 1541 1647 1574 huiusmodi
1672 1542 1796 1574 firmius
1830 1542 1862 1574 in
1887 1552 2003 1585 perpe·
2014 1549 2069 1570 sario
2084 1549 2194 1570 cismonta-
2217 1556 2221 1577 ς

2013 1582 2040 1596 ιιι)
2076 1575 2195 1601 praedicto·
2217 1583 2232 1591 ί·

1263 1599 1351 1627 tuum
1378 1594 1530 1627 subsistat
1555 1599 1585 1627 et
1610 1600 1755 1627 servetur
1785 1595 1938 1634 exactius,
1972 1605 2003 1627 a-
2015 1608 2059 1622 rum
2073 1601 2219 1635 exequutio-j»,

2014 1635 2060 1650 nem
2076 1627 2193 1650 demandat.
2214 1638 2216 1659 5
2230 1643 2232 1648 ,

1263 1647 1423 1691 postolica
1448 1647 1637 1680 auctoritate
1677 1648 1824 1681 ministro
1861 1647 2003 1691 generali

1264 1706 1295 1734 et
1319 1700 1542 1734 commissario
1576 1701 1718 1743 generali
1756 1712 1816 1745 pro
1855 1707 2002 1745 tempore

1264 1754 1404 1787 familiae
1446 1754 1666 1787 cismontanae
1702 1754 1831 1788 Ordinis
1867 1755 2004 1799 praefati

1263 1806 1295 1839 in
1337 1807 1454 1839 virtute
1488 1812 1616 1840 sanctae
1651 1806 1855 1840 obedientiae
1892 1811 2005 1841 tenore

1263 1859 1485 1903 praesentium
1504 1860 1732 1893 committimus
1759 1865 1789 1893 et
1813 1861 2003 1893 mandamus

1264 1914 1395 1945 totalem
1422 1913 1681 1956 praemissorum
1708 1913 1941 1953 executionem,
1964 1918 2006 1946 at-

1265 1977 1327 2009 que
1353 1969 1386 1999 ut
1410 1965 1516 1998 omnia
1543 1971 1573 1998 et
1597 1966 1724 2008 singula
1763 1966 1794 1998 in
1827 1966 1917 1999 hisee
1949 1976 2007 1999 no-

1264 2019 1335 2052 stris
1360 2023 1511 2052 eontenta
1537 2023 1567 2051 et
1591 2024 1707 2052 statuta
1731 2024 1827 2062 atque
1860 2020 2003 2061 decreta,

1264 2076 1359 2115 prout
1384 2075 1497 2104 statuta
1523 2076 1551 2103 et
1569 2071 1699 2104 decreta
1718 2077 1803 2112 sunt,
1831 2072 1872 2104 ita
1897 2073 2006 2106 obser-

1264 2124 1330 2158 vari
1357 2130 1387 2157 et
1413 2124 1616 2157 manuteneri
1642 2125 1748 2158 saciat.

1310 2178 1324 2221 ἓ
1350 2177 1379 2210 Γ).
1406 2178 1638 2218 Decernentes,
1662 2178 1791 2211 easdem
1816 2183 2195 2237 praesentesuffiff'ssf'fi‘oe‘tf

1265 2231 1387 2263 litteras
1413 2241 1543 2274 semper
1568 2230 1685 2271 sirmas,
1705 2231 1827 2264 validas
1845 2237 1878 2264 et
1899 2232 2005 2265 effica-
2017 2239 2048 2264 pn
2062 2238 2150 2259 servari.

1265 2294 1317 2316 ecs
1346 2284 1483 2317 existere
1506 2289 1537 2317 et,
1563 2285 1645 2325 sore,
1673 2295 1813 2328 suosque
1838 2285 2006 2329 plenarios

1265 2342 1296 2369 et
1323 2337 1468 2380 integros
1495 2338 1626 2371 effectus
1645 2338 1755 2370 sortiri
1780 2344 1811 2372 et
1836 2339 2007 2378 obtinere,

1265 2401 1301 2423 ac
1327 2390 1398 2430 illis,
1418 2391 1457 2423 ad
1482 2401 1563 2434 quos
1589 2396 1714 2434 spectat
1732 2397 1764 2424 et
1783 2402 1841 2434 pro
1861 2397 2006 2435 tempore

1266 2443 1539 2487 quandocumque
1565 2444 1733 2487 spectabit,
1753 2444 1784 2476 in
1805 2445 1957 2478 omnibus
1975 2451 2007 2478 et

483 2497 633 2531 omnibus
651 2502 682 2530 et
700 2496 838 2539 singulis
860 2497 892 2529 in
915 2496 1035 2529 eisdem
1053 2496 1222 2537 contentis,
1266 2507 1326 2539 per
1351 2497 1460 2531 omnia
1485 2497 1675 2540 plenissime
1701 2496 1886 2541 suffragari,
1914 2503 1946 2531 et
1965 2498 2004 2531 ab

520 2561 530 2586 1
553 2559 631 2587 Deest
651 2559 789 2588 'inclinati
807 2559 846 2594 (n.
863 2559 912 2594 τ.).

1300 2560 1313 2586 ‘l
1338 2559 1408 2586 Edit.
1430 2560 1513 2587 Main.
1536 2559 1601 2595 legit
1619 2559 1745 2594 aliisque
1766 2559 1863 2596 (nuh).
