2232 3178
59 256 106 281 Αη.
127 253 156 280 C.
174 251 240 279 1738

247 309 303 333 cae
339 298 503 332 firmitatis
541 299 641 333 robur
676 298 864 332 adiicimus:
903 298 990 331 salva

859 248 1000 274 CLEMENS
1022 248 1068 272 xn
1091 248 1140 272 1³1⁷.

1671 238 1731 272 511

1075 297 1191 330 Datum
1217 297 1350 338 Romae,
1381 298 1466 341 apud
1493 297 1523 330 S.
1556 297 1686 330 Mariam
1711 296 1774 329 Ma-

1783 248 1830 273 An,
1853 248 1881 274 C.
1901 248 1967 275 ¹738

247 357 354 386 tamen
380 363 509 396 semper
534 352 567 385 in
592 352 780 395 praemissis
798 351 989 384 auctoritate
1032 350 1156 391 iorem,
1187 351 1246 384 sub
1273 352 1394 385 annulo
1428 351 1623 391 piscatoris,
1648 351 1700 384 die
1737 361 1774 384 xx

247 410 446 438 memoratae
468 404 741 448 Congregationis
762 405 987 437 cardinalium.
1033 403 1218 437 decembris
1244 414 1468 445 nnecxxxvm,
1494 404 1702 448 pontificatus
1721 414 1774 436 no-

85 471 235 503 mmmmm·
291 458 305 501 ᾗ
329 457 361 491 6.
389 458 618 497 DecernenteS,
643 458 771 490 easdem
799 462 990 499 praesentes

56 503 372 548 {l'lttlitlssffissllinei-as
397 510 522 550 sirmas,
548 510 670 543 validas
695 516 727 542 et
753 510 902 543 efficaces
929 510 991 542 exi-

246 570 329 598 stere
356 569 387 597 et
413 565 500 603 sore,
527 574 668 606 suosque
693 563 859 606 plenarios
886 568 917 595 et
942 564 991 596 in-

247 623 356 659 tegros
384 616 516 650 effectus
550 616 660 649 sortiri
687 621 718 649 et
750 616 916 655 obtinere,
954 626 990 648 ac

245 669 326 710 illis,
360 670 399 702 ad
426 680 507 713 quos
539 675 664 711 spectat
699 675 730 702 et
762 669 921 712 spectabit
957 669 989 701 in

246 723 407 762 futurum,
434 722 621 766 plenissime
659 721 851 764 suffragari,
885 727 916 753 et
951 721 989 753 ab

246 776 292 809 eis
330 775 508 819 respective
546 775 775 808 inviolabiliter
800 774 987 814 observari·‚

245 829 356 872 sicque
383 828 414 860 in
447 828 632 871 praemissis
668 838 727 870 per
764 838 988 871 quoscumque

245 882 371 915 iudieex
399 882 585 915 ordinarios
611 883 660 915 vel
687 882 865 924 delegatos,
893 881 988 914 etiam

245 946 413 968 causarum
450 935 561 978 palatii
599 934 769 978 apostolici
805 934 987 972 auditores,

244 988 379 1021 iudicari
405 994 437 1020 et
462 987 591 1021 definiri
618 988 760 1027 debere,
787 998 822 1020 ac
860 987 988 1020 irritum

247 1048 278 1076 ct
304 1042 412 1082 inane,
437 1042 461 1074 si
480 1053 573 1075 secus
591 1053 689 1086 super
707 1043 757 1074 liis
775 1053 792 1074 a
811 1052 985 1085 quoquam,

245 1096 358 1139 quavis
391 1096 601 1135 auctoritate,
635 1096 775 1129 scienter
811 1096 859 1128 vel
898 1095 989 1138 igno-

245 1154 373 1189 ranter,
401 1150 575 1192 contigerit
600 1149 765 1182 attentari.

290 1204 307 1245 ἕ
333 1202 363 1235 7.
391 1202 461 1235 Non
480 1203 684 1235 obstantibus
702 1202 989 1235 constitutionibus

246 1261 278 1288 et
303 1255 568 1288 ordinationibus
594 1255 794 1298 apostolicis,
821 1266 880 1288 nec
911 1266 988 1294 non,

247 1313 406 1353 quatenus
432 1319 513 1351 opus
539 1308 595 1348 sit,
623 1308 769 1341 eiusdem
793 1308 988 1351 provinciae,

245 1372 281 1394 ac
306 1361 466 1405 praedicti
484 1362 689 1405 aliorumque
709 1371 988 1405 quorumcumque

245 1415 420 1455 ordinum,
447 1416 741 1458 congregationum
775 1415 823 1447 vel
861 1415 989 1447 institu-

246 1473 375 1508 torum,
405 1472 437 1501 et
463 1468 558 1501 etiam
585 1468 790 1508 iuramento,
818 1467 989 1501 confirma—

247 1522 336 1555 tione
369 1521 573 1565 apostolica,
608 1523 657 1554 vel
692 1522 802 1565 quavis
839 1521 987 1555 firmitate

246 1575 307 1608 alia
334 1574 517 1615 roboratis,
546 1574 671 1607 statutis
710 1580 740 1607 et
778 1575 989 1608 consuetudi-

246 1629 362 1669 nibus,
389 1629 571 1672 pririlcgiis
606 1640 754 1672 quoque,
788 1629 921 1662 indultis
959 1635 989 1662 et

246 1682 362 1716 litteris
389 1683 577 1725 apostolicis
604 1682 634 1714 iu
661 1682 858 1715 contrarium
894 1693 989 1726 prae-

245 1734 421 1768 missorum
443 1735 694 1778 quomodolibet
717 1735 895 1776 concessis,
912 1746 990 1769 con-

244 1785 382 1818 firmatis
408 1791 439 1818 et
465 1786 644 1827 innovatis,
677 1786 796 1829 quibus
834 1787 988 1819 omnibus

245 1842 276 1872 et
292 1839 441 1881 singulis,
460 1838 591 1871 illorum
611 1844 740 1872 tenores
760 1840 988 1882 praesentibus

244 1903 305 1935 pro
330 1893 429 1935 plene
462 1897 493 1924 et
527 1892 728 1925 sufficienter
753 1893 917 1936 expressis
953 1904 990 1926 ac

246 1946 285 1978 de
311 1946 409 1978 verbo
436 1945 473 1978 ad
501 1945 635 1978 verbum
661 1946 792 1978 insertis
819 1947 988 1987 habentes,

246 1998 311 2032 illis
337 1999 416 2031 alias
442 1998 473 2031 in
500 2009 557 2031 suo
591 1999 709 2032 robore
742 2000 986 2042 permansuris,

247 2052 284 2085 ad
301 2052 556 2096 praemissorum
575 2051 736 2092 effectum,
752 2053 811 2085 hac
825 2053 891 2086 vice
904 2054 991 2087 dum-

247 2111 343 2147 taxat,
357 2105 545 2149 specialiter
559 2110 590 2138 et
604 2116 755 2149 expresse
770 2106 968 2150 derogamus
981 2118 989 2148 ;

247 2159 432 2202 ceterisque
457 2159 628 2192 contrariis
653 2159 922 2204 quibuscumque.

291 2212 306 2255 ἓ
335 2211 367 2245 8.
401 2211 555 2244 Volumus
588 2217 696 2245 autem
733 2218 769 2245 ut
801 2214 990 2253 earumdem

247 2264 467 2308 praesentium
485 2264 668 2297 litterarum
691 2267 911 2310 transumptis,
933 2277 990 2299 seu

247 2317 418 2361 exemplis,
438 2317 533 2350 etiam
548 2317 726 2360 impressis,
741 2330 836 2351 manu
856 2320 991 2352 alieuius

247 2370 366 2403 notarii
403 2370 525 2413 publici
562 2371 778 2414 subscriptis,
813 2378 844 2404 et
881 2372 991 2415 sigillo

249 2434 411 2467 personae
438 2423 469 2456 in
496 2423 719 2457 ecclesiastica
738 2424 893 2467 dignitate
915 2436 992 2459 con-

249 2477 380 2511 stitutae
412 2478 569 2518 munitis,
596 2478 709 2512 eadem
744 2488 877 2521 prorsus
911 2478 990 2512 tides

248 2531 370 2575 ubique
400 2536 463 2564 tam
483 2531 515 2564 in
533 2531 653 2564 iudicio
680 2541 774 2574 quam
794 2536 883 2564 extra
900 2532 992 2565 adhi-

248 2583 375 2623 beatur,
412 2594 495 2627 quae
526 2584 604 2627 ipsis
639 2584 868 2627 praesentibus
900 2585 991 2618 adhi-

248 2637 384 2673 beretur
402 2639 428 2671 si
444 2638 549 2671 forent
566 2638 731 2671 exhibitae
754 2638 803 2672 vel
825 2644 988 2673 ostensae.

103 1210 234 1231 obstantium

58 1238 171 1263 derogatio.

95 2217 236 2243 Transnmplis

60 2243 126 2263 dan-ta
142 2245 200 2264 tides.

1033 457 1088 488 stri
1118 467 1203 490 anno
1229 468 1270 490 ix.

1068 519 1126 545 nat.
1144 519 1189 544 die
1209 519 1243 545 20
1258 519 1416 545 decembris
1436 520 1511 552 1738,
1534 519 1631 554 pontif.
1649 527 1721 545 anno
1737 525 1774 544 lx.

1321 662 1486 694 CCXLYll.

1034 740 1243 782 Confirmatio
1268 741 1489 774 institutionis
1514 742 1707 774 missionum
1736 742 1776 774 ab

1076 794 1315 837 archiepiscopo
1333 795 1577 838 Salisburyensi
1594 796 1628 827 in
1646 795 1776 828 civitate

1076 847 1322 890 Salisburqensi
1357 849 1481 890 faciae,
1514 859 1551 880 ac
1582 849 1775 890 reqularmn

1075 912 1112 933 ac
1126 900 1233 943 [caum
1249 912 1309 944 pro
1324 903 1540 934 missionariis
1557 902 1776 941 conclilarmn,

1075 959 1103 986 et
1139 965 1159 986 α
1197 955 1452 997 Conyreqauone
1484 955 1522 987 cle
1553 955 1777 998 Propaglamlci

1075 1007 1158 1040 Fide
1182 1008 1453 1051 approbaturum.

1245 1087 1379 1114 Clemens
1401 1088 1478 1121 Papa
1498 1088 1561 1119 XII,

1174 1131 1210 1158 ad
1230 1132 1362 1158 futuram
1382 1132 1426 1159 rei
1447 1132 1629 1159 memoriam.

1077 1202 1242 1234 Pastorum
1285 1202 1438 1245 princeps
1478 1203 1567 1235 lesus
1609 1202 1776 1241 Christus,
1815 1213 1958 1233 Prooemium.

1032 1255 1122 1287 cuius
1147 1257 1299 1298 suprema
1325 1255 1357 1286 in
1395 1255 1577 1288 catholicae
1614 1256 1776 1288 Ecclesiae

1032 1307 1261 1351 procuratione
1280 1307 1375 1348 vices,
1391 1319 1449 1351 per
1468 1308 1631 1341 ineffabile
1650 1308 1776 1341 divinae

1034 1361 1259 1404 providentiae
1271 1361 1443 1394 consilium
1456 1361 1632 1394 infirmitati
1646 1367 1776 1394 nostrae

1033 1415 1254 1455 demandatas,
1278 1415 1376 1458 plane
1402 1415 1609 1448 immerentes
1637 1426 1696 1448 nos
1723 1426 1778 1458 ge-

1034 1467 1141 1507 rimus,
1168 1469 1205 1500 ea
1231 1467 1432 1511 pontificium
1450 1469 1592 1501 animum
1614 1473 1775 1509 nostrum,

1033 1521 1064 1552 iu
1091 1520 1205 1553 ovibus
1242 1531 1300 1553 suo
1337 1521 1494 1564 sanguine
1529 1521 1707 1564 redemptis
1746 1527 1778 1553 et

1032 1584 1089 1617 per
1113 1573 1195 1606 viam
1222 1579 1373 1607 aeternae
1400 1574 1592 1617 perditionis
1611 1574 1778 1617 pergenti-

1032 1626 1091 1659 bus
1110 1627 1148 1658 ad
1164 1626 1382 1659 orthodoxum
1401 1627 1484 1659 ovile
1505 1627 1700 1659 reducendis
1718 1628 1779 1660 sol-

1033 1679 1165 1718 licitum,
1188 1679 1334 1712 caelestis
1361 1680 1598 1712 consolationis
1624 1680 1718 1723 copia
1744 1685 1777 1713 et

1033 1732 1175 1765 laetitiae
1209 1732 1433 1775 magnitudme
1465 1735 1631 1766 cumulare
1665 1734 1778 1776 digna-

1034 1791 1084 1818 tus
1122 1791 1191 1826 est,
1235 1791 1268 1818 ut
1312 1785 1428 1829 gaudio
1473 1787 1778 1830 superabundantes

1033 1839 1216 1872 incredibili
1256 1839 1430 1872 iubilemus
1466 1839 1530 1872 Deo
1564 1839 1596 1872 in
1630 1851 1707 1873 voce
1745 1851 1778 1873 e-

1034 1893 1231 1926 xultationis.

1078 1948 1092 1991 ἓ
1129 1947 1159 1979 ’1.
1198 1945 1290 1979 Enim
1331 1957 1407 1979 vero
1444 1947 1640 1980 venerabilis
1681 1947 1779 1980 frater
1823 1956 1973 1992 *mergi-’necq-

1035 1999 1221 2044 Lcopoldus
1248 1999 1516 2043 archiepiscopus
1534 2000 1777 2044 Saliburgensis
1789 1982 1973 2045 Effiwfffthissfiss‘-

1034 2064 1094 2097 pro
1120 2053 1235 2086 eximia
1259 2052 1379 2096 pietate
1405 2055 1470 2093 sua,
1491 2053 1650 2096 singulari
1670 2036 1973 2087 ονῑίιο-ἓῖἶςιιιιιιιιῗιῗΓνωυέ

1036 2108 1136 2141 doxae
1169 2106 1341 2149 religionis
1374 2108 1464 2146 zelo,
1490 2107 1636 2140 iniuncto
1673 2113 1780 2150 pasto-

1036 2161 1112 2194 ralis
1137 2160 1308 2194 ministerii
1336 2171 1470 2194 munere
1496 2161 1682 2194 custodiens
1702 2161 1779 2203 vigi-

1035 2217 1094 2248 lias
1121 2225 1219 2258 super
1244 2225 1342 2257 grege
1368 2215 1428 2247 sibi
1455 2215 1639 2255 commisso,
1656 2217 1778 2248 summa

1035 2279 1107 2302 cum
1133 2268 1276 2301 nominis
1302 2269 1350 2300 sui
1378 2268 1470 2301 laude
1496 2268 1661 2301 laboribus
1681 2267 1780 2310 pluri-

1036 2321 1096 2354 mis
1122 2332 1158 2353 ac
1184 2321 1364 2364 dispendiis
1391 2332 1426 2353 ex
1455 2323 1523 2360 sua,
1549 2321 1579 2352 in
1607 2332 1670 2363 qua
1693 2331 1778 2353 com-

1035 2374 1258 2414 morabantur,
1295 2373 1495 2416 amplissima
1535 2372 1675 2405 dioecesi
1713 2372 1778 2405 eie-

1036 2427 1094 2459 ctis
1134 2436 1170 2458 ac
1206 2428 1319 2469 procul
1357 2426 1498 2469 expulsis
1534 2425 1779 2467 vigintiduobus

1036 2479 1180 2512 millibus
1207 2486 1239 2512 et
1264 2480 1403 2523 amplius
1430 2479 1622 2519 haereticis,
1649 2489 1777 2511 eorum-

1036 2533 1108 2566 dem
1137 2538 1239 2565 terras
1265 2533 1446 2565 catliolicae
1483 2532 1558 2564 fidei
1595 2532 1777 2565 cultoribus

1036 2586 1230 2618 habitandas
1256 2585 1416 2617 attribuit.

1824 2626 1971 2647 missionum

1077 2639 1149 2683 502.
1186 2639 1358 2672 Praeterea
1391 2637 1511 2672 veritus
1543 2648 1584 2672 ne
1619 2639 1973 2685 temporismant-numne„-
