2232 3178
255 191 303 218 An.
325 190 353 219 C.
372 191 438 219 1736

286 1626 348 1646 Putes
371 1626 441 1646 danna

260 1655 373 1678 transumpt
380 1658 403 1672 is.

484 182 547 215 :392

452 239 658 283 Apostolicae
685 238 796 280 regula
817 237 855 270 de
873 237 941 269 iure
961 235 1106 279 quaesito
1128 243 1191 267 non

453 293 597 327 tollendo
614 320 621 333 ‚
648 303 683 325 ac
710 291 810 324 felicis
836 288 1070 323 recordationis
1096 288 1191 321 Boni-

453 347 521 379 sattii
560 347 663 389 Papae
690 345 752 377 Ylll
789 342 1052 387 praedecessoris
1088 341 1190 374 nostri

453 400 490 432 de
510 401 583 439 una,
607 403 639 431 et
663 397 792 430 concilii
819 396 979 438 generalis
1006 395 1044 428 de
1070 393 1190 427 duabus

452 452 566 490 dictis,
601 451 683 483 itaut
708 450 817 491 vigore
851 448 1070 491 praesentium
1096 446 1189 479 etiam

452 505 535 536 ultra
560 504 638 536 duas
664 504 840 545 pluresque
867 501 969 534 dietas
995 500 1133 543 quilibet
1157 499 1190 531 in

451 555 604 588 iudicium
633 555 717 588 trahi
744 554 854 597 possit,
875 554 1010 596 aliisque
1036 552 1190 585 constitu-

453 608 593 640 tionibus
626 613 658 640 et
683 606 942 640 ordinationibus
976 604 1188 648 apostolicis,

453 671 581 693 necnon
609 659 684 692 dicti
718 658 888 702 hospitalis
914 663 945 691 et
970 657 1187 700 magistratus,

451 724 488 746 ac
515 712 725 746 tribunalium
750 711 1005 755 praedictorum,
1024 710 1120 743 etiam
1144 708 1190 741 iu-

451 771 616 805 ramento,
647 764 894 797 confirmatione
920 762 1108 807 apostolica,
1140 762 1190 794 vel

452 818 563 862 quavis
589 818 740 850 firmitate
765 818 827 850 alia
853 816 1035 856 roboratiS‚
1065 815 1191 848 statutis

452 877 483 904 et
508 870 820 911 consuetudinibus,
846 868 1096 909 stabilimentis,
1121 868 1191 900 usi-

452 925 511 957 bus
536 930 567 957 et
592 924 733 965 naturis,
760 934 796 955 ac
820 922 1080 956 ordinationibus
1106 921 1192 964 eapi-

454 978 620 1017 tularibus,
644 976 823 1020 privilegiis
850 986 991 1020 quoque,
1010 975 1144 1008 indultis
1161 980 1192 1007 et

451 1030 569 1064 litteris
594 1029 780 1074 apostolicis
807 1031 839 1062 ln
872 1027 1068 1062 contrarium
1099 1037 1192 1071 prae-

451 1084 624 1117 missorum
648 1082 894 1127 quomodolibet
918 1081 1096 1122 concessis,
1118 1091 1193 1113 con-

451 1138 588 1170 firmatis
613 1142 644 1170 et
678 1136 842 1170 innovatis
863 1147 870 1176 3
903 1135 1020 1179 quibus
1040 1134 1190 1168 omnibus

453 1195 485 1224 et
524 1191 685 1233 singulis,
713 1189 844 1222 illorum
878 1194 1010 1221 tenores
1036 1198 1192 1231 praesen-

452 1244 538 1276 tibus
556 1254 616 1287 pro
635 1243 734 1287 plene
754 1247 786 1276 et
810 1241 1009 1275 sufficienter
1028 1241 1193 1284 expressis

451 1307 489 1330 ac
509 1298 548 1330 de
574 1296 674 1329 verbo
696 1296 735 1329 ad
759 1296 893 1329 verbum
915 1294 1047 1328 insertis
1069 1295 1193 1327 haben-

453 1356 512 1390 tes,
539 1350 604 1383 illis
630 1349 709 1383 ali'as
735 1349 766 1381 in
803 1360 860 1382 suo
897 1349 1014 1381 robore
1045 1358 1194 1391 perman-

452 1399 550 1443 suris,
580 1403 619 1436 ad
647 1402 904 1445 praemissorum
933 1400 1101 1441 ellectum,
1133 1401 1194 1433 hac

452 1456 520 1490 vice
553 1457 731 1495 dumtaxat,
758 1455 948 1498 specialiter
978 1459 1008 1487 et
1042 1464 1194 1497 expresse

453 1511 670 1552 derogamus;
704 1508 885 1551 ceterisque
918 1507 1090 1541 contrariis
1124 1507 1195 1550 qui-

452 1564 666 1606 buscumque.

497 1617 512 1659 ξ
537 1615 591 1648 13.
620 1615 773 1648 Volumus
806 1619 912 1647 autem
934 1614 1019 1657 quod
1044 1624 1195 1658 praesen-

455 1669 533 1701 tium
560 1668 744 1701 litterarum
771 1667 994 1710 transumptis,
1011 1677 1066 1700 seu
1089 1677 1196 1700 exem-

453 1723 527 1766 plis,
546 1722 640 1755 etiam
662 1721 844 1764 impressis,
858 1731 954 1753 manu
980 1721 1116 1754 alicuius
1137 1731 1196 1754 no-

455 1776 526 1808 tarii
547 1775 667 1819 publici
691 1774 897 1818 subscriptis,
916 1779 947 1808 et
960 1774 1067 1817 sigillo
1086 1784 1196 1817 perso-

453 1840 514 1862 nae
546 1829 578 1861 in
613 1827 833 1861 ecclesiastica
858 1827 1015 1870 dignitate
1041 1828 1196 1861 eonstitu-

456 1887 507 1915 tae
533 1881 675 1921 munitis,
691 1881 804 1914 eadem
831 1891 963 1924 prorsus
977 1880 1058 1914 fides
1073 1880 1195 1924 ubique

455 1934 631 1974 habeatur,
653 1944 736 1977 quae
753 1933 831 1977 ipsis
849 1934 1078 1977 praesentibus
1096 1934 1197 1967 habe-

455 1993 546 2020 retur
570 1987 595 2019 si
622 1987 729 2020 forent
761 1986 926 2019 exhibitae
959 1986 1007 2019 vel
1032 1991 1193 2019 ostensae.

499 2041 613 2073 Datum
640 2041 772 2081 Romae,
791 2041 875 2083 apud
897 2040 927 2073 S.
949 2040 1078 2073 Mariam
1099 2040 1197 2073 Maio-

455 2104 536 2133 rem,
551 2093 610 2126 sub
628 2095 750 2126 annulo
773 2093 954 2133 piscatoris,
973 2093 1025 2126 die
1043 2103 1094 2126 xm
1116 2093 1195 2125 iunii

454 2157 673 2186 nnccxxxvnr,
689 2146 896 2189 pontificatus
910 2147 1013 2179 nostri
1028 2156 1113 2179 anno
1127 2157 1195 2180 vni.

491 2209 549 2237 Dat.
572 2209 615 2236 die
638 2209 669 2235 16
689 2209 754 2235 iunii
778 2209 855 2242 1738,
876 2209 972 2243 pontif.
995 2217 1064 2236 anno
1084 2216 1144 2236 vi11.

735 2342 914 2376 ccxxxw.

455 2412 643 2453 ludunum,
664 2417 700 2446 ut
719 2417 778 2446 tres
804 2412 977 2445 dumtaxat
1001 2412 1119 2455 fratres
1142 2412 1198 2447 Or-

500 2466 590 2499 dinis
614 2466 826 2499 eremitarum
860 2465 894 2499 S.
920 2466 1102 2509 Anqustini
1123 2476 1198 2509 pro-

503 2520 628 2553 vinciae
644 2520 701 2554 SS.
719 2520 871 2553 Nominis
894 2519 970 2553 Iesu
994 2519 1198 2563 antiquiores

502 2573 643 2607 doctores
666 2573 825 2617 yraduati
849 2573 884 2608 in
908 2573 1119 2608 universitate
1137 2573 1199 2606 Me-

1030 186 1214 211 BULLARIUM
1238 185 1395 210 ROMANUM

1279 233 1422 272 oeicanci,
1446 234 1503 276 qui
1527 232 1725 266 conditiones
1756 231 1798 264 ad
1817 232 1973 274 praemis-

1278 297 1345 319 sum
1371 286 1514 328 effectum
1538 286 1754 328 praescriptas
1778 284 1973 327 adimpleve-

1278 340 1358 378 rint,
1398 338 1583 381 privilessiis
1623 338 1856 381 maqi'strorum
1894 336 1974 369 dicti

1280 392 1414 425 Ordinis
1438 392 1488 424 uti
1512 391 1655 424 valeant.

1436 481 1570 507 Clemens
1592 481 1673 514 Papa
1692 480 1761 513 xn,

1369 526 1406 552 ad
1427 526 1564 552 futuram
1583 526 1631 552 rei
1653 525 1840 552 memoriam.

2169 0 2232 154 ‘ti

1981 182 2030 209 An.
2051 181 2079 209 c.
2094 181 2177 221 17³0.)
2219 204 2232 214 ,,

2222 183 2232 199 l

1279 606 1341 649 gl.
1358 605 1482 648 Exponi
1501 605 1596 638 nobis
1615 615 1722 648 nuper
1743 604 1817 637 fecit
1836 604 1973 637 dilectus
2023 612 2104 633 Causas
2118 614 2163 635 novi
2183 622 2184 641 3

1236 659 1321 691 nlius
1346 658 1482 691 Didacus
1507 658 1632 692 Salinas
1658 664 1689 691 et
1713 658 1870 698 Cabrera,
1897 667 1974 690 assi-

1236 717 1323 744 stens
1357 712 1518 755 generalis
1555 711 1731 755 Hispaniae
1757 722 1773 744 a
1806 710 1975 754 prorincia

1235 765 1289 798 SS.
1312 765 1458 798 Nominis
1479 765 1549 798 iesu
1569 764 1601 797 in
1618 775 1719 808 regno
1738 764 1901 797 Mexicano
1919 763 1975 797 Or-

1236 817 1320 850 dinis
1346 818 1477 850 fratrum
1503 817 1718 850 Eremitarnm
1744 816 1845 849 sancti
1867 818 1976 859 Angu-

1236 870 1309 902 stini
1329 876 1522 914 procurator
1542 870 1731 913 specialiter
1748 871 1921 912 deputatus
1941 869 1973 902 in

1236 925 1325 955 sacra
1352 923 1517 965 theologia
1543 923 1709 965 magister,
1729 922 1814 965 quod
1842 922 1874 954 in
1899 921 1975 954 civi-

1238 981 1300 1009 tate
1318 976 1480 1009 Mexieana
1500 976 1628 1019 publica
1649 976 1840 1009 auctoritate
1859 980 1890 1008 et
1908 974 1974 1019 pri-

1236 1029 1354 1071 vilegio
1373 1029 1465 1071 regio
1484 1029 1579 1062 studii
1599 1028 1762 1071 generalis
1779 1027 1972 1061 universitas

1237 1081 1389 1114 omnibus
1408 1081 1550 1115 numeris
1565 1081 1781 1115 celeberrima
1796 1085 1901 1114 erecta
1915 1079 1974 1113 exi-

1237 1135 1300 1176 stit,
1322 1135 1354 1167 in
1378 1146 1441 1178 qua
1461 1136 1571 1178 plures
1593 1134 1769 1168 cathedrae
1790 1133 1973 1176 sumptibus

1237 1188 1394 1220 carissimi
1420 1189 1452 1220 in
1471 1187 1601 1221 Christo
1619 1187 1676 1220 filii
1693 1187 1796 1220 nostri
1814 1186 1974 1230 Philippi,

1237 1252 1290 1275 sen
1318 1242 1422 1274 bonae
1448 1242 1636 1281 memoriae,
1656 1241 1730 1273 dum
1749 1239 1906 1281 vixerunt,
1925 1239 1976 1273 Ili-

1237 1295 1424 1338 spaniarum
1446 1305 1569 1338 regum,
1588 1295 1756 1327 institutae
1779 1299 1810 1327 et
1824 1294 1976 1328 fundatae

1239 1347 1470 1391 reperiuntur,
1498 1358 1581 1391 quae
1607 1358 1665 1390 per
1689 1347 1849 1390 publicam
1874 1358 1977 1391 oppo-

1238 1401 1388 1434 sitionem
1415 1411 1472 1434 seu
1497 1410 1703 1440 concursum,
1720 1406 1754 1432 ut
1778 1406 1905 1442 vocant,
1925 1402 1978 1434 ob-

1240 1454 1393 1486 tinentur.
1420 1453 1484 1486 Etsi
1517 1458 1626 1486 autem
1658 1453 1834 1497 plurimum
1859 1455 1973 1498 splen-

1239 1507 1327 1540 doris
1354 1512 1385 1539 et
1417 1507 1597 1539 ornamenti
1636 1511 1698 1539 tam
1734 1506 1844 1540 Ordini
1881 1517 1976 1550 quam

1239 1560 1424 1603 provinciae
1456 1559 1645 1593 huiusmodi
1682 1560 1757 1593 inde
1783 1561 1913 1594 allatum
1937 1561 1978 1594 iri

1239 1619 1373 1653 constat,
1394 1614 1481 1657 quod
1506 1613 1593 1647 illius
1620 1613 1764 1657 religiosi
1793 1614 1978 1648 doctoratus

1239 1668 1349 1700 laurea
1375 1667 1406 1699 in
1433 1667 1644 1700 universitate
1677 1667 1843 1710 praedicta
1877 1668 1980 1702 deco—

1240 1726 1373 1761 rentur,
1399 1725 1429 1753 et
1460 1721 1499 1753 ad
1530 1731 1709 1754 concursus
1744 1721 1894 1764 publicos
1917 1732 1979 1765 pro

1240 1773 1461 1817 adipiscendis
1487 1773 1620 1806 lecturis
1643 1773 1754 1807 idonei
1779 1774 1977 1816 reddantur;

1240 1828 1350 1860 nullus
1366 1831 1474 1859 tamen
1492 1837 1605 1859 eorum
1623 1826 1849 1870 religiosorum
1867 1827 1980 1870 viginti

1240 1880 1279 1912 ab
1306 1879 1382 1912 hinc
1415 1879 1545 1913 circiter
1580 1880 1674 1912 annis
1708 1879 1897 1920 invenitur,
1925 1881 1979 1924 qui

1241 1938 1303 1966 tam
1343 1932 1499 1966 laudabili
1542 1932 1695 1966 exercitio
1733 1933 1979 1977 oppositionum

1240 1997 1297 2020 seu
1315 1996 1532 2019 concursuum
1550 1986 1793 2029 praedictorum
1811 1987 1849 2020 ad
1869 1988 1980 2021 cathe-

1240 2040 1314 2072 dras
1340 2049 1518 2082 earumque
1558 2039 1736 2072 lectionum
1762 2040 1892 2073 assidue
1917 2051 1976 2084 ap-

1239 2092 1377 2135 plicatus
1404 2092 1592 2124 cathedram
1624 2092 1763 2135 aliquam
1796 2097 1851 2125 aut
1882 2093 1980 2126 lecto-

1240 2145 1319 2178 riam
1345 2144 1532 2177 huiusmodi
1559 2145 1748 2178 obtinuerit.
1776 2145 1870 2178 Enim
1892 2156 1979 2188 vero,

1240 2202 1370 2242 praeter
1388 2199 1482 2241 plura
1503 2198 1710 2231 incommoda
1736 2198 1854 2242 quibus
1875 2199 1980 2233 subia-

1239 2261 1313 2284 cere
1329 2251 1449 2284 debent
1466 2251 1585 2285 similia
1603 2251 1785 2286 numerum¹
1801 2258 1890 2286 extra
1903 2263 1980 2287 con-

1239 2306 1392 2347 secuturi,
1419 2305 1504 2338 intra
1524 2316 1600 2339 vero
1626 2305 1845 2349 provinciam²
1869 2306 1979 2340 huius-

1239 2359 1325 2392 modi
1352 2359 1448 2392 etiam
1482 2359 1619 2392 honoris
1645 2360 1780 2402 gradum
1805 2365 1979 2403 propterea

1240 2418 1491 2456 promereantur
1505 2437 1521 2455 ,.
1537 2413 1594 2445 scd
1633 2417 1796 2457 tamquam
1821 2413 1876 2446 alii
1901 2414 1975 2457 qui-

1275 2493 1288 2519 1
1311 2492 1411 2519 Forsan
1431 2500 1556 2520 munera
1575 2495 1612 2526 (n.
1631 2493 1680 2526 T.).

1275 2538 1290 2563 ⁴2
1310 2537 1450 2572 Syntaxim
1474 2545 1531 2572 seq.
1553 2536 1710 2564 reordinare
1730 2540 1756 2564 et
1781 2537 1916 2573 corrigere
1934 2538 1978 2565 di-

1240 2582 1371 2610 mittimus
1391 2581 1485 2610 lectori
1504 2581 1559 2610 scio
1577 2583 1616 2618 (R.
1633 2582 1682 2617 Τ.).

1985 666 2067 692 vrit-gn.

1951 657 1957 662 ,
1983 638 2113 659 concedendi
2124 641 2163 666 pri.
2183 650 2185 665 3
