2232 3178
312 295 404 322 Aac
439 296 504 323 1738
550 287 613 320 408

367 1294 378 1321 5
394 1294 425 1315 12.

332 1321 361 1341 De
392 1323 423 1341 ins
453 1321 487 1347 qni

304 1351 392 1374 possunt
405 1348 434 1367 vet
447 1354 487 1367 non

303 1376 452 1400 possnntettgi
468 1381 487 1395 m

304 1402 418 1427 praelatos.

505 349 532 373 et
548 343 619 372 alias
642 343 855 372 exhortatorias
878 342 912 372 ad
936 351 1121 382 progressum
1139 347 1166 372 et
1181 352 1243 372 cor-

506 393 665 421 rectionem
691 391 884 421 subditorum.

544 449 571 469 v.
589 440 729 470 Ministris
746 439 986 470 conventualibus
1004 440 1170 470 immediate
1189 440 1242 470 hoc

504 489 633 526 regimen
662 489 814 518 incumbit.
839 489 882 519 Ab
913 489 970 518 illis
1000 489 1154 528 praecipue
1177 489 1265 520 snb-,1

503 537 629 567 (litorum
655 538 732 567 salus
756 538 976 577 spiritualisque
994 539 1104 568 utilitas
1125 538 1240 577 pendet,
1263 551 1264 556 ¹

503 586 537 615 de
568 597 623 625 qua
655 588 683 616 in
716 592 844 617 extremo
882 588 991 617 iudicio
1027 588 1241 617 strictissimam

504 634 645 664 rationem
681 636 813 665 reddent.
844 636 979 672 Idcirco,
1005 641 1035 666 ut
1068 646 1137 665 suae
1169 636 1241 665 obli-

503 683 613 720 gationi
647 685 849 720 satisfaciant,
887 688 1023 715 tenentur
1060 685 1240 723 spiritualem

504 732 623 761 illorum
641 733 727 762 vitam
748 734 879 773 exemplo
895 744 946 764 suo
963 735 1050 771 alere,
1068 739 1095 764 et
1110 734 1242 764 doctrina

503 783 556 810 sua
581 782 733 820 perticere,
752 783 829 812 illam
853 782 988 813 omnibus
1007 787 1034 812 et
1051 783 1174 821 singulis
1191 793 1241 822 pro

504 830 735 871 uniuscuiusque
768 836 845 862 statu
882 837 909 862 et
941 833 1099 872 capacitate
1139 842 1242 872 propo-

502 879 611 917 nendo,
636 890 668 910 ac
691 881 724 910 de
747 881 951 920 quadrimestri
974 883 1003 912 in
1027 882 1242 922 quadrimestre

501 927 659 958 affabiliter
691 939 756 959 cum
796 939 971 969 unoquoque
1009 931 1037 960 in
1072 930 1239 969 particulari

501 977 612 1014 agendo
640 981 667 1007 et
700 979 941 1008 communicando
970 979 1065 1009 omnia
1100 989 1173 1018 quae
1206 980 1239 1009 ad

502 1024 691 1055 directionem
715 1026 878 1056 animarum
895 1037 1011 1057 suarum
1029 1032 1169 1066 spectant.
1188 1028 1242 1057 Mi-

501 1074 592 1103 nister
621 1074 670 1113 qui
699 1075 726 1104 in
757 1076 851 1114 prima
872 1080 900 1106 et
923 1077 1054 1106 secunda
1076 1076 1241 1106 visitatione

502 1131 636 1161 repertus
659 1123 745 1153 suerit
768 1125 1110 1159 otnisst1s¹circaliuius
1133 1125 1238 1154 consti-

501 1172 622 1201 tutionis
645 1171 878 1211 observantiam‚
907 1174 984 1204 illico
1008 1174 1203 1213 suspendatur
1225 1184 1239 1203 a

500 1220 646 1250 ministro.

539 1278 558 1298 i.
584 1269 683 1299 Nullus
707 1270 861 1308 religiosus
884 1272 921 1301 sit
944 1271 1081 1310 eligibilis
1104 1272 1137 1301 ad
1159 1281 1239 1310 prae-

499 1316 623 1347 laturam
647 1318 786 1357 aliquam,
811 1329 905 1359 neque
930 1324 1083 1359 reputetur
1105 1325 1188 1359 aptus
1204 1320 1238 1349 ad

499 1366 591 1403 illam,
615 1367 669 1397 nisi
694 1367 799 1398 habeat
818 1374 953 1405 aetatem,
971 1369 1194 1407 graduationem
1212 1374 1239 1399 et

499 1416 757 1453 circumstantias,
782 1427 856 1456 quae
879 1418 1068 1456 designantur
1100 1418 1135 1447 ad
1160 1418 1238 1448 illam

498 1465 706 1503 praelaturam.
731 1464 783 1500 Qui
808 1474 874 1494 vero
898 1470 1017 1505 propter
1040 1466 1160 1496 fractam
1192 1476 1236 1496 ae-

497 1522 637 1552 gramque
670 1513 867 1543 valetudinem
900 1514 954 1543 alia
979 1514 1073 1544 officia
1098 1524 1238 1545 exercere

497 1571 555 1592 non
580 1563 682 1601 potuit,
707 1563 730 1593 si
755 1567 851 1593 tamen
875 1564 912 1594 sit
936 1573 1058 1603 persona
1084 1570 1238 1604 provectae

498 1611 611 1649 aetatis,
637 1616 664 1641 et
680 1612 800 1649 virtute,
818 1612 962 1649 doctrina,
977 1613 1111 1649 consilio,
1129 1618 1155 1643 et
1173 1613 1238 1643 aliis

497 1658 614 1690 dotibus
637 1661 766 1699 praedita
785 1684 792 1697 ,
816 1661 882 1699 eligi
907 1662 1013 1701 poterit
1047 1662 1076 1691 in
1101 1662 1237 1692 definito-

497 1717 570 1738 rem.
601 1708 733 1739 Ceterum
764 1714 874 1739 tantum
902 1710 958 1740 erit
992 1720 1068 1740 unus
1102 1710 1238 1740 delinitor

497 1757 547 1796 qui
571 1758 646 1787 vitae
670 1758 833 1788 communis
857 1760 1058 1789 austeritatem
1077 1759 1159 1798 sequi
1180 1769 1236 1789 non

497 1806 601 1836 valeat.

536 1864 566 1886 11.
587 1856 624 1886 At
647 1865 714 1885 vero
734 1856 761 1885 in
780 1856 946 1886 ministrum
963 1857 1142 1896 generalem,
1160 1867 1238 1887 com-

497 1905 664 1936 missarium
686 1906 865 1944 generalem,
887 1906 1056 1936 ministrum
1077 1907 1238 1946 provincia-

496 1953 552 1984 lem
576 1958 604 1983 et
627 1954 847 1984 conventualem
871 1955 938 1993 eligi
962 1964 1019 1984 non
1043 1955 1162 1994 poterit,
1187 1955 1236 1995 qui

497 2007 615 2042 propter
638 2003 759 2033 fractam
779 2003 977 2034 valetudinem
996 2004 1033 2034 sit
1049 2005 1167 2034 omnino
1183 2004 1238 2034 im-

497 2052 612 2091 peditus
635 2056 666 2082 ut
689 2052 777 2082 choro
799 2052 942 2082 interesse
969 2062 1028 2082 uon
1057 2053 1168 2091 valeat,
1194 2053 1236 2082 vel

497 2100 634 2131 carnibus
659 2101 795 2137 vescitur,
819 2101 964 2141 lineisque
981 2103 1083 2132 utitur.
1101 2103 1237 2132 Attamen

497 2149 522 2178 si
545 2154 608 2188 post
630 2149 803 2180 electionem
822 2150 858 2179 ita
876 2151 1070 2188 aegrotaverit
1090 2151 1237 2190 (quamvis

497 2197 534 2227 sit
554 2198 687 2227 minister
703 2198 861 2237 generalis)
883 2203 913 2228 ut
930 2199 1039 2228 iudicio
1057 2199 1236 2228 medicorum

498 2251 618 2285 propter
641 2247 795 2287 paralysim
819 2252 869 2277 aut
892 2248 1018 2277 similem
1036 2247 1236 2277 infirmitatem

497 2294 647 2335 desperata
672 2297 708 2325 sit
731 2298 794 2325 eius
816 2296 905 2331 salus,
930 2305 986 2326 non
1011 2296 1095 2326 debet
1117 2297 1235 2335 deponi,

497 2344 547 2374 sed
580 2345 731 2382 eligendus
764 2345 821 2374 erit
854 2344 980 2374 vicarius
1004 2345 1150 2382 generalis
1186 2354 1237 2384 pro

497 2394 641 2432 regimine
674 2394 826 2432 religionis
848 2395 883 2424 ad
906 2394 1099 2424 inhabilitatis
1123 2399 1237 2433 tempus

496 2442 601 2479 solum,
627 2447 657 2472 ut
678 2443 707 2472 in
732 2443 824 2482 capite
848 2443 927 2472 finali
946 2442 985 2472 De
1008 2443 1107 2472 clerieo
1130 2448 1237 2480 aegroto

495 2494 523 2520 et
545 2491 574 2520 in
599 2492 691 2531 capite
715 2491 757 2521 Em
777 2497 856 2531 parte
877 2492 1044 2531 disponitur
1073 2492 1103 2521 in
1132 2492 1232 2521 simili.

495 2538 572 2570 Idem
597 2550 649 2570 suo
673 2541 758 2571 modo
781 2541 936 2571 dicendum
960 2545 1003 2571 est
1021 2541 1056 2571 de
1072 2540 1136 2571 aliis
1153 2550 1237 2580 supe-

494 2589 633 2621 rioribus.

533 2647 574 2671 111.
600 2639 732 2670 Ceterum
755 2639 953 2679 decernimus,
973 2640 1050 2680 quod
1069 2640 1167 2671 nullus
1185 2639 1238 2670 eli—

531 2695 542 2721 1
565 2693 668 2722 Forsan
686 2694 825 2723 remissus
845 2697 884 2730 (n.
900 2697 951 2730 22).

1088 294 1271 318 nummatum
1298 295 1457 319 ROMANUM

1286 348 1371 380 gatur
1393 343 1428 372 ad
1451 343 1523 373 duas
1546 344 1725 382 praelaturas
1747 343 1845 373 simul.
1866 343 1921 373 Nec
1942 352 2022 382 prae-

1287 392 1360 421 latus
1383 392 1489 431 aliquis
1505 392 1541 422 sit
1558 392 1643 422 simul
1668 396 1839 431 procurator
1862 391 2020 430 generalis,

1286 440 1416 478 exceptis
1440 440 1582 470 ministris
1605 445 1765 470 conventus
1787 445 1814 470 et
1836 440 1949 478 collegii
1966 441 2023 469 Cu-

1286 489 1346 518 riae
1370 489 1528 519 Romanae.
1553 489 1609 519 Nec
1634 489 1769 519 similiter
1791 490 1827 519 sit
1850 489 1956 527 aliquis
1984 488 2023 518 si-

1286 537 1344 566 mul
1369 537 1513 576 praelatus
1536 542 1563 567 et
1585 537 1751 576 redemptor
1774 538 1966 576 captivorum.

1325 595 1363 616 tv.
1389 586 1473 616 l'ater
1497 587 1629 616 minister
1656 587 1801 625 generalis
1824 587 1852 616 in
1875 586 2020 626 capitulo,

1285 635 1313 664 in
1338 645 1395 674 quo
1418 636 1525 675 spirat,
1550 646 1607 666 non
1631 637 1720 675 possit
1743 635 1842 673 reeligi
1877 636 1905 665 in
1937 635 2023 665 mini-

1285 687 1376 713 strum
1399 685 1575 722 generalem,
1598 694 1692 723 neque
1716 685 1744 714 in
1769 685 1854 714 aliam
1880 684 2023 723 praelatu-

1285 741 1357 765 ram.
1382 733 1577 762 commissarii
1596 733 1739 769 videlicet,
1758 733 1919 763 definitoris
1936 741 2023 771 gene-

1285 781 1354 810 ralis
1378 781 1419 811 vel
1438 782 1636 820 provincialis,
1655 791 1748 822 neque
1766 782 1889 812 ministri
1908 782 2023 820 provin-

1285 829 1366 858 cialis
1380 839 1432 859 nec
1446 831 1658 868 conventualis,
1672 839 1763 869 usque
1776 830 1809 860 ad
1824 829 2022 859 definitorium

1285 877 1490 908 celebrandum
1516 884 1578 918 post
1602 889 1710 909 annum
1734 888 1799 909 cum
1824 879 1954 908 dimidio.
1971 878 2024 909 De-

1286 927 1351 956 inde
1364 928 1583 958 commissarius
1598 929 1744 966 generalis
1761 928 1827 966 eligi
1846 937 1900 958 non
1919 927 2024 967 poterit

1285 975 1313 1004 in
1337 976 1504 1006 ministrum
1528 977 1706 1015 generalem,
1730 977 1785 1006 nisi
1809 986 1888 1014 casu,
1907 986 1963 1016 quo
1986 976 2022 1006 ad

1284 1034 1365 1065 suam
1389 1026 1623 1055 commissionem
1647 1026 1756 1055 electus
1781 1025 1867 1055 tuerit
1898 1034 1949 1065 per
1978 1035 2022 1055 so-

1285 1073 1344 1102 lum
1378 1083 1486 1103 annum
1522 1079 1588 1104 ante
1621 1075 1803 1113 capitulum:
1838 1084 1892 1104 nec
1921 1073 2023 1112 reeligi

1285 1123 1390 1161 poterit
1407 1123 1436 1152 in
1456 1124 1702 1161 commissarium,
1721 1124 1777 1153 nisi
1795 1133 1846 1163 per
1865 1124 2022 1153 triennium

1285 1171 1428 1209 integrum
1457 1181 1514 1201 non
1538 1172 1626 1202 suerit
1648 1173 1765 1203 functus
1788 1173 1884 1203 officio
1906 1182 1958 1203 suo
1993 1173 2023 1203 in

1283 1229 1340 1258 quo
1364 1220 1465 1258 spirat.

1323 1276 1350 1297 v.
1369 1268 1519 1299 Praeterea
1537 1269 1634 1299 nullus
1650 1269 1797 1309 praelatus
1820 1269 1953 1308 superior
1975 1278 2023 1300 ne-

1283 1327 1338 1356 que
1360 1318 1484 1348 inferior
1506 1319 1574 1357 eligi
1595 1320 1699 1358 poterit
1716 1320 1743 1349 in
1761 1319 1901 1359 capitulo,
1919 1320 1947 1349 in
1965 1329 2022 1359 quo

1282 1367 1385 1405 spirat,
1410 1368 1444 1397 ad
1468 1368 1541 1397 idem
1566 1368 1716 1404 osticium,
1741 1377 1835 1407 neque
1868 1368 1903 1397 ad
1935 1368 2022 1397 aliam

1283 1416 1490 1454 praelaturam,
1515 1426 1606 1456 usque
1629 1417 1664 1447 ad
1690 1418 1867 1457 praedictum
1891 1417 2023 1447 definito-

1282 1464 1370 1502 rium,
1394 1465 1450 1494 nisi
1474 1465 1503 1494 in
1526 1466 1707 1504 superiorem
1730 1466 1909 1503 generalem,
1939 1465 2024 1496 mini-

1281 1517 1373 1542 strum
1397 1514 1508 1543 scilicet
1530 1519 1580 1544 aut
1602 1515 1847 1553 commissarium,
1865 1515 1888 1544 si
1907 1524 1957 1554 per
1972 1524 2022 1546 sex

1282 1570 1373 1591 annos
1395 1562 1526 1600 integros
1559 1567 1585 1592 et
1617 1564 1772 1593 continuos
1795 1564 1911 1594 functus
1934 1563 2022 1594 suerit

1281 1610 1376 1640 officio
1398 1611 1562 1641 definitor-is
1585 1612 1742 1650 generalis,
1762 1613 1806 1643 vel
1823 1622 1880 1643 uno
1896 1613 2022 1643 triennio

1282 1659 1444 1690 definitoris
1467 1661 1611 1698 generalis
1635 1661 1678 1691 vel
1703 1662 1902 1701 provincialis,
1922 1666 1950 1692 et
1966 1661 2023 1692 alio

1283 1709 1408 1738 ministri
1434 1709 1633 1749 provincialis.
1660 1710 1717 1740 Nec
1749 1711 1856 1750 aliquis
1888 1711 2023 1741 minister

1282 1757 1350 1795 eligi
1375 1758 1481 1797 poterit
1510 1759 1539 1788 in
1564 1759 1730 1790 ministrum
1753 1760 1883 1790 eiusdem
1906 1760 2020 1797 domus,

1281 1807 1337 1836 nisi
1359 1807 1545 1846 dispensante
1567 1808 1732 1839 definitorio
1754 1809 1903 1847 generati,
1927 1813 1958 1839 ut
1979 1808 2022 1839 di-

1282 1860 1360 1886 ctum
1384 1861 1426 1886 est
1449 1866 1511 1896 cap.
1535 1865 1634 1895 xxxix,
1657 1857 1671 1897 g
1694 1857 1742 1894 1-2,
1765 1867 1844 1888 num.
1866 1867 1897 1888 ιι.
1922 1857 2023 1889 Reele-

1281 1906 1339 1935 ctio
1363 1904 1491 1935 ministri
1514 1911 1675 1936 conventus
1697 1907 1789 1937 nostri
1805 1907 1917 1937 romani
1934 1906 2023 1937 S.Ca-

1282 1953 1349 1991 roli,
1364 1954 1423 1984 sive
1437 1954 1551 1992 collegii
1567 1955 1660 1985 nostri
1679 1955 1713 1985 de
1730 1955 1923 1995 Propaganda
1937 1954 2020 1991 Fide.

1282 2003 1309 2033 vi
1325 2003 1414 2033 huius
1430 2004 1647 2035 constitutionis
1663 2005 1726 2035 fieri
1746 2010 1852 2044 potest,
1871 2015 2020 2045 nunquam

1281 2056 1378 2082 tamen
1401 2054 1429 2082 in
1454 2053 1582 2083 favorem
1605 2054 1680 2089 eius,
1703 2054 1753 2093 qui
1777 2054 1947 2093 reeligitur,
1971 2053 2021 2084 sed

1282 2101 1408 2131 utilitate
1431 2101 1533 2131 domus
1556 2101 1702 2141 inspecta.

1320 2159 1358 2180 vi.
1382 2150 1534 2187 Similiter,
1552 2151 1601 2190 qui
1622 2160 1672 2190 per
1687 2161 1737 2181 sex
1753 2160 1844 2181 annos
1867 2151 2022 2182 continuos

1281 2204 1309 2228 et
1332 2199 1461 2237 integros
1484 2200 1571 2229 fuerit
1594 2200 1727 2230 minister
1745 2201 1956 2238 conventualis,
1977 2200 2022 2231 vel

1282 2257 1339 2278 uuo
1362 2249 1489 2278 triennio
1522 2249 1607 2278 etiam
1631 2249 1745 2288 integro
1769 2250 1914 2289 praelatus
1936 2259 2022 2289 supe-

1281 2298 1340 2327 rior
1362 2297 1478 2327 Ordinis
1503 2297 1545 2327 vel
1570 2298 1751 2336 provinciae,
1777 2303 1890 2328 tantum
1913 2298 2020 2338 poterit

1281 2346 1347 2384 eligi
1370 2346 1400 2376 in
1425 2346 1590 2376 ministrum
1613 2347 1738 2377 alicuius
1760 2347 1873 2384 (lomus,
1900 2356 1935 2377 ex
1951 2347 2021 2378 dua-

1282 2395 1333 2424 bus
1367 2395 1539 2425 matricibus
1573 2406 1642 2425 suae
1678 2397 1864 2435 provinciae,
1889 2396 1933 2426 vel
1969 2405 2020 2436 pro

1282 2444 1376 2483 prima
1399 2445 1461 2474 vice
1484 2449 1597 2474 tantum
1620 2445 1648 2474 in
1673 2445 1881 2484 provincialem
1905 2445 1947 2475 vel
1971 2445 2020 2475 de-

1282 2493 1427 2523 finitorem
1449 2493 1591 2523 eiusdem.
1615 2494 1671 2523 Per
1692 2493 1786 2523 officia
1810 2498 1905 2524 autem
1928 2493 2020 2524 conti-

1280 2551 1336 2571 nua
1361 2546 1389 2571 et
1412 2542 1526 2581 integra
1557 2543 1748 2581 intelligimus
1777 2543 1825 2572 illa
1858 2552 1931 2583 quae
1962 2552 2019 2574 non

1281 2595 1421 2621 vacarunt
1456 2601 1506 2631 per
1538 2596 1595 2622 tres
1618 2601 1732 2622 menses
1756 2592 1912 2623 continuos
1928 2615 1935 2629 ,
1959 2591 2019 2622 sive

1281 2640 1310 2670 in
1333 2640 1478 2680 principio
1503 2641 1633 2678 triennii,
1651 2642 1712 2671 sive
1734 2641 1763 2672 in
1787 2642 1894 2679 medio,
1912 2641 1972 2672 sive
1987 2641 2020 2685 in

1281 2689 1350 2720 fine.

2029 295 2075 322 Α..
2094 296 2123 324 c.
2143 289 2219 328 mast
