2232 3178
67 194 119 226 An.
134 196 164 224 C.
186 193 254 223 1739

259 243 393 277 stolicae
415 243 574 276 firmitatis
591 243 693 276 robur
710 243 891 276 adiicimus:
911 244 998 276 salvat

259 302 363 330 tamen
391 307 524 340 semper
548 297 579 329 in
606 297 793 340 praemissis
806 297 996 329 auctoritate

257 350 526 392 Congregationis
550 350 738 383 eorumdem
768 349 996 382 cardinalium,

299 404 314 444 ξ
334 402 364 435 5.
386 404 615 442 Decernentes‚
630 404 759 436 easdem
777 403 997 446 praeinsertas

256 456 382 489 litteras
407 456 531 496 sirmaS,
555 457 676 490 validas
703 463 734 489 et
759 458 906 490 efficaces
935 457 999 489 exi-

255 513 340 542 stere
366 515 397 542 et
422 510 509 550 sore,
537 520 680 552 suosque
705 509 869 552 plenarios
896 512 926 542 et
951 509 998 541 in-

256 567 365 605 tegros
390 562 521 596 effectus
548 563 656 595 sortiri
690 567 720 595 et
757 562 923 603 obtinere,
962 573 998 595 ac

256 615 341 656 illis,
370 616 409 649 ad
441 626 522 659 quos
548 620 669 659 spectat
693 620 725 648 et
752 626 811 659 pro
849 620 997 658 tempore

256 668 528 712 quandocumque
547 668 715 712 spectabit,
730 668 918 711 plenissime
934 668 999 700 suf-

205 732 211 738 ·
256 721 392 764 fragari,
419 722 528 765 sicque
555 721 586 754 in
612 721 799 764 praemissis
825 731 883 764 per
904 732 993 765 quos·

256 785 396 818 cumque
421 775 545 808 iudices
573 774 757 808 ordinarios
776 775 996 817 etdelegatos‚

256 828 353 861 etiam
379 839 547 861 causarum
574 828 686 871 palatii
712 828 882 872 apostolici
909 828 996 861 audi-

256 887 354 922 tores,
369 881 505 915 iudicari
533 888 564 915 et
589 882 717 915 definiri
743 882 874 923 debere,
902 892 938 915 ac
959 881 998 914 ir-

256 935 352 968 ritum
378 942 410 969 et
434 937 530 969 inane
567 936 593 969 si
630 947 723 969 secus
760 946 858 979 super
893 935 944 968 his
981 946 999 968 a

256 1000 420 1033 quoquam
436 1016 443 1029 ,
468 990 580 1033 quavis
605 990 796 1023 auctoritate
815 1017 822 1030 ,
858 990 998 1023 scienter

254 1044 304 1075 vel
330 1042 534 1085 ignoranter,
559 1043 735 1086 eontigerit
760 1043 924 1076 attentari.

300 1096 315 1139 ξ
339 1096 371 1129 6.
398 1096 466 1129 Non
485 1096 691 1129 obstantibus
710 1097 998 1130 constitutionibus

257 1155 288 1182 et
324 1150 585 1184 ordinationibus
621 1151 832 1194 apostolicis,
870 1161 997 1183 necnon

255 1203 385 1236 Ordinis
411 1210 440 1237 et
459 1204 729 1247 Congregationis
743 1205 996 1248 praedictorum,

256 1257 353 1291 etiam
378 1257 570 1298 iuramento,
598 1257 843 1291 confirmatione
867 1263 998 1301 aposto-

255 1311 329 1351 lica,
353 1312 402 1344 vel
428 1311 540 1355 quavis
567 1310 717 1344 firmitate
744 1312 805 1344 alia
825 1312 996 1353 roboratis,

255 1364 383 1398 statutis
420 1370 452 1398 et
482 1365 795 1407 consuetudinibus,
821 1365 998 1410 privilegiis

256 1428 400 1462 quoque,
427 1418 561 1452 indultis
592 1425 624 1452 et
657 1419 772 1453 litteris
810 1420 998 1463 apostolicis

253 1472 287 1504 in
313 1472 509 1506 contrarium
535 1474 785 1516 praemissorum
818 1475 999 1518 quomodo-

254 1525 336 1559 libet
368 1526 549 1567 concessis,
576 1526 775 1560 conflrmatis
801 1533 832 1561 et
867 1528 999 1561 innova-

257 1578 314 1618 tis;
337 1579 455 1622 quibus
474 1579 627 1613 omnibus
649 1586 680 1613 et
700 1581 848 1623 singulis,
866 1581 996 1615 illorum

255 1637 386 1665 tenores
411 1632 636 1676 praesentibus
661 1644 720 1676 pro
746 1635 843 1676 plene
869 1640 901 1667 et
932 1635 998 1667 suf-

254 1684 401 1718 sicienter
424 1686 587 1729 expressis
613 1696 649 1719 ac
674 1687 713 1720 de
738 1687 837 1720 verbo
863 1687 902 1720 ad
929 1698 998 1720 ver-

252 1737 331 1771 bum
355 1738 485 1772 insertis
511 1739 685 1780 habentes,
714 1739 778 1773 illis
799 1741 923 1774 aliasin
939 1752 997 1775 suo

253 1791 372 1825 robore
398 1793 631 1835 permansuris,
655 1793 716 1826 hac
734 1793 801 1826 vice
816 1794 996 1836 dumtaxat,

253 1845 444 1889 specialiter
469 1851 499 1879 et
523 1857 677 1889 expresse
704 1847 922 1891 derogamus,
949 1859 999 1882 ce-

255 1898 396 1942 terisque
420 1899 592 1933 contrariis
618 1900 888 1945 quibuscumque.

296 1953 410 1987 Datum
435 1953 569 1997 Romae,
589 1955 676 1998 apud
701 1954 732 1988 S.
752 1955 881 1989 Mariam
901 1955 998 1988 Maio-

253 2016 339 2048 rem,
360 2007 418 2040 sub
443 2008 566 2041 annulo
593 2008 777 2050 piscatoris,
804 2008 855 2042 die
873 2020 896 2043 11
914 2020 996 2042 mar-

255 2059 288 2092 tii
300 2069 491 2101 unccxxxlx,
510 2060 716 2104 pontificatus
731 2062 832 2095 nostri
851 2072 936 2095 anno
952 2073 995 2096 ix.

289 2122 350 2149 Dat.
373 2123 418 2150 die
437 2123 453 2149 2
474 2123 565 2150 martii
587 2124 667 2159 1739,
687 2124 786 2159 pontif.
809 2133 881 2153 anno
902 2131 938 2152 tx.

83 415 192 437 Clausulas
208 418 245 438 pro

66 444 165 469 perpetua
208 441 246 460 ob—

65 469 176 491 servantia.

88 1102 245 1123 Contrariorum

63 1129 179 1155 derogatio.

581 2282 665 2317 CCL.

255 2373 467 2416 Confirmatio
491 2373 610 2406 decreti
635 2374 901 2417 Conyreyatz'om's
929 2375 997 2419 epi-

297 2437 466 2471 scoporum
490 2431 519 2460 et
543 2426 749 2470 requierz'mn
767 2455 774 2468 ‚
802 2438 865 2471 quo
890 2427 996 2460 decla-

296 2484 393 2513 ratur
417 2480 600 2514 electionem
625 2480 766 2523 reqentis
783 2481 996 2524 provincialis

299 2533 432 2567 Ordinis
456 2534 668 2566 eremitarum
693 2534 798 2566 saneti
814 2534 997 2577 Anquslinz'

298 2587 564 2632 Conqreqationis
589 2586 789 2631 Hispaniae,
812 2587 849 2621 in
872 2587 996 2622 casibus

882 193 1026 219 CLEMENS
1051 192 1096 217 XII
1120 192 1169 216 1³1².

1086 242 1199 274 mortis
1225 239 1332 273 civilis
1356 249 1411 272 seu
1445 237 1610 272 mclm'alz's
1642 237 1784 270 alicuius

1085 305 1118 327 ex
1143 296 1310 338 prioribus
1339 294 1597 338 provincialibus
1613 320 1620 333 ,
1647 303 1710 325 esse
1734 292 1785 335 fa-

1084 349 1229 381 ciendam
1254 360 1272 381 a
1298 350 1419 381 vicario
1443 347 1590 391 (fenerati
1613 347 1683 379 une
1713 356 1785 378 cum

1086 399 1309 442 definitoribus
1320 399 1580 442 provincialibus
1595 397 1635 429 ad
1645 397 1785 439 sormam

1085 452 1316 485 declarationis
1353 452 1535 485 cardinalis
1572 450 1669 484 Sauli
1699 460 1785 483 anno

1085 515 1231 539 Mocxxtu
1256 507 1371 548 factae.

1244 596 1379 622 clemens
1400 596 1479 628 Papa
1498 595 1562 627 ΧΙῙ,

1182 639 1220 666 ad
1239 639 1375 667 futuram
1393 640 1438 667 rei
1458 639 1645 666 memoriam.

1086 718 1100 761 ἓ
1126 718 1157 751 1.
1184 718 1304 762 Nuper,
1323 730 1383 763 pro
1410 725 1501 762 parte
1527 719 1722 752 dilectorum
1749 718 1783 750 fi-

1042 771 1158 804 liorum
1184 772 1414 805 modernorum
1443 772 1549 804 vicarii
1573 771 1734 814 generalis
1754 777 1783 804 et

1042 824 1221 858 definitorii
1266 826 1429 869 generalis
1472 825 1600 858 Ordinis
1649 825 1782 857 fratrum

1041 880 1142 912 sancti
1169 879 1339 922 Augustini
1366 879 1629 912 Excalcearorum
1663 890 1785 912 nuncu-

1042 939 1192 976 patorum
1213 933 1481 976 Congregationis
1500 933 1683 976 Hispaniae,
1703 932 1786 967 Con-

1042 985 1220 1029 gregationi
1246 986 1481 1019 venerabilium
1508 987 1641 1019 fratrum
1661 993 1784 1019 nostro-

1041 1049 1111 1071 rum
1138 1039 1169 1072 S.
1197 1039 1236 1072 R.
1262 1039 1297 1072 E.
1333 1039 1544 1072 cardinalium
1582 1040 1721 1083 negotiis
1753 1046 1785 1072 et

1042 1092 1336 1125 consultationibus
1363 1092 1588 1135 episcoporum
1625 1098 1656 1125 et
1690 1103 1785 1135 regu—

1042 1145 1157 1177 larium
1184 1145 1391 1188 praepositae
1425 1146 1591 1188 exposito,
1618 1146 1650 1178 in
1685 1147 1783 1178 altera

1042 1197 1168 1230 scilicet.
1193 1208 1228 1230 ex
1268 1198 1551 1231 constitutionibus
1588 1198 1716 1231 Ordinis
1753 1203 1785 1231 et

1041 1249 1310 1292 Congregationis
1336 1251 1574 1293 praedictorum
1593 1251 1784 1284 auctoritate

1042 1304 1220 1347 apostolica
1245 1304 1444 1337 confirmatis
1468 1305 1708 1348 praescriptum
1734 1315 1784 1337 re-

1041 1357 1161 1400 periri,
1187 1357 1275 1401 quod
1307 1358 1339 1390 in
1372 1358 1521 1398 casibus,
1556 1358 1673 1401 quibus
1711 1368 1785 1391 con-

1043 1411 1154 1453 tigerit
1179 1411 1322 1455 aliquem
1347 1421 1382 1444 ex
1409 1411 1574 1454 prioribus
1601 1411 1786 1455 provincia-

1042 1465 1126 1498 libus
1151 1475 1210 1508 per
1228 1470 1363 1499 mortem
1380 1466 1563 1499 naturalem
1582 1476 1638 1498 seu
1657 1465 1785 1498 civilem

1043 1518 1200 1559 deficere,
1226 1518 1258 1551 in
1291 1518 1361 1552 eius
1395 1520 1502 1552 locum
1536 1518 1785 1562 exprovincialis

1043 1571 1230 1605 immediate
1257 1571 1423 1606 absolutus
1449 1572 1610 1605 subintret
1636 1572 1674 1605 ad
1701 1572 1786 1615 regi-

1042 1635 1116 1658 men
1141 1626 1327 1668 provinciae
1353 1626 1505 1666 vacantis,
1532 1626 1659 1659 adiecta
1680 1631 1785 1658 tamen

1042 1679 1201 1711 clausum:
1228 1679 1296 1711 nise?
1327 1683 1420 1722 pater
1446 1678 1592 1712 vicarius
1623 1679 1786 1722 sseneralis

1041 1731 1139 1763 aliter
1163 1730 1384 1774 disposuerit‚·
1412 1733 1555 1765 clausula
1587 1737 1695 1765 autem
1727 1732 1785 1763 hu-

1042 1784 1180 1818 iusmodi
1208 1785 1239 1817 in
1266 1785 1403 1818 diversis
1436 1785 1587 1828 capitulis
1621 1786 1785 1828 generali-

1042 1838 1102 1870 bus
1129 1839 1321 1872 eorumdem
1344 1838 1474 1872 Ordinis
1499 1844 1530 1871 et
1554 1839 1783 1882 Congregatio-

1042 1890 1113 1931 nis¹,
1132 1902 1169 1925 ea
1186 1892 1330 1925 omnium
1346 1892 1564 1935 intelligentia
1582 1898 1613 1924 et
1628 1892 1783 1925 resolutio

1043 1944 1157 1977 suisset
1193 1945 1279 1988 quod
1316 1944 1433 1978 electio
1475 1945 1618 1988 regentis
1655 1945 1786 1988 provin-

1042 1997 1132 2031 cialis
1157 1998 1190 2030 in
1216 1998 1376 2032 eiusmodi
1403 1999 1530 2031 casibus
1555 1998 1711 2042 privative
1746 1998 1785 2031 ad

1042 2052 1196 2086 vicarium
1223 2053 1407 2095 generalem
1431 2058 1462 2085 et
1483 2052 1671 2085 definitores
1688 2062 1786 2095 gene-

1041 2107 1127 2140 rales
1153 2116 1211 2150 pro
1240 2111 1387 2150 tempore
1422 2106 1614 2146 existentes,
1640 2116 1720 2139 voce
1755 2112 1786 2139 et

1041 2164 1112 2193 voto
1137 2158 1438 2201 concurrentibus2,
1450 2200 1452 2206 ,
1464 2165 1610 2203 spectare
1637 2160 1783 2201 deberet,

1041 2219 1137 2257 prout
1161 2223 1198 2246 ex
1224 2213 1303 2247 actis
1328 2213 1496 2258 impressis
1522 2213 1684 2247 dictorum
1702 2213 1786 2257 capi-

1041 2268 1181 2300 tulorum
1208 2272 1358 2300 constare
1385 2267 1617 2307 asserebatur,
1645 2272 1677 2300 et
1705 2267 1784 2300 liuc-

1041 2331 1145 2364 usque
1165 2322 1372 2354 observatum
1392 2330 1476 2354 esse:
1495 2320 1528 2352 in
1547 2320 1688 2363 capitulo
1706 2329 1782 2352 vero

1040 2385 1125 2408 anno
1151 2384 1302 2408 MDCCXXX
1329 2374 1494 2407 celebrato
1512 2401 1519 2414 ,
1547 2373 1657 2406 habita
1681 2374 1783 2406 consi-

1040 2428 1208 2461 deratione
1241 2427 1279 2460 ad
1321 2428 1493 2470 quamdam
1532 2427 1782 2459 declarationem

1078 2508 1087 2534 l
1111 2506 1222 2534 Videtur
1243 2506 1387 2542 legendum
1407 2507 1536 2534 clausula
1560 2527 1612 2533 .....
1632 2507 1779 2542 propos-im

1039 2552 1076 2585 (tt¹
1096 2555 1146 2585 T.).

1075 2596 1090 2622 ⁶2
1111 2594 1206 2631 Aptius
1226 2596 1364 2631 legeretur
1384 2598 1585 2623 emmo-rences
1608 2597 1643 2631 (n.
1662 2597 1709 2630 Τ.).

1680 179 1744 214 539
1791 189 1843 215 An.
1861 188 1887 217 c.
1912 189 1978 216 1739

1847 734 1979 760 Supplicatio

1796 766 1868 781 sacrae
1889 762 1980 784 Conme-

1796 789 1876 814 galieni
1892 788 1956 809 facta.
