2232 3178
284 245 334 273 An.
354 245 383 273 C.
401 245 470 273 ¹739
516 237 579 271 526

479 295 556 325 libus
579 295 656 325 euris
689 295 823 334 impliciti
846 294 881 324 ab
904 294 1063 333 apostolico
1096 303 1216 323 munere

479 353 531 373 suo
554 344 763 382 impediantur,
787 352 859 372 neve
892 343 1092 372 saecularibus
1115 352 1216 381 graves

479 397 507 421 et
529 392 620 421 odiosi
644 392 725 427 fiant,
750 392 795 421 lex
819 391 998 421 fundationis
1017 396 1093 420 certa
1118 391 1215 421 firma-

479 449 534 478 que
552 444 623 477 esto,
642 449 693 469 nec
708 440 796 479 ipsos,
814 449 868 469 nec
885 439 1032 469 missionis
1045 440 1215 478 hospitium,

478 488 591 517 stabilia
615 488 709 525 bona,
733 491 777 518 vel
800 498 872 527 quae
896 488 949 518 sub
972 488 1075 518 horum
1099 489 1216 517 nomine

479 537 611 575 veniunt,
628 537 689 566 sive
713 546 763 576 per
784 542 866 566 actus
890 537 967 566 inter
984 537 1073 575 vivos,
1090 537 1150 566 sive
1167 546 1217 575 per

480 585 612 614 ultimam
644 585 821 615 voluntatem
856 586 932 615 intra
963 585 1141 624 provinciam
1166 594 1215 614 no-

478 638 568 662 stram
601 633 768 672 acquirere,
806 634 850 663 vel
881 643 1067 673 quocumque
1100 634 1215 663 demum

479 681 686 719 praetextando
709 681 794 711 titulo
817 682 969 720 acquisita,
988 682 1060 711 citra
1083 685 1216 711 nostrum

478 729 522 758 vel
546 738 747 759 successorum
780 734 947 759 nostrorum
980 734 1066 768 atque
1098 738 1217 759 venera-

478 778 544 807 bilis
562 779 654 808 nostri
671 778 791 817 capituli
807 788 947 817 expresso
964 779 1132 812 consensu¹,
1148 777 1218 807 reti-

478 836 548 856 nere
571 836 674 865 posse;
695 826 771 865 quod
793 826 817 856 si
840 830 941 856 contra
964 827 1039 856 hanc
1062 826 1154 864 legem
1174 827 1217 855 su-

479 874 554 904 turis
575 884 704 914 unquam
730 875 912 914 temporibus
934 878 1030 904 actum
1054 874 1162 911 fuerit,
1186 874 1215 903 in

478 922 599 953 arbitrio
622 928 721 954 nostro
745 924 811 962 erit,
829 928 856 954 et
878 933 1081 953 successorum
1104 927 1217 953 nostro-

479 980 556 1007 rum,
574 971 618 1001 vel
635 972 722 1002 etiam
740 976 806 1002 ante
822 972 931 1002 laudati
950 971 1125 1001 venerabilis
1141 970 1217 1009 capi-

479 1020 531 1049 tuli
546 1021 651 1058 nostri,
668 1021 702 1050 de
718 1020 802 1050 bonis
824 1021 895 1059 ipsis
918 1020 1036 1059 emptis,
1053 1019 1214 1059 acquisitis,

478 1069 602 1106 donatis,
619 1069 741 1107 relictis,
766 1069 858 1099 aliove
881 1079 1065 1109 quocumque
1089 1069 1171 1099 titulo
1189 1073 1217 1098 et

479 1118 563 1148 modo
585 1118 620 1148 ad
642 1119 721 1157 ipsos
737 1118 781 1148 vel
797 1119 831 1148 ad
848 1118 996 1148 missionis
1018 1118 1134 1148 domum
1152 1127 1216 1156 per-

479 1167 594 1203 ventis,
618 1176 670 1206 pro
703 1166 785 1196 libito
817 1170 845 1196 et
875 1167 1047 1197 auctoritate
1076 1166 1216 1206 principis

478 1218 590 1251 terrae,
614 1219 700 1254 atque
722 1215 751 1244 in
775 1215 833 1244 vim
866 1215 939 1253 legis
973 1215 1106 1254 pactique
1135 1223 1217 1253 prae-

478 1263 569 1292 sentis
585 1263 682 1293 dantis
703 1273 821 1293 causam
843 1263 1016 1298 fundationi,
1035 1268 1062 1293 et
1081 1264 1143 1293 sine
1160 1273 1214 1302 qua

479 1312 550 1341 baec
569 1311 738 1350 neutiquam
761 1312 863 1341 suisset
884 1321 1033 1349 concessa,
1051 1311 1136 1350 pleno
1152 1313 1216 1341 iure

479 1360 665 1399 disponendi,
690 1360 808 1390 tollendi
832 1364 859 1390 et
881 1360 1093 1398 incamerandi,
1113 1360 1216 1390 domus

478 1408 629 1447 superiore
660 1408 797 1438 adstricto
819 1408 853 1438 ad
877 1409 1000 1447 singulis
1022 1409 1106 1438 annis
1127 1408 1215 1438 ratio-

478 1457 554 1486 cinia
578 1457 703 1496 praesidi
720 1462 747 1487 et
766 1457 968 1487 assistentibus
991 1457 1078 1488 buius
1100 1462 1216 1487 nostrae

478 1506 699 1544 universitatis,
723 1505 772 1536 ubi
795 1506 865 1536 haec
890 1506 1037 1544 visitatur,
1062 1506 1106 1536 vel
1129 1506 1153 1536 si
1175 1506 1216 1535 vi-

478 1554 574 1584 sitatio
597 1564 654 1584 non
677 1554 846 1593 haberetur,
870 1555 999 1584 eiusdem
1023 1554 1130 1584 rectori
1152 1554 1217 1584 red-

477 1603 582 1640 dendi,
605 1603 655 1642 qui
687 1602 770 1632 nobis
803 1607 831 1633 et
863 1603 1080 1633 successoribus
1109 1603 1216 1632 nostris

478 1655 633 1681 teneantur
664 1651 790 1691 desuper
821 1656 987 1682 accuratam
1011 1652 1080 1681 dare
1102 1651 1217 1681 relatio-

479 1709 556 1735 nem,
581 1704 609 1730 et
631 1700 737 1740 quibus
760 1701 794 1730 de
818 1700 991 1739 redditibus,
1011 1701 1035 1730 si
1057 1700 1106 1740 qui
1129 1709 1217 1739 super

477 1753 665 1779 remanentes
687 1749 839 1786 extabunt,
863 1750 905 1779 sas
927 1750 965 1779 sit
995 1758 1046 1789 pro
1069 1749 1217 1787 exigentia

478 1802 507 1827 et
528 1798 709 1836 congruitate
731 1798 922 1838 disponendi,
944 1798 1067 1837 hosque,
1093 1797 1143 1827 ubi
1166 1807 1217 1827 ne-

479 1847 599 1876 cessitas
622 1847 666 1876 vel
689 1846 801 1876 utilitas
834 1847 926 1885 magis
947 1847 1098 1885 exegerit,
1125 1846 1218 1886 appli-

477 1896 573 1926 candi.

518 1953 564 1974 xv.
591 1944 780 1975 Ratisscamus
802 1949 1002 1974 verumtamen
1025 1948 1054 1974 et
1076 1943 1218 1983 approba-

478 2002 543 2023 mus
566 2002 618 2032 per
639 1993 717 2032 ipsos
741 1993 924 2023 venerabiles
946 1992 1080 2030 abbates,
1097 1992 1150 2023 suh
1166 2001 1216 2032 spe

478 2041 697 2072 clementissimi
720 2042 812 2072 nostri
835 2042 903 2079 rati,
927 2042 957 2071 in
979 2042 1217 2081 supputationem

479 2099 609 2121 summae
626 2100 712 2130 supra
730 2100 782 2130 pro
798 2091 966 2121 fundatione
979 2091 1115 2121 definitae
1133 2091 1218 2121 ssore-

479 2148 583 2168 norum
600 2139 850 2177 trigintamillium
873 2140 996 2177 factam,
1020 2148 1071 2179 pro
1095 2139 1217 2169 faciliori

480 2191 592 2226 patrum
605 2187 856 2218 missionariorum
871 2188 1228 2227 sustentatione,emptio-·

479 2245 545 2266 nem
563 2236 714 2267 cuiusdam
732 2237 844 2276 praedii
864 2237 893 2267 in
916 2238 1100 2276 praefectura
1118 2238 1218 2267 nostra

479 2284 606 2323 Goldegg
617 2285 677 2323 siti,
686 2285 772 2323 vulgo
781 2285 831 2315 das
842 2285 1055 2315 Uhrsabrleben
1069 2295 1219 2325 nuncupa-

479 2337 552 2370 tum,
566 2343 631 2363 cum
649 2334 715 2363 huic
732 2334 918 2373 incorporato
931 2334 1048 2373 praedio
1064 2334 1218 2364 Lebenfeld

479 2382 567 2420 dicto,
585 2387 614 2412 et
635 2382 756 2412 alterius
780 2383 938 2422 praemisso
960 2383 1121 2413 adiacentis
1137 2383 1217 2412 fundi

479 2430 611 2460 Fleidten
629 2431 818 2469 agnominati,
836 2431 889 2461 sub
912 2432 1097 2470 praefectura
1118 2432 1216 2461 nostra

480 2478 509 2508 S.
532 2478 649 2509 Ioannis
671 2479 841 2517 existentis,
865 2488 997 2519 quaeque
1016 2479 1144 2518 praedia,
1162 2479 1217 2509 etsi

481 2528 552 2558 baec
578 2527 653 2558 iuris
673 2528 823 2558 directorii
846 2538 977 2559 camerae
1003 2533 1119 2559 nostrae
1140 2538 1214 2566 esse,

481 2575 675 2616 omnibusque
695 2577 824 2615 angariis
842 2582 870 2607 et
886 2577 1078 2617 perangariis,
1098 2577 1216 2616 steuris,

519 2632 527 2657 t
550 2630 644 2658 Potius
663 2631 723 2666 lege
743 2639 910 2667 e.1=pressum
926 2640 1092 2660 consensum
1111 2632 1150 2667 (R.
1166 2631 1215 2666 τ.).

1056 245 1240 270 BULLARIUM
1263 245 1422 270 ROMANUM

1259 292 1544 329 contributionibus‚
1569 293 1692 333 aliisque
1725 294 1863 325 oneribus
1895 303 1994 325 comu-

1259 343 1393 380 nalibus,
1417 342 1493 372 sicut
1525 342 1581 372 alia
1614 343 1709 372 omnia
1733 343 1850 382 praedia
1872 343 1992 381 rustica,

1259 392 1398 421 hactenus
1431 391 1559 421 subiecta
1595 391 1683 421 fuisse
1716 392 1936 431 dignoscantur,
1960 401 1995 422 ex

1258 440 1377 478 speciali
1400 443 1495 470 tamen
1520 441 1616 470 nostra
1632 440 1798 478 clementia,
1816 444 1843 470 et
1865 449 1916 480 pro
1938 440 1996 470 sin-

1258 489 1363 526 gulari,
1380 499 1437 528 quo
1454 489 1483 518 in
1500 489 1592 519 sancti
1608 489 1755 519 Benedicti
1772 489 1910 520 Ordinem
1927 489 1997 519 seri-

1260 547 1333 575 mur,
1351 547 1449 567 amore
1465 542 1493 567 et
1514 537 1629 576 affectu,
1646 538 1802 568 accedente
1820 537 1996 568 venerabilis

1259 586 1350 616 nostri
1373 586 1490 625 capituli
1507 595 1638 624 assensu,
1655 586 1690 616 ab
1709 586 1788 616 omni
1810 586 1938 616 dominio
1954 585 1997 615 di-

1259 638 1350 671 recto,
1374 634 1496 673 aliisque
1518 633 1752 674 quibuscumque
1774 634 1924 671 oneribus,
1948 644 1996 664 an-

1259 682 1359 720 gariis,
1383 683 1577 721 perangariis,
1600 683 1854 721 decimationibus,
1877 683 1995 721 steuris,

1259 730 1525 760 contributionibus
1538 730 1752 769 comunalibus,
1767 731 1997 770 provincialibus

1260 779 1304 808 vel
1318 778 1504 816 militaribus,
1517 779 1666 818 perpetuis
1680 778 1787 809 suturis
1804 779 1996 819 temporibus,

1260 837 1291 857 ac
1313 827 1404 857 donec
1427 831 1454 857 et
1475 836 1627 866 usquequo
1643 828 1719 867 apud
1735 828 1827 867 ipsam
1850 828 1998 859 missionis

1259 875 1468 905 Benedictinae
1501 876 1619 905 domum
1652 876 1876 915 permanebunt,
1904 876 1997 916 deque

1260 924 1346 953 huius
1368 927 1454 953 erunt
1475 924 1616 963 dominio,
1641 929 1669 954 et
1690 934 1747 955 non
1771 925 1864 963 aliter,
1881 928 1947 964 eto,
1964 925 2000 955 li-

1260 972 1328 1002 bera
1351 977 1379 1002 et
1401 973 1542 1002 immunia
1565 973 1681 1012 penitus
1704 973 1897 1012 declaramus,
1917 977 1945 1004 et
1967 976 1999 1004 ut

1259 1021 1351 1052 libera
1374 1025 1402 1051 et
1424 1021 1569 1052 allodialia
1592 1021 1691 1052 haberi
1711 1022 1844 1052 volumus
1867 1027 1895 1053 et
1918 1032 1999 1053 man-

1259 1071 1380 1108 damus,
1404 1072 1438 1101 ea
1460 1075 1660 1101 verumtamen
1684 1072 1747 1110 lege
1769 1076 1796 1102 et
1818 1072 1998 1110 conditione,

1259 1123 1290 1149 ut
1312 1129 1327 1149 e
1349 1124 1447 1149 contra
1471 1123 1529 1149 tam
1552 1120 1670 1158 praedia
1693 1120 1754 1159 ipsa
1778 1130 1864 1160 quam
1891 1121 2000 1151 condu-

1260 1172 1355 1198 ctores
1378 1177 1492 1206 eorum,
1516 1168 1622 1207 coloni,
1639 1169 1789 1208 inquilini,
1806 1169 1997 1206 laboratores,

1259 1216 1373 1253 famuli,
1396 1221 1424 1246 et
1448 1225 1649 1255 quaecumque
1671 1217 1744 1247 aliae
1767 1226 1908 1256 personae
1936 1226 1999 1247 sae-

1261 1265 1387 1302 culares,
1412 1264 1494 1294 nulla
1517 1264 1632 1303 penitus
1654 1266 1787 1304 excepta,
1807 1274 1880 1304 quae
1902 1265 1931 1295 in
1954 1265 1999 1295 su-

1259 1316 1356 1342 turum
1380 1312 1553 1342 habitabunt
1575 1312 1619 1342 vel
1642 1312 1841 1351 operabuntur
1863 1313 1892 1345 in
1916 1322 1999 1353 prae-

1259 1360 1315 1390 diis
1348 1360 1600 1399 praememoratis,
1634 1361 1729 1400 quoad
1762 1361 1996 1391 iurisdictionem

1259 1418 1373 1438 omnem
1408 1413 1469 1438 tum
1503 1409 1685 1439 criminalem
1719 1419 1785 1440 cum
1818 1414 1846 1440 et
1868 1409 1996 1448 civilem,

1259 1457 1341 1487 nulla
1373 1458 1489 1496 penitus
1522 1458 1697 1498 penitusque
1733 1459 1870 1498 dempta,
1907 1458 2000 1489 libere

1259 1505 1454 1535 iurisdictioni
1478 1506 1689 1545 praefectorum
1713 1511 1893 1545 nostrorum,
1916 1510 1948 1537 ut
1969 1506 1998 1536 in

1258 1557 1353 1592 antea,
1371 1553 1552 1591 subiaceant,
1570 1554 1705 1594 quodque
1721 1555 1809 1585 etiam
1821 1556 1829 1572 ¹
1850 1555 1886 1585 ad
1908 1555 2001 1586 famu-

1258 1602 1353 1632 litium
1377 1602 1483 1632 laicum
1510 1603 1702 1642 ipsorummet
1729 1603 1996 1641 missionariorum,

1258 1660 1310 1681 seu
1324 1651 1425 1681 domus
1441 1651 1589 1681 missionis
1605 1652 1730 1682 claustra
1747 1653 1835 1682 suerit
1851 1653 1998 1690 inventus,

1259 1700 1294 1730 ab
1316 1701 1394 1730 intra
1417 1710 1486 1730 vero
1508 1701 1562 1738 sic,
1582 1705 1625 1738 ut,
1644 1701 1722 1731 sacta
1744 1701 1774 1731 in
1797 1701 1933 1731 civilibus
1954 1702 2000 1732 vel

1262 1749 1466 1779 criminalibus
1488 1749 1584 1779 causis
1611 1759 1734 1789 poenam
1764 1750 1915 1789 sanguinis
1941 1760 2000 1781 non

1260 1799 1455 1829 inserentibus
1477 1798 1591 1829 urbana
1620 1800 1695 1839 apud
1725 1800 1906 1839 superiorem
1931 1800 2000 1830 mis-

1259 1847 1351 1876 sionis
1364 1847 1466 1877 domus
1481 1847 1682 1886 requisitione,
1698 1847 1745 1877 hic
1761 1848 2000 1887 comparitionem

1261 1896 1443 1935 personalem
1477 1904 1574 1925 coram
1607 1896 1703 1926 iudice
1736 1896 1889 1935 saeculari,
1917 1896 2000 1926 laicis

1261 1944 1317 1974 sibi
1339 1945 1439 1975 domui
1461 1944 1609 1974 missionis
1631 1945 1676 1974 vel
1694 1945 1887 1975 missionariis
1909 1945 2001 1975 samu-

1260 1993 1388 2024 lantibus
1411 1993 1604 2031 demandare3
1622 1993 1645 2023 si
1663 2003 1729 2024 vero
1752 1993 1859 2033 aliquis
1880 2003 1914 2023 ex
1936 1993 2000 2023 istis

1262 2042 1338 2072 intra
1363 2042 1455 2072 dictae
1477 2041 1580 2072 domus
1601 2042 1728 2072 claustra
1751 2046 1926 2080 moreretur,
1950 2041 2001 2071 ob-

1261 2090 1455 2129 signationem
1473 2094 1500 2120 et
1515 2090 1712 2121 inventarium
1735 2091 1834 2120 curiae
1856 2090 1999 2120 saeculari

1261 2139 1324 2169 sine
1347 2138 1577 2169 contradictione
1599 2139 1707 2178 aliqua,
1736 2139 1911 2169 cumulative
1933 2148 2000 2169 cum

1259 2188 1324 2227 ipso
1346 2187 1448 2218 domus
1465 2187 1627 2226 superiore,
1645 2188 1816 2227 permittere
1837 2187 1874 2218 sit
1896 2187 2000 2218 obstri-

1260 2241 1334 2267 ctus.

1300 2295 1358 2316 xvr
1382 2281 1463 2321 Quod
1480 2286 1503 2315 si
1519 2285 1647 2316 finaliter
1669 2295 1754 2325 saepe
1770 2285 1855 2316 relati
1878 2294 1997 2316 venera—

1260 2335 1334 2366 biles
1349 2335 1545 2366 confoederati
1561 2335 1690 2374 abbates,
1708 2345 1808 2366 eorum
1826 2335 1914 2371 Ordo,
1931 2335 1999 2365 mis-

1261 2383 1352 2413 sionis
1375 2384 1489 2422 domus,
1509 2383 1553 2414 vel
1576 2387 1604 2413 et
1626 2383 1802 2413 missionarii
1824 2383 1892 2422 ipsi,
1912 2383 1998 2413 huius

1260 2433 1461 2462 universitatis
1483 2437 1600 2463 nostrae
1624 2433 1756 2472 praeside
1787 2436 1815 2462 et
1836 2432 1999 2462 assistenti-

1260 2480 1314 2510 bus
1337 2480 1517 2518 scientibus,
1541 2484 1568 2510 et
1590 2480 1700 2520 absque
1723 2481 1806 2510 mora
1834 2489 1892 2510 non
1922 2478 1999 2510 obsi-

1260 2529 1423 2567 stentibus,
1448 2529 1597 2568 perpetuis
1619 2528 1725 2559 suturis
1748 2527 1926 2568 temporibus
1951 2528 2000 2558 ad-

1261 2587 1362 2608 versus
1386 2578 1547 2617 praedictas
1564 2579 1653 2617 leges,
1671 2578 1852 2608 conditiones
1873 2581 1901 2608 et
1916 2580 1997 2617 pacta

1295 2633 1308 2659 <1
1331 2632 1404 2663 Quae
1424 2640 1482 2667 seq.
1505 2631 1664 2660 dimittimus
1684 2631 1779 2659 lectori
1799 2631 1855 2659 scio
1869 2631 1910 2667 (n.
1925 2632 1973 2667 τ.).

2203 160 2206 199 ,³

2001 245 2052 274 An.
2070 246 2100 275 C.
2116 248 2180 278 17³⁹
2202 291 2206 301 Ι
