2232 3178
69 218 118 245 An.
135 217 165 243 C.
185 215 251 244 1737

258 272 445 296 revocamus
481 268 514 295 et
544 263 777 303 immutamus,
814 263 845 295 in
882 263 1000 306 hisque

258 315 486 349 sollicitudinis
513 321 644 349 nostrae
675 316 818 348 studium
855 316 1000 359 interpo-

257 368 386 410 nimus,
412 374 506 411 prout
542 369 758 412 conspicimus
796 369 828 401 in
865 370 1000 402 Domino

257 422 432 455 salubriter
458 422 622 465 expedire.

79 488 149 510 niuea
162 487 246 513 pruvin-

23 519 25 522 ⁴
65 516 99 536 cia
126 515 205 535 Pulssua
233 518 244 532 ³

65 541 182 563 mimmii,
196 527 330 560 haerenti
356 528 494 560 dilectus
508 527 592 561 silius
610 529 786 561 modernus
805 534 1001 572 procurator

65 567 416 622 {iliilsfflui'frssssssgeneralis
443 581 575 613 fratrum
601 581 729 614 Ordinis
754 582 789 614 B.
816 581 934 614 Mariae
961 582 1000 614 de

65 621 148 642 nensis.

257 691 379 728 torum,
407 690 495 730 quod
521 688 599 720 alias
624 688 656 720 in
683 688 826 731 capitulo
854 689 998 730 generali

255 741 398 774 eiusdem
412 741 553 780 Ordinis,
566 741 598 773 in
613 747 773 774 conventu
789 742 818 774 S.
831 742 945 774 Mariae
961 742 999 774 de

254 793 344 826 Scala
361 799 547 836 nuncupato
563 794 602 827 de
618 794 701 827 Urbe
716 805 801 827 anno
817 804 999 828 iinccxxxiv

254 846 439 886 celebrato,
464 857 565 879 novae
592 846 781 889 provinciae
807 847 998 879 Litbuaniae

254 899 285 932 S.
306 899 449 932 Casimiri
477 900 596 940 dictae,
617 900 656 933 ab
683 900 817 944 antiqua
842 900 997 933 Poloniae

252 963 420 1013 propinem
447 953 477 986 δ’
506 954 644 1012 Spiritus
681 960 866 1011 mmissipalss
902 959 998 986 mmo-
1020 984 1022 1012 i
1043 989 1076 1008 ac
1098 980 1299 1011 immobilibus
1322 982 1467 1020 religiosis
1492 984 1659 1022 provinciae
1683 984 1713 1014 S.
1737 984 1788 1014 Ca-

253 1005 415 1039 nabilibus
441 1006 479 1039 de
506 1017 611 1039 causis
627 1012 702 1039 tunc
727 1007 846 1039 divisae
874 1012 903 1038 et
929 1016 998 1038 ere·
1020 1019 1022 1025 ⁴

254 1064 322 1091 ctae
338 1085 345 1098 ,
369 1057 454 1092 inter
479 1059 559 1092 alios
589 1065 767 1092 conventus
794 1059 899 1092 eidem
925 1069 998 1102 pro-

253 1111 376 1145 vinciae
418 1112 609 1145 Lithuaniae
646 1113 778 1146 insimul
812 1113 1021 1152 atti·ibutos,i

253 1170 433 1198 conventus
459 1166 679 1198 Varsaviensis
704 1165 887 1208 assignatus
925 1165 997 1204 suit,

253 1219 525 1262 quemadmodum
548 1229 605 1262 per
624 1219 778 1262 quasdam
797 1226 924 1252 nostras
943 1220 996 1252 de-

252 1282 350 1315 super
385 1272 417 1304 in
454 1272 550 1304 simili
587 1273 691 1305 forma
726 1272 834 1305 Brevis
871 1273 996 1305 litteras

253 1325 304 1358 die
330 1335 374 1358 vii
394 1325 472 1358 iunii
488 1325 632 1358 eiusdem
651 1325 726 1357 anni
742 1335 925 1360 iioccxxxw
944 1337 997 1359 ex·
1019 1348 1020 1354 .

251 1377 378 1422 peditus
406 1379 572 1411 decretum
598 1389 614 1411 a
640 1386 821 1412 memorato
850 1380 995 1423 capitulo

252 1433 397 1475 generali
424 1433 485 1466 liae
510 1434 548 1466 de
575 1444 608 1466 re
643 1434 766 1466 editum
804 1439 870 1467 toto
908 1434 996 1467 illius

251 1491 365 1519 tenore
390 1487 511 1519 inserto
537 1487 811 1520 conflrmavimus.

110 1549 239 1575 incavauio
295 1540 309 1583 g
334 1539 362 1572 ⁶2.
389 1539 421 1572 In
448 1540 591 1582 capitulo
617 1551 691 1573 vero
725 1541 868 1583 generali
902 1552 997 1584 prae-

60 1577 106 1596 :inni
119 1582 239 1597 unccxxxiu

15 1607 19 1619 ι
61 1602 164 1623 decretum
183 1593 365 1625 αυτ-500115*
381 1592 509 1625 Ordinis
528 1593 558 1625 in
578 1599 738 1626 conventu
757 1594 804 1626 ss.
822 1593 996 1628 Tlieresiae

60 1635 94 1676 131
107 1630 282 1679 lncciiniiiiiiisset
305 1646 436 1679 Ioannis
461 1658 478 1679 a
503 1646 602 1679 Cruce
628 1658 732 1690 prope
759 1647 898 1680 Montem
928 1648 996 1681 Pie-

60 1682 200 1705 Lublinensis.
299 1700 304 1705 .
920 1702 925 1707 ·

251 1704 323 1734 tatis
340 1706 562 1744 nuncupatum
589 1701 627 1734 de
654 1702 769 1734 eadem
791 1701 876 1734 Urbe
896 1702 946 1735 die
964 1713 995 1736 Χ]

250 1754 325 1787 maii
362 1754 426 1787 hoc
462 1755 624 1798 praesenti
668 1765 754 1788 anno
799 1765 994 1790 Moccxxxvu

250 1807 373 1847 habito,
388 1807 504 1841 fratres
522 1819 538 1840 e
555 1808 680 1850 gremio
698 1809 832 1852 praefati
852 1810 993 1853 capituli,

248 1868 421 1907 postquam
446 1864 677 1906 cognovissent
705 1868 737 1896 et
763 1863 849 1897 serio
875 1875 995 1908 expen-

250 1916 372 1950 dissent
396 1917 564 1957 rationes,
592 1928 627 1950 ac
655 1917 885 1958 difficultates,
912 1930 993 1961 quae

249 1971 280 2004 in
307 1971 463 2014 praedicti
490 1976 671 2004 conventus
698 1971 928 2013 Van-saviensis,
956 1974 994 2005 ab

249 2024 381 2067 antiqua
406 2024 557 2057 Poloniae
584 2024 760 2067 provincia,
787 2031 821 2058 ut
839 2026 991 2068 praemit-

250 2077 327 2110 titur
345 2104 352 2117 ,
377 2077 518 2120 separati
545 2088 580 2110 ac
606 2078 783 2118 disiuncti⁷
812 2084 843 2112 et
868 2080 995 2122 provin-

250 2130 316 2163 ciae
338 2130 514 2163 Litbnanae
536 2132 575 2164 de
592 2142 674 2164 novo
693 2136 820 2165 erectae
839 2133 992 2175 assignati

250 2189 283 2217 et
305 2184 404 2224 uniti,
432 2184 582 2217 cessione
608 2185 844 2225 occurrebant,
870 2191 993 2218 mature

249 2237 531 2277 considerassent,
559 2238 786 2279 decreverunt,
814 2239 908 2272 nobis
934 2240 994 2272 hu-

248 2290 369 2324 militcr
394 2292 644 2334 supplicandum
663 2302 748 2332 esse,
768 2298 821 2332 ut,
840 2293 992 2335 praefatis

248 2344 368 2377 nostris
395 2344 511 2377 litteris
538 2345 645 2387 quoad
671 2345 892 2388 supradictam
920 2357 993 2389 par-

248 2402 311 2430 tem
338 2398 503 2430 dumtaxat
528 2399 741 2441 derogantes,
770 2398 839 2431 vice
866 2404 896 2431 ct
921 2401 992 2432 loco

248 2451 473 2494 assignationis
496 2451 670 2494 saepedicti
690 2457 868 2485 conventus
886 2452 993 2485 Varsu-

247 2504 366 2537 viensis
393 2504 577 2547 provinciae
598 2505 784 2545 Litbuanae,
811 2505 993 2548 assignetur

249 2557 353 2591 eidem
380 2563 556 2591 conventus
590 2558 814 2600 Lublinensis‚
843 2564 874 2592 ct
903 2570 992 2604 prae-

286 2621 295 2646 1
318 2619 433 2647 Videtnr
454 2619 598 2655 legendum
615 2621 749 2655 praefati
767 2624 806 2653 (n.
824 2623 874 2656 τ.).

338 2673 424 2702 Butc.
442 2674 528 2702 Rom.
553 2692 577 2694 —
607 2675 669 2704 Vol.
688 2675 792 2702 XXIV.
937 2675 970 2703 37

300 475 369 518 gl.
405 475 532 518 Exponi
569 475 729 519 siquidem
767 476 861 509 nobis
897 486 1023 519 nupcr=

255 633 361 667 Monte
387 633 536 667 Carmelo
557 634 818 668 Excalceatorum
836 646 1000 678 nuncupa·
1022 658 1023 663 ,

880 213 1022 239 CLEMENS
1046 213 1093 238 ΧΠ
1117 214 1167 239 ΡΡ.

1022 538 1029 596 †-c

1683 204 1750 238 289
1797 212 1984 241 Amet-137

1046 263 1125 295 satus
1163 267 1337 295 conventus
1373 262 1589 295 Varsaviensis
1627 268 1793 295 remaneat

1045 321 1078 346 ut
1102 321 1174 347 ante
1201 315 1391 348 divisionem
1419 316 1572 358 antiquae
1607 316 1790 358 provinciae

1046 367 1211 406 poloniae,
1241 368 1326 400 iuxta
1351 369 1488 400 alterum
1516 370 1678 401 decretum
1705 369 1790 401 eius-

1022 442 1023 447 ,
1046 419 1117 451 dem
1145 420 1276 462 capituli
1302 421 1482 462 generalis,
1510 422 1632 454 tenoris
1660 422 1713 465 qui
1741 433 1789 455 se-

1046 472 1168 515 quitur,
1197 473 1368 506 videlicet:

1085 541 1270 581 Propositum
1294 544 1347 573 suit
1379 554 1414 574 an
1449 545 1483 575 ad
1518 545 1656 575 maiorem
1687 555 1788 584 pacem

1046 591 1200 630 utriusque
1225 593 1394 631 provinciae
1413 594 1550 625 l'oloniae
1574 600 1601 625 et
1619 596 1789 626 Lithuaniae

1045 640 1192 677 rogandus
1215 641 1252 669 sit
1276 642 1485 672 Sanctissimus
1508 643 1541 673 ad
1567 647 1659 673 ratam
1679 644 1788 674 haben-

1022 705 1023 709 =
1045 687 1110 717 dam
1134 689 1360 719 extraditionem
1390 694 1550 721 conventus
1583 692 1787 722 Yarsavieusis

1045 745 1109 765 cum
1134 737 1270 767 omnibus
1294 739 1453 769 mobilibus
1476 745 1504 770 et
1528 740 1728 771 immobilibus
1744 751 1789 770 re-

1044 785 1155 823 ligiosis
1178 787 1345 825 provinciae
1378 789 1406 818 S.
1431 790 1556 828 Spiritus
1588 790 1725 820 I‘oloniae
1748 792 1788 819 sa-

1044 834 1177 864 ciendam
1205 845 1219 864 a
1249 837 1394 874 religiosis
1421 838 1589 876 provinciae
1609 839 1638 868 S.
1655 839 1788 869 Casimiri

1046 882 1229 919 Lithuaniae,
1254 894 1286 913 ac
1310 885 1440 914 vicissim
1464 887 1689 916 extraditionem
1719 897 1787 916 cou-

1044 934 1147 961 ventus
1170 932 1358 963 Lublinensis
1381 944 1446 963 cum
1470 935 1606 965 omnibus
1631 935 1788 966 mobilibus

1043 1028 1136 1059 simiri
1167 1029 1337 1060 Litliuaniae
1370 1032 1531 1062 faciendam
1565 1032 1600 1062 ab
1631 1033 1688 1063 illis
1722 1043 1789 1073 pro-

1020 1091 1022 1099 »
1043 1077 1157 1108 vinciae
1191 1081 1220 1109 S.
1245 1079 1395 1118 SpirituS,
1430 1081 1503 1111 itaut
1536 1082 1722 1120 relinquatur
1748 1084 1788 1112 sa-

1042 1126 1135 1156 cultas
1157 1128 1321 1166 reeligiosis
1344 1129 1512 1167 provinciae
1529 1131 1558 1159 S.
1578 1130 1703 1169 Spiritus
1721 1140 1787 1170 pro-

1043 1175 1164 1205 curandi
1188 1176 1243 1206 sibi
1266 1177 1424 1216 hospitium
1448 1179 1582 1216 regulare
1606 1179 1735 1217 Lublini,
1759 1184 1787 1210 ct

1041 1233 1056 1253 e
1088 1233 1228 1254 converso
1259 1226 1427 1264 provinciae
1457 1227 1485 1256 S.
1505 1227 1640 1257 Casimiri
1672 1227 1786 1258 Litbua-

1043 1272 1108 1302 niae
1132 1273 1290 1312 hospitium
1314 1275 1466 1305 consimile
1492 1276 1646 1306 l'arsaviae
1670 1277 1786 1307 ratione

1041 1331 1195 1351 causarum
1211 1323 1391 1360 agendarum
1408 1324 1582 1364 utrobique3
1600 1330 1627 1355 et
1644 1335 1710 1355 cum
1729 1331 1786 1356 tam

1019 1390 1020 1395 .
1042 1371 1195 1401 Varsaviae
1212 1382 1299 1411 quam
1317 1372 1432 1402 Lubliui
1449 1373 1508 1402 sint
1525 1375 1701 1404 monasteria
1719 1385 1786 1405 san—

1041 1420 1256 1450 ctimonialium
1288 1421 1509 1453 Carmelitarum
1545 1423 1785 1454 Excalceatorum

1040 1468 1093 1498 sub
1110 1468 1226 1499 Ordinis
1249 1470 1463 1508 iurisdictione,
1481 1473 1693 1502 monasterium
1716 1473 1785 1503 Var-

1018 1519 1173 1547 'saviense
1203 1519 1386 1558 praedictum
1415 1521 1683 1551 sanctimonialium
1708 1531 1784 1551 sem-

1041 1575 1091 1605 per
1113 1566 1295 1605 gubernetur
1317 1578 1330 1597 a
1357 1568 1502 1606 religiosis
1537 1570 1704 1608 provinciae
1728 1570 1781 1600 l'o—

1017 1622 1019 1632 ¹
1040 1615 1146 1653 Ioniae,
1161 1617 1370 1647 monasterium
1387 1627 1455 1647 vero
1468 1618 1638 1648 monialium
1655 1619 1781 1655 Lublini,

1014 2235 1016 2245 i

1014 2254 1016 2268 t

1040 1665 1116 1703 quod
1133 1670 1251 1695 vocatur
1267 1667 1296 1695 S.
1316 1666 1431 1706 Ioseph,
1456 1667 1678 1697 administretur
1700 1678 1715 1697 a
1738 1677 1782 1698 re-

1039 1713 1151 1751 ligiosis
1184 1715 1352 1754 provinciae
1387 1716 1416 1745 S.
1442 1716 1575 1746 Casimiri
1598 1717 1780 1753 Litbuaniae,

1039 1763 1178 1803 aliudque
1203 1765 1411 1794 monasterium
1436 1766 1652 1804 praedictarum
1672 1767 1783 1796 monia-

1040 1812 1110 1842 lium
1135 1813 1189 1843 sub
1212 1814 1296 1844 titulo
1318 1814 1369 1843 SS.
1393 1814 1598 1853 Conceptionis
1626 1816 1654 1844 iu
1679 1816 1780 1845 eadem

1039 1862 1156 1891 civitate
1174 1862 1342 1892 Lublinensi
1359 1863 1488 1893 existens
1512 1873 1525 1891 0
1550 1863 1693 1901 religiosis
1717 1873 1782 1903 pro-

1039 1911 1152 1941 vinciae
1168 1910 1266 1941 Sancti
1283 1912 1409 1951 Spiritus
1426 1912 1562 1941 poloniae
1579 1922 1584 1940 :
1609 1917 1636 1942 ct
1660 1922 1779 1951 respon-

1038 1969 1101 1989 sum
1125 1960 1177 1990 suit
1202 1961 1374 1991 affirmative
1390 1961 1424 1990 ad
1441 1962 1537 1991 onmia
1561 1971 1626 1991 cum
1645 1962 1780 1992 omnibus

1040 2011 1121 2039 votis.

1081 2077 1096 2120 ξ
1120 2076 1151 2110 3.
1179 2077 1256 2110 Cum
1281 2082 1411 2118 autem,
1439 2078 1523 2111 sicut
1548 2079 1660 2112 cadem
1687 2080 1977 2133 expo-peffifflss‘assffigffi

1037 2131 1110 2163 sitio
1137 2130 1365 2174 subiungebat,
1383 2131 1452 2174 ipse
1479 2137 1670 2175 procurator
1682 2140 1817 2175 gene·ca
1835 2135 1973 2155 0⁰⁰fls¹¹¹³l¹ffl

1038 2185 1112 2217 ralis
1140 2195 1203 2217 non
1218 2186 1321 2218 solum
1340 2187 1521 2228 praedictas
1539 2186 1779 2229 assignationes

1037 2239 1301 2281 supradictorum
1317 2245 1533 2272 conventuum
1550 2240 1779 2282 religiosorum

1014 2292 1180 2325 ‘virorum
1208 2299 1239 2325 ct
1264 2294 1535 2326 monasteriorum
1569 2294 1777 2334 monialium,

1037 2351 1070 2378 ut
1095 2346 1314 2388 praemittitur
1340 2346 1372 2378 in
1399 2347 1601 2389 pracinscrto
1629 2347 1776 2388 decreto,

1036 2399 1213 2442 provinciis
1240 2399 1277 2431 ab
1304 2398 1417 2431 eodem
1451 2399 1594 2442 capitulo
1631 2401 1778 2441 generali

1037 2453 1087 2485 dic
1111 2451 1170 2485 xxi¹
1190 2451 1263 2485 maii
1283 2451 1447 2495 praesenti
1474 2462 1556 2484 0000
1582 2462 1778 2487 mccxxxvii

1035 2505 1199 2539 celebrato
1227 2504 1405 2548 respective
1432 2504 1687 2546 assignatorum,
1713 2517 1777 2549 quo

1036 2558 1158 2591 tirmius
1185 2558 1359 2590 subsistant
1383 2568 1420 2589 ac
1440 2563 1609 2590 serventur
1627 2559 1776 2601 exactius,

1075 2623 1084 2649 1
1108 2621 1189 2650 Paulo
1211 2623 1273 2648 ante
1295 2619 1396 2647 dictum
1416 2619 1467 2647 suit
1487 2619 1519 2647 Xl
1539 2622 1578 2656 (n.
1595 2624 1646 2655 T.).
