2232 3178
21 225 68 254 An.
80 223 110 252 G.
131 221 197 250 ¹738

32 2928 34 2938 ξ
32 2851 35 2912 ’,ἣ
31 2836 34 2841 -
20 2066 35 2825 42—--—-————————·——-—=-·-
20 2011 24 2055 --

837 218 979 244 CLEMENS
1004 218 1051 244 ΧΠ
1076 219 1128 244 PP.

376 277 525 302 REGULAE
551 277 651 302 CAPUT
676 278 766 302 XXXV.

293 332 316 351 81
332 336 373 355 pro
388 332 533 351 necessitate
549 332 630 350 domus
645 331 748 350 debitum
765 331 858 354 aliquod

397 368 469 386 fuerit
483 367 674 389 contrahendum,
691 368 737 385 etc.

206 429 302 460 CAPUT
325 436 412 458 xxxv.
437 445 472 449 -—
503 428 543 457 De
565 428 640 457 modo
661 428 839 457 contrahendi
861 427 949 457 debita

353 481 378 506 et
400 477 431 506 de
453 478 521 506 cura
544 480 572 506 in
595 477 634 506 eis
656 476 800 505 solvendis.

244 566 263 587 1.
287 556 413 593 Nullus,
437 556 497 586 sive
530 556 686 594 minister,
719 556 779 585 sive
805 564 923 595 praeses
939 579 946 593 ,

204 606 265 636 sive
299 610 474 644 procurator
489 630 496 640 ‚
518 605 579 634 sive
613 604 799 644 particularis
822 604 946 643 quilibet

203 654 370 692 religiosuS‚
394 653 514 691 audeat,
538 654 596 683 imo
620 663 673 683 nec
695 654 790 682 valeat
813 652 944 682 debitum

204 703 320 742 aliquod
356 703 554 740 contrahere,
591 703 653 732 sine
686 702 808 732 consilio
841 705 868 732 et
903 711 947 731 as-

203 761 291 783 sensu
323 751 444 791 capituli
479 751 705 789 conventualis,
735 755 766 781 ut
803 751 947 790 praecipit

203 801 314 839 regula.

243 858 274 879 11.
298 849 402 879 Nullus
426 849 561 879 minister
587 849 618 879 in
641 849 698 879 sine
722 849 765 879 sui
789 849 878 878 officii
902 858 948 878 re-

203 897 318 936 linquat
340 897 458 927 domum
481 906 562 926 suam
596 901 746 927 oneratam
770 897 876 927 debitis
899 906 947 926 ex-

204 945 375 976 cedentibus
397 946 589 985 quantitatem
613 951 730 976 centum
751 946 921 976 ducatorum
937 970 944 984 ,

202 994 313 1034 absque
336 995 457 1024 licentia
480 995 524 1024 sui
548 995 752 1034 provincialis,
776 994 830 1024 sub
854 996 945 1034 poena

202 1043 397 1073 inhabilitatis
426 1047 586 1082 perpetuae
609 1043 643 1073 ad
667 1043 805 1073 ulteriora
828 1043 945 1073 Ordinis

202 1093 316 1123 officia:
342 1093 542 1123 definitorium
567 1097 665 1123 autem
689 1093 880 1132 provinciale,
905 1097 946 1122 at-

202 1143 290 1173 tentis
320 1142 484 1172 rationibus
514 1146 662 1180 statuum,
689 1146 887 1172 conventuum
917 1144 946 1170 et

202 1192 404 1230 collegiorum,
420 1200 494 1230 quae
510 1196 577 1221 ante
590 1200 674 1221 snum
692 1191 852 1230 capitulum
869 1189 944 1220 mitti

205 1240 312 1271 debent
335 1241 370 1270 ad
392 1241 505 1280 ipsum,
530 1240 707 1280 praedictam
730 1233 944 1269 inhabilitatem

202 1290 351 1321 declarare
374 1289 534 1324 tenebitur,
558 1289 749 1328 eamdemque
773 1289 945 1318 declaratio-

201 1349 269 1370 nem
289 1343 317 1369 et
339 1339 444 1369 merita
467 1339 560 1378 ipsius
584 1338 699 1368 tradere
722 1338 848 1378 praesidi
865 1338 942 1377 capi-

201 1389 255 1419 tuli
278 1393 345 1418 ante
369 1388 493 1428 primam
516 1387 579 1417 eius
601 1387 783 1423 sessionem,
808 1391 838 1416 ut
861 1396 944 1426 prae-

201 1448 247 1469 ses
274 1438 338 1478 ipse
370 1441 453 1467 curet
482 1437 558 1476 quod
588 1437 618 1466 in
651 1436 782 1466 archivio
812 1436 942 1474 generali

201 1487 384 1518 custodiatur
405 1488 434 1516 in
459 1487 600 1516 futurum.
617 1486 645 1516 Si
662 1490 759 1516 autem
779 1485 878 1525 aliqua
896 1485 943 1514 via

200 1537 285 1568 nobis
308 1536 479 1566 authentica
512 1535 678 1565 constiterit
693 1560 700 1573 ,
724 1535 891 1565 ministrum
916 1538 943 1564 ct

200 1586 385 1617 consiliarios
417 1585 627 1625 subscripsisse
660 1584 826 1614 huiusmodi
855 1584 942 1613 ratio-

199 1644 266 1665 nem
290 1639 384 1665 status
406 1643 476 1664 suae
499 1635 602 1664 domus
629 1633 800 1663 subticendo
824 1632 939 1669 debita,

201 1683 362 1714 consiliarii
386 1683 539 1722 priventur
555 1683 662 1719 officio,
682 1687 710 1711 et
732 1691 801 1711 voce
823 1685 942 1711 careant

200 1733 339 1772 deinceps
361 1733 390 1762 in
414 1732 543 1771 capitulo
576 1731 785 1768 conventuali,
809 1731 941 1760 minister

200 1792 270 1813 vero
292 1782 463 1812 renuntiare
496 1781 598 1811 debeat
632 1781 761 1810 officium
792 1785 939 1819 tamquam

201 1831 250 1871 qui
274 1836 359 1861 antea
382 1831 476 1860 suerat
498 1829 654 1866 inhabilis,
679 1829 736 1859 nisi
765 1833 875 1859 attento
898 1838 941 1858 re—

199 1890 264 1911 rum
282 1884 359 1910 statu
377 1889 427 1919 per
445 1879 613 1909 ministrum
636 1878 801 1917 generalem
826 1877 940 1917 dispen-

199 1934 292 1960 setur.
309 1929 343 1959 Et
359 1928 557 1968 praecipimus
572 1928 603 1957 in
619 1928 727 1957 virtute
741 1931 858 1957 sanctae
874 1926 941 1956 obe—

200 1979 339 2016 dientiae,
357 1969 455 2008 et'sub
479 1981 634 2017 praecepto
656 1977 782 2014 formali,
806 1976 940 2006 ministro

199 2027 384 2064 successori,
408 2031 439 2057 ut
471 2031 554 2056 curct
582 2026 694 2056 solvere
717 2026 870 2056 confestim
893 2026 940 2055 de-

200 2077 260 2109 bita
284 2077 329 2107 sui
352 2076 556 2113 antecessoris,
581 2081 608 2106 et
630 2080 697 2106 ante
720 2075 839 2106 illorum
862 2076 939 2106 solu-

201 2127 309 2157 tionem
332 2125 428 2155 nullas
450 2124 592 2165 expensas
614 2125 709 2161 faciat,
730 2125 786 2154 nisi
810 2125 939 2164 praecise

200 2185 253 2215 pro
269 2176 345 2205 victu
362 2179 390 2204 ct
412 2174 519 2204 vestitu
536 2173 751 2212 religiosorum,
769 2173 822 2204 sub
845 2176 940 2213 poena

199 2224 400 2264 suspensionis
423 2223 458 2252 ab
480 2223 574 2253 officio
597 2224 646 2252 et¹
669 2223 831 2261 infligenda
853 2233 866 2253 a
890 2224 939 2253 de-

199 2273 328 2303 finitorio
351 2275 415 2312 post
439 2281 539 2311 puram
563 2272 799 2302 informationem
823 2272 858 2302 de
880 2282 936 2302 non

199 2322 344 2352 solutione
373 2321 540 2351 debitorum
573 2325 601 2350 et
630 2321 765 2360 expensis
795 2321 878 2351 factis
907 2322 937 2352 in

199 2371 310 2401 fabrica
331 2371 432 2401 aliisve
456 2374 569 2410 praeter
591 2370 678 2400 dicta.

239 2429 280 2450 ιιι.
317 2419 487 2449 Inhibemus
520 2419 712 2449 conventibus
745 2419 881 2449 omnibus
910 2424 938 2450 et

200 2468 331 2508 collegiis
364 2468 471 2498 nostris
492 2477 528 2497 ne
551 2468 696 2507 accipiant
727 2468 879 2508 pecuniam
903 2469 938 2498 ad

199 2526 319 2549 censum
342 2517 405 2548 sine
427 2517 577 2556 requisitis
601 2517 835 2547 solemnitatibus
851 2526 883 2547 ac
904 2518 938 2548 li-

200 2567 297 2598 centia
312 2566 341 2596 in
360 2566 476 2606 scriptis
493 2566 539 2596 sui
558 2565 717 2596 definitorii
738 2566 934 2606 provincialis.

236 2622 246 2648 1
269 2620 383 2648 Videtur
401 2619 548 2655 legendum
567 2620 595 2647 ez·
614 2628 662 2655 pro
682 2622 708 2648 et
727 2622 765 2655 (a.
782 2624 830 2652 T.).

285 2675 371 2705 Bult.
384 2676 469 2707 Rom.
487 2690 522 2697 —-
542 2675 606 2705 Vol.
622 2674 726 2703 XXIV.
870 2675 905 2703 54

1164 278 1313 304 REGULAE
1339 278 1440 303 CAPUT
1465 280 1566 303 xxva

992 332 1015 351 81
1025 332 1145 355 quisquam
1155 332 1183 351 de
1193 332 1323 351 substantia
1338 333 1419 352 domus
1433 333 1568 352 violentiam
1583 332 1674 354 feeerit.
1687 334 1733 352 eto,

991 392 1087 422 err
1112 401 1207 422 xxxvi.
1225 411 1264 416 —
1280 393 1319 422 De
1341 394 1417 423 modo
1438 395 1572 423 servando
1591 395 1617 423 in
1642 394 1735 423 lilibus

1276 446 1300 471 et
1321 444 1448 480 negotiis.

1031 521 1050 542 1.
1074 512 1191 551 Nullus,
1208 513 1269 543 sive
1293 514 1440 552 praelatus
1463 514 1524 544 sive
1547 518 1731 554 procurator.

991 561 1113 600 incipiat
1135 571 1251 591 causam
1275 567 1303 592 et
1322 562 1414 599 litem,
1433 563 1503 602 quin
1526 563 1661 593 observet
1678 564 1734 593 cir-

991 610 1194 647 cumstantias,
1210 620 1282 649 quas
1304 611 1404 649 regula
1428 616 1528 641 nostra
1545 612 1686 650 disponit,
1705 616 1733 642 et

992 663 1141 698 praeterea
1165 669 1179 689 a
1203 669 1256 689 suo
1279 660 1452 699 provinciali
1472 661 1530 690 »vel
1563 661 1732 691 immediato

990 707 1143 747 superiore
1167 708 1249 747 prius
1272 708 1401 738 obtineat
1424 709 1584 738 licentiam.
1609 709 1690 744 Quod
1708 710 1732 740 si

991 756 1043 785 hoc
1057 756 1140 786 facile
1157 755 1258 786 haberi
1277 766 1334 786 non
1352 758 1453 796 possit,
1469 762 1495 787 et
1512 767 1599 787 causa
1615 763 1730 797 urgeat,

990 805 1025 834 lis
1057 804 1191 835 inchoari
1221 806 1328 845 poterit
1361 806 1395 835 de
1432 816 1576 836 consensu
1609 807 1731 846 capituli

990 854 1206 892 conventualis,
1229 859 1257 884 et
1279 854 1379 884 statim
1403 855 1594 893 provincialis
1617 855 1662 885 vel
1685 865 1733 886 su-

989 902 1088 942 perior
1110 903 1216 933 certior
1238 903 1298 932 fiat.

1028 959 1058 981 11.
1083 950 1188 981 Stricte
1218 951 1416 990 praecipimus
1448 952 1585 982 omnibns
1614 952 1732 991 religio-

988 999 1040 1038 sis,
1064 1009 1101 1030 ne
1123 999 1260 1039 ipsimet,
1279 999 1436 1039 nequidem
1453 1000 1729 1038 extraiudicialiter‚

988 1048 1093 1078 adeant
1126 1048 1286 1079 tribunalia
1319 1049 1480 1078 saecularia
1516 1059 1569 1088 pro
1601 1050 1731 1088 negociis

989 1106 1068 1127 mere
1097 1097 1310 1136 temporalibus
1344 1097 1491 1136 agendis,
1515 1097 1572 1127 nisi
1610 1102 1730 1136 urgente

988 1147 1077 1175 caus-a
1100 1152 1216 1176 nostrae
1248 1146 1422 1184 religionis,
1446 1155 1541 1185 neque
1564 1147 1730 1177 inconsulto

988 1204 1039 1224 suo
1063 1195 1233 1225 immediato
1266 1195 1419 1234 superiore
1442 1195 1555 1225 iudices
1578 1196 1731 1235 alloquan-

988 1249 1045 1280 tur,
1070 1244 1282 1274 intercedendo
1306 1244 1350 1273 vel
1373 1243 1533 1283 instando,
1558 1245 1612 1275 sub
1636 1248 1731 1285 poena

987 1293 1162 1323 reclusionis
1184 1293 1264 1323 intra
1288 1293 1434 1331 claustra,
1459 1293 1504 1323 vel
1527 1295 1730 1333 suspensionis

987 1351 1001 1371 a
1025 1351 1077 1372 suo
1100 1342 1196 1372 officio
1219 1351 1271 1381 per
1293 1351 1414 1372 annum.

1026 1400 1068 1421 111.
1093 1391 1196 1421 Nullus
1219 1401 1253 1421 ex
1277 1391 1405 1429 nostris,
1431 1391 1494 1422 sine
1527 1393 1572 1423 sui
1606 1393 1729 1433 praelati

986 1440 1150 1479 superioris
1167 1440 1315 1477 facultate,
1333 1441 1463 1470 osticium
1487 1446 1621 1472 exerceat
1644 1447 1730 1472 testa-

987 1490 1136 1526 mentarii,
1160 1489 1214 1519 sub
1238 1491 1334 1529 poena
1356 1490 1558 1529 suspensionis
1579 1500 1594 1520 a
1618 1501 1669 1521 suo
1689 1492 1729 1522 of-

986 1537 1063 1575 ficio,
1082 1547 1151 1567 voce
1167 1542 1195 1567 et
1218 1538 1280 1568 loco
1304 1547 1356 1577 per
1377 1542 1436 1568 tres
1460 1548 1587 1569 menses.
1607 1539 1636 1570 Si
1661 1549 1727 1570 vero

985 1587 1091 1626 aliquis
1113 1591 1252 1617 executor
1281 1587 1448 1617 testamenti
1477 1588 1565 1618 fuerit
1594 1589 1727 1619 nomina-

986 1641 1044 1672 tus,
1068 1641 1095 1666 et
1117 1636 1268 1666 commode
1290 1636 1401 1676 absque
1425 1638 1505 1667 mora
1529 1638 1678 1677 praedicta
1695 1639 1727 1668 li-

985 1686 1080 1716 centia
1105 1686 1206 1716 haberi
1223 1696 1281 1716 non
1305 1687 1406 1725 possit,
1424 1690 1452 1716 ct
1474 1686 1582 1716 iudicio
1598 1687 1726 1718 ministri

985 1740 1013 1765 ct
1037 1735 1272 1765 consiliariorum
1296 1736 1452 1774 expediens
1476 1736 1607 1766 videatur
1629 1738 1725 1767 statim

984 1794 1120 1814 exercere
1143 1784 1254 1814 dictum
1274 1784 1416 1822 officium,
1434 1785 1506 1814 illud
1522 1790 1669 1824 exerceat,
1686 1787 1725 1816 ita

985 1838 1081 1863 tamen
1100 1838 1130 1863 ut
1152 1833 1187 1863 ad
1211 1834 1446 1872 prosecutionem
1465 1838 1493 1863 ct
1516 1835 1725 1874 perfectionem

984 1882 1063 1912 illius
1095 1882 1224 1912 obtineat
1257 1882 1335 1912 intra
1365 1883 1437 1913 duos
1470 1883 1578 1922 primos
1609 1893 1725 1914 menses

984 1930 1143 1970 praefatam
1166 1931 1345 1961 facultatem.
1366 1931 1453 1971 Copia
1469 1932 1538 1961 item
1558 1932 1725 1963 testamenti

983 1979 1149 2018 subscripta
1172 1989 1187 2009 a
1211 1979 1345 2009 ministro
1369 1984 1396 2010 et
1423 1980 1599 2010 consiliariis
1629 1981 1725 2011 mitta-

984 2032 1031 2058 tur
1049 2038 1101 2058 suo
1124 2028 1270 2068 superiori
1293 2028 1475 2066 immediato,
1501 2033 1531 2059 ut
1549 2029 1669 2068 iudicet,
1688 2040 1724 2059 an

983 2077 1135 2117 expediat,
1164 2078 1208 2108 vel
1231 2087 1301 2115 non,
1329 2082 1357 2108 et
1380 2088 1432 2118 pro
1458 2088 1515 2118 quo
1539 2083 1670 2119 tempore
1691 2090 1724 2110 ac

983 2126 1090 2166 quibus
1108 2127 1350 2166 circumstantiis,
1368 2128 1527 2158 concedere
1543 2128 1722 2160 facultatem.

1022 2184 1058 2205 1v.
1081 2176 1158 2206 Nulli
1178 2176 1322 2216 superiori
1339 2177 1426 2207 liceat
1441 2177 1546 2207 iudicis
1569 2187 1725 2208 conserva-

983 2225 1055 2255 toris
1069 2234 1175 2255 munus
1192 2234 1332 2256 exercere
1348 2226 1457 2266 absque
1474 2226 1593 2266 speciali
1611 2228 1723 2258 Summi

982 2275 1133 2304 l'ontilicis
1155 2275 1286 2304 licentia.

1022 2334 1049 2353 v.
1083 2324 1186 2354 Nullus
1221 2325 1291 2354 item
1324 2324 1481 2363 religiosus
1512 2325 1550 2355 sit
1582 2330 1722 2364 patronus

982 2373 1046 2412 piae
1074 2373 1201 2403 alicuius
1234 2373 1412 2410 memoriae,
1437 2373 1481 2403 vel
1504 2374 1723 2405 administrator

982 2422 1125 2452 bonorum
1148 2432 1222 2462 quac
1245 2432 1304 2452 non
1327 2422 1387 2452 sint
1409 2426 1528 2452 nostrae
1551 2424 1720 2462 religionis,

981 2471 1045 2500 sine
1069 2472 1210 2510 expressa.
1236 2471 1359 2501 licentia
1381 2471 1427 2500 sui
1450 2471 1614 2502 definitoris
1636 2482 1722 2510 gene-

980 2519 1062 2558 ratis,
1086 2519 1144 2550 nisi
1167 2529 1236 2550 casu
1268 2529 1324 2559 quo
1356 2524 1527 2559 patronatus
1549 2525 1576 2550 et
1598 2521 1722 2551 admini—

980 2568 1083 2598 stratio
1115 2577 1226 2598 annexa
1251 2568 1309 2599 sint
1332 2569 1428 2600 officio
1450 2579 1507 2608 quo
1536 2569 1603 2609 quis
1625 2570 1722 2610 fungi-

981 2620 1028 2648 tur
1050 2617 1080 2648 in
1102 2617 1256 2657 religione.

1631 209 1696 244 425
1741 218 1792 247 An.
1810 219 1839 247 C.
1862 220 1929 248 1738
