<?xml version="1.0" encoding="UTF-8"?>
<!DOCTYPE html PUBLIC "-//W3C//DTD XHTML 1.0 Transitional//EN"
    "http://www.w3.org/TR/xhtml1/DTD/xhtml1-transitional.dtd">
<html xmlns="http://www.w3.org/1999/xhtml" xml:lang="en" lang="en">
 <head>
  <title>
</title>
<meta http-equiv="Content-Type" content="text/html;charset=utf-8" />
  <meta name='ocr-system' content='tesseract 3.04.00' />
  <meta name='ocr-capabilities' content='ocr_page ocr_carea ocr_par ocr_line ocrx_word'/>
</head>
<body>
  <div class='ocr_page' id='page_1' title='image "./bullarumdiplomat24cath_0428.png"; bbox 0 0 2232 3178; ppageno 0'>
   <div class='ocr_carea' id='block_1_1' title="bbox 279 200 463 227">
    <p class='ocr_par' dir='ltr' id='par_1_1' title="bbox 279 200 463 227">
     <span class='ocr_line' id='line_1_1' title="bbox 279 200 463 227; baseline -0.005 -1"><span class='ocrx_word' id='word_1_1' title='bbox 279 200 326 226; x_wconf 75' lang='lat' dir='ltr'>An.</span> <span class='ocrx_word' id='word_1_2' title='bbox 348 200 376 227; x_wconf 81' lang='lat' dir='ltr'>C.</span> <span class='ocrx_word' id='word_1_3' title='bbox 398 200 463 227; x_wconf 73' lang='lat'>¹738</span> 
     </span>
    </p>
   </div>
   <div class='ocr_carea' id='block_1_2' title="bbox 286 1536 468 1662">
    <p class='ocr_par' dir='ltr' id='par_1_2' title="bbox 286 1536 468 1662">
     <span class='ocr_line' id='line_1_2' title="bbox 313 1536 468 1556; baseline -0.006 0"><span class='ocrx_word' id='word_1_4' title='bbox 313 1536 371 1556; x_wconf 74' lang='lat' dir='ltr'>Hanc</span> <span class='ocrx_word' id='word_1_5' title='bbox 382 1541 468 1556; x_wconf 76' lang='lat' dir='ltr'>canros-</span> 
     </span>
     <span class='ocr_line' id='line_1_3' title="bbox 286 1563 468 1588; baseline 0.011 -7"><span class='ocrx_word' id='word_1_6' title='bbox 286 1563 365 1582; x_wconf 74' lang='lat' dir='ltr'>sinnrru</span> <span class='ocrx_word' id='word_1_7' title='bbox 390 1563 468 1588; x_wconf 76' lang='lat' dir='ltr'>ubique</span> 
     </span>
     <span class='ocr_line' id='line_1_4' title="bbox 287 1590 468 1613; baseline 0.006 -6"><span class='ocrx_word' id='word_1_8' title='bbox 287 1595 346 1608; x_wconf 65' lang='lat' dir='ltr'>suum</span> <span class='ocrx_word' id='word_1_9' title='bbox 385 1590 468 1613; x_wconf 65' lang='lat' dir='ltr'>plenum</span> 
     </span>
     <span class='ocr_line' id='line_1_5' title="bbox 287 1616 468 1639; baseline 0.006 -4"><span class='ocrx_word' id='word_1_10' title='bbox 287 1616 378 1639; x_wconf 58' lang='lat' dir='ltr'>uiuorum</span> <span class='ocrx_word' id='word_1_11' title='bbox 389 1616 468 1636; x_wconf 72' lang='lat' dir='ltr'>hahere</span> 
     </span>
     <span class='ocr_line' id='line_1_6' title="bbox 287 1645 369 1662; baseline -0.012 0"><span class='ocrx_word' id='word_1_12' title='bbox 287 1645 369 1662; x_wconf 68' lang='lat' dir='ltr'>statuit.</span> 
     </span>
    </p>
   </div>
   <div class='ocr_carea' id='block_1_3' title="bbox 291 2275 475 2296">
    <p class='ocr_par' dir='ltr' id='par_1_3' title="bbox 291 2275 475 2296">
     <span class='ocr_line' id='line_1_7' title="bbox 291 2275 475 2296; baseline 0 -1"><span class='ocrx_word' id='word_1_13' title='bbox 291 2275 402 2296; x_wconf 73' lang='lat' dir='ltr'>Contraria</span> <span class='ocrx_word' id='word_1_14' title='bbox 412 2275 475 2296; x_wconf 74' lang='lat' dir='ltr'>tollit.</span> 
     </span>
    </p>
   </div>
   <div class='ocr_carea' id='block_1_4' title="bbox 474 191 1231 2571">
    <p class='ocr_par' dir='ltr' id='par_1_4' title="bbox 474 191 1224 1511">
     <span class='ocr_line' id='line_1_8' title="bbox 514 191 578 225; baseline -0.016 0"><span class='ocrx_word' id='word_1_15' title='bbox 514 191 578 225; x_wconf 77' lang='lat'>394</span> 
     </span>
     <span class='ocr_line' id='line_1_9' title="bbox 474 248 1217 292; baseline -0.004 -9"><span class='ocrx_word' id='word_1_16' title='bbox 474 250 512 283; x_wconf 82' lang='lat' dir='ltr'>ad</span> <span class='ocrx_word' id='word_1_17' title='bbox 531 249 930 292; x_wconf 60' lang='lat' dir='ltr'>effectumpraesentium</span> <span class='ocrx_word' id='word_1_18' title='bbox 958 248 1124 281; x_wconf 74' lang='lat' dir='ltr'>dumtaxat</span> <span class='ocrx_word' id='word_1_19' title='bbox 1141 258 1217 281; x_wconf 88' lang='lat' dir='ltr'>con-</span> 
     </span>
     <span class='ocr_line' id='line_1_10' title="bbox 474 300 1218 345; baseline -0.001 -10"><span class='ocrx_word' id='word_1_20' title='bbox 474 303 688 345; x_wconf 85' lang='lat' dir='ltr'>sequendum,</span> <span class='ocrx_word' id='word_1_21' title='bbox 715 302 830 334; x_wconf 88' lang='lat' dir='ltr'>harum</span> <span class='ocrx_word' id='word_1_22' title='bbox 848 300 932 334; x_wconf 87' lang='lat' dir='ltr'>serie</span> <span class='ocrx_word' id='word_1_23' title='bbox 954 302 1160 334; x_wconf 70' lang='lat' dir='ltr'>absolventes</span> <span class='ocrx_word' id='word_1_24' title='bbox 1186 307 1218 334; x_wconf 85' lang='lat' dir='ltr'>et</span> 
     </span>
     <span class='ocr_line' id='line_1_11' title="bbox 474 354 1218 396; baseline 0 -10"><span class='ocrx_word' id='word_1_25' title='bbox 474 356 638 387; x_wconf 87' lang='lat' dir='ltr'>absolutos</span> <span class='ocrx_word' id='word_1_26' title='bbox 657 355 723 387; x_wconf 78' lang='lat' dir='ltr'>sore</span> <span class='ocrx_word' id='word_1_27' title='bbox 738 360 924 395; x_wconf 72' lang='lat' dir='ltr'><strong>censentes,</strong></span> <span class='ocrx_word' id='word_1_28' title='bbox 941 354 1126 386; x_wconf 86' lang='lat' dir='ltr'>huiusmodi</span> <span class='ocrx_word' id='word_1_29' title='bbox 1146 364 1218 396; x_wconf 89' lang='lat' dir='ltr'>sup-</span> 
     </span>
     <span class='ocr_line' id='line_1_12' title="bbox 474 407 1218 452; baseline -0.001 -13"><span class='ocrx_word' id='word_1_30' title='bbox 474 408 706 452; x_wconf 87' lang='lat' dir='ltr'>plicationibus</span> <span class='ocrx_word' id='word_1_31' title='bbox 738 407 909 448; x_wconf 88' lang='lat' dir='ltr'>inclinati,</span> <span class='ocrx_word' id='word_1_32' title='bbox 936 412 971 439; x_wconf 89' lang='lat' dir='ltr'>ut</span> <span class='ocrx_word' id='word_1_33' title='bbox 1003 413 1067 439; x_wconf 88' lang='lat' dir='ltr'>tres</span> <span class='ocrx_word' id='word_1_34' title='bbox 1093 407 1218 439; x_wconf 88' lang='lat' dir='ltr'>dumta-</span> 
     </span>
     <span class='ocr_line' id='line_1_13' title="bbox 474 460 1216 503; baseline -0.003 -10"><span class='ocrx_word' id='word_1_35' title='bbox 474 466 526 493; x_wconf 76' lang='lat' dir='ltr'>xat</span> <span class='ocrx_word' id='word_1_36' title='bbox 552 461 751 503; x_wconf 74' lang='lat' dir='ltr'>antiquiores</span> <span class='ocrx_word' id='word_1_37' title='bbox 777 461 930 493; x_wconf 87' lang='lat' dir='ltr'>doctores</span> <span class='ocrx_word' id='word_1_38' title='bbox 957 460 1060 492; x_wconf 86' lang='lat' dir='ltr'>dictae</span> <span class='ocrx_word' id='word_1_39' title='bbox 1087 460 1216 492; x_wconf 89' lang='lat' dir='ltr'>univer-</span> 
     </span>
     <span class='ocr_line' id='line_1_14' title="bbox 476 513 1217 556; baseline -0.004 -9"><span class='ocrx_word' id='word_1_40' title='bbox 476 514 579 547; x_wconf 90' lang='lat' dir='ltr'>sitatis</span> <span class='ocrx_word' id='word_1_41' title='bbox 605 513 796 552; x_wconf 59' lang='lat' dir='ltr'>Alexio-anae,</span> <span class='ocrx_word' id='word_1_42' title='bbox 822 513 854 545; x_wconf 92' lang='lat' dir='ltr'>in</span> <span class='ocrx_word' id='word_1_43' title='bbox 877 513 993 556; x_wconf 88' lang='lat' dir='ltr'>quibus</span> <span class='ocrx_word' id='word_1_44' title='bbox 1012 513 1217 556; x_wconf 86' lang='lat' dir='ltr'>supradictae</span> 
     </span>
     <span class='ocr_line' id='line_1_15' title="bbox 477 566 1218 600; baseline -0.004 0"><span class='ocrx_word' id='word_1_45' title='bbox 477 567 683 600; x_wconf 87' lang='lat' dir='ltr'>conditiones</span> <span class='ocrx_word' id='word_1_46' title='bbox 709 571 739 598; x_wconf 86' lang='lat' dir='ltr'>et</span> <span class='ocrx_word' id='word_1_47' title='bbox 772 566 1010 599; x_wconf 71' lang='lat' dir='ltr'>declarationes</span> <span class='ocrx_word' id='word_1_48' title='bbox 1046 576 1218 598; x_wconf 88' lang='lat' dir='ltr'>concurre-</span> 
     </span>
     <span class='ocr_line' id='line_1_16' title="bbox 476 618 1218 662; baseline -0.004 -9"><span class='ocrx_word' id='word_1_49' title='bbox 476 621 562 661; x_wconf 88' lang='lat' dir='ltr'>rint,</span> <span class='ocrx_word' id='word_1_50' title='bbox 590 621 675 652; x_wconf 89' lang='lat' dir='ltr'>inter</span> <span class='ocrx_word' id='word_1_51' title='bbox 701 620 874 661; x_wconf 77' lang='lat' dir='ltr'>magistros</span> <span class='ocrx_word' id='word_1_52' title='bbox 899 619 1086 662; x_wconf 80' lang='lat' dir='ltr'>provinciae</span> <span class='ocrx_word' id='word_1_53' title='bbox 1113 623 1144 651; x_wconf 88' lang='lat' dir='ltr'>et</span> <span class='ocrx_word' id='word_1_54' title='bbox 1163 618 1218 651; x_wconf 92' lang='lat' dir='ltr'>Or-</span> 
     </span>
     <span class='ocr_line' id='line_1_17' title="bbox 479 671 1217 716; baseline -0.004 -11"><span class='ocrx_word' id='word_1_55' title='bbox 479 674 563 706; x_wconf 88' lang='lat' dir='ltr'>dinis</span> <span class='ocrx_word' id='word_1_56' title='bbox 584 673 826 716; x_wconf 85' lang='lat' dir='ltr'>praedictorum</span> <span class='ocrx_word' id='word_1_57' title='bbox 841 673 1107 711; x_wconf 70' lang='lat' dir='ltr'>adnumerentur,</span> <span class='ocrx_word' id='word_1_58' title='bbox 1127 677 1157 704; x_wconf 92' lang='lat' dir='ltr'>et</span> <span class='ocrx_word' id='word_1_59' title='bbox 1173 671 1217 703; x_wconf 90' lang='lat' dir='ltr'>uti</span> 
     </span>
     <span class='ocr_line' id='line_1_18' title="bbox 478 724 1216 767; baseline -0.007 -8"><span class='ocrx_word' id='word_1_60' title='bbox 478 727 560 759; x_wconf 86' lang='lat' dir='ltr'>tales</span> <span class='ocrx_word' id='word_1_61' title='bbox 587 726 779 764; x_wconf 74' lang='lat' dir='ltr'>habeantur,</span> <span class='ocrx_word' id='word_1_62' title='bbox 806 724 999 758; x_wconf 90' lang='lat' dir='ltr'>auctoritate</span> <span class='ocrx_word' id='word_1_63' title='bbox 1025 724 1216 767; x_wconf 77' lang='lat' dir='ltr'>apostolica,</span> 
     </span>
     <span class='ocr_line' id='line_1_19' title="bbox 478 776 1219 822; baseline -0.007 -10"><span class='ocrx_word' id='word_1_64' title='bbox 478 785 592 812; x_wconf 86' lang='lat' dir='ltr'>tenore</span> <span class='ocrx_word' id='word_1_65' title='bbox 619 777 858 822; x_wconf 82' lang='lat' dir='ltr'>praesentium,</span> <span class='ocrx_word' id='word_1_66' title='bbox 883 777 1053 809; x_wconf 76' lang='lat' dir='ltr'>statuimus</span> <span class='ocrx_word' id='word_1_67' title='bbox 1079 781 1110 809; x_wconf 88' lang='lat' dir='ltr'>et</span> <span class='ocrx_word' id='word_1_68' title='bbox 1134 776 1219 808; x_wconf 90' lang='lat' dir='ltr'>ordi-</span> 
     </span>
     <span class='ocr_line' id='line_1_20' title="bbox 477 828 1218 873; baseline -0.008 -7"><span class='ocrx_word' id='word_1_69' title='bbox 477 843 612 872; x_wconf 79' lang='lat' dir='ltr'>namus,</span> <span class='ocrx_word' id='word_1_70' title='bbox 635 832 824 873; x_wconf 75' lang='lat' dir='ltr'>eisdemque</span> <span class='ocrx_word' id='word_1_71' title='bbox 851 830 954 862; x_wconf 92' lang='lat' dir='ltr'>tribus</span> <span class='ocrx_word' id='word_1_72' title='bbox 980 828 1218 872; x_wconf 83' lang='lat' dir='ltr'>antiquioribus</span> 
     </span>
     <span class='ocr_line' id='line_1_21' title="bbox 479 882 1220 925; baseline -0.007 -6"><span class='ocrx_word' id='word_1_73' title='bbox 479 886 668 919; x_wconf 86' lang='lat' dir='ltr'>doctoribus</span> <span class='ocrx_word' id='word_1_74' title='bbox 684 912 691 925; x_wconf 91' lang='lat'><em>‚</em></span> <span class='ocrx_word' id='word_1_75' title='bbox 717 890 751 916; x_wconf 91' lang='lat' dir='ltr'>ut</span> <span class='ocrx_word' id='word_1_76' title='bbox 776 884 926 916; x_wconf 88' lang='lat' dir='ltr'>omnibus</span> <span class='ocrx_word' id='word_1_77' title='bbox 948 888 978 916; x_wconf 90' lang='lat' dir='ltr'>et</span> <span class='ocrx_word' id='word_1_78' title='bbox 1004 882 1141 925; x_wconf 80' lang='lat' dir='ltr'>singulis</span> <span class='ocrx_word' id='word_1_79' title='bbox 1155 882 1220 925; x_wconf 87' lang='lat' dir='ltr'>pri-</span> 
     </span>
     <span class='ocr_line' id='line_1_22' title="bbox 477 936 1218 981; baseline -0.007 -9"><span class='ocrx_word' id='word_1_80' title='bbox 477 939 616 981; x_wconf 79' lang='lat' dir='ltr'>vilegiis,</span> <span class='ocrx_word' id='word_1_81' title='bbox 635 938 812 977; x_wconf 74' lang='lat' dir='ltr'>favoribus,</span> <span class='ocrx_word' id='word_1_82' title='bbox 839 936 1086 980; x_wconf 76' lang='lat' dir='ltr'>praerogativis,</span> <span class='ocrx_word' id='word_1_83' title='bbox 1106 945 1218 979; x_wconf 86' lang='lat' dir='ltr'>praee-</span> 
     </span>
     <span class='ocr_line' id='line_1_23' title="bbox 478 990 1219 1034; baseline -0.007 -8"><span class='ocrx_word' id='word_1_84' title='bbox 478 992 667 1032; x_wconf 82' lang='lat' dir='ltr'>niinentiis,</span> <span class='ocrx_word' id='word_1_85' title='bbox 696 991 807 1034; x_wconf 79' lang='lat' dir='ltr'>gratiis</span> <span class='ocrx_word' id='word_1_86' title='bbox 832 997 862 1023; x_wconf 92' lang='lat' dir='ltr'>et</span> <span class='ocrx_word' id='word_1_87' title='bbox 887 990 1030 1029; x_wconf 57' lang='lat' dir='ltr'>indultis</span> <span class='ocrx_word' id='word_1_88' title='bbox 1058 1000 1093 1022; x_wconf 86' lang='lat' dir='ltr'>ac</span> <span class='ocrx_word' id='word_1_89' title='bbox 1120 990 1219 1022; x_wconf 90' lang='lat' dir='ltr'>hono-</span> 
     </span>
     <span class='ocr_line' id='line_1_24' title="bbox 479 1042 1220 1087; baseline -0.005 -8"><span class='ocrx_word' id='word_1_90' title='bbox 479 1047 570 1079; x_wconf 91' lang='lat' dir='ltr'>ribus</span> <span class='ocrx_word' id='word_1_91' title='bbox 597 1051 628 1078; x_wconf 90' lang='lat' dir='ltr'>et</span> <span class='ocrx_word' id='word_1_92' title='bbox 653 1045 830 1084; x_wconf 89' lang='lat' dir='ltr'>oneribus,</span> <span class='ocrx_word' id='word_1_93' title='bbox 856 1043 975 1087; x_wconf 88' lang='lat' dir='ltr'>quibus</span> <span class='ocrx_word' id='word_1_94' title='bbox 1009 1042 1108 1075; x_wconf 88' lang='lat' dir='ltr'>ceteri</span> <span class='ocrx_word' id='word_1_95' title='bbox 1145 1053 1220 1085; x_wconf 89' lang='lat' dir='ltr'>pro-</span> 
     </span>
     <span class='ocr_line' id='line_1_25' title="bbox 480 1094 1220 1137; baseline -0.008 -5"><span class='ocrx_word' id='word_1_96' title='bbox 480 1099 603 1132; x_wconf 87' lang='lat' dir='ltr'>vinciae</span> <span class='ocrx_word' id='word_1_97' title='bbox 630 1103 660 1130; x_wconf 89' lang='lat' dir='ltr'>et</span> <span class='ocrx_word' id='word_1_98' title='bbox 685 1097 813 1130; x_wconf 81' lang='lat' dir='ltr'>Ordinis</span> <span class='ocrx_word' id='word_1_99' title='bbox 852 1096 1038 1129; x_wconf 88' lang='lat' dir='ltr'>huiusmodi</span> <span class='ocrx_word' id='word_1_100' title='bbox 1075 1094 1220 1137; x_wconf 82' lang='lat' dir='ltr'>magistri</span> 
     </span>
     <span class='ocr_line' id='line_1_26' title="bbox 480 1147 1219 1191; baseline -0.008 -7"><span class='ocrx_word' id='word_1_101' title='bbox 480 1158 544 1184; x_wconf 83' lang='lat' dir='ltr'>tarn</span> <span class='ocrx_word' id='word_1_102' title='bbox 570 1152 608 1184; x_wconf 90' lang='lat' dir='ltr'>de</span> <span class='ocrx_word' id='word_1_103' title='bbox 633 1151 712 1191; x_wconf 85' lang='lat' dir='ltr'>iure,</span> <span class='ocrx_word' id='word_1_104' title='bbox 728 1161 788 1182; x_wconf 87' lang='lat' dir='ltr'>usu</span> <span class='ocrx_word' id='word_1_105' title='bbox 807 1155 838 1182; x_wconf 90' lang='lat' dir='ltr'>et</span> <span class='ocrx_word' id='word_1_106' title='bbox 856 1147 1107 1188; x_wconf 88' lang='lat' dir='ltr'>consuetudine,</span> <span class='ocrx_word' id='word_1_107' title='bbox 1125 1157 1219 1190; x_wconf 91' lang='lat' dir='ltr'>quam</span> 
     </span>
     <span class='ocr_line' id='line_1_27' title="bbox 480 1201 1223 1247; baseline -0.005 -11"><span class='ocrx_word' id='word_1_108' title='bbox 480 1205 556 1237; x_wconf 78' lang='lat' dir='ltr'>alias</span> <span class='ocrx_word' id='word_1_109' title='bbox 582 1203 828 1247; x_wconf 83' lang='lat' dir='ltr'>quomodolibet</span> <span class='ocrx_word' id='word_1_110' title='bbox 852 1207 996 1241; x_wconf 89' lang='lat' dir='ltr'>utuntur,</span> <span class='ocrx_word' id='word_1_111' title='bbox 1024 1201 1174 1233; x_wconf 83' lang='lat' dir='ltr'>fruuntur</span> <span class='ocrx_word' id='word_1_112' title='bbox 1191 1207 1223 1233; x_wconf 92' lang='lat' dir='ltr'>et</span> 
     </span>
     <span class='ocr_line' id='line_1_28' title="bbox 481 1256 1222 1301; baseline -0.005 -10"><span class='ocrx_word' id='word_1_113' title='bbox 481 1258 636 1301; x_wconf 79' lang='lat' dir='ltr'>gaudent,</span> <span class='ocrx_word' id='word_1_114' title='bbox 663 1268 699 1290; x_wconf 88' lang='lat' dir='ltr'>ac</span> <span class='ocrx_word' id='word_1_115' title='bbox 725 1257 770 1289; x_wconf 92' lang='lat' dir='ltr'>uti</span> <span class='ocrx_word' id='word_1_116' title='bbox 797 1261 828 1288; x_wconf 92' lang='lat' dir='ltr'>et</span> <span class='ocrx_word' id='word_1_117' title='bbox 853 1256 915 1288; x_wconf 88' lang='lat' dir='ltr'>srui</span> <span class='ocrx_word' id='word_1_118' title='bbox 941 1261 973 1289; x_wconf 91' lang='lat' dir='ltr'>et</span> <span class='ocrx_word' id='word_1_119' title='bbox 991 1256 1130 1298; x_wconf 78' lang='lat' dir='ltr'>gaudere</span> <span class='ocrx_word' id='word_1_120' title='bbox 1147 1265 1222 1298; x_wconf 85' lang='lat' dir='ltr'>pos-</span> 
     </span>
     <span class='ocr_line' id='line_1_29' title="bbox 481 1308 1222 1354; baseline -0.005 -11"><span class='ocrx_word' id='word_1_121' title='bbox 481 1316 555 1343; x_wconf 86' lang='lat' dir='ltr'>sunt</span> <span class='ocrx_word' id='word_1_122' title='bbox 580 1316 611 1344; x_wconf 92' lang='lat' dir='ltr'>et</span> <span class='ocrx_word' id='word_1_123' title='bbox 634 1315 792 1354; x_wconf 90' lang='lat' dir='ltr'>poterunt</span> <span class='ocrx_word' id='word_1_124' title='bbox 816 1308 1066 1352; x_wconf 84' lang='lat' dir='ltr'>quomodolibet</span> <span class='ocrx_word' id='word_1_125' title='bbox 1091 1308 1124 1340; x_wconf 94' lang='lat' dir='ltr'>in</span> <span class='ocrx_word' id='word_1_126' title='bbox 1143 1308 1222 1340; x_wconf 79' lang='lat' dir='ltr'>sutu-</span> 
     </span>
     <span class='ocr_line' id='line_1_30' title="bbox 481 1361 1224 1405; baseline -0.005 -8"><span class='ocrx_word' id='word_1_127' title='bbox 481 1375 573 1404; x_wconf 85' lang='lat' dir='ltr'>rum,</span> <span class='ocrx_word' id='word_1_128' title='bbox 598 1364 642 1395; x_wconf 89' lang='lat' dir='ltr'>uti</span> <span class='ocrx_word' id='word_1_129' title='bbox 659 1390 666 1403; x_wconf 88' lang='lat'>‚</span> <span class='ocrx_word' id='word_1_130' title='bbox 692 1363 751 1395; x_wconf 85' lang='lat' dir='ltr'>frui</span> <span class='ocrx_word' id='word_1_131' title='bbox 778 1368 808 1395; x_wconf 88' lang='lat' dir='ltr'>et</span> <span class='ocrx_word' id='word_1_132' title='bbox 834 1363 975 1405; x_wconf 82' lang='lat' dir='ltr'>gaudere</span> <span class='ocrx_word' id='word_1_133' title='bbox 1000 1361 1103 1394; x_wconf 86' lang='lat' dir='ltr'>libere</span> <span class='ocrx_word' id='word_1_134' title='bbox 1130 1366 1161 1394; x_wconf 87' lang='lat' dir='ltr'>et</span> <span class='ocrx_word' id='word_1_135' title='bbox 1186 1361 1224 1393; x_wconf 90' lang='lat' dir='ltr'>li-</span> 
     </span>
     <span class='ocr_line' id='line_1_31' title="bbox 481 1414 1223 1459; baseline -0.005 -9"><span class='ocrx_word' id='word_1_136' title='bbox 481 1418 542 1450; x_wconf 84' lang='lat' dir='ltr'>cite</span> <span class='ocrx_word' id='word_1_137' title='bbox 567 1417 696 1459; x_wconf 84' lang='lat' dir='ltr'>possint</span> <span class='ocrx_word' id='word_1_138' title='bbox 721 1421 751 1448; x_wconf 91' lang='lat' dir='ltr'>et</span> <span class='ocrx_word' id='word_1_139' title='bbox 777 1416 914 1454; x_wconf 87' lang='lat' dir='ltr'>valeant,</span> <span class='ocrx_word' id='word_1_140' title='bbox 930 1415 1015 1448; x_wconf 76' lang='lat' dir='ltr'>dicta</span> <span class='ocrx_word' id='word_1_141' title='bbox 1031 1414 1223 1447; x_wconf 85' lang='lat' dir='ltr'>auctoritate</span> 
     </span>
     <span class='ocr_line' id='line_1_32' title="bbox 481 1468 996 1511; baseline -0.006 -8"><span class='ocrx_word' id='word_1_142' title='bbox 481 1469 692 1503; x_wconf 85' lang='lat' dir='ltr'>concedimus</span> <span class='ocrx_word' id='word_1_143' title='bbox 719 1474 750 1501; x_wconf 91' lang='lat' dir='ltr'>et</span> <span class='ocrx_word' id='word_1_144' title='bbox 775 1468 996 1511; x_wconf 81' lang='lat' dir='ltr'>indulgemus.</span> 
     </span>
    </p>

    <p class='ocr_par' dir='ltr' id='par_1_5' title="bbox 479 1521 1228 2255">
     <span class='ocr_line' id='line_1_33' title="bbox 525 1521 1225 1567; baseline -0.006 -11"><span class='ocrx_word' id='word_1_145' title='bbox 525 1525 539 1567; x_wconf 65' lang='grc' dir='ltr'><strong>ἓ</strong></span> <span class='ocrx_word' id='word_1_146' title='bbox 564 1524 595 1556; x_wconf 73' lang='grc'>4.</span> <span class='ocrx_word' id='word_1_147' title='bbox 623 1524 851 1562; x_wconf 90' lang='lat' dir='ltr'>Decernentes‚</span> <span class='ocrx_word' id='word_1_148' title='bbox 877 1521 1009 1554; x_wconf 89' lang='lat' dir='ltr'>easdem</span> <span class='ocrx_word' id='word_1_149' title='bbox 1034 1525 1225 1564; x_wconf 86' lang='lat' dir='ltr'>praesentes</span> 
     </span>
     <span class='ocr_line' id='line_1_34' title="bbox 479 1573 1226 1619; baseline -0.007 -8"><span class='ocrx_word' id='word_1_150' title='bbox 479 1578 606 1612; x_wconf 85' lang='lat' dir='ltr'>litteras</span> <span class='ocrx_word' id='word_1_151' title='bbox 631 1586 762 1619; x_wconf 87' lang='lat' dir='ltr'>semper</span> <span class='ocrx_word' id='word_1_152' title='bbox 786 1575 914 1615; x_wconf 84' lang='lat' dir='ltr'>firmas,</span> <span class='ocrx_word' id='word_1_153' title='bbox 944 1574 1067 1607; x_wconf 83' lang='lat' dir='ltr'>validas</span> <span class='ocrx_word' id='word_1_154' title='bbox 1104 1579 1135 1607; x_wconf 92' lang='lat' dir='ltr'>et</span> <span class='ocrx_word' id='word_1_155' title='bbox 1159 1573 1226 1606; x_wconf 86' lang='lat' dir='ltr'>effi-</span> 
     </span>
     <span class='ocr_line' id='line_1_35' title="bbox 480 1628 1226 1671; baseline -0.008 -6"><span class='ocrx_word' id='word_1_156' title='bbox 480 1642 572 1665; x_wconf 86' lang='lat' dir='ltr'>caces</span> <span class='ocrx_word' id='word_1_157' title='bbox 599 1630 738 1663; x_wconf 85' lang='lat' dir='ltr'>existere</span> <span class='ocrx_word' id='word_1_158' title='bbox 764 1634 795 1661; x_wconf 89' lang='lat' dir='ltr'>et</span> <span class='ocrx_word' id='word_1_159' title='bbox 819 1629 909 1668; x_wconf 87' lang='lat' dir='ltr'>sore,</span> <span class='ocrx_word' id='word_1_160' title='bbox 943 1637 1087 1671; x_wconf 88' lang='lat' dir='ltr'>suosque</span> <span class='ocrx_word' id='word_1_161' title='bbox 1112 1628 1226 1670; x_wconf 87' lang='lat' dir='ltr'>plena-</span> 
     </span>
     <span class='ocr_line' id='line_1_36' title="bbox 479 1680 1225 1725; baseline -0.008 -7"><span class='ocrx_word' id='word_1_162' title='bbox 479 1685 545 1718; x_wconf 83' lang='lat' dir='ltr'>rios</span> <span class='ocrx_word' id='word_1_163' title='bbox 572 1689 603 1717; x_wconf 89' lang='lat' dir='ltr'>et</span> <span class='ocrx_word' id='word_1_164' title='bbox 629 1683 774 1725; x_wconf 80' lang='lat' dir='ltr'>integros</span> <span class='ocrx_word' id='word_1_165' title='bbox 800 1681 933 1714; x_wconf 82' lang='lat' dir='ltr'>effectus</span> <span class='ocrx_word' id='word_1_166' title='bbox 959 1680 1070 1714; x_wconf 88' lang='lat' dir='ltr'>sortiri</span> <span class='ocrx_word' id='word_1_167' title='bbox 1098 1686 1129 1714; x_wconf 91' lang='lat' dir='ltr'>et</span> <span class='ocrx_word' id='word_1_168' title='bbox 1145 1680 1225 1713; x_wconf 89' lang='lat' dir='ltr'>obti-</span> 
     </span>
     <span class='ocr_line' id='line_1_37' title="bbox 479 1735 1225 1778; baseline -0.004 -8"><span class='ocrx_word' id='word_1_169' title='bbox 479 1749 579 1777; x_wconf 89' lang='lat' dir='ltr'>nere,</span> <span class='ocrx_word' id='word_1_170' title='bbox 607 1747 642 1769; x_wconf 86' lang='lat' dir='ltr'>ac</span> <span class='ocrx_word' id='word_1_171' title='bbox 668 1737 753 1775; x_wconf 80' lang='lat' dir='ltr'>illis,</span> <span class='ocrx_word' id='word_1_172' title='bbox 784 1735 822 1768; x_wconf 89' lang='lat' dir='ltr'>ad</span> <span class='ocrx_word' id='word_1_173' title='bbox 849 1746 931 1778; x_wconf 89' lang='lat' dir='ltr'>quos</span> <span class='ocrx_word' id='word_1_174' title='bbox 958 1740 1084 1778; x_wconf 88' lang='lat' dir='ltr'>spectat</span> <span class='ocrx_word' id='word_1_175' title='bbox 1110 1740 1141 1766; x_wconf 91' lang='lat' dir='ltr'>et</span> <span class='ocrx_word' id='word_1_176' title='bbox 1165 1744 1225 1777; x_wconf 91' lang='lat' dir='ltr'>pro</span> 
     </span>
     <span class='ocr_line' id='line_1_38' title="bbox 482 1789 1225 1835; baseline -0.005 -11"><span class='ocrx_word' id='word_1_177' title='bbox 482 1798 633 1835; x_wconf 87' lang='lat' dir='ltr'>tempore</span> <span class='ocrx_word' id='word_1_178' title='bbox 671 1791 949 1833; x_wconf 81' lang='lat' dir='ltr'>quandocumque</span> <span class='ocrx_word' id='word_1_179' title='bbox 987 1789 1156 1831; x_wconf 82' lang='lat' dir='ltr'>spectabit,</span> <span class='ocrx_word' id='word_1_180' title='bbox 1193 1789 1225 1820; x_wconf 93' lang='lat' dir='ltr'>in</span> 
     </span>
     <span class='ocr_line' id='line_1_39' title="bbox 484 1841 1227 1886; baseline -0.005 -9"><span class='ocrx_word' id='word_1_181' title='bbox 484 1845 634 1877; x_wconf 89' lang='lat' dir='ltr'>omnibus</span> <span class='ocrx_word' id='word_1_182' title='bbox 660 1849 690 1876; x_wconf 91' lang='lat' dir='ltr'>et</span> <span class='ocrx_word' id='word_1_183' title='bbox 716 1853 776 1886; x_wconf 89' lang='lat' dir='ltr'>per</span> <span class='ocrx_word' id='word_1_184' title='bbox 800 1842 907 1876; x_wconf 84' lang='lat' dir='ltr'>omnia</span> <span class='ocrx_word' id='word_1_185' title='bbox 938 1841 1128 1885; x_wconf 87' lang='lat' dir='ltr'>plenissime</span> <span class='ocrx_word' id='word_1_186' title='bbox 1154 1842 1227 1874; x_wconf 81' lang='lat' dir='ltr'>sus-</span> 
     </span>
     <span class='ocr_line' id='line_1_40' title="bbox 481 1894 1225 1939; baseline -0.004 -10"><span class='ocrx_word' id='word_1_187' title='bbox 481 1896 612 1939; x_wconf 79' lang='lat' dir='ltr'>sragari,</span> <span class='ocrx_word' id='word_1_188' title='bbox 639 1895 750 1939; x_wconf 82' lang='lat' dir='ltr'>sicque</span> <span class='ocrx_word' id='word_1_189' title='bbox 777 1895 809 1927; x_wconf 93' lang='lat' dir='ltr'>in</span> <span class='ocrx_word' id='word_1_190' title='bbox 836 1894 1027 1938; x_wconf 86' lang='lat' dir='ltr'>praemissis</span> <span class='ocrx_word' id='word_1_191' title='bbox 1046 1904 1104 1937; x_wconf 90' lang='lat' dir='ltr'>per</span> <span class='ocrx_word' id='word_1_192' title='bbox 1129 1904 1225 1937; x_wconf 92' lang='lat' dir='ltr'>quos-</span> 
     </span>
     <span class='ocr_line' id='line_1_41' title="bbox 481 1947 1227 1993; baseline -0.004 -10"><span class='ocrx_word' id='word_1_193' title='bbox 481 1960 621 1993; x_wconf 83' lang='lat' dir='ltr'>cumque</span> <span class='ocrx_word' id='word_1_194' title='bbox 645 1948 771 1981; x_wconf 86' lang='lat' dir='ltr'>iudices</span> <span class='ocrx_word' id='word_1_195' title='bbox 792 1947 976 1981; x_wconf 89' lang='lat' dir='ltr'>ordinarios</span> <span class='ocrx_word' id='word_1_196' title='bbox 1004 1952 1034 1980; x_wconf 90' lang='lat' dir='ltr'>et</span> <span class='ocrx_word' id='word_1_197' title='bbox 1060 1948 1227 1990; x_wconf 83' lang='lat' dir='ltr'>delegatos</span> 
     </span>
     <span class='ocr_line' id='line_1_42' title="bbox 483 2000 1227 2044; baseline -0.004 -10"><span class='ocrx_word' id='word_1_198' title='bbox 483 2002 579 2035; x_wconf 89' lang='lat' dir='ltr'>etiam</span> <span class='ocrx_word' id='word_1_199' title='bbox 606 2011 777 2034; x_wconf 88' lang='lat' dir='ltr'>causarum</span> <span class='ocrx_word' id='word_1_200' title='bbox 799 2001 910 2044; x_wconf 87' lang='lat' dir='ltr'>palatii</span> <span class='ocrx_word' id='word_1_201' title='bbox 940 2000 1112 2044; x_wconf 89' lang='lat' dir='ltr'>apostolici</span> <span class='ocrx_word' id='word_1_202' title='bbox 1139 2000 1227 2033; x_wconf 89' lang='lat' dir='ltr'>audi-</span> 
     </span>
     <span class='ocr_line' id='line_1_43' title="bbox 484 2053 1228 2095; baseline -0.004 -7"><span class='ocrx_word' id='word_1_203' title='bbox 484 2061 593 2095; x_wconf 89' lang='lat' dir='ltr'>tores,</span> <span class='ocrx_word' id='word_1_204' title='bbox 626 2054 765 2087; x_wconf 89' lang='lat' dir='ltr'>iudicari</span> <span class='ocrx_word' id='word_1_205' title='bbox 800 2060 832 2087; x_wconf 90' lang='lat' dir='ltr'>et</span> <span class='ocrx_word' id='word_1_206' title='bbox 868 2053 996 2086; x_wconf 73' lang='lat' dir='ltr'>definiri</span> <span class='ocrx_word' id='word_1_207' title='bbox 1023 2054 1165 2092; x_wconf 89' lang='lat' dir='ltr'>debere,</span> <span class='ocrx_word' id='word_1_208' title='bbox 1193 2063 1228 2085; x_wconf 89' lang='lat' dir='ltr'>ac</span> 
     </span>
     <span class='ocr_line' id='line_1_44' title="bbox 485 2106 1228 2149; baseline -0.003 -9"><span class='ocrx_word' id='word_1_209' title='bbox 485 2108 615 2140; x_wconf 88' lang='lat' dir='ltr'>irritum</span> <span class='ocrx_word' id='word_1_210' title='bbox 642 2112 674 2140; x_wconf 90' lang='lat' dir='ltr'>et</span> <span class='ocrx_word' id='word_1_211' title='bbox 699 2107 795 2140; x_wconf 85' lang='lat' dir='ltr'>inane</span> <span class='ocrx_word' id='word_1_212' title='bbox 828 2107 853 2139; x_wconf 92' lang='lat' dir='ltr'>si</span> <span class='ocrx_word' id='word_1_213' title='bbox 879 2117 971 2140; x_wconf 88' lang='lat' dir='ltr'>secus</span> <span class='ocrx_word' id='word_1_214' title='bbox 1001 2117 1100 2149; x_wconf 85' lang='lat' dir='ltr'>super</span> <span class='ocrx_word' id='word_1_215' title='bbox 1125 2106 1175 2138; x_wconf 90' lang='lat' dir='ltr'>his</span> <span class='ocrx_word' id='word_1_216' title='bbox 1212 2116 1228 2139; x_wconf 88' lang='lat' dir='ltr'>a</span> 
     </span>
     <span class='ocr_line' id='line_1_45' title="bbox 485 2159 1227 2203; baseline -0.004 -10"><span class='ocrx_word' id='word_1_217' title='bbox 485 2171 659 2203; x_wconf 84' lang='lat' dir='ltr'>quoquam,</span> <span class='ocrx_word' id='word_1_218' title='bbox 689 2160 804 2203; x_wconf 84' lang='lat' dir='ltr'>quavis</span> <span class='ocrx_word' id='word_1_219' title='bbox 829 2159 1022 2192; x_wconf 83' lang='lat' dir='ltr'>auctoritate</span> <span class='ocrx_word' id='word_1_220' title='bbox 1043 2187 1050 2199; x_wconf 90' lang='lat'>,</span> <span class='ocrx_word' id='word_1_221' title='bbox 1086 2159 1227 2191; x_wconf 83' lang='lat' dir='ltr'>scienter</span> 
     </span>
     <span class='ocr_line' id='line_1_46' title="bbox 485 2212 1158 2255; baseline -0.004 -9"><span class='ocrx_word' id='word_1_222' title='bbox 485 2215 535 2246; x_wconf 93' lang='lat' dir='ltr'>vel</span> <span class='ocrx_word' id='word_1_223' title='bbox 561 2214 762 2255; x_wconf 81' lang='lat' dir='ltr'>ignoranter,</span> <span class='ocrx_word' id='word_1_224' title='bbox 790 2212 967 2254; x_wconf 81' lang='lat' dir='ltr'>contigerit</span> <span class='ocrx_word' id='word_1_225' title='bbox 991 2212 1158 2244; x_wconf 85' lang='lat' dir='ltr'>attentari.</span> 
     </span>
    </p>

    <p class='ocr_par' dir='ltr' id='par_1_6' title="bbox 486 2265 1231 2571">
     <span class='ocr_line' id='line_1_47' title="bbox 531 2265 1228 2309; baseline -0.001 -10"><span class='ocrx_word' id='word_1_226' title='bbox 531 2267 545 2309; x_wconf 59' lang='grc' dir='ltr'><strong>ἓ</strong></span> <span class='ocrx_word' id='word_1_227' title='bbox 570 2266 602 2299; x_wconf 83' lang='lat'>5.</span> <span class='ocrx_word' id='word_1_228' title='bbox 629 2266 698 2298; x_wconf 83' lang='lat' dir='ltr'>Non</span> <span class='ocrx_word' id='word_1_229' title='bbox 725 2265 928 2297; x_wconf 83' lang='lat' dir='ltr'>obstantibus</span> <span class='ocrx_word' id='word_1_230' title='bbox 956 2265 1165 2308; x_wconf 83' lang='lat' dir='ltr'>praemissis,</span> <span class='ocrx_word' id='word_1_231' title='bbox 1193 2276 1228 2298; x_wconf 79' lang='lat' dir='ltr'>ac</span> 
     </span>
     <span class='ocr_line' id='line_1_48' title="bbox 486 2318 1229 2361; baseline -0.005 -7"><span class='ocrx_word' id='word_1_232' title='bbox 486 2318 773 2354; x_wconf 81' lang='lat' dir='ltr'>constitutionibus</span> <span class='ocrx_word' id='word_1_233' title='bbox 807 2323 838 2351; x_wconf 92' lang='lat' dir='ltr'>et</span> <span class='ocrx_word' id='word_1_234' title='bbox 868 2318 1128 2351; x_wconf 83' lang='lat' dir='ltr'>ordinationibus</span> <span class='ocrx_word' id='word_1_235' title='bbox 1154 2329 1229 2361; x_wconf 88' lang='lat' dir='ltr'>apo-</span> 
     </span>
     <span class='ocr_line' id='line_1_49' title="bbox 486 2372 1229 2415; baseline -0.004 -9"><span class='ocrx_word' id='word_1_236' title='bbox 486 2374 634 2412; x_wconf 89' lang='lat' dir='ltr'>stolicis,</span> <span class='ocrx_word' id='word_1_237' title='bbox 662 2382 788 2405; x_wconf 88' lang='lat' dir='ltr'>necnon</span> <span class='ocrx_word' id='word_1_238' title='bbox 813 2372 1000 2415; x_wconf 87' lang='lat' dir='ltr'>provinciae</span> <span class='ocrx_word' id='word_1_239' title='bbox 1034 2378 1065 2404; x_wconf 86' lang='lat' dir='ltr'>et</span> <span class='ocrx_word' id='word_1_240' title='bbox 1100 2372 1229 2404; x_wconf 87' lang='lat' dir='ltr'>Ordinis</span> 
     </span>
     <span class='ocr_line' id='line_1_50' title="bbox 486 2425 1230 2470; baseline -0.004 -11"><span class='ocrx_word' id='word_1_241' title='bbox 486 2426 752 2470; x_wconf 89' lang='lat' dir='ltr'>praedictorum,</span> <span class='ocrx_word' id='word_1_242' title='bbox 779 2425 875 2457; x_wconf 85' lang='lat' dir='ltr'>ctiam</span> <span class='ocrx_word' id='word_1_243' title='bbox 901 2425 1094 2465; x_wconf 86' lang='lat' dir='ltr'>iuramento,</span> <span class='ocrx_word' id='word_1_244' title='bbox 1115 2425 1230 2457; x_wconf 81' lang='lat' dir='ltr'>contir-</span> 
     </span>
     <span class='ocr_line' id='line_1_51' title="bbox 486 2478 1228 2521; baseline -0.001 -9"><span class='ocrx_word' id='word_1_245' title='bbox 486 2480 628 2512; x_wconf 90' lang='lat' dir='ltr'>matione</span> <span class='ocrx_word' id='word_1_246' title='bbox 648 2478 839 2521; x_wconf 73' lang='lat' dir='ltr'>apostolica,</span> <span class='ocrx_word' id='word_1_247' title='bbox 868 2479 917 2510; x_wconf 82' lang='lat' dir='ltr'>vel</span> <span class='ocrx_word' id='word_1_248' title='bbox 943 2478 1055 2521; x_wconf 88' lang='lat' dir='ltr'>quavis</span> <span class='ocrx_word' id='word_1_249' title='bbox 1079 2478 1228 2511; x_wconf 74' lang='lat' dir='ltr'>firmitate</span> 
     </span>
     <span class='ocr_line' id='line_1_52' title="bbox 487 2531 1231 2571; baseline -0.004 -6"><span class='ocrx_word' id='word_1_250' title='bbox 487 2533 551 2566; x_wconf 76' lang='lat' dir='ltr'>alia</span> <span class='ocrx_word' id='word_1_251' title='bbox 575 2532 758 2571; x_wconf 84' lang='lat' dir='ltr'>roboratis,</span> <span class='ocrx_word' id='word_1_252' title='bbox 786 2531 914 2563; x_wconf 87' lang='lat' dir='ltr'>statutis</span> <span class='ocrx_word' id='word_1_253' title='bbox 939 2536 971 2563; x_wconf 89' lang='lat' dir='ltr'>et</span> <span class='ocrx_word' id='word_1_254' title='bbox 987 2531 1231 2563; x_wconf 88' lang='lat' dir='ltr'>consuctudini-</span> 
     </span>
    </p>
   </div>
   <div class='ocr_carea' id='block_1_5' title="bbox 487 2583 1252 2629">
    <p class='ocr_par' dir='ltr' id='par_1_7' title="bbox 487 2583 1252 2629">
     <span class='ocr_line' id='line_1_53' title="bbox 487 2583 1252 2629; baseline -0.004 -10"><span class='ocrx_word' id='word_1_255' title='bbox 487 2586 558 2627; x_wconf 86' lang='lat' dir='ltr'>bus,</span> <span class='ocrx_word' id='word_1_256' title='bbox 582 2584 761 2629; x_wconf 78' lang='lat' dir='ltr'>privilegiis</span> <span class='ocrx_word' id='word_1_257' title='bbox 787 2594 932 2629; x_wconf 86' lang='lat' dir='ltr'>quoque,</span> <span class='ocrx_word' id='word_1_258' title='bbox 959 2583 1093 2618; x_wconf 85' lang='lat' dir='ltr'>indultis</span> <span class='ocrx_word' id='word_1_259' title='bbox 1120 2588 1151 2617; x_wconf 89' lang='lat' dir='ltr'>et</span> <span class='ocrx_word' id='word_1_260' title='bbox 1176 2583 1252 2623; x_wconf 80' lang='lat' dir='ltr'>lit-¹</span> 
     </span>
    </p>
   </div>
   <div class='ocr_carea' id='block_1_6' title="bbox 1059 198 1419 225">
    <p class='ocr_par' dir='ltr' id='par_1_8' title="bbox 1059 198 1419 225">
     <span class='ocr_line' id='line_1_54' title="bbox 1059 198 1419 225; baseline 0.006 -2"><span class='ocrx_word' id='word_1_261' title='bbox 1059 198 1241 224; x_wconf 77' lang='lat' dir='ltr'>BULLARIUM</span> <span class='ocrx_word' id='word_1_262' title='bbox 1265 198 1419 225; x_wconf 65' lang='lat' dir='ltr'>Romnum</span> 
     </span>
    </p>
   </div>
   <div class='ocr_carea' id='block_1_7' title="bbox 2182 0 2188 42">
    <p class='ocr_par' dir='ltr' id='par_1_9' title="bbox 2182 0 2188 42">
     <span class='ocr_line' id='line_1_55' title="bbox 2182 0 2188 42; baseline 0 0"><span class='ocrx_word' id='word_1_263' title='bbox 2182 0 2188 42; x_wconf 78' lang='lat'>3</span> 
     </span>
    </p>
   </div>
   <div class='ocr_carea' id='block_1_8' title="bbox 2182 43 2188 102">
    <p class='ocr_par' dir='ltr' id='par_1_10' title="bbox 2182 43 2188 102">
     <span class='ocr_line' id='line_1_56' title="bbox 2182 43 2188 58; baseline 0 0"><span class='ocrx_word' id='word_1_264' title='bbox 2182 43 2188 58; x_wconf 70' lang='lat' dir='ltr'>=l</span> 
     </span>
     <span class='ocr_line' id='line_1_57' title="bbox 2182 63 2187 81; baseline 0 0"><span class='ocrx_word' id='word_1_265' title='bbox 2182 63 2187 81; x_wconf 62' lang='lat' dir='ltr'>*l</span> 
     </span>
     <span class='ocr_line' id='line_1_58' title="bbox 2185 87 2187 102; baseline 0 0"><span class='ocrx_word' id='word_1_266' title='bbox 2185 87 2187 102; x_wconf 72' lang='lat' dir='ltr'>l</span> 
     </span>
    </p>
   </div>
   <div class='ocr_carea' id='block_1_9' title="bbox 1260 202 2232 1510">
    <p class='ocr_par' dir='ltr' id='par_1_11' title="bbox 2006 202 2189 244">
     <span class='ocr_line' id='line_1_59' title="bbox 2006 202 2189 244; baseline 0.033 -16"><span class='ocrx_word' id='word_1_267' title='bbox 2006 202 2054 228; x_wconf 76' lang='lat' dir='ltr'>An.</span> <span class='ocrx_word' id='word_1_268' title='bbox 2075 202 2104 230; x_wconf 83' lang='lat' dir='ltr'>C.</span> <span class='ocrx_word' id='word_1_269' title='bbox 2121 203 2189 244; x_wconf 51' lang='lat'><strong>¹788}</strong></span> 
     </span>
    </p>

    <p class='ocr_par' dir='ltr' id='par_1_12' title="bbox 1260 246 2232 768">
     <span class='ocr_line' id='line_1_60' title="bbox 1260 248 2232 302; baseline 0.003 -22"><span class='ocrx_word' id='word_1_270' title='bbox 1260 248 1337 281; x_wconf 87' lang='lat' dir='ltr'>teris</span> <span class='ocrx_word' id='word_1_271' title='bbox 1353 248 1539 292; x_wconf 86' lang='lat' dir='ltr'>apostolicis</span> <span class='ocrx_word' id='word_1_272' title='bbox 1557 249 1590 282; x_wconf 91' lang='lat' dir='ltr'>in</span> <span class='ocrx_word' id='word_1_273' title='bbox 1615 249 1814 283; x_wconf 84' lang='lat' dir='ltr'>contrarium</span> <span class='ocrx_word' id='word_1_274' title='bbox 1840 249 1998 293; x_wconf 84' lang='lat' dir='ltr'>praemis·</span> <span class='ocrx_word' id='word_1_275' title='bbox 2188 286 2189 302; x_wconf 17' lang='grc' dir='ltr'><strong>χ</strong></span> <span class='ocrx_word' id='word_1_276' title='bbox 2225 281 2232 294; x_wconf 68' lang='grc'>,</span> 
     </span>
     <span class='ocr_line' id='line_1_61' title="bbox 1260 302 2232 345; baseline 0.002 -12"><span class='ocrx_word' id='word_1_277' title='bbox 1260 311 1368 334; x_wconf 87' lang='lat' dir='ltr'>sorum</span> <span class='ocrx_word' id='word_1_278' title='bbox 1398 302 1647 345; x_wconf 87' lang='lat' dir='ltr'>quomodolibet</span> <span class='ocrx_word' id='word_1_279' title='bbox 1671 302 1857 343; x_wconf 84' lang='lat' dir='ltr'>concessis,</span> <span class='ocrx_word' id='word_1_280' title='bbox 1884 302 2000 335; x_wconf 83' lang='lat' dir='ltr'>confir·</span> <span class='ocrx_word' id='word_1_281' title='bbox 2187 307 2189 326; x_wconf 67' lang='lat'>⁴=</span> <span class='ocrx_word' id='word_1_282' title='bbox 2226 306 2232 343; x_wconf 73' lang='grc'>1</span> 
     </span>
     <span class='ocr_line' id='line_1_62' title="bbox 1260 355 2000 398; baseline 0.003 -12"><span class='ocrx_word' id='word_1_283' title='bbox 1260 355 1353 387; x_wconf 85' lang='lat' dir='ltr'>matis</span> <span class='ocrx_word' id='word_1_284' title='bbox 1379 360 1411 387; x_wconf 91' lang='lat' dir='ltr'>et</span> <span class='ocrx_word' id='word_1_285' title='bbox 1436 355 1621 396; x_wconf 89' lang='lat' dir='ltr'>innovatis;</span> <span class='ocrx_word' id='word_1_286' title='bbox 1650 356 1768 398; x_wconf 86' lang='lat' dir='ltr'>quibus</span> <span class='ocrx_word' id='word_1_287' title='bbox 1793 355 1943 388; x_wconf 91' lang='lat' dir='ltr'>omnibus</span> <span class='ocrx_word' id='word_1_288' title='bbox 1969 361 2000 388; x_wconf 90' lang='lat' dir='ltr'>et</span> 
     </span>
     <span class='ocr_line' id='line_1_63' title="bbox 1261 407 2000 451; baseline 0.003 -13"><span class='ocrx_word' id='word_1_289' title='bbox 1261 407 1399 449; x_wconf 82' lang='lat' dir='ltr'>singulis</span> <span class='ocrx_word' id='word_1_290' title='bbox 1417 434 1424 446; x_wconf 87' lang='grc'>,</span> <span class='ocrx_word' id='word_1_291' title='bbox 1452 407 1581 441; x_wconf 88' lang='lat' dir='ltr'>illorum</span> <span class='ocrx_word' id='word_1_292' title='bbox 1616 414 1746 441; x_wconf 86' lang='lat' dir='ltr'>tenores</span> <span class='ocrx_word' id='word_1_293' title='bbox 1771 407 2000 451; x_wconf 86' lang='lat' dir='ltr'>praesentibus</span> 
     </span>
     <span class='ocr_line' id='line_1_64' title="bbox 1262 461 2001 504; baseline 0.003 -12"><span class='ocrx_word' id='word_1_294' title='bbox 1262 471 1322 502; x_wconf 88' lang='lat' dir='ltr'>pro</span> <span class='ocrx_word' id='word_1_295' title='bbox 1340 461 1437 503; x_wconf 88' lang='lat' dir='ltr'>plene</span> <span class='ocrx_word' id='word_1_296' title='bbox 1456 466 1488 494; x_wconf 90' lang='lat' dir='ltr'>et</span> <span class='ocrx_word' id='word_1_297' title='bbox 1506 461 1704 494; x_wconf 84' lang='lat' dir='ltr'>sufficienter</span> <span class='ocrx_word' id='word_1_298' title='bbox 1729 461 1889 504; x_wconf 81' lang='lat' dir='ltr'>expressis</span> <span class='ocrx_word' id='word_1_299' title='bbox 1909 471 1944 494; x_wconf 83' lang='lat' dir='ltr'>ac</span> <span class='ocrx_word' id='word_1_300' title='bbox 1962 461 2001 494; x_wconf 92' lang='lat' dir='ltr'>de</span> 
     </span>
     <span class='ocr_line' id='line_1_65' title="bbox 1263 513 2002 554; baseline 0.003 -9"><span class='ocrx_word' id='word_1_301' title='bbox 1263 514 1361 546; x_wconf 85' lang='lat' dir='ltr'>verbo</span> <span class='ocrx_word' id='word_1_302' title='bbox 1387 514 1426 546; x_wconf 87' lang='lat' dir='ltr'>ad</span> <span class='ocrx_word' id='word_1_303' title='bbox 1449 515 1582 547; x_wconf 88' lang='lat' dir='ltr'>verbum</span> <span class='ocrx_word' id='word_1_304' title='bbox 1601 514 1730 547; x_wconf 85' lang='lat' dir='ltr'>insertis</span> <span class='ocrx_word' id='word_1_305' title='bbox 1748 514 1917 554; x_wconf 88' lang='lat' dir='ltr'>hahentes,</span> <span class='ocrx_word' id='word_1_306' title='bbox 1938 513 2002 547; x_wconf 84' lang='lat' dir='ltr'>iltis</span> 
     </span>
     <span class='ocr_line' id='line_1_66' title="bbox 1263 566 2003 610; baseline 0.001 -12"><span class='ocrx_word' id='word_1_307' title='bbox 1263 566 1341 599; x_wconf 72' lang='lat' dir='ltr'>alias</span> <span class='ocrx_word' id='word_1_308' title='bbox 1358 567 1388 599; x_wconf 91' lang='lat' dir='ltr'>in</span> <span class='ocrx_word' id='word_1_309' title='bbox 1403 578 1459 600; x_wconf 86' lang='lat' dir='ltr'>suo</span> <span class='ocrx_word' id='word_1_310' title='bbox 1473 567 1592 600; x_wconf 86' lang='lat' dir='ltr'>robore</span> <span class='ocrx_word' id='word_1_311' title='bbox 1611 567 1846 610; x_wconf 88' lang='lat' dir='ltr'>permansuris,</span> <span class='ocrx_word' id='word_1_312' title='bbox 1860 567 1898 600; x_wconf 87' lang='lat' dir='ltr'>ad</span> <span class='ocrx_word' id='word_1_313' title='bbox 1915 577 2003 610; x_wconf 86' lang='lat' dir='ltr'>prae-</span> 
     </span>
     <span class='ocr_line' id='line_1_67' title="bbox 1263 619 2002 659; baseline 0 -9"><span class='ocrx_word' id='word_1_314' title='bbox 1263 619 1436 652; x_wconf 88' lang='lat' dir='ltr'>missorum</span> <span class='ocrx_word' id='word_1_315' title='bbox 1466 619 1626 659; x_wconf 79' lang='lat' dir='ltr'>effectum,</span> <span class='ocrx_word' id='word_1_316' title='bbox 1653 620 1713 652; x_wconf 88' lang='lat' dir='ltr'>hac</span> <span class='ocrx_word' id='word_1_317' title='bbox 1735 619 1803 652; x_wconf 86' lang='lat' dir='ltr'>vice</span> <span class='ocrx_word' id='word_1_318' title='bbox 1830 620 2002 658; x_wconf 83' lang='lat' dir='ltr'>dumtaxat,</span> 
     </span>
     <span class='ocr_line' id='line_1_68' title="bbox 1263 672 2005 715; baseline 0.001 -11"><span class='ocrx_word' id='word_1_319' title='bbox 1263 672 1449 714; x_wconf 85' lang='lat' dir='ltr'>specialiter</span> <span class='ocrx_word' id='word_1_320' title='bbox 1467 677 1498 705; x_wconf 89' lang='lat' dir='ltr'>et</span> <span class='ocrx_word' id='word_1_321' title='bbox 1515 683 1668 715; x_wconf 77' lang='lat' dir='ltr'>expresse</span> <span class='ocrx_word' id='word_1_322' title='bbox 1687 672 1901 715; x_wconf 82' lang='lat' dir='ltr'>derogamus;</span> <span class='ocrx_word' id='word_1_323' title='bbox 1917 676 2005 705; x_wconf 89' lang='lat' dir='ltr'>cete-</span> 
     </span>
     <span class='ocr_line' id='line_1_69' title="bbox 1264 725 2194 768; baseline 0.001 -11"><span class='ocrx_word' id='word_1_324' title='bbox 1264 725 1371 768; x_wconf 88' lang='lat' dir='ltr'>risque</span> <span class='ocrx_word' id='word_1_325' title='bbox 1388 725 1557 758; x_wconf 83' lang='lat' dir='ltr'>contrariis</span> <span class='ocrx_word' id='word_1_326' title='bbox 1575 725 1848 768; x_wconf 85' lang='lat' dir='ltr'>quibuscumque.</span> <span class='ocrx_word' id='word_1_327' title='bbox 2193 755 2194 765; x_wconf 19' lang='grc' dir='ltr'><em>ξ</em></span> 
     </span>
    </p>

    <p class='ocr_par' dir='ltr' id='par_1_13' title="bbox 1264 778 2203 1288">
     <span class='ocr_line' id='line_1_70' title="bbox 1307 778 2203 822; baseline -0.002 -12"><span class='ocrx_word' id='word_1_328' title='bbox 1307 779 1322 821; x_wconf 66' lang='grc' dir='ltr'><strong>ἓ</strong></span> <span class='ocrx_word' id='word_1_329' title='bbox 1347 778 1378 810; x_wconf 86' lang='grc'>6.</span> <span class='ocrx_word' id='word_1_330' title='bbox 1408 779 1560 812; x_wconf 87' lang='lat' dir='ltr'>Volumus</span> <span class='ocrx_word' id='word_1_331' title='bbox 1594 784 1700 811; x_wconf 88' lang='lat' dir='ltr'>autem</span> <span class='ocrx_word' id='word_1_332' title='bbox 1733 778 1820 822; x_wconf 88' lang='lat' dir='ltr'>quod</span> <span class='ocrx_word' id='word_1_333' title='bbox 1851 788 2004 822; x_wconf 86' lang='lat' dir='ltr'>praesen·</span> <span class='ocrx_word' id='word_1_334' title='bbox 2040 789 2118 810; x_wconf 58' lang='lat' dir='ltr'>aarum</span> <span class='ocrx_word' id='word_1_335' title='bbox 2139 790 2203 816; x_wconf 58' lang='lat' dir='ltr'>iam„</span> 
     </span>
     <span class='ocr_line' id='line_1_71' title="bbox 1265 819 2192 875; baseline 0.003 -12"><span class='ocrx_word' id='word_1_336' title='bbox 1265 831 1342 864; x_wconf 91' lang='lat' dir='ltr'>tium</span> <span class='ocrx_word' id='word_1_337' title='bbox 1369 831 1551 864; x_wconf 85' lang='lat' dir='ltr'>litterarum</span> <span class='ocrx_word' id='word_1_338' title='bbox 1580 833 1797 875; x_wconf 83' lang='lat' dir='ltr'>transumptis,</span> <span class='ocrx_word' id='word_1_339' title='bbox 1823 842 1878 865; x_wconf 87' lang='lat' dir='ltr'>seu</span> <span class='ocrx_word' id='word_1_340' title='bbox 1897 819 2192 870; x_wconf 58' lang='lat' dir='ltr'>exem-Liiss&#39;t&#39;iiffiiii&#39;lii</span> 
     </span>
     <span class='ocr_line' id='line_1_72' title="bbox 1264 885 2004 928; baseline 0.003 -12"><span class='ocrx_word' id='word_1_341' title='bbox 1264 885 1351 927; x_wconf 84' lang='lat' dir='ltr'>plis,</span> <span class='ocrx_word' id='word_1_342' title='bbox 1389 885 1483 917; x_wconf 86' lang='lat' dir='ltr'>etiam</span> <span class='ocrx_word' id='word_1_343' title='bbox 1518 885 1720 928; x_wconf 88' lang='lat' dir='ltr'>impressis,</span> <span class='ocrx_word' id='word_1_344' title='bbox 1757 896 1854 918; x_wconf 87' lang='lat' dir='ltr'>manu</span> <span class='ocrx_word' id='word_1_345' title='bbox 1887 885 2004 918; x_wconf 90' lang='lat' dir='ltr'>notarii</span> 
     </span>
     <span class='ocr_line' id='line_1_73' title="bbox 1264 937 2006 980; baseline 0.005 -12"><span class='ocrx_word' id='word_1_346' title='bbox 1264 937 1386 979; x_wconf 89' lang='lat' dir='ltr'>publici</span> <span class='ocrx_word' id='word_1_347' title='bbox 1416 938 1626 980; x_wconf 83' lang='lat' dir='ltr'>subscriptis,</span> <span class='ocrx_word' id='word_1_348' title='bbox 1659 944 1692 971; x_wconf 89' lang='lat' dir='ltr'>et</span> <span class='ocrx_word' id='word_1_349' title='bbox 1724 938 1833 980; x_wconf 74' lang='lat' dir='ltr'>sigillo</span> <span class='ocrx_word' id='word_1_350' title='bbox 1869 938 2006 972; x_wconf 80' lang='lat' dir='ltr'>alicuius</span> 
     </span>
     <span class='ocr_line' id='line_1_74' title="bbox 1264 986 2006 1034; baseline 0.003 -12"><span class='ocrx_word' id='word_1_351' title='bbox 1264 986 1424 1032; x_wconf 86' lang='lat' dir='ltr'>personae</span> <span class='ocrx_word' id='word_1_352' title='bbox 1450 990 1481 1022; x_wconf 92' lang='lat' dir='ltr'>in</span> <span class='ocrx_word' id='word_1_353' title='bbox 1509 991 1729 1024; x_wconf 78' lang='lat' dir='ltr'>ecclesiastica</span> <span class='ocrx_word' id='word_1_354' title='bbox 1752 991 1909 1034; x_wconf 81' lang='lat' dir='ltr'>dignitate</span> <span class='ocrx_word' id='word_1_355' title='bbox 1934 1002 2006 1024; x_wconf 89' lang='lat' dir='ltr'>con-</span> 
     </span>
     <span class='ocr_line' id='line_1_75' title="bbox 1265 1042 2006 1086; baseline 0.001 -12"><span class='ocrx_word' id='word_1_356' title='bbox 1265 1042 1420 1082; x_wconf 86' lang='lat' dir='ltr'>stitutae,</span> <span class='ocrx_word' id='word_1_357' title='bbox 1460 1053 1516 1075; x_wconf 87' lang='lat' dir='ltr'>seu</span> <span class='ocrx_word' id='word_1_358' title='bbox 1542 1043 1711 1076; x_wconf 85' lang='lat' dir='ltr'>secretarii</span> <span class='ocrx_word' id='word_1_359' title='bbox 1736 1043 1897 1086; x_wconf 84' lang='lat' dir='ltr'>generalis</span> <span class='ocrx_word' id='word_1_360' title='bbox 1922 1043 2006 1076; x_wconf 89' lang='lat' dir='ltr'>eius-</span> 
     </span>
     <span class='ocr_line' id='line_1_76' title="bbox 1266 1095 2005 1140; baseline 0.004 -13"><span class='ocrx_word' id='word_1_361' title='bbox 1266 1095 1337 1128; x_wconf 89' lang='lat' dir='ltr'>dem</span> <span class='ocrx_word' id='word_1_362' title='bbox 1374 1095 1503 1128; x_wconf 89' lang='lat' dir='ltr'>Ordinis</span> <span class='ocrx_word' id='word_1_363' title='bbox 1529 1096 1686 1136; x_wconf 87' lang='lat' dir='ltr'>munitis,</span> <span class='ocrx_word' id='word_1_364' title='bbox 1722 1097 1836 1130; x_wconf 88' lang='lat' dir='ltr'>eadem</span> <span class='ocrx_word' id='word_1_365' title='bbox 1871 1107 2005 1140; x_wconf 87' lang='lat' dir='ltr'>prorsus</span> 
     </span>
     <span class='ocr_line' id='line_1_77' title="bbox 1266 1147 2008 1192; baseline 0.004 -13"><span class='ocrx_word' id='word_1_366' title='bbox 1266 1147 1345 1180; x_wconf 82' lang='lat' dir='ltr'>sides</span> <span class='ocrx_word' id='word_1_367' title='bbox 1370 1148 1492 1191; x_wconf 86' lang='lat' dir='ltr'>ubique</span> <span class='ocrx_word' id='word_1_368' title='bbox 1514 1148 1689 1189; x_wconf 87' lang='lat' dir='ltr'>habeatur,</span> <span class='ocrx_word' id='word_1_369' title='bbox 1716 1159 1798 1192; x_wconf 87' lang='lat' dir='ltr'>quae</span> <span class='ocrx_word' id='word_1_370' title='bbox 1824 1149 1902 1192; x_wconf 89' lang='lat' dir='ltr'>ipsis</span> <span class='ocrx_word' id='word_1_371' title='bbox 1919 1159 2008 1192; x_wconf 87' lang='lat' dir='ltr'>prae-</span> 
     </span>
     <span class='ocr_line' id='line_1_78' title="bbox 1267 1201 2007 1236; baseline 0.004 -3"><span class='ocrx_word' id='word_1_372' title='bbox 1267 1201 1414 1234; x_wconf 89' lang='lat' dir='ltr'>sentibus</span> <span class='ocrx_word' id='word_1_373' title='bbox 1451 1202 1628 1235; x_wconf 87' lang='lat' dir='ltr'>haberetur</span> <span class='ocrx_word' id='word_1_374' title='bbox 1653 1202 1678 1234; x_wconf 88' lang='lat' dir='ltr'>si</span> <span class='ocrx_word' id='word_1_375' title='bbox 1705 1202 1812 1235; x_wconf 77' lang='lat' dir='ltr'>forent</span> <span class='ocrx_word' id='word_1_376' title='bbox 1843 1203 2007 1236; x_wconf 85' lang='lat' dir='ltr'>exhibitae</span> 
     </span>
     <span class='ocr_line' id='line_1_79' title="bbox 1266 1254 1505 1288; baseline 0.008 -2"><span class='ocrx_word' id='word_1_377' title='bbox 1266 1254 1315 1286; x_wconf 91' lang='lat' dir='ltr'>vel</span> <span class='ocrx_word' id='word_1_378' title='bbox 1342 1260 1505 1288; x_wconf 82' lang='lat' dir='ltr'>ostensae.</span> 
     </span>
    </p>

    <p class='ocr_par' dir='ltr' id='par_1_14' title="bbox 1267 1307 2007 1457">
     <span class='ocr_line' id='line_1_80' title="bbox 1311 1307 2007 1352; baseline 0.004 -13"><span class='ocrx_word' id='word_1_379' title='bbox 1311 1307 1425 1340; x_wconf 87' lang='lat' dir='ltr'>Datum</span> <span class='ocrx_word' id='word_1_380' title='bbox 1444 1308 1581 1349; x_wconf 81' lang='lat' dir='ltr'>Romae,</span> <span class='ocrx_word' id='word_1_381' title='bbox 1601 1308 1686 1352; x_wconf 88' lang='lat' dir='ltr'>apud</span> <span class='ocrx_word' id='word_1_382' title='bbox 1705 1308 1737 1342; x_wconf 90' lang='lat' dir='ltr'>S.</span> <span class='ocrx_word' id='word_1_383' title='bbox 1756 1308 1887 1341; x_wconf 85' lang='lat' dir='ltr'>Mariam</span> <span class='ocrx_word' id='word_1_384' title='bbox 1910 1308 2007 1343; x_wconf 90' lang='lat' dir='ltr'>Maio-</span> 
     </span>
     <span class='ocr_line' id='line_1_81' title="bbox 1268 1361 2007 1402; baseline 0.001 -9"><span class='ocrx_word' id='word_1_385' title='bbox 1268 1371 1348 1399; x_wconf 88' lang='lat' dir='ltr'>rem,</span> <span class='ocrx_word' id='word_1_386' title='bbox 1370 1361 1428 1394; x_wconf 89' lang='lat' dir='ltr'>sub</span> <span class='ocrx_word' id='word_1_387' title='bbox 1446 1362 1569 1394; x_wconf 89' lang='lat' dir='ltr'>annulo</span> <span class='ocrx_word' id='word_1_388' title='bbox 1595 1361 1789 1402; x_wconf 84' lang='lat' dir='ltr'>Piscatoris,</span> <span class='ocrx_word' id='word_1_389' title='bbox 1816 1361 1868 1395; x_wconf 91' lang='lat' dir='ltr'>die</span> <span class='ocrx_word' id='word_1_390' title='bbox 1887 1372 1921 1396; x_wconf 92' lang='lat'>111</span> <span class='ocrx_word' id='word_1_391' title='bbox 1938 1362 2007 1395; x_wconf 91' lang='lat' dir='ltr'>iulii</span> 
     </span>
     <span class='ocr_line' id='line_1_82' title="bbox 1267 1413 2007 1457; baseline 0.001 -10"><span class='ocrx_word' id='word_1_392' title='bbox 1267 1423 1485 1453; x_wconf 80' lang='lat' dir='ltr'>Moccxxxvni,</span> <span class='ocrx_word' id='word_1_393' title='bbox 1500 1413 1710 1457; x_wconf 80' lang='lat' dir='ltr'>pontificatus</span> <span class='ocrx_word' id='word_1_394' title='bbox 1723 1413 1826 1446; x_wconf 90' lang='lat' dir='ltr'>nostri</span> <span class='ocrx_word' id='word_1_395' title='bbox 1841 1424 1925 1447; x_wconf 82' lang='lat' dir='ltr'>anno</span> <span class='ocrx_word' id='word_1_396' title='bbox 1938 1424 2007 1448; x_wconf 83' lang='lat' dir='ltr'>vin.</span> 
     </span>
    </p>

    <p class='ocr_par' dir='ltr' id='par_1_15' title="bbox 1303 1474 1930 1510">
     <span class='ocr_line' id='line_1_83' title="bbox 1303 1474 1930 1510; baseline 0 -8"><span class='ocrx_word' id='word_1_397' title='bbox 1303 1475 1364 1503; x_wconf 82' lang='lat' dir='ltr'>Dat.</span> <span class='ocrx_word' id='word_1_398' title='bbox 1385 1475 1428 1502; x_wconf 91' lang='lat' dir='ltr'>die</span> <span class='ocrx_word' id='word_1_399' title='bbox 1449 1475 1464 1502; x_wconf 88' lang='grc'><strong><em>3</em></strong></span> <span class='ocrx_word' id='word_1_400' title='bbox 1484 1474 1542 1502; x_wconf 86' lang='lat' dir='ltr'>iulii</span> <span class='ocrx_word' id='word_1_401' title='bbox 1561 1474 1642 1508; x_wconf 78' lang='lat'>1738,</span> <span class='ocrx_word' id='word_1_402' title='bbox 1662 1474 1761 1510; x_wconf 80' lang='lat' dir='ltr'>pontif.</span> <span class='ocrx_word' id='word_1_403' title='bbox 1782 1483 1851 1502; x_wconf 88' lang='lat' dir='ltr'>anno</span> <span class='ocrx_word' id='word_1_404' title='bbox 1871 1482 1930 1502; x_wconf 85' lang='lat' dir='ltr'>vui.</span> 
     </span>
    </p>
   </div>
   <div class='ocr_carea' id='block_1_10' title="bbox 2192 633 2202 1404">
    <p class='ocr_par' dir='ltr' id='par_1_16' title="bbox 2192 633 2202 1404">
     <span class='ocr_line' id='line_1_84' title="bbox 2192 633 2202 1404; baseline 0 0"><span class='ocrx_word' id='word_1_405' title='bbox 2192 633 2202 1404; x_wconf 95' lang='lat' dir='ltr'> </span> 
     </span>
    </p>
   </div>
   <div class='ocr_carea' id='block_1_11' title="bbox 1551 1618 1718 1652">
    <p class='ocr_par' dir='ltr' id='par_1_17' title="bbox 1551 1618 1718 1652">
     <span class='ocr_line' id='line_1_85' title="bbox 1551 1618 1718 1652; baseline -0.006 0"><span class='ocrx_word' id='word_1_406' title='bbox 1551 1618 1718 1652; x_wconf 74' lang='lat' dir='ltr'>CCXXVIl.</span> 
     </span>
    </p>
   </div>
   <div class='ocr_carea' id='block_1_12' title="bbox 1271 1698 2010 2016">
    <p class='ocr_par' dir='ltr' id='par_1_18' title="bbox 1271 1698 2010 1901">
     <span class='ocr_line' id='line_1_86' title="bbox 1271 1698 2010 1742; baseline -0.001 -10"><span class='ocrx_word' id='word_1_407' title='bbox 1271 1698 1480 1740; x_wconf 79' lang='lat' dir='ltr'>Confirmatio</span> <span class='ocrx_word' id='word_1_408' title='bbox 1496 1699 1762 1732; x_wconf 78' lang='lat' dir='ltr'>constitutionum</span> <span class='ocrx_word' id='word_1_409' title='bbox 1778 1699 1921 1742; x_wconf 81' lang='lat' dir='ltr'>fratrum</span> <span class='ocrx_word' id='word_1_410' title='bbox 1937 1698 2010 1732; x_wconf 81' lang='lat' dir='ltr'>Dis-</span> 
     </span>
     <span class='ocr_line' id='line_1_87' title="bbox 1312 1751 2010 1785; baseline 0.003 -2"><span class='ocrx_word' id='word_1_411' title='bbox 1312 1752 1524 1784; x_wconf 73' lang='lat' dir='ltr'>calceatoritm</span> <span class='ocrx_word' id='word_1_412' title='bbox 1540 1751 1674 1785; x_wconf 81' lang='lat' dir='ltr'>Ordinis</span> <span class='ocrx_word' id='word_1_413' title='bbox 1688 1751 1745 1785; x_wconf 88' lang='lat' dir='ltr'>SS.</span> <span class='ocrx_word' id='word_1_414' title='bbox 1764 1751 1939 1784; x_wconf 83' lang='lat' dir='ltr'>Trinitatis</span> <span class='ocrx_word' id='word_1_415' title='bbox 1953 1752 2010 1785; x_wconf 83' lang='lat' dir='ltr'>Re-</span> 
     </span>
     <span class='ocr_line' id='line_1_88' title="bbox 1313 1804 2007 1848; baseline 0 -11"><span class='ocrx_word' id='word_1_416' title='bbox 1313 1805 1508 1848; x_wconf 80' lang='lat' dir='ltr'>demptionis</span> <span class='ocrx_word' id='word_1_417' title='bbox 1538 1804 1748 1847; x_wconf 79' lang='lat' dir='ltr'>Captivorum</span> <span class='ocrx_word' id='word_1_418' title='bbox 1774 1804 2007 1848; x_wconf 76' lang='lat' dir='ltr'>Conyreqatio-</span> 
     </span>
     <span class='ocr_line' id='line_1_89' title="bbox 1314 1857 1593 1901; baseline -0.004 -10"><span class='ocrx_word' id='word_1_419' title='bbox 1314 1859 1367 1891; x_wconf 76' lang='lat' dir='ltr'>nis</span> <span class='ocrx_word' id='word_1_420' title='bbox 1393 1857 1593 1901; x_wconf 79' lang='lat' dir='ltr'>Hispaniae.</span> 
     </span>
    </p>

    <p class='ocr_par' dir='ltr' id='par_1_19' title="bbox 1385 1938 1892 2016">
     <span class='ocr_line' id='line_1_90' title="bbox 1479 1938 1798 1972; baseline 0.003 -8"><span class='ocrx_word' id='word_1_421' title='bbox 1479 1938 1615 1965; x_wconf 85' lang='lat' dir='ltr'>Clemens</span> <span class='ocrx_word' id='word_1_422' title='bbox 1636 1938 1714 1971; x_wconf 84' lang='lat' dir='ltr'>Papa</span> <span class='ocrx_word' id='word_1_423' title='bbox 1733 1938 1798 1972; x_wconf 87' lang='lat' dir='ltr'>x11‚</span> 
     </span>
     <span class='ocr_line' id='line_1_91' title="bbox 1385 1982 1892 2016; baseline 0 -7"><span class='ocrx_word' id='word_1_424' title='bbox 1385 1982 1423 2009; x_wconf 85' lang='lat' dir='ltr'>ad</span> <span class='ocrx_word' id='word_1_425' title='bbox 1443 1985 1622 2016; x_wconf 83' lang='lat' dir='ltr'>perpetuam</span> <span class='ocrx_word' id='word_1_426' title='bbox 1641 1982 1686 2009; x_wconf 84' lang='lat' dir='ltr'>rei</span> <span class='ocrx_word' id='word_1_427' title='bbox 1706 1982 1892 2009; x_wconf 82' lang='lat' dir='ltr'>memoriam.</span> 
     </span>
    </p>
   </div>
   <div class='ocr_carea' id='block_1_13' title="bbox 2194 620 2232 2548">
    <p class='ocr_par' dir='ltr' id='par_1_20' title="bbox 2194 620 2232 2548">
     <span class='ocr_line' id='line_1_92' title="bbox 2194 620 2232 2548; baseline 0 -519"><span class='ocrx_word' id='word_1_428' title='bbox 2194 620 2232 2548; x_wconf 95' lang='lat' dir='ltr'>      </span> 
     </span>
    </p>
   </div>
   <div class='ocr_carea' id='block_1_14' title="bbox 1272 2051 2211 2573">
    <p class='ocr_par' dir='ltr' id='par_1_21' title="bbox 1272 2051 2211 2573">
     <span class='ocr_line' id='line_1_93' title="bbox 1315 2051 2208 2107; baseline -0.001 -22"><span class='ocrx_word' id='word_1_429' title='bbox 1315 2054 1403 2086; x_wconf 89' lang='lat' dir='ltr'>Inter</span> <span class='ocrx_word' id='word_1_430' title='bbox 1427 2053 1656 2095; x_wconf 77' lang='lat' dir='ltr'>religiosorum</span> <span class='ocrx_word' id='word_1_431' title='bbox 1673 2051 1829 2085; x_wconf 90' lang='lat' dir='ltr'>Ordinum</span> <span class='ocrx_word' id='word_1_432' title='bbox 1852 2051 2008 2093; x_wconf 87' lang='lat' dir='ltr'>instituta,</span> <span class='ocrx_word' id='word_1_433' title='bbox 2023 2057 2208 2107; x_wconf 43' lang='lat' dir='ltr'>siaissmuisse‘affi]</span> 
     </span>
     <span class='ocr_line' id='line_1_94' title="bbox 1272 2091 2211 2159; baseline 0 -21"><span class='ocrx_word' id='word_1_434' title='bbox 1272 2106 1304 2139; x_wconf 92' lang='lat' dir='ltr'>in</span> <span class='ocrx_word' id='word_1_435' title='bbox 1330 2105 1498 2139; x_wconf 85' lang='lat' dir='ltr'>militantis</span> <span class='ocrx_word' id='word_1_436' title='bbox 1531 2105 1696 2138; x_wconf 83' lang='lat' dir='ltr'>Ecclesiae</span> <span class='ocrx_word' id='word_1_437' title='bbox 1730 2105 1963 2148; x_wconf 86' lang='lat' dir='ltr'>procuratione</span> <span class='ocrx_word' id='word_1_438' title='bbox 1995 2091 2211 2159; x_wconf 41' lang='lat' dir='ltr'>affissfltapenarm-&#39;J</span> 
     </span>
     <span class='ocr_line' id='line_1_95' title="bbox 1272 2153 2065 2201; baseline -0.001 -10"><span class='ocrx_word' id='word_1_439' title='bbox 1272 2164 1438 2201; x_wconf 84' lang='lat' dir='ltr'>pastorum</span> <span class='ocrx_word' id='word_1_440' title='bbox 1466 2159 1614 2201; x_wconf 86' lang='lat' dir='ltr'>principe</span> <span class='ocrx_word' id='word_1_441' title='bbox 1640 2158 1710 2190; x_wconf 87' lang='lat' dir='ltr'>lesu</span> <span class='ocrx_word' id='word_1_442' title='bbox 1737 2158 1863 2191; x_wconf 88' lang='lat' dir='ltr'>Christo</span> <span class='ocrx_word' id='word_1_443' title='bbox 1882 2157 2014 2190; x_wconf 83' lang='lat' dir='ltr'>infirmi·</span> <span class='ocrx_word' id='word_1_444' title='bbox 2059 2153 2065 2160; x_wconf 62' lang='lat'><em>⁶</em></span> 
     </span>
     <span class='ocr_line' id='line_1_96' title="bbox 1274 2211 2012 2253; baseline -0.001 -9"><span class='ocrx_word' id='word_1_445' title='bbox 1274 2211 1327 2244; x_wconf 87' lang='lat' dir='ltr'>tati</span> <span class='ocrx_word' id='word_1_446' title='bbox 1345 2211 1353 2227; x_wconf 93' lang='lat'>¹</span> <span class='ocrx_word' id='word_1_447' title='bbox 1385 2217 1514 2244; x_wconf 87' lang='lat' dir='ltr'>nostrae</span> <span class='ocrx_word' id='word_1_448' title='bbox 1540 2211 1755 2250; x_wconf 76' lang='lat' dir='ltr'>demandata,</span> <span class='ocrx_word' id='word_1_449' title='bbox 1793 2221 1912 2253; x_wconf 79' lang='lat' dir='ltr'>magno</span> <span class='ocrx_word' id='word_1_450' title='bbox 1939 2221 2012 2244; x_wconf 88' lang='lat' dir='ltr'>cum</span> 
     </span>
     <span class='ocr_line' id='line_1_97' title="bbox 1273 2263 2014 2306; baseline -0.003 -9"><span class='ocrx_word' id='word_1_451' title='bbox 1273 2264 1472 2298; x_wconf 83' lang='lat' dir='ltr'>christianae</span> <span class='ocrx_word' id='word_1_452' title='bbox 1497 2264 1698 2306; x_wconf 85' lang='lat' dir='ltr'>reipublicae</span> <span class='ocrx_word' id='word_1_453' title='bbox 1730 2264 1901 2296; x_wconf 88' lang='lat' dir='ltr'>commodo</span> <span class='ocrx_word' id='word_1_454' title='bbox 1920 2290 1928 2304; x_wconf 89' lang='lat'>,</span> <span class='ocrx_word' id='word_1_455' title='bbox 1968 2263 2014 2296; x_wconf 91' lang='lat' dir='ltr'>di-</span> 
     </span>
     <span class='ocr_line' id='line_1_98' title="bbox 1273 2316 2014 2350; baseline -0.001 -1"><span class='ocrx_word' id='word_1_456' title='bbox 1273 2317 1336 2350; x_wconf 86' lang='lat' dir='ltr'>vini</span> <span class='ocrx_word' id='word_1_457' title='bbox 1363 2319 1467 2350; x_wconf 84' lang='lat' dir='ltr'>cultus</span> <span class='ocrx_word' id='word_1_458' title='bbox 1494 2317 1697 2349; x_wconf 87' lang='lat' dir='ltr'>incremento</span> <span class='ocrx_word' id='word_1_459' title='bbox 1716 2321 1748 2349; x_wconf 87' lang='lat' dir='ltr'>et</span> <span class='ocrx_word' id='word_1_460' title='bbox 1766 2316 1946 2349; x_wconf 84' lang='lat' dir='ltr'>animarum</span> <span class='ocrx_word' id='word_1_461' title='bbox 1967 2326 2014 2349; x_wconf 89' lang='lat' dir='ltr'>sa-</span> 
     </span>
     <span class='ocr_line' id='line_1_99' title="bbox 1273 2369 2013 2413; baseline 0 -11"><span class='ocrx_word' id='word_1_462' title='bbox 1273 2371 1338 2403; x_wconf 85' lang='lat' dir='ltr'>lute</span> <span class='ocrx_word' id='word_1_463' title='bbox 1365 2381 1424 2413; x_wconf 91' lang='lat' dir='ltr'>per</span> <span class='ocrx_word' id='word_1_464' title='bbox 1449 2370 1577 2402; x_wconf 87' lang='lat' dir='ltr'>assidua</span> <span class='ocrx_word' id='word_1_465' title='bbox 1611 2369 1740 2412; x_wconf 83' lang='lat' dir='ltr'>pietatis</span> <span class='ocrx_word' id='word_1_466' title='bbox 1776 2369 2013 2412; x_wconf 85' lang='lat' dir='ltr'>charitatisque</span> 
     </span>
     <span class='ocr_line' id='line_1_100' title="bbox 1273 2422 2012 2466; baseline 0 -10"><span class='ocrx_word' id='word_1_467' title='bbox 1273 2424 1377 2456; x_wconf 82' lang='lat' dir='ltr'>officia</span> <span class='ocrx_word' id='word_1_468' title='bbox 1403 2424 1434 2456; x_wconf 95' lang='lat' dir='ltr'>in</span> <span class='ocrx_word' id='word_1_469' title='bbox 1460 2433 1542 2466; x_wconf 91' lang='lat' dir='ltr'>opus</span> <span class='ocrx_word' id='word_1_470' title='bbox 1568 2422 1739 2465; x_wconf 87' lang='lat' dir='ltr'>apostolici</span> <span class='ocrx_word' id='word_1_471' title='bbox 1765 2422 1937 2455; x_wconf 89' lang='lat' dir='ltr'>ministerii</span> <span class='ocrx_word' id='word_1_472' title='bbox 1955 2433 2012 2456; x_wconf 92' lang='lat' dir='ltr'>no—</span> 
     </span>
     <span class='ocr_line' id='line_1_101' title="bbox 1273 2475 2012 2519; baseline 0.003 -12"><span class='ocrx_word' id='word_1_473' title='bbox 1273 2476 1330 2508; x_wconf 90' lang='lat' dir='ltr'>stri</span> <span class='ocrx_word' id='word_1_474' title='bbox 1356 2476 1417 2509; x_wconf 82' lang='lat' dir='ltr'>alia</span> <span class='ocrx_word' id='word_1_475' title='bbox 1450 2476 1521 2509; x_wconf 88' lang='lat' dir='ltr'>aliis</span> <span class='ocrx_word' id='word_1_476' title='bbox 1548 2475 1747 2519; x_wconf 77' lang='lat' dir='ltr'>temporibus</span> <span class='ocrx_word' id='word_1_477' title='bbox 1780 2475 1935 2509; x_wconf 88' lang='lat' dir='ltr'>altissimo</span> <span class='ocrx_word' id='word_1_478' title='bbox 1964 2475 2012 2509; x_wconf 87' lang='lat' dir='ltr'>di-</span> 
     </span>
     <span class='ocr_line' id='line_1_102' title="bbox 1274 2528 2008 2573; baseline 0.001 -12"><span class='ocrx_word' id='word_1_479' title='bbox 1274 2529 1365 2562; x_wconf 89' lang='lat' dir='ltr'>vinae</span> <span class='ocrx_word' id='word_1_480' title='bbox 1389 2529 1616 2573; x_wconf 86' lang='lat' dir='ltr'>providentiae</span> <span class='ocrx_word' id='word_1_481' title='bbox 1641 2528 1778 2562; x_wconf 86' lang='lat' dir='ltr'>consilio</span> <span class='ocrx_word' id='word_1_482' title='bbox 1803 2528 1937 2569; x_wconf 84' lang='lat' dir='ltr'>adscita,</span> <span class='ocrx_word' id='word_1_483' title='bbox 1956 2539 2008 2562; x_wconf 86' lang='lat' dir='ltr'>sa-</span> 
     </span>
    </p>
   </div>
   <div class='ocr_carea' id='block_1_15' title="bbox 1310 2590 2226 2638">
    <p class='ocr_par' dir='ltr' id='par_1_22' title="bbox 1310 2569 2226 2638">
     <span class='ocr_line' id='line_1_103' title="bbox 1310 2590 2226 2638; baseline 0 -20"><span class='ocrx_word' id='word_1_484' title='bbox 1310 2594 1320 2618; x_wconf 88' lang='lat'>1</span> <span class='ocrx_word' id='word_1_485' title='bbox 1343 2591 1414 2619; x_wconf 85' lang='lat' dir='ltr'>Edit.</span> <span class='ocrx_word' id='word_1_486' title='bbox 1435 2591 1519 2620; x_wconf 83' lang='lat' dir='ltr'>Main.</span> <span class='ocrx_word' id='word_1_487' title='bbox 1540 2590 1612 2626; x_wconf 84' lang='lat' dir='ltr'>legit.</span> <span class='ocrx_word' id='word_1_488' title='bbox 1633 2590 1818 2626; x_wconf 77' lang='lat' dir='ltr'>infirmitatis</span> <span class='ocrx_word' id='word_1_489' title='bbox 1837 2593 1875 2626; x_wconf 79' lang='lat' dir='ltr'>(n.</span> <span class='ocrx_word' id='word_1_490' title='bbox 1891 2590 1941 2626; x_wconf 53' lang='lat' dir='ltr'>aa).</span> <span class='ocrx_word' id='word_1_491' title='bbox 2208 2595 2226 2638; x_wconf 51' lang='grc' dir='ltr'><strong>χ</strong></span> 
     </span>
    </p>
   </div>
  </div>
 </body>
</html>
