2232 3178
298 223 347 249 An.
370 223 398 249 c.
421 221 489 248 1738
535 212 598 245 330

492 270 644 304 eeclesiae
669 268 929 313 Ulyssiponensis
958 265 1166 301 occidentalis
1196 269 1231 296 ut

492 324 675 366 praescitur
700 321 949 366 persolvendae,
976 325 1006 352 et
1035 330 1100 352 non
1134 317 1229 357 alias,

494 377 675 419 persolvere
709 374 888 418 respective
924 374 1063 406 debeant.
1088 377 1118 405 et
1144 377 1231 404 tene-

493 434 606 467 ant.ur·‚
641 428 795 470 quodque
823 436 934 459 omnes
971 431 1003 458 et
1034 425 1231 468 quicumque

495 482 623 520 fructus,
644 481 788 513 redditus
806 485 836 512 et
854 484 1030 522 proventus
1049 478 1197 521 praefati,
1215 488 1231 510 a

494 534 587 566 nobis
614 544 671 576 per
697 538 886 576 praesentes
912 536 946 564 ut
964 531 1146 574 praefertur
1168 530 1232 562 dis-

493 585 682 626 membrati,
709 586 846 618 seiuncti
874 590 905 617 et
930 584 1096 627 separati,
1122 589 1154 616 et
1186 582 1232 614 di-

494 639 672 682 gnitatibus
699 645 728 671 et
753 637 997 671 canonicatibus
1023 642 1054 669 et
1071 636 1233 679 praeben-

494 693 542 725 dis
567 692 669 724 dictae
695 691 924 735 patriarchalis
957 690 1115 723 ecclesiae
1146 688 1234 732 Ulys-

494 745 678 788 siponensis
705 744 917 778 occidentalis
944 743 1095 786 applicati
1122 747 1153 775 et
1177 752 1233 785 ap-

493 799 660 842 propriati,
686 809 745 841 pro
771 798 898 841 aequali
917 799 986 830 rata
1009 798 1094 829 inter
1112 796 1233 829 fructus

494 858 601 886 certos
639 852 703 885 sive
740 862 872 894 grossos
907 851 945 883 ad
971 860 1232 893 unamquamque

495 912 526 938 et
551 915 816 948 unumqueimpie
843 914 878 936 ex
906 903 999 936 dictis
1021 903 1232 945 dignitatibus

494 970 529 992 ac
554 958 799 991 canonicatibus
825 963 855 990 et
872 957 1068 1000 praebendis
1089 957 1232 989 eiusdem

494 1012 723 1056 patriarclialiS
738 1011 894 1044 ecclesiae
909 1010 1172 1054 Ulyssiponensis
1186 1020 1233 1042 oc-

495 1065 665 1098 cidentalis
691 1070 874 1107 spectantes
893 1069 1150 1096 annumerentur
1178 1063 1234 1105 (ita

495 1119 580 1162 quod
600 1118 646 1150 sic
671 1116 894 1156 annumerati,
913 1116 938 1148 si
955 1126 1054 1159 super
1079 1116 1171 1148 dictis
1190 1116 1235 1148 di-

496 1171 673 1214 gnitatibus
698 1181 733 1203 ac
758 1170 1000 1203 canonicatibus
1019 1174 1051 1202 et
1075 1170 1235 1212 praeben-

496 1226 544 1258 dis
573 1225 677 1257 dictae
706 1223 933 1267 patriarchalis
959 1222 1113 1255 ecclesiae
1145 1222 1235 1266 Ulys-

495 1278 681 1322 siponensis
714 1276 948 1315 occidentalis,
983 1275 1179 1318 illarumque
1205 1281 1236 1308 et

496 1332 626 1364 illorum
654 1330 904 1373 provisionibus,
933 1330 1056 1362 litteras
1082 1329 1236 1372 apostoli-

495 1395 547 1418 cas
572 1384 717 1427 expediri
744 1384 919 1425 contingat,
940 1383 1084 1415 eiusdem
1102 1383 1236 1426 patriar-

496 1438 598 1470 cbalis
624 1437 780 1469 ecclesiae
808 1436 1070 1479 Ulyssiponensis
1089 1436 1237 1468 occiden-

498 1490 578 1523 talis¹
598 1489 763 1532 dignitatis
780 1488 1086 1532 postpontificalem
1106 1488 1236 1521 maioris

495 1543 646 1576 videlieet
673 1543 811 1581 fructus,
839 1542 984 1575 redditus
1009 1548 1040 1574 et
1061 1546 1236 1584 proventus

496 1596 589 1635 certi,
616 1596 669 1639 qui
696 1596 787 1634 alias,
813 1595 900 1627 iuxta
924 1600 1029 1627 taxam
1055 1594 1087 1626 in
1113 1594 1237 1637 praesa-

497 1647 536 1679 tis
559 1647 703 1680 eiusdem
721 1645 896 1678 Clementis
914 1645 1179 1688 praedecessoris
1198 1645 1236 1677 ab

494 1701 684 1733 innocentio
721 1699 816 1732 etiam
843 1699 1096 1742 praedecessore
1121 1703 1236 1731 nostro

496 1754 642 1798 praefato
658 1754 798 1795 desuper
813 1753 844 1784 in
862 1752 965 1784 forma
983 1752 1127 1795 praefata
1141 1762 1237 1794 expe-

497 1808 570 1839 ditis
594 1807 709 1839 litteris
724 1806 929 1838 constitutam
943 1832 950 1845 ,
967 1815 1127 1837 summam
1148 1805 1236 1838 mille

497 1861 754 1904 quingentorum
777 1859 1016 1903 quinquaginta
1032 1859 1139 1899 trium,
1155 1870 1238 1892 com-

497 1914 615 1958 putatis
643 1924 718 1946 vcro
745 1912 984 1946 distributionis
1011 1913 1235 1955 quotidianis,

497 1967 584 2000 mille
600 1967 883 2009 septingentorum
897 1965 1103 2008 septuaginta
1116 1971 1236 2008 septem

496 2030 562 2053 non
588 2020 801 2057 excedebant,
823 2019 976 2061 deinceps
1000 2018 1050 2051 bis
1075 2018 1163 2051 mille
1189 2029 1237 2051 se-

496 2073 739 2116 ptingentorum
767 2071 1003 2115 quinquaginta
1030 2072 1134 2110 trium,
1154 2082 1237 2104 com-

497 2125 618 2169 putatis
640 2135 716 2158 vero
736 2124 973 2156 distributionis
999 2124 1161 2167 praefatis,
1187 2124 1237 2156 bis

497 2179 585 2211 mille
611 2178 890 2219 noningentorum
916 2177 1120 2220 septuaginta
1146 2182 1237 2215 octo,

497 2231 668 2264 cuiuslibet
693 2241 769 2263 vero
800 2240 835 2262 ex
862 2229 933 2262 aliis
960 2230 1104 2273 quinque
1131 2229 1237 2272 digni-

499 2285 615 2317 tatibus
653 2289 685 2316 et
721 2283 903 2316 octodecim
929 2283 1171 2316 canonicatibus
1207 2288 1238 2316 et

497 2336 693 2380 praebendis
711 2337 816 2369 dictae
836 2335 1059 2379 patriarchalis
1082 2335 1237 2368 ecclesiae

497 2389 761 2433 Ulyssiponensis
804 2389 1012 2422 occidentalis
1060 2389 1237 2431 respective

498 2443 622 2475 fructus
645 2442 746 2483 certi,
765 2442 828 2485 qui,
848 2441 936 2474 iuxta
957 2441 1103 2474 eamdem
1125 2447 1236 2481 taxum,

499 2497 594 2529 etiam
622 2506 780 2528 summam
806 2495 894 2528 mille
921 2495 1176 2538 quingentorum
1198 2494 1239 2526 vi-

499 2549 580 2592 ginti
607 2555 692 2588 octo,
717 2548 909 2592 computatis
936 2558 1009 2581 vero
1036 2547 1239 2580 distributio·

536 2613 547 2637 1
569 2611 680 2638 Videtur
700 2611 794 2638 deesse
815 2610 909 2638 titulus
929 2609 1067 2646 dignitatis
1085 2611 1124 2645 (R.
1145 2609 1194 2643 T.).

1080 215 1267 241 BULLARIUM
1295 215 1453 239 ROMANUM

1275 262 1369 295 nibus
1394 263 1601 306 quotidianis,
1623 263 1710 297 mille
1731 262 2011 306 septingentorum

1275 322 1348 349 octo
1384 316 1573 349 ducatorum
1610 316 1678 349 auri
1715 315 1839 359 parium
1865 314 2013 348 similiter

1276 379 1338 402 non
1379 369 1602 408 excedebant,
1640 369 1794 412 deinceps
1833 367 1883 400 bis
1923 368 2013 401 mille

1275 422 1558 465 septingentorum
1585 421 1695 464 viginti
1719 427 1800 461 octo,
1818 420 2012 464 computatis

1276 485 1349 508 vcro
1369 474 1652 508 distributionibus
1675 474 1839 518 praefatis,
1856 473 1905 506 bis
1924 473 2013 507 mille

1277 527 1551 570 noningentorum
1578 534 1651 561 octo
1673 527 1864 560 ducatorum
1885 526 1951 559 auri
1971 527 2015 560 si-

1277 581 1412 621 milium,
1438 591 1551 614 eorum
1584 580 1762 624 respective
1788 581 1931 614 valorem
1958 590 2014 613 an-

1278 645 1375 668 nuum
1389 645 1454 668 non
1470 635 1626 667 excedere
1642 634 1821 677 respective
1836 632 2016 676 expriman-

1277 694 1328 720 tur
1350 693 1380 721 et
1398 687 1534 731 exprimi
1561 687 1715 729 debeant)
1745 686 1856 719 eadem
1880 685 2017 719 auctori-

1279 746 1341 774 tate
1360 740 1563 774 decernimus
1588 745 1619 773 et
1643 739 1829 772 statuimus.
1849 738 1917 777 Quo
1938 748 2015 772 vero

1277 794 1315 826 ad
1342 793 1520 834 fructuum,
1544 793 1729 826 reddituum
1748 797 1778 825 et
1804 796 2016 835 proventuum

1278 847 1517 890 praedictorum
1544 845 1790 889 dispositionem
1830 849 1862 878 et
1897 854 2014 882 usum.

1279 905 1341 932 tam
1378 899 1409 932 in
1446 899 1606 932 divisione
1644 898 1830 931 reddituum
1861 907 1957 941 quam
1982 896 2016 929 in

1279 953 1499 986 vacationibus
1512 953 1704 996 dignitatum
1722 962 1758 985 ae
1767 951 2018 984 canonicatuum

1279 1012 1310 1040 et
1328 1006 1586 1050 praebendarum
1604 1006 1709 1038 dictae
1731 1004 1953 1048 patriarchalis
1972 1014 2019 1037 ec·

1279 1060 1396 1094 clesiae
1433 1059 1696 1102 Ulyssiponensis
1729 1058 1941 1092 occidentalis
1974 1058 2019 1091 fa-

1279 1113 1436 1152 ciendam,
1457 1112 1524 1144 sive
1550 1111 1748 1150 faciendum,
1770 1111 1855 1144 idem
1875 1115 2020 1144 servetur

1279 1167 1360 1200 ordo
1385 1166 1439 1209 qui
1465 1176 1482 1198 a
1510 1166 1597 1198 dicto
1626 1165 1795 1198 Clemente
1826 1165 2019 1208 praedeces-

1279 1231 1354 1253 sore
1374 1219 1404 1252 in
1424 1219 1599 1262 praedictis
1616 1219 1733 1252 litteris
1759 1219 1791 1251 in
1811 1219 1895 1252 dicta
1915 1218 2020 1251 forma

1280 1272 1438 1316 expeditis
1459 1272 1683 1315 praescriptus
1711 1272 1779 1304 suit.

1323 1327 1338 1369 g
1363 1326 1394 1359 7.
1414 1327 1457 1358 Ac
1482 1326 1610 1358 demum
1637 1325 1841 1368 patriarchae
1858 1324 2021 1368 Ulyssipo·
2078 1327 2215 1356 ratrtareuu¹

1280 1378 1370 1412 nensi
1398 1378 1591 1412 occidentali
1617 1389 1676 1420 pro
1702 1383 1848 1421 tempore
1868 1377 2018 1411 existenti
2031 1360 2215 1418 iiiii-Jiffiffiiss

1281 1432 1437 1475 praefato,
1456 1431 1494 1464 ad
1515 1432 1699 1473 augendum
1726 1431 1759 1463 in
1785 1431 1869 1464 dicta
1886 1414 2215 1473 patt‘iar-issssss'fi'izissiumn

1281 1484 1366 1517 ebali
1393 1484 1532 1517 ecclesia
1559 1483 1804 1527 Ulyssiponensi
1826 1482 2020 1516 occidentali

1281 1537 1379 1570 divini
1406 1537 1526 1570 servitii
1554 1537 1686 1577 cultum,
1713 1543 1748 1570 ut
1768 1537 1850 1580 ipse,
1869 1547 1939 1569 cum
1964 1547 2020 1580 pa-

1282 1592 1370 1624 ribus
1395 1591 1531 1624 consilio
1557 1596 1589 1623 et
1613 1600 1775 1623 consensu
1804 1589 1947 1623 eiusdem
1972 1590 2022 1623 lo-

1281 1645 1372 1678 annis
1398 1645 1496 1687 regis,
1522 1655 1638 1677 novum
1666 1644 1798 1688 aliquod
1824 1643 2021 1677 beneficium

1281 1698 1545 1738 ecclesiasticum,
1562 1707 1616 1730 seu
1639 1697 1746 1740 aliqua
1764 1707 1846 1730 nova
1863 1695 2022 1730 beneficia

1281 1751 1516 1791 ecclesiastica,
1551 1761 1608 1784 seu
1644 1761 1761 1784 novum
1794 1750 2021 1784 canonicatum

1282 1810 1312 1837 et
1338 1814 1452 1837 novam
1479 1803 1699 1847 praebendam
1718 1830 1725 1844 ,
1752 1814 1810 1837 seu
1846 1813 1946 1837 novos
1971 1814 2022 1837 ca-

1282 1857 1452 1890 nonicatus
1471 1863 1503 1890 et
1524 1868 1621 1890 novas
1643 1857 1856 1900 praebendas,
1877 1867 1939 1900 pro
1958 1857 2022 1890 cle-

1284 1911 1351 1943 rico
1388 1922 1443 1943 seu
1481 1909 1632 1951 clericis,
1658 1915 1712 1942 aut
1737 1910 1927 1954 presbytero
1964 1919 2021 1943 seu

1283 1963 1482 2008 presbyteris
1519 1963 1638 1996 idoneo
1674 1973 1729 1995 seu
1756 1962 1883 1996 idoneis
1903 1990 1911 2003 ‚
1938 1973 2022 1997 novo

1283 2018 1388 2050 futuro
1414 2016 1622 2056 beneficiato,
1648 2026 1705 2048 seu
1733 2015 1823 2049 novis
1850 2016 1964 2048 suturis
1989 2016 2022 2049 in

1282 2070 1365 2102 dicta
1385 2069 1592 2111 patriarchali
1619 2068 1757 2101 ecclesia
1776 2067 2021 2112 Ulyssiponensi

1281 2121 1471 2154 occidentali
1499 2120 1709 2161 beneficiatis,
1737 2131 1792 2153 seu
1811 2132 1896 2154 novo
1911 2121 2022 2155 futuro

1281 2174 1444 2215 canonico,
1460 2180 1514 2206 aut
1531 2174 1622 2206 novis
1637 2174 1752 2206 suturis
1766 2174 1871 2207 dictae
1886 2174 2023 2218 patriar-

1281 2227 1383 2260 chalis
1409 2227 1569 2260 ccclesiae
1587 2227 1849 2270 Ulyssiponensis
1875 2227 2024 2260 occiden-

1281 2280 1351 2313 talis
1377 2279 1550 2320 canonicis,
1569 2290 1586 2312 a
1603 2279 1769 2322 praedicto
1787 2279 1908 2313 Ioanne
1933 2290 2022 2322 rege,

1282 2339 1315 2366 ut
1351 2333 1453 2373 infra,
1481 2333 1662 2376 respective
1698 2334 1940 2376 praesentando
1965 2345 2022 2368 seu

1282 2387 1527 2430 praesentandis
1544 2413 1551 2427 ,
1579 2387 1633 2429 qui
1660 2386 1811 2419 omnibus
1836 2391 1867 2419 et
1884 2386 2023 2429 singulis

1281 2440 1482 2484 privilegiis,
1509 2439 1661 2480 indultis,
1686 2439 1819 2482 gratiis,
1846 2440 2023 2483 exemptio-

1283 2493 1394 2533 nibus,
1414 2493 1638 2532 libertatibus,
1658 2491 1915 2525 immunitatibus
1933 2498 1963 2525 et
1981 2492 2024 2525 sa-

1283 2546 1466 2586 cunalibus,
1487 2546 1606 2589 quibus
1624 2545 1678 2579 alii
1697 2545 1803 2578 dictae
1826 2545 2023 2588 patriarcha·

1284 2599 1323 2633 lis
1350 2599 1509 2634 ecclesiae
1529 2598 1792 2644 Ulyssiponensis
1812 2598 2023 2634 occidentalis
