2232 3178
251 209 298 235 An.
320 209 348 236 c.
370 209 436 237 ΠΛΟ
483 200 546 234 6020

445 269 507 289 csse
540 258 591 289 toti
621 257 736 295 Ordini,
760 254 944 294 hegumenis,
974 253 1129 284 abbatibus
1159 256 1188 283 et

446 308 596 338 monachis
625 306 760 338 omnibus
775 329 782 342 ,
807 305 862 335 nisi
896 304 1012 344 quando
1034 303 1063 333 in
1086 302 1187 333 eadem

447 356 670 395 congregatione
681 353 812 393 generali
825 353 859 383 de
873 352 963 392 ipsius
976 353 1065 382 causa
1077 355 1189 390 pertra-

446 406 582 435 ctandum
601 404 649 440 sit,
664 407 694 433 ut
711 403 784 432 infra
802 402 836 431 de
856 400 1088 441 depositionibus
1101 399 1189 429 abba-

449 458 507 483 tum
532 452 656 488 dicitur3
679 469 717 473 —
739 450 782 484 ⁶2⁰,
808 450 836 479 in
861 449 939 479 omni
962 448 1188 487 congregatione

447 503 533 531 etiam
556 500 685 539 generali
712 499 883 537 suffragium
911 497 1023 527 abbatis
1045 496 1188 535 generalis

448 551 534 579 habet
561 548 789 588 praerogativam
814 546 1003 586 praelationis
1027 549 1055 575 et
1074 554 1189 584 praeee-

448 599 572 632 ‹lentiac,
591 597 639 627 ubi
663 596 800 634 suffragia
828 596 937 625 suerint
963 594 1065 634 paria;
1086 612 1124 617 ——
1145 594 1188 630 3'‚

450 657 500 686 per
522 656 552 676 se
572 646 616 675 vel
636 655 687 684 pcr
698 645 787 675 alium
801 647 894 684 potest
915 643 1078 683 praesidere
1097 642 1190 672 omni-

450 696 502 725 bus
521 693 809 733 congregationibus,
827 692 946 722 visitare
962 692 1059 722 onmia
1076 700 1190 721 monas-

450 744 533 782 teria,
551 748 578 773 et
601 742 760 782 quemlibet
784 741 958 771 monachum
982 740 1016 770 de
1039 740 1190 779 provincia

450 793 483 822 ad
498 792 689 832 provinciam,
702 791 746 820 vel
761 791 794 820 de
809 789 986 820 monasterio
999 789 1033 819 ad
1046 792 1191 818 monaste-

451 842 525 871 rium
549 841 724 876 transferre,
748 839 876 878 exceptis
899 837 1070 876 hegumenis
1093 842 1120 867 et
1142 836 1191 866 ab—

450 890 577 927 batibus,
599 888 792 927 omnibusque
810 886 985 917 officialibus
1001 886 1051 925 qui
1075 885 1104 915 in
1123 895 1192 915 con-

449 939 618 978 gregatione
653 937 782 976 generali
814 940 862 966 aut
895 936 1125 973 hegumenorum
1149 934 1192 963 in-

450 988 544 1018 stituti
568 991 653 1025 sunt,
688 996 760 1026 quos
794 985 828 1015 ab
858 994 916 1015 uno
949 984 1012 1014 loco
1041 984 1070 1013 in
1102 983 1191 1013 alium

452 1038 610 1067 transferre
638 1045 697 1066 non
735 1036 841 1074 poterit
877 1033 1044 1063 inconsulta
1071 1041 1192 1071 congre-

451 1086 564 1115 ratione
593 1085 847 1123 hegumenorum,
870 1100 908 1105 —
930 1082 963 1112 4⁰
977 1106 984 1119 ‚
1003 1091 1052 1121 per
1075 1090 1123 1119 se,
1148 1081 1191 1110 vel

452 1144 502 1173 per
524 1134 643 1163 abbates
666 1132 832 1172 provinciae
861 1136 911 1161 ant
934 1130 1191 1168 monasteriorum,

452 1182 486 1210 ad
511 1180 640 1210 habitum
664 1180 795 1218 recipere
818 1182 912 1218 potest
942 1186 991 1207 eos
1019 1177 1069 1216 qui
1092 1177 1127 1205 ad
1149 1176 1194 1205 in-

452 1230 587 1259 stitutum
621 1228 718 1258 idonei
751 1227 943 1261 videbuntur3
979 1229 1074 1264 potest
1107 1225 1192 1254 etiam

453 1279 570 1308 eosdem
594 1277 753 1313 dimittere,
770 1277 794 1306 si
814 1276 888 1305 sacta
912 1275 1081 1314 probatione
1098 1274 1195 1304 minus

453 1327 551 1357 idonei
574 1326 682 1365 reperti
713 1325 840 1363 fuerint,
863 1342 901 1347 —
924 1325 966 1362 50,
994 1323 1028 1353 ab
1058 1323 1195 1353 omnibus

455 1375 620 1412 abbatibus,
637 1375 697 1404 sive
721 1374 949 1414 provinciarum,
967 1373 1027 1403 sive
1050 1376 1196 1402 monaste-

453 1426 584 1463 riorum,
607 1433 767 1463 eorumque
792 1423 907 1453 vicariis
942 1427 991 1453 aut
1025 1426 1193 1461 procurato-

454 1474 547 1511 ribus,
565 1474 729 1513 ceteri>que
746 1472 931 1507 officialibus,
953 1475 1048 1511 potest
1070 1471 1195 1500 rationes

455 1524 572 1561 exigere
595 1522 650 1552 sibi
684 1522 726 1552 vel
758 1521 823 1551 aliis
855 1521 1019 1551 reddendas
1052 1520 1087 1550 de
1118 1529 1196 1549 com-

455 1573 545 1602 misso
568 1572 626 1601 illis
649 1571 744 1601 officio
779 1575 828 1600 aut
858 1569 1000 1608 regimine
1024 1573 1083 1598 tum
1112 1569 1197 1608 spiri-

456 1621 527 1651 tuali
558 1625 616 1650 tum
641 1619 815 1659 temporali,
839 1635 877 1641 —-
899 1619 950 1655 60,
973 1618 1073 1648 audire
1104 1622 1197 1656 potest

457 1679 489 1699 ac
512 1670 646 1699 decidere
680 1678 781 1698 causas
813 1667 942 1697 omnium
977 1666 1114 1696 abbatum
1147 1671 1198 1696 aut

457 1719 665 1748 monachorum
697 1717 732 1746 ad
765 1726 794 1746 se
827 1716 1037 1755 appellantium
1060 1725 1074 1745 a
1098 1724 1198 1753 grava-

459 1767 535 1796 mine
554 1766 755 1805 superiorum,
774 1764 818 1794 vel
834 1764 1000 1802 aequalium
1017 1763 1060 1793 vel
1078 1763 1196 1793 inferio-

458 1825 539 1852 rum,
560 1833 593 1836 —
613 1816 653 1852 7¹³,
669 1815 804 1844 consulta
819 1813 1044 1851 congregatione
1061 1813 1198 1850 hegume-

460 1874 564 1895 norum
588 1864 718 1903 recipere
742 1867 835 1903 potest
865 1863 898 1892 ad
929 1862 1067 1893 Ordinem
1098 1871 1199 1892 omnes

461 1914 617 1944 monachos
639 1913 793 1951 fugitivos,
811 1912 871 1942 sive
894 1916 1038 1951 apostatas
1053 1935 1060 1949 ,
1088 1915 1116 1941 et
1142 1915 1197 1941 tam

460 1972 525 1992 cum
552 1962 610 1992 illis
641 1971 727 2001 quam
761 1970 827 1991 cum
859 1960 924 1990 aliis
954 1959 1125 1998 monachis,
1149 1959 1200 1999 qui

460 2015 563 2041 contra
599 2011 730 2049 regulam
774 2011 834 2039 sire
870 2009 1094 2039 constitutiones
1130 2018 1200 2048 quo-

461 2070 586 2100 cumque
619 2060 703 2089 modo
736 2058 945 2098 peccaverint,
970 2057 1200 2087 misericorditer

462 2110 630 2149 dispensare
659 2117 746 2147 super
768 2107 975 2147 poenitentiis,
1000 2106 1060 2136 sive
1090 2110 1199 2146 partem

463 2157 658 2197 poenitentiae
685 2157 747 2186 sive
776 2157 862 2186 etiam
893 2160 982 2185 totam
1013 2155 1199 2193 remittendo,

464 2210 550 2245 prout
571 2205 603 2234 ad
628 2214 726 2234 eorum
750 2205 872 2234 salutem
907 2204 1071 2233 conducere
1095 2203 1122 2232 in
1146 2202 1200 2232 Do-

465 2254 542 2283 mino
566 2253 753 2289 iudicaverit3
775 2256 868 2291 potest
884 2252 972 2281 etiam
997 2251 1199 2290 poenitentias,

465 2312 538 2342 quae
562 2303 596 2332 ad
619 2301 845 2332 satisfactionem
880 2309 1132 2339 quorumcumque
1155 2300 1203 2329 de-

464 2354 592 2382 fectuum
616 2351 772 2380 convenire
805 2348 1004 2386 videbuntur,
1028 2349 1201 2386 iniungere,

466 2400 565 2429 habita
587 2400 699 2429 ratione
732 2407 922 2438 personarum
954 2402 982 2427 et
1003 2397 1126 2427 aliarum
1149 2397 1204 2426 cir-

465 2448 728 2484 cun'istantiarum,
760 2456 883 2486 quarum
916 2445 1109 2475 consideratio
1142 2445 1204 2474 eius

466 2496 600 2526 charitati
632 2505 699 2525 cum
732 2495 890 2534 prudentia
923 2494 1097 2524 coniunctae
1129 2502 1205 2522 com-

467 2546 612 2582 mittitur-3
638 2545 711 2575 itaut
743 2543 947 2574 rectitudinem
970 2548 997 2573 et
1020 2542 1204 2573 severitatem

467 2604 533 2626 cum
555 2594 735 2634 benignitate
759 2597 786 2625 et
810 2592 1034 2624 mansuetudine
1065 2592 1204 2630 misceat,

1025 205 1208 230 BULLMllUM
1232 204 1343 228 notum
1350 205 1390 228 Ultt

1229 262 1263 283 eo
1287 252 1371 282 modo
1394 261 1424 282 se
1447 251 1587 291 gerendo,
1611 256 1660 291 ut,
1683 252 1772 282 etiam
1805 252 1853 292 qui
1877 252 1967 282 corri-

1231 301 1362 341 piuntur,
1377 300 1431 331 hoc
1444 301 1539 341 ipsum
1554 309 1711 339 agnoscere
1733 301 1876 341 faterique
1889 310 1968 331 com-

1230 351 1391 390 pellantur3
1417 367 1453 372 —
1478 350 1520 388 8⁰,
1555 353 1649 389 potest
1681 350 1775 379 locum
1808 354 1836 379 et
1867 359 1965 380 vocem

1230 399 1287 432 his,
1311 398 1359 438 qui
1384 398 1562 436 amiserunt,
1586 398 1751 434 restituere,
1775 401 1803 427 et
1824 397 1968 428 inhabiles

1230 447 1383 477 habilitare
1406 447 1440 476 ad
1462 446 1556 476 officia
1579 450 1607 476 et
1628 447 1747 484 gradus,
1771 446 1826 476 nisi
1849 446 1969 476 commi-

1231 497 1337 526 sissent
1360 496 1431 526 tales
1453 496 1552 535 culpas
1575 500 1624 526 aut
1639 496 1768 525 desectus
1790 495 1861 525 tales
1882 495 1970 524 habe-

1232 549 1308 581 rent,
1325 554 1451 584 qnorum
1473 545 1652 584 dispensatio
1674 553 1724 584 per
1746 544 1970 574 constitutiones

1232 593 1453 631 congregationi
1469 594 1598 631 generali
1614 598 1642 623 et
1658 593 1901 631 hegumenorum,
1920 596 1971 622 aut

1233 652 1283 682 per
1302 652 1401 672 sacros
1421 651 1548 672 canones
1564 642 1699 681 episcopo
1721 642 1766 672 vel
1788 641 1973 671 reverendis·

1232 692 1305 721 simo
1328 691 1444 721 domino
1467 691 1650 730 patriarchae
1673 695 1858 728 reservetur3
1873 708 1912 713 -
1927 690 1970 727 9⁰,

1234 745 1328 780 potest
1346 741 1600 779 congregationem
1619 740 1785 779 generalem
1801 739 1888 770 etiam
1905 742 1972 769 ante

1234 789 1451 829 praescriptum
1486 793 1601 828 tempus
1633 797 1793 818 convocare
1824 798 1862 818 ex
1883 788 1973 818 causa.

1234 838 1412 877 rationabili,
1436 838 1480 868 vel
1503 842 1565 878 post
1589 842 1721 868 exactum
1745 836 1903 867 terminum
1918 836 1974 867 dis-

1235 888 1310 917 ferre
1332 887 1361 917 in
1388 887 1467 917 aliud
1500 891 1615 926 tempus
1650 895 1741 926 usque
1763 885 1798 916 ad
1820 885 1972 916 biennium

1236 936 1279 966 vel
1314 936 1496 974 triennium,
1534 936 1673 965 consultis
1705 939 1802 964 tamen
1835 935 1975 974 hegume-

1235 984 1280 1014 nis
1296 989 1324 1014 ct
1346 984 1447 1015 habita
1469 984 1605 1014 facultate
1627 993 1641 1013 a
1664 983 1908 1014 reverendissimo
1924 983 1975 1013 do-

1236 1034 1314 1063 mino
1344 1033 1531 1072 patriarcha,
1559 1033 1635 1062 idem
1659 1033 1814 1062 dicendum
1843 1032 1878 1062 de
1906 1040 1976 1062 con-

1235 1082 1403 1120 gregatione
1425 1082 1676 1120 hegumenorum,
1702 1090 1789 1120 quam
1812 1081 1874 1120 ipse
1896 1080 1975 1110 solus

1236 1140 1400 1161 convocare
1423 1134 1527 1170 potest,
1544 1130 1659 1169 quoties
1674 1130 1710 1160 de
1729 1129 1816 1160 rebus
1831 1129 1976 1167 agendum

1237 1184 1279 1210 est
1301 1180 1381 1209 illius
1404 1180 1609 1209 auctoritatem
1631 1178 1829 1217 exigentibus,
1851 1196 1890 1201 —
1912 1177 1975 1216 100,

1238 1232 1332 1268 potest
1355 1229 1545 1266 constituere,
1560 1227 1675 1267 quando
1698 1226 1844 1257 videbitur
1859 1226 1914 1256 sibi
1930 1236 1979 1256 ex-

1238 1277 1355 1316 pedire,
1380 1282 1597 1316 procuratorem
1628 1276 1705 1316 apud
1735 1276 1832 1306 sedem
1856 1275 1978 1315 Aposto-

1239 1326 1323 1355 licam
1351 1327 1525 1362 Romanam,
1552 1330 1580 1355 et
1611 1325 1736 1355 alterum
1769 1324 1846 1363 apud
1878 1324 1977 1354 sedem

1237 1375 1467 1413 Antiochenam,
1483 1375 1533 1414 qui
1556 1384 1661 1404 causas
1676 1373 1794 1404 Ordinis
1818 1372 1910 1403 nostri
1927 1382 1979 1403 no-

1241 1425 1318 1454 mine
1335 1424 1427 1464 ipsius
1444 1423 1555 1454 abbatis
1571 1423 1719 1462 generalis
1743 1425 1919 1462 pertractet3
1948 1439 1978 1443 —

1241 1474 1304 1511 110,
1328 1477 1422 1512 potest
1443 1473 1531 1502 etiam
1554 1477 1582 1502 et
1605 1472 1691 1502 debet
1724 1471 1863 1501 vicarium
1893 1480 1980 1501 suum

1239 1521 1406 1559 generalem
1440 1521 1592 1551 nominare
1613 1525 1642 1550 et
1663 1520 1771 1559 eligere
1785 1543 1792 1556 ,
1816 1519 1866 1559 qui
1888 1519 1980 1559 ipsius

1239 1579 1254 1600 e
1277 1570 1350 1600 vivis
1382 1570 1474 1609 erepti
1508 1569 1551 1599 vel
1584 1569 1715 1608 legitime
1748 1568 1880 1607 impediti
1903 1568 1981 1598 vices

1239 1622 1333 1657 gerat,
1358 1623 1417 1648 tum
1442 1618 1471 1648 in
1494 1618 1639 1656 regimine
1663 1617 1750 1647 totius
1771 1616 1901 1654 Ordinis,
1918 1620 1980 1646 tum

1239 1668 1269 1697 in
1293 1667 1515 1705 congregatione
1546 1667 1799 1705 lwgumenorum,
1823 1669 1873 1695 aut
1894 1665 1981 1695 etiam

1240 1717 1382 1755 generali,
1400 1725 1492 1755 usque
1514 1716 1548 1745 ad
1571 1717 1638 1745 novi
1661 1715 1775 1745 abbatis
1790 1715 1980 1745 electionem:

1240 1766 1264 1795 is
1286 1770 1384 1795 autem
1400 1765 1525 1794 vicarius
1548 1773 1664 1803 semper
1686 1763 1771 1793 debet
1792 1772 1854 1793 esse
1871 1763 1982 1802 primus

1241 1824 1273 1843 ex
1298 1818 1423 1852 quatuor
1453 1813 1643 1851 hegumenis:
1672 1821 1797 1852 cumque
1828 1811 1984 1850 contigerit

1241 1862 1374 1893 abbatem
1398 1861 1577 1901 generalem,
1598 1865 1630 1891 ut
1653 1870 1752 1900 supra,
1770 1870 1786 1891 e
1807 1860 1879 1890 vivis
1901 1860 1984 1890 dece-

1241 1912 1355 1950 cedere,
1387 1915 1436 1941 aut
1457 1911 1587 1950 legitime
1614 1910 1772 1949 impediri,
1796 1914 1865 1940 tunc
1893 1909 1984 1947 hegu-

1242 1961 1336 1990 menis
1358 1960 1430 2000 ipsis
1463 1960 1504 1990 sas
1527 1963 1589 1990 esto
1621 1959 1754 1998 quintum
1787 1958 1983 1996 hegumenum

1242 2009 1381 2048 eligendi,
1400 2008 1450 2048 qui
1468 2009 1565 2038 locum
1588 2008 1685 2048 quarti
1708 2007 1828 2044 tenebit,
1843 2016 1908 2037 cum
1925 2007 1984 2046 pri-

1243 2068 1318 2095 mus,
1337 2061 1368 2088 ut
1390 2058 1500 2088 dictum
1522 2061 1576 2095 est,
1594 2061 1741 2097 tamquam
1764 2056 1877 2086 abbatis
1899 2066 1986 2095 gene-

1242 2106 1312 2136 ralis
1346 2106 1472 2136 vicarius
1504 2105 1655 2135 habendus
1687 2105 1740 2142 sit3
1773 2122 1808 2126 -
1838 2104 1900 2142 120,
1937 2113 1986 2144 pe-

1243 2165 1295 2185 nes
1318 2155 1452 2185 abbatem
1487 2154 1653 2193 generalem
1683 2157 1726 2183 est
1748 2153 1843 2183 omnis
1864 2153 1985 2184 facultas

1243 2204 1348 2242 agendi
1365 2203 1484 2243 quosvis
1500 2206 1668 2232 contractus
1684 2201 1839 2240 emptionis
1852 2205 1901 2231 aut
1917 2211 1985 2231 ven-

1245 2252 1366 2282 ditionis
1389 2251 1588 2291 quorumlibet
1610 2250 1752 2280 bonorum
1769 2249 1984 2289 temporalium,

1246 2306 1303 2331 tarn
1326 2300 1478 2331 mobilium
1503 2309 1589 2340 quam
1621 2299 1832 2335 immobilium,
1857 2298 1985 2329 omnium

1248 2349 1514 2387 monasteriorum,
1537 2348 1566 2378 in
1589 2347 1756 2378 eorumdem
1780 2347 1935 2376 utilitatem
1958 2351 1987 2377 et

1246 2399 1365 2435 bonum3
1391 2398 1460 2427 item
1478 2406 1564 2434 nova,
1582 2397 1605 2426 si
1622 2396 1792 2434 offerantur,
1810 2395 1986 2425 monasteria

1246 2451 1399 2486 acceptare
1415 2456 1449 2476 ex
1472 2446 1595 2476 consilio
1618 2445 1848 2483 hegumenorum
1871 2448 1899 2474 et
1920 2453 1988 2474 con-

1248 2505 1335 2525 sensu
1370 2494 1499 2534 episcopi
1536 2503 1568 2524 ac
1603 2492 1841 2523 reverendissimi
1876 2491 1988 2522 domini

1250 2544 1452 2583 patriarchae3
1490 2543 1618 2573 alienare
1654 2546 1750 2572 autem
1786 2545 1835 2572 aut
1870 2540 1989 2571 omnino

1249 2591 1407 2623 dissolvere
1431 2591 1606 2622 monasteria
1629 2599 1685 2621 non
1708 2589 1830 2630 poterit,
1853 2589 1902 2620 sed
1925 2593 1987 2628 tan-

1973 203 2024 230 An.
2043 203 2073 230 C.
2092 202 2157 230 1740
