2232 3178
22 225 70 250 ΑΒ.
85 222 114 249 C.
136 221 204 249 1736

832 219 973 244 CLEMENS
999 219 1043 243 x11
1068 221 1117 244 PP.

210 272 402 312 praesentes
427 268 467 301 de
493 268 713 312 subreptionis
746 274 801 301 aut
826 269 954 302 nullita-

211 322 249 355 tis
268 320 352 360 vitio,
367 330 425 354 seu
443 321 636 354 intentionis
654 327 783 354 nostrae
807 323 856 355 vel
879 332 953 364 quo-

209 375 297 419 piam
316 374 380 407 alio
398 373 527 407 deiectu
554 375 669 413 notari,
698 374 882 417 impugnari
903 375 953 407 vel

209 426 411 471 perturbari,
437 432 492 459 aut
516 427 608 459 aliter
634 427 884 470 quomodolibet
908 426 954 458 in-

210 480 307 522 fringi
333 480 383 512 vel
410 480 592 520 retractari,
609 490 664 513 seu
682 480 721 512 ad
740 479 822 512 viam
841 484 872 512 et
892 485 954 512 ter-

210 533 315 566 minos
333 531 410 564 iuris
429 533 555 573 reduci,
575 538 629 564 aut
645 532 678 564 in
700 532 953 565 controversiam

208 585 370 625 revocari,
389 590 444 617 aut
468 585 626 618 adversus
649 595 702 617 eas
721 584 953 628 quodcumque

209 638 298 678 iuris,
324 639 374 671 vel
400 638 474 670 sacti
493 665 500 677 ,
531 644 586 671 aut
622 637 744 680 gratiae
771 637 953 670 remedium

210 690 378 734 impetrari
403 691 452 723 vel
479 690 613 723 concedi
640 700 805 733 nunquam
831 700 926 732 posse
944 717 951 730 ,

210 754 328 788 easque
353 743 413 776 sub
439 743 608 787 quibusvis
634 743 788 776 similium
815 744 865 775 vel
892 742 953 775 dis-

209 797 363 830 similium
390 797 568 840 gratiarum
593 796 867 835 revocationibus,
886 807 953 828 sus-

208 849 446 893 pensionibus,
483 849 758 889 limitationibus‚
793 854 846 881 aut
883 848 952 881 aliis

208 902 381 936 contrariis
398 902 669 945 dispositionibus
686 912 745 945 per
761 912 820 935 nos
837 906 869 934 et
886 912 952 934 suc·

208 966 358 989 cessores
372 961 503 988 nostros
521 955 685 988 Romanos
704 954 878 988 Pontifices
892 965 952 998 pro

209 1014 356 1053 ternpore
383 1008 572 1048 existentes,
600 1008 659 1041 sub
686 1008 856 1050 quibusvis
882 1018 953 1041 ver-

207 1063 323 1096 borum
350 1062 617 1106 expressionibus
635 1068 667 1096 et
684 1062 809 1103 formis,
830 1068 860 1095 et
877 1072 950 1094 cum

209 1115 377 1160 quibusvis
404 1116 557 1149 clausulis
595 1122 627 1149 et
665 1116 828 1155 decretis,
855 1115 951 1148 etiam

207 1174 299 1202 motu
325 1169 472 1212 proprio,
497 1174 528 1202 et
554 1180 589 1202 ex
617 1171 705 1202 certa
730 1168 875 1207 seientia,
895 1167 950 1200 de-

208 1232 271 1266 que
297 1221 497 1265 apostolicae
523 1222 695 1266 potestatis
727 1221 949 1265 plenitudine,

208 1286 266 1319 pro
292 1280 438 1319 tempore
464 1275 714 1318 quomodolibet
739 1275 831 1308 sactis
858 1280 886 1307 et
908 1275 951 1307 sa-

207 1328 343 1369 ciendis,
360 1339 395 1361 ac
412 1329 578 1362 concessis
596 1334 626 1362 et
643 1328 875 1367 concedendis,
892 1328 951 1360 mi-

206 1382 294 1415 nime
323 1382 558 1425 comprehendi
588 1383 639 1416 vel
673 1382 856 1422 confundi,
892 1382 949 1414 sed

207 1446 337 1479 semper
362 1435 402 1468 ab
428 1436 491 1469 illis
518 1436 635 1479 excipi,
656 1442 698 1476 et,
721 1435 848 1479 quoties
875 1435 949 1468 illae

208 1490 414 1529 emanabunt,
439 1490 536 1522 toties
561 1489 593 1522 in
620 1489 793 1532 pristinum
820 1495 851 1522 et
875 1490 951 1521 vali-

207 1543 376 1577 dissimum
398 1548 515 1576 statum
535 1543 715 1583 restitutas,
735 1542 897 1586 repositas
918 1547 950 1574 et

206 1596 354 1640 plenarie
379 1596 606 1639 reintegratus,
625 1607 660 1628 ac
679 1596 718 1629 de
738 1606 832 1635 novo,
850 1596 947 1628 etiam

207 1650 266 1682 sub
281 1660 484 1693 quacumque
501 1649 679 1693 posteriori
699 1649 771 1682 data
789 1659 848 1692 per
864 1649 948 1681 Tlio-

208 1713 291 1736 mam
311 1708 341 1736 et
357 1702 490 1736 Silvium
516 1703 786 1746 archiepiscopos
808 1708 838 1735 et
863 1713 949 1735 com—

205 1756 443 1790 mendatarium
458 1756 621 1800 praefatos
634 1757 905 1799 quandocumque
920 1767 948 1789 e-

205 1810 344 1853 ligenda.
359 1820 531 1843 concessas
546 1820 617 1843 esse
632 1815 663 1843 et
676 1810 755 1850 sore,
771 1820 806 1842 ac
819 1820 948 1853 semper

205 1870 237 1898 et
254 1868 415 1908 perpetuo
437 1863 560 1896 validas
579 1868 609 1896 et
627 1863 775 1897 efficaces
796 1864 946 1903 existere,

205 1928 350 1960 suosque
386 1917 554 1960 plenarios
588 1922 619 1950 et
644 1917 788 1960 integros
814 1916 946 1951 effectus

204 1971 316 2005 sortiri
340 1976 372 2004 et
397 1970 556 2012 obtinere,
583 1981 619 2004 ac
644 1971 683 2003 ab
714 1971 877 2012 omnibus,
907 1973 945 2005 ad

205 2035 286 2068 quos
319 2034 405 2057 nunc
440 2029 566 2067 spectat
599 2030 629 2057 et
653 2030 800 2068 spectare
826 2026 947 2068 poterit

204 2078 455 2121 quomodolibet
479 2078 512 2110 in
538 2078 691 2117 futurum,
709 2085 880 2122 perpetuo,
898 2079 946 2111 lir-

204 2131 300 2165 miter
314 2136 347 2165 et
363 2131 599 2164 inviolabiliter
617 2131 782 2165 observari
801 2139 832 2165 et
848 2132 946 2165 adim-

204 2184 301 2229 pleri,
322 2185 432 2228 sicque
452 2190 483 2218 et
497 2195 562 2218 non
581 2185 675 2218 aliter
695 2196 754 2228 per
772 2196 946 2228 quoscum-

205 2249 267 2281 que
301 2238 425 2271 iudices
463 2238 646 2271 ordinarios
678 2240 727 2272 vel
754 2239 943 2281 delegatos,

204 2292 316 2335 quavis
339 2292 531 2325 auctoritate
558 2292 742 2334 fungentes,
760 2292 854 2325 etiam
873 2303 946 2325 cau-
966 2324 967 2327 ,

204 2355 312 2378 sarum
337 2345 450 2388 palatii
489 2346 658 2388 apostolici
696 2346 882 2386 auditores,
909 2357 967 2379 acl

203 2398 367 2441 praefatae
391 2398 422 2431 S.
444 2398 480 2431 R.
500 2399 534 2431 E.
563 2399 757 2439 cardinales,
786 2400 882 2432 etiam
906 2401 944 2433 (le

204 2452 302 2484 latere
322 2452 459 2494 legatos,
473 2451 683 2493 vicelegatos‚
699 2452 870 2496 dictaeque
888 2453 943 2486 Sc-

205 2503 253 2537 dis
278 2504 426 2543 nuncios,
446 2503 580 2536 iudicari
600 2510 631 2537 et
657 2503 784 2537 definiri
812 2506 944 2546 debere,

204 2561 246 2598 et,
263 2557 288 2590 si
312 2567 406 2590 secus
432 2567 533 2601 super
554 2557 605 2590 bis
631 2568 648 2590 a
673 2568 848 2601 quoquam,
870 2570 944 2602 qua-

996 268 1171 311 contigerit
1207 271 1386 311 attentari,
1411 271 1539 303 irritum
1576 276 1607 304 et
1641 271 1735 305 inane

997 321 1217 355 decernimus.

1041 375 1055 416 ἓ
1079 375 1110 407 6.
1138 375 1207 408 Non
1233 377 1439 410 obstantibus
1474 378 1736 422 quibuscumque

997 427 1094 458 etiam
1113 427 1145 459 in
1172 428 1426 470 provincialibus
1445 437 1476 463 et
1497 426 1759 464 universalibus‘

997 479 1144 512 conciliis
1170 480 1266 513 editis
1292 483 1339 515 vel
1367 483 1512 522 edendis,
1540 483 1736 527 specialibus

997 533 1046 564 vel
1072 534 1289 574 generalibus
1317 536 1605 570 constitutionibus
1631 542 1662 570 et
1687 548 1737 570 or-

998 585 1220 619 dinationibus
1235 589 1432 630 apostolicis,
1446 600 1482 622 ac
1496 591 1650 623 ecclesiae
1661 590 1737 623 Mes-

997 639 1143 670 sanensis
1171 645 1201 671 et
1225 642 1414 674 monasterii
1449 653 1575 675 necnon
1606 643 1736 676 Ordinis

998 691 1254 732 praedictorum,
1282 699 1313 726 et
1340 694 1540 735 iuramento,
1566 695 1735 728 confirma·

999 743 1085 776 tione
1105 745 1281 787 apostolica
1298 747 1346 779 vel
1365 747 1477 790 quavis
1499 748 1650 780 firmitate
1671 748 1735 781 alia

999 796 1159 830 roboratis
1175 824 1182 837 ‚
1207 799 1333 832 statutis
1366 805 1397 832 et
1421 801 1734 842 consuetudinibus,

997 849 1178 892 privilegiis
1215 862 1368 894 quoque,
1395 852 1528 886 indultis
1561 860 1593 887 et
1617 853 1735 886 litteris

996 904 1208 946 apostoliciS,
1241 905 1306 938 illis
1343 906 1493 950 illiusque
1530 907 1671 950 capitulo
1704 913 1736 940 et

996 957 1159 990 canonicis
1186 963 1216 990 et
1241 960 1415 992 conventui
1442 960 1588 992 eiusdem
1609 971 1737 993 monas-

997 1010 1066 1042 terii
1094 1011 1344 1053 quomodolibet
1361 1013 1469 1045 forsan
1487 1013 1664 1054 concessis,
1685 1024 1736 1056 ap-

996 1063 1141 1106 probatis
1168 1069 1198 1096 et
1223 1064 1404 1105 innovatis;
1437 1066 1554 1108 quibus
1584 1066 1734 1099 omnibus

996 1123 1027 1149 et
1051 1117 1206 1159 singulis,
1238 1118 1364 1151 etiamsi
1391 1120 1430 1152 de
1455 1119 1519 1152 illis
1554 1130 1734 1163 eorumque

997 1170 1072 1203 totis
1100 1171 1271 1204 tenoribus
1306 1179 1336 1204 et.
1370 1172 1481 1205 formis
1518 1173 1667 1215 specialis
1703 1178 1735 1206 et

994 1224 1152 1266 specifica,
1180 1224 1358 1265 individua,
1377 1237 1413 1259 ac
1439 1226 1478 1258 de
1496 1226 1592 1259 verbo
1611 1227 1650 1259 ad
1667 1237 1735 1260 ver·

994 1277 1036 1310 bo
1055 1277 1094 1310 ad
1111 1278 1256 1318 verbum,
1278 1289 1343 1311 non
1362 1284 1468 1312 autem
1495 1290 1553 1322 per
1571 1280 1734 1313 clausulas

994 1331 1163 1372 generales
1181 1330 1265 1363 idern
1288 1331 1515 1375 importantes,
1535 1333 1654 1366 mentio
1675 1344 1732 1367 seu

994 1383 1126 1427 quaeris
1151 1385 1213 1417 alia
1240 1385 1408 1428 expressio
1427 1386 1588 1427 habenda,
1606 1393 1659 1419 aut
1676 1387 1734 1420 ali·

994 1447 1056 1480 qua
1072 1437 1133 1469 alia
1149 1437 1308 1481 exquisita
1323 1439 1426 1472 forma
1444 1439 1482 1472 ad
1498 1440 1559 1472 lioc
1575 1441 1734 1474 servanda

994 1490 1098 1532 soret,
1124 1491 1257 1524 illorum
1284 1497 1426 1532 tonores,
1452 1503 1487 1525 ac
1513 1492 1537 1525 si
1565 1494 1603 1525 dc
1630 1495 1731 1527 verbo

992 1545 1030 1576 ad
1049 1545 1191 1584 verbum,
1211 1545 1294 1577 nibil
1321 1545 1451 1588 penitus
1476 1546 1604 1586 omisso,
1623 1552 1654 1579 et
1673 1547 1732 1580 sor-

991 1600 1040 1630 ma
1059 1598 1090 1630 iu
1117 1598 1182 1631 illis
1202 1599 1317 1631 tradita
1335 1599 1516 1640 observata,
1534 1602 1678 1644 expressi
1700 1607 1732 1635 et

992 1651 1102 1684 inserti
1131 1652 1243 1692 forent,
1269 1652 1383 1684 iisdem
1417 1654 1646 1695 praesentibus
1671 1666 1730 1698 pro

991 1706 1086 1747 plene
1106 1710 1135 1738 ct
1154 1705 1354 1738 sufficienter
1368 1707 1532 1748 expressis
1550 1712 1580 1739 et
1597 1708 1729 1742 insertis

992 1758 1158 1797 babentes,
1178 1759 1241 1792 illis
1266 1759 1345 1792 alias
1371 1760 1402 1792 in
1429 1770 1488 1793 suo
1518 1761 1637 1794 robore
1655 1772 1729 1804 per-

990 1812 1165 1852 mansuris,
1193 1813 1253 1845 bac
1274 1813 1342 1846 vice
1369 1813 1549 1854 dumtaxat,
1576 1815 1729 1848 latissime

991 1871 1022 1898 et
1047 1865 1235 1909 plenissime
1263 1876 1298 1897 ac
1323 1866 1510 1908 specialiter
1528 1872 1558 1899 ct
1575 1878 1728 1910 expresse

991 1919 1105 1951 harum
1132 1929 1262 1962 quoque
1289 1919 1372 1952 serie
1399 1920 1617 1962 derogamus;
1645 1926 1728 1954 cete·

990 1972 1099 2015 risque
1125 1972 1298 2005 contrariis
1323 1972 1597 2016 quibuscumque.

1034 2027 1048 2068 ξ
1075 2025 1102 2058 7.
1129 2025 1213 2059 Nulli
1238 2036 1316 2068 ergo
1342 2026 1476 2059 omnino
1502 2026 1670 2060 hominum
1697 2027 1729 2061 li·
1761 2035 1844 2055 Poenae
1861 2035 1921 2055 infra·

1818 393 1856 412 Der

1764 430 1768 437 2
1778 422 1865 440 miraris-1

1739 2062 1832 2082 cleribus

989 2084 1059 2111 ceat
1077 2079 1160 2111 lianc
1178 2078 1329 2121 paginam
1348 2084 1478 2112 nostrae
1501 2079 1804 2121 absolutionis‚1a¹ae.

989 2132 1199 2171 avocationis,
1227 2132 1447 2172 extinctionis,
1472 2133 1727 2176 approbationis,

989 2185 1262 2224 confirmationis,
1288 2185 1418 2218 roboris
1444 2186 1650 2226 adiectionis,
1671 2187 1727 2220 dc-

990 2240 1132 2272 t'cctuuin
1152 2239 1381 2282 suppletionis,
1402 2239 1522 2272 decreti
1542 2245 1573 2272 et
1590 2240 1726 2283 deroga-

991 2292 1088 2325 tionis
1115 2292 1304 2334 insringere,
1323 2294 1371 2325 vel
1394 2293 1422 2325 ei
1448 2303 1524 2325 ausu
1552 2294 1724 2327 temerario

989 2347 1172 2386 contraire·,
1199 2346 1222 2379 si
1249 2346 1321 2390 quis
1347 2351 1452 2378 autem
1481 2347 1541 2379 lioc
1566 2353 1725 2381 attentare

989 2399 1263 2442 praesumpserit,
1289 2399 1544 2441 indignationem
1570 2400 1721 2442 omnipo-

989 2453 1084 2485 tentis
1110 2452 1164 2485 Dei
1201 2463 1236 2484 ac
1272 2452 1440 2484 beatorum
1467 2451 1551 2484 Petri
1578 2458 1609 2484 et
1635 2452 1722 2486 Pauli

987 2507 1209 2550 apostolorum
1227 2505 1296 2538 eius
1311 2514 1343 2537 se
1358 2505 1483 2538 noverit
1500 2504 1719 2539 incursurum.

1030 2559 1143 2592 Datum
1169 2558 1312 2597 Romae,
1337 2557 1419 2600 apud
1446 2557 1476 2590 S.
1504 2557 1635 2591 Mariam
1661 2559 1723 2592 Ma—

204 2610 249 2643 vis
275 2610 478 2651 auctoritate,
504 2610 646 2643 scienter
670 2611 720 2643 vel
741 2610 942 2654 ignoranter,
986 2613 1088 2646 iorem
1104 2638 1112 2653 ,
1149 2620 1234 2645 anno
1270 2609 1502 2644 lnearnaiionis
1539 2611 1720 2647 dominicae

289 2671 371 2700 Butt.
392 2671 478 2700 Rom.
500 2686 533 2692 —
556 2672 617 2700 Vol.
637 2671 738 2700 XXIV.
890 2672 923 2700 16

1632 212 1691 246 1⁶21
1739 224 1788 250 An.
1806 225 1832 251 c.
1862 224 1930 255 1736

1862 396 1935 415 offatm

1872 427 1915 441 um.

1856 2065 1921 2083 1111Θῦ·
