2232 3178
43 207 93 234 An.
114 205 143 232 C.
162 202 230 231 1735

841 197 983 221 CLEMENS
1006 196 1051 221 xtt
1076 198 1124 222 ΡΡ.

188 274 192 278 ‹
233 248 393 283 emanavit
410 247 574 280 decretum
595 246 714 279 tenoris
734 245 786 289 qui
806 246 964 289 sequitur,

55 1921 174 1943 Huiusmodi
187 1921 222 1941 ile-

42 1951 120 1968 cretum
140 1955 151 1967 a
172 1948 222 1968 Pou-

42 1975 98 1994 titice
116 1974 222 1996 coufirma-

43 2003 92 2022 tum.

233 301 401 335 videlicet:

271 368 413 398 Decretum
429 376 522 397 sacrae
540 365 759 405 Congyreyationis
778 365 915 403 generalis
937 366 968 394 de

231 417 412 457 Propaganda
435 416 518 455 Fide,
543 416 648 445 habitae
667 416 674 432 ¹
697 416 739 444 die
767 423 804 444 vn
831 415 968 453 februarii

232 474 399 502 atnccxxxV,
415 467 549 505 referente
564 465 776 494 eminentissimo
797 467 822 492 et
840 473 965 492 reveren-

231 517 343 545 disssmo
364 515 470 544 domino
499 515 606 543 domino
627 512 764 543 cardinali
786 512 867 541 Petro
886 522 967 551 proe-

231 566 311 603 feeto.
335 565 420 593 Sacra
437 562 641 601 Congregatm,
665 561 700 591 ad
724 561 848 591 tollenda
872 561 965 599 iurgia

231 618 258 643 θῑ
280 613 490 649 ἀῑδὲθῃΞῑΟΠθΞ,
514 621 587 652 quae
609 620 666 641 ”⁰¹¹
689 619 756 640 “¹¹⁴⁰
779 610 850 639 Osiri
874 610 967 640 50¹0¹¹t
988 621 990 645 ἵ
1011 625 1122 653 ventes
1142 626 1173 653 et
1190 620 1369 653 absolutum
1388 621 1455 654 sore
1473 628 1652 662 censentes,
1672 633 1748 666 sup-

231 663 260 692 in
284 662 413 702 partibus
435 661 537 700 Syriae
570 665 598 690 et
620 660 782 690 Palestinae
815 660 967 690 occasione

233 711 433 742 tumulationis
456 710 627 740 cadaverum
645 708 897 738 missionariorum
917 708 969 738 Or-

231 761 331 790 dinum
355 759 544 798 regularium,
565 757 748 788 confirmavit
771 761 799 787 ct
817 758 968 787 renovavit

231 809 345 839 decreta
379 818 466 848 super
494 807 660 837 huiusmodi
683 816 714 837 re
736 806 807 836 alias
830 806 917 843 edita,
941 811 969 837 et

232 858 402 898 praesertim
418 867 494 887 anno
509 865 641 893 iuncxcu,
653 856 781 895 itemque
797 856 967 886 confirmata

232 917 308 938 anuo
330 915 442 944 atticen,
467 916 516 946 per
539 915 613 946 quae
636 905 780 935 sancitum
804 905 868 935 suit:
891 905 966 944 quod

231 956 377 986 deseratur
393 955 504 995 private
526 954 650 985 cadaver
673 963 687 984 a
711 953 836 994 propriis
855 953 968 992 religio-

232 1005 292 1043 sis3
326 1006 356 1036 in
390 1005 562 1036 coemeterio
598 1009 694 1035 autem
729 1008 841 1034 tantum
867 1003 968 1033 adesse

232 1054 336 1085 debeat
359 1054 503 1094 parochus
525 1062 590 1083 cum
614 1053 689 1083 stola
710 1056 738 1083 et
760 1061 859 1089 cruce,
880 1056 907 1082 et
928 1051 967 1082 di-

233 1108 278 1133 cat
300 1103 446 1134 orationes
468 1103 548 1134 iuxta
565 1103 686 1132 formam
703 1101 912 1142 praescriptam
938 1101 966 1130 in

233 1153 343 1190 rituali,
362 1152 555 1192 permittendo
578 1156 677 1192 postea
700 1156 731 1181 ut
752 1151 883 1190 reliquae
906 1159 969 1180 ora-

233 1203 328 1233 tiones
350 1203 485 1232 dicantur
516 1211 530 1232 a
563 1202 714 1241 superiore
745 1200 916 1239 religionis,
940 1205 968 1230 et

233 1261 285 1291 per
300 1252 395 1291 ipsum
409 1260 441 1281 ac
454 1260 521 1281 suos
533 1250 684 1289 religiosos
697 1250 758 1280 dari
773 1250 966 1289 sepulturam.

232 1301 375 1331 Praesens
413 1304 509 1330 autem
545 1299 695 1329 decretum
726 1299 968 1329 renovatorium¹

234 1350 450 1390 praedictorum
474 1349 657 1379 decretorum
681 1349 781 1379 eadem
801 1358 883 1378 sacra
899 1348 970 1379 Con-

231 1399 362 1438 gregatio
379 1398 526 1438 praecepit
545 1398 690 1428 notificari
706 1398 906 1437 superioribus
922 1407 970 1436 ge-

233 1448 384 1479 neralibus
406 1457 507 1478 eorum
531 1448 683 1485 Ordinum,
707 1447 795 1477 etiam
818 1447 969 1477 Societatis

232 1497 307 1535 lesu,
331 1507 455 1537 quorum
478 1497 607 1536 religiosi
631 1496 882 1526 missionariorum
908 1506 970 1526 mu-

233 1556 288 1577 nus
321 1547 349 1577 in
383 1547 536 1577 antedictis
571 1546 703 1586 partibus
726 1545 853 1583 obeunt,
878 1551 909 1576 ut
935 1546 970 1575 ab

232 1596 367 1626 omnibus
399 1600 427 1626 et
456 1595 689 1636 quibuscumque
722 1595 782 1625 suis
810 1595 970 1635 respective

233 1645 356 1676 subditis
384 1645 455 1676 illud
485 1645 603 1676 omnino
631 1649 659 1674 et
686 1644 894 1675 inviolabiliter
922 1644 971 1675 ob-

233 1695 343 1725 servari
370 1699 482 1725 curent.
517 1695 619 1724 Datum
643 1695 749 1724 Romae
782 1704 819 1724 ex
851 1694 970 1724 aedibus

233 1745 363 1775 eiusdem
382 1754 481 1774 sacrae
497 1744 737 1783 Congregationis
759 1744 804 1774 die
828 1753 873 1773 xix
897 1754 970 1774 mar-

233 1794 263 1823 tii
287 1802 454 1823 ›ioccxxxv.
469 1812 506 1816 —
522 1793 554 1823 V.
573 1793 652 1823 card.
670 1793 769 1823 remi
793 1794 967 1833 praefectus.

231 1859 270 1865 --
292 1843 322 1873 P.
347 1843 386 1873 DE
410 1843 558 1873 Moxrissrs
581 1847 686 1873 secret.
712 1843 779 1872 Loco
801 1844 817 1878 †
839 1842 934 1880 siyilli.

276 1911 290 1955 ἓ
315 1912 345 1944 ΕΞ.
372 1910 447 1944 Cum
473 1915 590 1951 autem,
616 1910 698 1943 sicut
723 1909 859 1943 dilectus
884 1909 969 1942 silius

233 1965 435 1998 Clierubinus
468 1964 506 1997 de
532 1963 649 2003 Neres,
683 1964 783 1996 frater
815 1974 969 2007 expresse

235 2019 400 2062 professus
418 2018 546 2051 Ordinis
568 2017 728 2051 lllinorum
754 2017 852 2050 sancti
872 2017 970 2050 Fran-

236 2071 310 2104 cisci
350 2071 605 2115 Capuccinorum
642 2075 901 2113 nuncupatorum
938 2070 968 2103 in

236 2125 378 2158 Romana
396 2125 486 2158 Curia
507 2124 786 2158 missionariorum
804 2124 969 2157 Gallorum

238 2177 379 2211 eiusdem
404 2178 531 2212 Ordinis
557 2179 587 2211 in
614 2178 792 2212 infidelium
824 2178 970 2222 partibus

239 2231 441 2264 existentium
477 2238 678 2275 procurator,
704 2232 796 2266 nobis
834 2231 969 2265 subinde

239 2283 354 2326 exponi
380 2284 460 2323 feeit,
487 2285 554 2328 ipse
580 2287 745 2319 decretum
772 2285 968 2326 huiusmodi,

239 2346 301 2379 quo
323 2335 443 2369 firmius
462 2338 624 2379 subsistat,
641 2339 836 2383 apostolicae
853 2338 969 2372 confir-

238 2389 389 2422 mationis
414 2395 543 2424 nostrae
568 2392 747 2435 patrocinio
773 2392 967 2427 communiri

237 2443 411 2487 plurimum
426 2444 604 2478 desideret:
625 2456 695 2487 nos,
713 2447 888 2490 specialem
907 2447 966 2490 ipsi

236 2497 422 2531 Cherubino
441 2499 572 2541 gratiam
592 2499 697 2533 facere
716 2501 867 2542 volentes,
886 2511 968 2534 cum-

271 2571 281 2596 1
305 2568 377 2596 Edit.
398 2569 477 2597 ttain.
500 2570 566 2606 legit
585 2571 683 2599 habita
704 2572 744 2607 (n,
759 2573 808 2604 τ.).

270 2614 286 2640 2
304 2612 373 2641 Edit.
396 2613 474 2642 Main.
491 2614 555 2650 legit
574 2618 773 2644 renovatorum
792 2617 831 2651 (R.
848 2617 896 2651 T.).

312 2668 390 2697 Bubl.
409 2669 495 2698 Rom.
518 2685 548 2689 —
573 2671 633 2699 Vol.
654 2670 756 2700 XXIV.
917 2671 934 2697 6

1012 256 1072 289 que
1099 258 1115 278 a
1141 246 1306 290 quibusvis
1341 247 1682 280 excommunicationis
1718 254 1748 280 et

1011 298 1186 339 interdicti,
1213 298 1348 343 aliisque
1373 300 1599 333 ecclesiasticis
1620 306 1748 333 senten-

1013 353 1080 393 tiis,
1106 352 1251 385 censuris
1283 358 1314 386 ct
1343 353 1470 397 poenis,
1496 365 1512 386 a
1538 354 1606 386 iure
1633 355 1681 387 vel
1708 355 1747 386 ab

988 420 990 439 s
1012 405 1155 446 homine,
1184 406 1296 449 quavis
1321 407 1491 440 occasione
1516 408 1563 440 vel
1590 409 1683 439 causa
1710 408 1749 440 la-

1012 459 1069 499 tis,
1095 460 1119 492 si
1146 460 1260 503 quibus
1297 461 1540 504 quomodolibet
1575 461 1748 494 innodatus

1011 514 1130 553 existit,
1154 514 1191 545 ad
1219 513 1365 546 ellectum
1385 514 1602 557 praesentium
1629 515 1749 548 dumta-

1010 572 1062 600 xat
1083 567 1365 610 consequendum,
1394 568 1507 600 liarum
1533 568 1616 601 serie
1641 569 1747 602 absol-

1012 674 1239 717 plicationibus
1275 674 1343 707 eius
1380 675 1509 708 nomine
1534 676 1627 709 nobis
1653 687 1748 719 super

1014 727 1075 759 hoc
1099 727 1265 760 humiliter
1290 727 1445 770 porrectis
1464 728 1619 768 inclinati,
1639 729 1748 762 decre-

1012 787 1077 813 tum
1099 781 1351 824 praeinsertum,
1378 782 1569 815 auctoritate
1595 783 1747 825 apostoli-

1012 836 1056 875 ca,
1084 839 1197 868 tenore
1223 834 1452 877 praesentium,
1477 836 1692 879 approbamus
1718 842 1749 869 et

1012 887 1248 928 confirmamus,
1267 887 1380 931 illique
1402 888 1597 921 inviolabilis
1623 895 1749 932 aposto-

1012 941 1091 975 licae
1130 940 1286 974 firmitatis
1322 942 1421 974 robur
1446 941 1635 975 adiieimus:
1662 944 1749 976 salva

1013 1001 1117 1028 tamen
1144 1005 1273 1038 semper
1298 994 1329 1026 in
1348 994 1538 1038 praemissis
1561 995 1747 1029 auctoritate

1013 1048 1195 1092 praedictae
1220 1047 1487 1091 Congregationis
1520 1048 1745 1082 cardinalium.

1055 1103 1070 1146 ἓ
1093 1102 1124 1135 3.
1153 1101 1383 1143 Decernentes,
1404 1102 1533 1135 easdem
1559 1108 1748 1146 praesentes

1661 190 1699 224 41
1751 200 1802 227 An,
1825 201 1852 226 c.
1873 200 1939 228 5735

1796 1111 1939 1132 rraesenuum

1759 1139 1875 1158 litterarum
1907 1138 1941 1158 tir-

1012 1157 1135 1190 litteras
1168 1166 1299 1198 semper
1329 1155 1456 1196 sirmas,
1481 1156 1601 1189 validas
1627 1162 1657 1188 et
1683 1156 1830 1188 etii-mm.

1012 1221 1101 1244 cacos
1121 1210 1258 1243 existere
1277 1214 1309 1241 et
1326 1209 1405 1249 sore,
1426 1220 1568 1253 suosque
1587 1210 1750 1252 plenarios

1013 1269 1044 1297 et
1068 1263 1212 1306 integros
1237 1262 1368 1295 effeetus
1393 1263 1502 1296 sortiri
1530 1269 1560 1296 et
1585 1263 1747 1303 obtinere,

1012 1328 1048 1351 ac
1073 1318 1112 1349 ab
1138 1316 1214 1356 illis,
1234 1315 1270 1349 ad
1290 1327 1370 1359 quos
1388 1322 1511 1360 spectat
1536 1322 1567 1350 et
1592 1327 1651 1360 pro
1673 1322 1750 1350 tem-

1013 1381 1092 1415 pore
1118 1369 1290 1414 spectabit,
1309 1369 1541 1403 inviolabiliter
1565 1370 1747 1410 observari,

1013 1425 1122 1468 sicque
1147 1425 1179 1457 in
1206 1424 1412 1467 praemissis,
1438 1435 1496 1467 per
1527 1435 1750 1468 quoscumque

1014 1479 1135 1512 iudices
1162 1478 1343 1511 ordinarios
1379 1483 1411 1511 et
1440 1479 1628 1520 delegatos,
1654 1478 1749 1511 etiam

1013 1543 1181 1565 causarum
1218 1532 1329 1575 palatii
1363 1531 1536 1575 apostolici
1569 1531 1747 1571 auditores,

1014 1585 1148 1619 iudicari
1176 1589 1206 1620 et
1231 1585 1356 1618 deliniri
1384 1585 1526 1624 debere,
1551 1596 1586 1618 ac
1623 1584 1748 1617 irritum

1014 1646 1045 1674 et
1070 1640 1166 1673 inane
1191 1639 1215 1672 si
1236 1649 1327 1673 secus
1346 1649 1443 1682 super
1461 1638 1511 1671 his
1535 1650 1552 1671 a
1577 1649 1747 1682 quoquam,

1015 1694 1124 1738 quavis
1149 1693 1349 1733 auctoritate,
1376 1693 1517 1726 scienter
1534 1693 1583 1726 vel
1602 1693 1749 1736 ignoran·

1015 1753 1073 1789 ter,
1092 1747 1267 1790 contigerit
1291 1746 1454 1779 attentari.

1057 1802 1071 1845 ξ
1094 1802 1126 1835 4.
1153 1801 1221 1834 Νοῐ]
1246 1800 1448 1834 obstantibus
1466 1799 1749 1834 constitutionibus

1015 1860 1045 1888 et
1071 1854 1332 1888 ordinationibus
1357 1853 1555 1897 apostolicis,
1577 1865 1625 1893 ac,
1644 1859 1750 1897 quate-

1014 1920 1073 1942 nus
1100 1919 1181 1951 opus
1205 1908 1254 1947 sit,
1281 1918 1560 1951 quorumcumque
1585 1907 1749 1948 Ordinum,

1014 1968 1046 1996 et
1085 1962 1155 1995 aliis
1196 1961 1380 2006 quibusvis,
1422 1961 1516 1995 etiam
1556 1961 1747 2001 iuramento,

1014 2015 1261 2050 confirmatione
1280 2015 1465 2059 apostolica,
1495 2016 1542 2048 vel
1566 2014 1676 2058 quavis
1698 2014 1750 2047 su·-

1014 2070 1123 2102 mitate
1142 2070 1203 2103 alia
1224 2068 1401 2107 roboratis,
1428 2068 1552 2101 statutis
1568 2074 1599 2101 et
1616 2078 1749 2102 consue-

1015 2123 1190 2164 tudinibus,
1210 2122 1388 2167 privilegiis
1410 2132 1550 2165 quoqne,
1569 2121 1702 2155 indultis
1718 2128 1749 2155 et

1013 2177 1128 2211 litteris
1147 2176 1336 2221 apostolicis
1350 2176 1380 2208 in
1392 2175 1587 2209 contrarium
1599 2175 1750 2219 praemis-

1013 2242 1122 2264 sorum
1149 2229 1394 2274 quomodolibet
1423 2228 1600 2269 concessis,
1634 2228 1749 2262 contir-

1013 2284 1105 2317 matis
1131 2290 1161 2317 ct
1186 2283 1365 2324 innovatis,
1393 2282 1509 2326 quibus
1542 2282 1690 2315 omnibus
1717 2289 1747 2316 ct

1013 2338 1169 2381 singulis,
1195 2338 1323 2371 illorum
1361 2343 1488 2370 tenores
1525 2335 1747 2379 praesentibus

1013 2402 1070 2435 pro
1107 2391 1269 2435 expressis
1307 2390 1484 2429 hal›enteS‚
1514 2388 1576 2422 illis
1614 2388 1690 2421 alias
1715 2389 1745 2421 in

1012 2457 1069 2479 suo
1096 2446 1214 2479 robore
1239 2442 1529 2489 pe1·1nausuris,ad
1555 2441 1747 2485 praemisso-

1013 2510 1083 2532 rum
1111 2498 1267 2539 ellectum,
1295 2498 1355 2530 liae
1381 2496 1446 2529 vice
1473 2496 1648 2538 dumtaxat,
1673 2506 1746 2539 spe-

1012 2553 1138 2587 cialiter
1154 2557 1185 2585 ct
1202 2561 1355 2595 expresse
1376 2550 1588 2592 derogamus;
1614 2549 1745 2583 ceteris-

1011 2617 1073 2651 que
1099 2605 1265 2640 contrariis
1291 2603 1560 2648 quibuscumque.

1809 1806 1941 1827 Olislanltum

1761 1832 1877 1857 derogatio.
