2232 3178
277 237 324 260 An.
343 236 369 260 (ᾧ.
398 233 462 259 ΠΙΗ

307 1033 427 1053 Exordium.

315 1986 399 2005 (tritium

290 2019 361 2032 mrum
392 2012 415 2032 u.
445 2011 469 2032 V.

289 2039 363 2059 tau-to.»
380 2041 472 2059 cruarrat

421 1986 471 2005 Str-

515 222 550 256 ts

770 276 905 312 CXLVII.

468 352 692 385 Summanum
720 347 1016 390 iuclulyentiarum‚
1037 354 1119 388 quac
1137 353 1205 376 con-

513 404 671 437 cedantur
694 401 850 444 fratribus
875 403 903 432 el
926 398 1090 431 sororibus
1112 395 1206 430 Ordi-

514 458 564 490 nis
588 457 759 490 Servorum
784 453 911 486 BAN.
940 456 967 484 et
988 450 1206 493 confratribus

514 512 639 553 Septem
677 508 854 546 notorum,
891 505 1025 539 Ordinis
1060 502 1206 536 ccclesias

515 563 646 596 statutis
672 561 753 593 anni
777 559 886 592 <liebus
910 556 1131 595 visitantibus,
1159 554 1207 587 vel

517 616 614 649 ctiam
639 623 787 646 coronam
807 612 933 656 Septem
951 610 1107 643 Dolorem
1126 619 1208 641 nun.-

516 672 667 711 cupalum
692 665 914 704 recitantibus,
933 662 1143 706 adimplendo
1161 661 1208 694 in-

515 731 612 765 ¹super
641 719 803 753 nonmtlla
833 719 891 761 pia
926 727 1023 761 opera
1063 725 1143 760 quae
1174 716 1208 748 in

517 776 576 807 hac
600 773 827 807 consiliatione
841 770 1118 815 praescribuntur.

679 855 815 882 Clemens
837 852 1012 886 episcopus,

654 906 759 928 servus
780 904 937 925 servorum
957 896 1026 928 Dei,

584 946 620 973 ad
636 947 817 980 perpetuam
842 942 887 969 rei
907 941 1096 969 memoriam.

519 1016 682 1060 Unigeniti
721 1014 776 1048 filii
810 1013 865 1046 Dei
902 1012 1070 1045 salvatoris
1111 1010 1211 1044 nostri

475 1073 544 1105 lesu
570 1069 703 1109 Christi,
723 1068 790 1112 qui,
811 1077 870 1112 pro
897 1064 1141 1099 reconcilianda
1159 1075 1212 1097 au-

475 1124 555 1158 ctori
583 1134 640 1157 suo
666 1122 808 1155 humana
832 1121 956 1159 natura,
984 1118 1022 1151 de
1049 1117 1146 1151 caelis
1173 1117 1210 1150 ad

476 1177 586 1211 mundi
603 1176 699 1210 huius
718 1174 825 1208 infima
845 1172 1057 1211 descendere,
1073 1177 1213 1204 nostrae-

476 1243 539 1275 que
564 1229 768 1264 mortalitatis
787 1238 917 1261 carnem
935 1236 1073 1266 sumere,
1095 1231 1127 1259 ct
1146 1231 1214 1259 tan-

477 1286 548 1319 dem
585 1289 688 1318 errata
724 1287 833 1316 nostra
872 1280 1028 1314 ineffabili
1066 1279 1213 1322 dignatus

477 1345 523 1372 cst
548 1337 704 1372 charitate
729 1336 864 1374 diluere,
883 1334 980 1374 viccs,
1007 1333 1081 1366 licet
1107 1332 1214 1365 inime-

476 1392 540 1433 riti,
568 1395 718 1434 gerentes
737 1389 767 1422 in
787 1388 893 1428 terris,
919 1397 1050 1430 gregem
1077 1385 1214 1419 domini-

478 1455 548 1479 cum
576 1454 671 1478 curae
691 1447 822 1475 nostrae
844 1440 1052 1474 commissum
1078 1439 1116 1472 ad
1134 1439 1213 1472 viam

477 1497 590 1531 salutis
627 1501 760 1529 eternae
797 1494 976 1536 perducere
1017 1497 1211 1535 satagentes⁷

478 1550 647 1593 religiosas
672 1548 813 1580 virorum
850 1551 882 1579 et
920 1545 1213 1579 sanctimonialium

478 1603 624 1642 familias,
651 1601 798 1644 aliosque
823 1599 992 1643 utriusque
1018 1608 1111 1631 sexus
1134 1598 1213 1631 cliri-

478 1657 646 1695 stifideles,
673 1663 809 1698 quorum
834 1652 947 1685 merita
968 1662 1027 1695 pro
1051 1650 1216 1684 demeritis

478 1710 608 1755 penitus
625 1714 699 1742 sunt
717 1706 864 1750 imparia,
880 1706 918 1739 ad
938 1705 990 1748 pia
1006 1710 1036 1738 et
1051 1704 1216 1738 meritoria

479 1774 577 1807 opera
609 1761 806 1800 exercenda,
831 1758 1008 1804 propositis
1041 1757 1216 1802 spirituali-

479 1818 538 1850 bus
563 1813 834 1857 indulgentiarum
852 1812 1054 1852 muneribus,
1072 1811 1114 1844 ita
1133 1811 1216 1844 exci-

481 1875 602 1909 tamus,
634 1873 669 1901 ut
704 1877 764 1910 per
799 1877 836 1900 ea
870 1865 1032 1899 felicitatis
1067 1870 1217 1899 aeternae

481 1923 625 1967 praemia
651 1920 773 1954 facilius
800 1918 959 1962 consequi
986 1923 1185 1951 mercantur.

527 1976 595 2020 {¹-
623 1974 701 2009 Cum
737 1974 865 2016 itaque,
901 1972 983 2005 sicut
1019 1972 1215 2015 accepimus,

483 2031 568 2064 Ordo
593 2029 725 2061 fratrum
750 2026 921 2060 Servorum
948 2026 1067 2059 B.M.V.
1096 2036 1218 2058 nuncu-

482 2088 632 2127 patorum
673 2091 691 2113 a
726 2080 790 2113 suis
830 2078 1018 2122 primordiis
1063 2078 1100 2111 ad
1139 2078 1219 2111 haec

484 2145 585 2178 usque
612 2140 760 2176 tempora
785 2132 966 2166 Catholicae
984 2130 1146 2164 Ecclesiae
1166 2131 1220 2164 ad-

485 2188 614 2221 modum
641 2187 730 2219 utilis
756 2189 786 2219 et
807 2186 988 2217 fructuosus
1013 2184 1166 2224 extiterit,
1190 2190 1220 2217 et

485 2241 594 2275 dilecti
639 2239 696 2272 filii
744 2238 889 2272 ciusdem
931 2237 1058 2270 Ordinis
1107 2237 1221 2270 fratres

485 2292 724 2338 quamplurima
772 2291 967 2324 christianae
1017 2289 1145 2334 pietatis
1190 2296 1221 2322 et

486 2347 655 2381 charitatis
680 2356 778 2390 opera
799 2345 914 2379 sedulo
942 2345 1163 2384 exercuerint,
1190 2350 1222 2376 et

486 2400 681 2445 praesertim
725 2399 755 2432 in
794 2399 927 2431 aeterna
962 2397 1221 2430 christifidelium

487 2457 587 2488 salute
613 2453 818 2498 procuranda
843 2452 990 2485 assiduos
1007 2451 1137 2484 labores
1158 2452 1222 2484 ala-

488 2508 586 2541 criter
611 2505 823 2549 susceperint,
849 2515 884 2538 ac
906 2504 1042 2538 dilectus
1065 2503 1148 2536 filius
1167 2514 1222 2537 no-

1051 225 1234 250 BULLARU'M
1262 224 1420 247 Romarm

1246 272 1340 315 hyter
1366 270 1538 304 cardinalis
1565 269 1649 303 Pieri
1676 275 1899 314 nuncupatus,
1929 268 1982 312 qui

1247 323 1401 357 Ordinem
1417 324 1521 367 ipsum
1537 333 1691 367 expresse
1709 323 1877 366 professus
1896 321 1984 365 prio-

1250 377 1291 409 ris
1317 376 1477 419 generalis
1503 381 1534 409 et
1556 376 1715 409 nonnulla
1740 375 1801 408 alia
1827 374 1901 408 dicti
1931 373 1985 407 Or-

1249 429 1332 462 dinis
1376 439 1510 461 munera
1555 434 1586 461 et
1632 427 1735 461 officia
1779 427 1984 462 laudabiliter

1249 482 1413 522 sustinuit,
1439 482 1562 515 dudum
1593 492 1666 514 suas
1692 491 1807 524 preces
1833 491 1891 524 pro
1917 480 1985 524 qui-

1249 536 1384 568 busdam
1410 535 1687 578 indulgentiarum
1721 539 1752 568 et
1776 539 1985 578 peccatorum

1251 588 1500 622 remissionibus
1532 598 1569 621 ac
1606 587 1881 630 poenitentiarum
1906 586 1988 620 rela-

1252 642 1434 675 xationibus
1459 642 1597 685 aliisque
1624 640 1735 683 gratiis
1763 639 1988 683 spiritualibus

1252 696 1360 729 favore
1386 695 1548 729 dictorum
1575 696 1707 727 fratrum
1728 699 1757 727 et
1776 693 1988 727 ecclesiarum

1254 749 1292 781 ab
1318 748 1365 782 eis
1390 748 1700 788 administratarum,
1728 757 1788 780 nec
1805 756 1871 780 non
1891 756 1990 789 super

1255 801 1446 834 recitatione
1474 800 1699 843 infrascriptae
1724 809 1883 839 coronae,
1907 808 1989 842 quae

1255 855 1381 898 Septem
1407 855 1562 888 Dolorum
1599 859 1826 897 nuncupatur,
1853 863 1889 886 ac
1914 848 1991 886 alias

1256 909 1294 942 ab
1321 909 1509 952 Apostolica
1533 908 1615 941 Sede
1643 906 1871 951 reportandis,
1897 905 1992 939 nobis

1257 961 1426 995 humiliter
1440 961 1630 1005 porrexerit,
1649 966 1680 994 et
1697 971 1764 999 nos,
1784 959 1822 993 ad
1841 958 1993 1003 praemis-

1256 1025 1365 1048 sorum
1391 1014 1559 1054 effectum,
1586 1014 1814 1058 particularem
1842 1011 1994 1046 videlicet

1257 1069 1452 1102 dilectorum
1494 1068 1588 1101 etiam
1629 1067 1769 1100 filiorum
1808 1070 1993 1099 nostrorum

1259 1121 1389 1155 Antonii
1416 1121 1545 1154 Xaverii
1572 1121 1611 1154 de
1636 1119 1817 1153 Gentilibus
1842 1118 1994 1163 prodatu-

1258 1175 1295 1207 rii
1321 1175 1432 1214 nostri,
1460 1180 1491 1207 et
1516 1174 1644 1207 Ioannis
1662 1171 1795 1207 Antonii
1815 1171 1992 1214 Guajagni,

1258 1228 1358 1261 nostri
1385 1228 1417 1260 in
1444 1227 1528 1260 Urbe
1555 1227 1690 1269 eiusque
1718 1225 1864 1259 districtu
1884 1223 1994 1257 vicarii

1258 1283 1289 1314 in
1315 1281 1535 1325 spiritualibus
1568 1279 1753 1323 generaIIs,
1781 1290 1817 1312 ac
1854 1278 1994 1312 Marcelli

1259 1334 1396 1374 Passeri,
1424 1333 1607 1377 respective
1633 1337 1910 1376 nuncupatorum,
1938 1342 1995 1364 no-

1258 1388 1313 1420 stri
1346 1386 1581 1430 pro-auditoris
1618 1385 1797 1428 respective
1829 1384 1996 1428 presbyte-

1259 1451 1366 1474 rorum
1392 1440 1536 1473 eiusdem
1559 1439 1672 1472 S.R.E.
1687 1438 1900 1471 cardinalium
1918 1436 1998 1471 Con-

1260 1493 1501 1536 gregationem,
1527 1492 1690 1535 assignato
1716 1491 1763 1524 illi
1797 1491 1828 1523 in
1862 1495 1998 1524 secreta-

1259 1546 1341 1578 rium
1384 1545 1563 1578 venerabili
1604 1545 1701 1577 fratre
1738 1549 1848 1576 nostro
1884 1543 1997 1577 Carolo

1261 1599 1392 1631 Alberto
1417 1597 1600 1632 Cavalchini
1639 1597 1798 1629 moderno
1836 1596 1999 1639 archicpi-

1261 1662 1362 1695 scopo
1377 1650 1594 1693 Philippensi,
1612 1649 1789 1692 apostolica
1807 1649 1998 1682 auctoritate

1261 1704 1538 1748 deputaverimuS,
1555 1703 1727 1746 eidemque
1743 1701 1998 1745 Congregationi

1261 1759 1306 1791 sic
1331 1769 1347 1790 a
1384 1757 1503 1798 nohis,
1530 1762 1565 1790 ut
1600 1756 1799 1801 praefertur,
1827 1756 1999 1799 deputatae

1262 1817 1464 1855 opportunas
1490 1811 1528 1844 ad
1555 1811 1586 1843 id
1612 1810 1780 1843 facultates
1800 1808 2000 1842 concesseri-

1262 1876 1352 1906 mus,
1380 1864 1496 1898 deinde
1522 1874 1597 1897 vero
1623 1863 1682 1896 sub
1708 1862 1759 1896 die
1780 1872 1852 1896 xxxl
1877 1861 1999 1895 mensis

1263 1919 1336 1952 maii
1363 1919 1510 1962 proxime
1544 1916 1710 1961 praeteriti
1748 1915 1906 1949 Antonius
1941 1915 2000 1948 Xa-

1263 1972 1368 2005 verius
1394 1977 1424 2005 et
1449 1972 1585 2004 loannes
1611 1969 1769 2003 Antonius
1804 1979 1839 2001 ac
1871 1968 2001 2002 Marcel-

1263 2027 1312 2059 lus
1339 2025 1521 2058 cardinales
1546 2023 1682 2067 praefati
1709 2022 1837 2055 insimul
1863 2032 2002 2065 congre-

1263 2079 1337 2122 gati,
1355 2084 1386 2111 et
1409 2089 1442 2111 re
1461 2082 1585 2110 mature
1604 2076 1760 2116 discussa,
1779 2075 2002 2118 infrascriptas

1264 2132 1481 2174 indulgentias
1506 2136 1537 2164 et
1561 2134 1768 2174 peccatorum
1789 2128 2000 2161 remissiones

1264 2197 1299 2219 ac
1315 2184 1591 2229 poenitentiarum
1609 2182 1835 2222 relaxationes,
1855 2181 2001 2225 aliasque

1264 2239 1383 2282 gratias
1408 2249 1466 2282 per
1492 2248 1549 2270 nos
1566 2263 1573 2277 ,
1599 2242 1633 2268 ut
1659 2236 1750 2277 infra,
1777 2235 2002 2268 concedendas

1264 2292 1476 2331 censuerint.·‚
1503 2289 1713 2333 postmodum
1732 2298 1806 2321 vero
1825 2287 1928 2320 dictus
1946 2287 2001 2320 Ca-

1265 2346 1351 2378 rolus
1366 2345 1517 2378 Alhertus
1531 2342 1798 2385 archiepiscopus
1812 2340 2003 2374 relationem

1265 2399 1368 2431 dictae
1401 2396 1671 2439 congregationis
1707 2400 1739 2428 et
1775 2404 1886 2427 eorum
1920 2403 2002 2436 quae

1266 2452 1298 2485 in
1323 2452 1377 2485 illa
1403 2451 1440 2484 ab
1467 2450 1605 2483 Antonio
1641 2448 1778 2482 Xaverio
1816 2458 1851 2480 ac
1884 2447 2004 2481 Ioanne

1267 2505 1406 2539 Antonio
1433 2510 1464 2538 ct
1489 2504 1639 2537 Marcello
1665 2501 1885 2536 cardinalibus
1910 2510 2004 2543 prae-

489 2566 555 2593 ster
579 2560 689 2592 Petrus
716 2558 811 2591 Maria
836 2558 919 2591 tituli
945 2557 977 2591 S.
1003 2557 1131 2590 Ioannis
1151 2562 1223 2590 ante
1267 2559 1338 2592 fatis
1365 2562 1573 2602 pertractata,
1601 2566 1748 2600 quaeque
1773 2564 1791 2587 a
1815 2553 1909 2588 nobis
1931 2563 2005 2586 con-

490 2615 620 2649 Portam
644 2613 786 2647 Latinam
813 2613 990 2657 nuncupati
1015 2611 1121 2646 San.
1138 2622 1225 2658 pres·
1268 2612 1341 2646 cedi
1367 2621 1462 2655 posse
1489 2610 1534 2645 eis
1559 2609 1623 2643 visa
1650 2609 1789 2649 fuerunt,
1815 2606 1874 2641 sub
1899 2606 1951 2640 die
1977 2615 2007 2640 xl

2000 221 2048 245 An.
2064 220 2091 246 c.
2115 218 2182 248 1734
