2232 3178
266 170 304 194 Λη
334 168 446 194 C.1737
494 159 557 193 ⁶2ss8

289 1341 360 1364 Qualis
369 1341 445 1361 amoris

262 1371 333 1387 aestus
344 1374 361 1387 ιη
373 1369 445 1388 Demo.

457 217 650 250 velabantur
676 223 812 257 secreta,
832 225 914 260 quae
936 216 1121 248 intellectus
1141 215 1199 248 liu-

457 281 569 303 manus
595 271 766 313 percipere
792 270 922 313 nequit:
946 268 1118 302 ineffabilis
1140 268 1199 300 sci-

458 322 533 354 licet
558 322 683 354 divinae
708 322 887 365 sapientiae
913 321 1041 360 modus,
1059 332 1123 364 quo
1141 321 1199 354 lio-

457 375 580 407 minum
605 380 758 408 aeternae
784 374 924 407 consulit
948 374 1058 415 saluti3
1087 375 1198 406 huma-

457 438 516 460 nae
551 427 711 460 caecitatis
746 427 867 460 misera
899 427 1065 468 conditio,
1097 437 1196 470 quae,

457 480 656 522 lacrymabili
676 480 842 512 insaniens
856 479 1074 522 aegritudine,
1089 480 1197 513 oblata

457 532 517 564 sibi
543 532 673 575 repellit
693 533 849 572 remedia,
867 538 898 565 et
916 532 1020 565 divina
1039 531 1198 565 beneficia

457 586 489 618 in
514 596 601 618 suam
626 586 806 629 perniciem
839 587 953 627 vertit;
988 586 1035 619 vis
1064 586 1197 629 superni

456 639 588 677 amoris,
615 639 737 681 gratiae
763 639 993 672 sanctificantis
1019 639 1199 682 pulchritu-

456 692 508 731 do,
542 698 694 725 aeternae
722 692 934 725 beatitudinis
963 692 1080 734 gloria.
1108 692 1197 733 Quae

455 750 570 786 postea
594 755 610 776 a
635 745 700 777 suis
726 744 936 787 interrogata,
964 756 1037 778 eum
1062 745 1198 778 maxime

455 797 558 835 vellet,
579 797 728 830 humanis
753 798 858 831 verbis
884 798 1065 841 exprimere
1084 799 1198 842 nequi-

456 849 527 889 bat‘,
548 851 632 893 quod
659 850 744 883 enim
762 861 852 884 mens
879 851 987 884 divino
1014 852 1136 884 lumine
1161 852 1198 884 il-

456 904 590 936 lustrata
619 909 825 946 conceperat,
853 903 972 946 lingua,
999 904 1126 937 carneis
1153 904 1199 937 in-

456 955 573 988 nodata
598 955 746 994 vinculis,
767 966 882 999 parere
910 967 975 990 non
1002 962 1144 1000 poterat;
1167 964 1199 989 ut

455 1007 520 1040 iam
538 1008 617 1040 illud
637 1009 784 1051 Apostoli
805 1020 961 1053 usurpare
979 1016 1110 1053 posset:
1128 1010 1198 1043 Scio

457 1060 647 1093 huiusmodi
680 1062 867 1102 hominem,
908 1063 973 1095 sire
1004 1064 1040 1095 in
1071 1074 1199 1106 corpore

455 1113 520 1145 sive
546 1118 636 1146 exdrcz
661 1124 776 1158 corpus
794 1116 910 1155 nescio,
932 1116 1017 1148 Deus
1033 1116 1101 1155 scil,
1123 1127 1200 1158 quo-

455 1169 547 1200 m'am
579 1172 694 1212 raptus
726 1172 770 1200 cst
803 1169 839 1201 in
867 1169 1070 1212 paradisum,
1090 1173 1118 1202 el
1143 1181 1199 1202 an-

456 1221 537 1254 (livit
553 1232 676 1254 arcana
694 1221 798 1263 verba,
815 1233 897 1265 quae
915 1233 979 1255 non
1006 1223 1078 1255 lice!
1096 1224 1199 1256 laeomz'-

455 1276 491 1308 πί
516 1275 618 1319 loqui.

501 1328 554 1361 19.
584 1329 627 1362 lta
655 1330 752 1372 igitur
778 1330 812 1362 Β.
833 1329 1024 1363 Catliarinae
1050 1331 1197 1363 assiduae

457 1381 612 1414 orationis
638 1388 669 1414 et
693 1383 842 1416 caelestis
860 1384 1146 1426 contemplationis
1165 1394 1199 1415 n-

456 1434 589 1467 bei-ibus
604 1435 829 1468 inhaerentem
849 1436 989 1468 charitas
1008 1447 1083 1479 erga
1097 1437 1198 1469 Deum

457 1494 487 1520 et
512 1498 588 1530 erga
612 1489 793 1531 proximum
820 1490 997 1521 nutriverat
1014 1500 1051 1522 ac
1069 1490 1199 1523 robora-

456 1546 545 1573 verat
576 1541 741 1580 animum;
769 1542 823 1585 qni
859 1553 929 1575 cuin
951 1543 1013 1575 iani
1040 1549 1125 1575 esset
1150 1554 1200 1576 se-

457 1594 588 1637 quendo
620 1595 686 1627 Deo
721 1596 822 1627 sactus
855 1595 1001 1635 idoneus,
1028 1606 1064 1628 ae
1090 1596 1199 1629 dicere

457 1653 566 1689 posset
584 1648 714 1680 caelesti
729 1648 869 1691 Sponso:
892 1649 997 1681 Tralte
1011 1660 1059 1682 me
1074 1655 1144 1693 post
1159 1654 1196 1690 te,

457 1711 643 1741 curremus,
676 1708 709 1734 et
733 1702 859 1735 divinae
894 1703 1068 1735 maiestatis
1102 1704 1200 1736 subli-

458 1754 550 1787 mitas
575 1765 610 1787 ex
646 1757 732 1787 tanta
756 1761 866 1798 parte,
893 1762 1045 1798 quantam
1071 1757 1198 1789 mortali

457 1807 582 1840 homini
604 1808 651 1840 vix
686 1809 769 1841 serre
795 1809 882 1850 licet,
909 1820 978 1843 sese
1004 1811 1198 1853 aperuisset,

458 1861 539 1893 adeo
569 1861 727 1895 mirabilis
754 1862 808 1895 ille
835 1863 1000 1895 eharitatis
1027 1864 1125 1896 ardor
1149 1874 1202 1896 ex—

459 1913 636 1955 creverat¹,
656 1921 688 1947 et
714 1920 836 1948 tantum
867 1915 966 1948 divini
988 1916 1107 1948 amoris
1133 1927 1202 1949 sur-

458 1966 604 2000 rexerat⁹
622 1967 818 2009 incendium,
837 1973 884 2008 ut,
904 1970 1015 2001 exusta
1033 1969 1120 2002 omni
1140 1965 1202 2002 ter-

460 2022 538 2052 rena
563 2021 648 2060 labe,
676 2026 771 2064 atque
792 2020 940 2054 interiori
966 2022 1100 2055 homine
1125 2033 1201 2065 pur-

460 2079 533 2116 gato
549 2078 580 2106 et
596 2073 805 2115 sanctificato,
823 2075 970 2108 caelestis
985 2075 1104 2108 amoris
1118 2075 1202 2118 ignis

461 2137 496 2159 ex
522 2126 628 2160 animo
652 2127 684 2160 in
716 2138 837 2171 corpus
863 2128 1031 2161 exundans
1056 2128 1144 2161 vivus
1170 2135 1202 2162 et

461 2179 571 2213 efficax
598 2184 629 2214 et
653 2181 891 2224 penetrabilior
915 2181 1002 2214 omni
1021 2182 1130 2224 gladio
1148 2192 1201 2214 an-

460 2234 549 2278 cipiti
577 2239 608 2267 et
628 2235 817 2277 pertingens
834 2245 936 2278 usque
953 2236 993 2268 ad
1012 2235 1201 2269 divisionem

460 2287 586 2321 animae
622 2298 658 2320 ac
693 2287 835 2332 spiritus,
873 2287 1033 2321 infirmam
1070 2298 1200 2321 carnem

461 2344 548 2374 tanto
567 2341 703 2374 serendo
727 2341 835 2374 ardori
862 2341 1019 2385 imparem
1037 2341 1105 2374 sere
1124 2351 1201 2374 con-

460 2394 646 2437 sumpserit,
667 2400 699 2428 et
723 2394 786 2428 iam
810 2405 895 2438 pene
921 2395 989 2428 solo
1014 2394 1132 2438 spiritu
1157 2395 1201 2427 vi-

461 2451 563 2487 veret,
589 2457 650 2481 nec
686 2447 719 2480 in
755 2447 817 2481 alio
854 2448 1004 2491 corporis
1041 2447 1201 2481 sarcinam

497 2520 507 2546 1
531 2519 624 2555 Aptius
643 2519 705 2546 Acta
724 2519 770 2547 SS.
793 2518 894 2547 habent
913 2520 1038 2547 excrevit
1058 2520 1094 2554 (n.
1109 2521 1157 2555 r.).

495 2564 512 2591 Ξ
532 2564 626 2600 Aptius
645 2564 710 2593 ibid.
732 2564 830 2601 legitur
848 2565 978 2595 surrexit
997 2566 1037 2602 (a.
1055 2565 1106 2600 Τ.).

1040 167 1225 192 nuufftnmn
1248 165 1403 190 Romnum

1242 214 1385 253 sentiret,
1422 225 1516 258 quam
1544 214 1576 247 in
1602 215 1768 248 doloribus
1794 220 1825 247 et
1849 214 1983 256 languo-

1242 267 1343 308 ribus,
1371 279 1452 311 quos
1479 269 1653 301 aestuantis
1671 268 1791 302 amoris
1815 268 1861 300 vis
1887 272 1982 310 atque

1241 319 1380 363 impetus
1417 321 1449 353 in
1489 332 1559 353 eam
1593 321 1777 354 redundans
1803 320 1981 361 efficiebat;

1242 373 1327 405 unde
1352 373 1386 406 in
1412 375 1448 406 ea
1473 374 1535 406 iam
1572 374 1649 407 satis
1685 379 1857 418 appareret
1888 383 1983 417 quam

1242 426 1347 459 divine
1374 426 1492 459 dictum
1519 427 1583 459 sit:
1611 427 1677 470 qu
1705 437 1778 459 sum
1804 427 1890 469 iqm's
1918 436 1984 459 con-

1241 490 1385 520 sumens;
1409 485 1440 512 et
1458 480 1557 513 illud:
1580 479 1687 523 Iqaem
1706 480 1779 512 ven-i
1801 480 1928 513 mittere
1947 480 1984 512 in

1241 536 1380 573 [erram‚·
1401 537 1466 565 tum
1485 533 1600 566 etiam:
1621 532 1802 576 Lampades
1819 534 1888 566 eius
1906 532 1985 565 lam-

1239 585 1338 628 pades
1374 586 1459 628 {qais
1491 590 1587 629 atque
1625 586 1845 628 flammarum.
1885 586 1983 619 Pleno

1242 638 1339 681 igitur
1356 643 1489 681 pectore
1506 640 1671 671 aestuabat
1690 644 1721 671 et
1739 639 1812 672 totis
1826 639 1984 681 flagrabat

1241 692 1418 724 visceribus
1432 692 1613 733 Catliarina,
1629 696 1659 726 et
1676 693 1802 725 animus
1817 703 1983 725 morarum

1242 745 1412 788 impatiens
1427 746 1464 779 ad
1481 747 1696 779 castissimum
1712 745 1870 780 caelestis¹
1886 746 1984 789 Spon-

1242 799 1265 830 si
1285 799 1451 832 serebatur
1472 801 1673 843 amplexum,
1689 806 1723 833 ut
1741 811 1848 843 saepe,
1865 799 1984 833 amoris

1243 852 1361 894 impetu
1381 857 1462 891 aeta,
1481 863 1550 885 cnm
1577 853 1732 896 Apostolo
1759 853 1868 885 dicere
1894 862 1985 894 coge·

1242 909 1344 937 retur:
1361 905 1460 948 Cupio
1474 905 1608 938 dissolvi
1621 910 1649 938 el
1670 916 1733 938 esse
1755 916 1827 938 cum
1843 905 1982 939 Christo.

1242 957 1319 990 Nam
1346 958 1440 990 dulce
1468 952 1596 1001 quidem
1615 964 1665 991 cst
1683 958 1845 992 vinculum
1869 968 1985 1000 corpo-

1243 1010 1286 1043 ris
1313 1021 1376 1054 quo
1402 1011 1517 1053 ligatus
1542 1016 1589 1044 est
1611 1012 1720 1052 homo,
1740 1017 1771 1045 et
1787 1012 1827 1045 ab
1846 1022 1884 1044 eo
1902 1011 1985 1044 solvi

1243 1073 1308 1096 non
1335 1065 1417 1103 vult·,
1446 1064 1499 1096 illa
1526 1069 1643 1106 tamen,
1662 1065 1737 1108 quia
1758 1065 1881 1098 sciebat
1907 1064 1986 1107 quid

1243 1116 1304 1148 sibi
1331 1117 1509 1159 repositum
1534 1122 1630 1155 esset,
1655 1123 1686 1150 et
1711 1118 1773 1150 iarn
1799 1121 1987 1159 gustaverat

1242 1169 1399 1213 primitias
1417 1170 1563 1213 spiritus,
1581 1171 1833 1213 concupiscebat
1851 1170 1985 1203 dissolvi

1243 1228 1274 1255 et
1299 1233 1369 1254 esse
1388 1233 1460 1255 cum
1481 1223 1622 1265 Christo,
1644 1223 1774 1264 ademit,
1801 1224 1889 1267 quod
1915 1223 1987 1256 aliis

1243 1281 1366 1308 metum
1392 1286 1428 1308 ac
1454 1281 1609 1309 terrorem
1636 1276 1764 1319 ingerit,
1783 1277 1845 1320 ipsi
1867 1277 1986 1319 gaudio

1242 1339 1277 1361 ac
1301 1329 1417 1361 solatio
1443 1334 1548 1370 esset;
1583 1329 1609 1362 si
1635 1340 1754 1373 nempe
1780 1335 1836 1363 aut
1860 1330 1899 1362 de
1924 1329 1987 1363 vita

1242 1392 1315 1414 curn
1341 1387 1446 1414 morte
1472 1382 1701 1416 commutanda
1726 1393 1914 1416 sermonem
1932 1393 1987 1416 au-

1243 1435 1335 1474 diret,
1362 1440 1416 1467 aut
1441 1435 1466 1467 si
1491 1435 1618 1478 aliquos
1645 1436 1677 1468 in
1703 1435 1893 1469 nosocomio
1919 1446 1987 1469 mo-

1243 1487 1364 1521 rientes
1385 1488 1557 1532 aspiceret,
1576 1494 1630 1521 aut
1654 1490 1681 1522 si
1706 1490 1805 1522 sacris
1823 1489 1984 1532 precibus,

1243 1546 1296 1574 aut
1321 1546 1432 1574 sancto
1458 1541 1629 1582 sacrificio,
1652 1543 1739 1585 quod
1765 1553 1825 1586 pro
1850 1542 1987 1576 mortuis

1243 1594 1390 1635 offertur,
1410 1595 1595 1636 interesset,
1614 1596 1743 1629 interna
1760 1596 1899 1640 quadam
1921 1597 1989 1629 lae-

1245 1648 1314 1681 titia
1350 1654 1382 1681 et
1419 1649 1583 1692 spirituali
1619 1650 1738 1692 gaudio
1773 1650 1984 1683 afficiebatur.

1244 1701 1398 1734 Gemebat
1416 1703 1501 1735 enim
1522 1702 1695 1744 gemitibus
1715 1703 1986 1736 inenarrabilibus

1245 1756 1276 1788 in
1298 1755 1564 1798 peregrinatione
1590 1758 1646 1788 sua
1671 1756 1848 1789 recordans
1873 1756 1988 1789 Hieru-

1244 1809 1356 1847 salem,
1383 1813 1415 1840 et
1439 1809 1564 1841 elevato
1590 1815 1686 1851 atque
1713 1813 1842 1841 extento
1860 1818 1987 1841 sursum

1245 1862 1357 1900 corde,
1395 1862 1568 1894 caelestem
1605 1862 1796 1905 requirebat
1831 1862 1988 1905 patriam,

1244 1920 1383 1947 amatam
1408 1915 1556 1957 patriam,
1592 1915 1808 1948 desideratam
1839 1915 1986 1958 patriam,

1245 1967 1414 2010 pulchram
1433 1972 1463 2000 et
1481 1973 1626 2000 sanctam
1643 1967 1817 2007 civitatem,
1840 1973 1870 2000 et
1886 1967 1987 2001 Deum

1244 2030 1341 2063 super
1366 2030 1436 2053 eam
1462 2026 1669 2063 regnatorem
1695 2026 1726 2054 et
1750 2020 1987 2054 illustratorem

1245 2073 1382 2113 Patrem,
1407 2073 1578 2107 Dominum
1600 2085 1758 2117 sponsum
1782 2085 1890 2115 suum,
1908 2075 1988 2107 dile-

1244 2131 1331 2159 ctum
1367 2137 1471 2166 suum,
1510 2132 1613 2160 castas
1649 2133 1681 2161 et
1712 2128 1812 2161 sortes
1844 2127 1986 2168 delicias,

1244 2179 1372 2212 beatam
1408 2180 1554 2222 requiem
1592 2186 1624 2213 ct
1658 2180 1799 2214 solidum
1823 2180 1987 2223 gaudium,

1244 2242 1356 2272 unuin,
1374 2243 1543 2273 summum,
1562 2243 1673 2266 verum
1698 2239 1730 2266 et
1750 2233 1987 2277 sempiternum

1244 2285 1378 2319 bonum.
1418 2286 1648 2319 Gratulabatur
1673 2297 1771 2329 ergo,
1810 2286 1986 2330 aliquando

1244 2339 1399 2372 solvenda
1425 2349 1496 2372 esse
1521 2340 1650 2373 vincula
1682 2340 1862 2373 carnalium
1886 2350 1988 2373 mem-

1244 2391 1376 2425 brorum
1394 2396 1427 2426 ut
1444 2392 1605 2435 acciperet
1623 2392 1813 2426 indumenta
1838 2397 1870 2426 et
1889 2403 1986 2426 orna-

1245 2449 1353 2478 menta
1370 2445 1543 2487 virtutum;
1563 2446 1747 2489 ponendam
1766 2456 1836 2480 esse
1855 2455 1986 2480 carnem

1281 2518 1292 2544 1
1315 2517 1385 2545 Male
1413 2517 1479 2546 edit.
1500 2517 1585 2545 Main.
1613 2517 1676 2554 legit
1695 2518 1813 2547 caelesti
1832 2526 1880 2553 pro
1899 2517 1987 2545 caele-

1244 2562 1296 2592 stis
1314 2563 1355 2597 (n.
1372 2563 1421 2597 T.).

1988 163 2038 191 An.
2057 164 2084 190 C.
2106 165 2169 197 1737
2199 190 2201 194 Α

2218 1113 2232 1123 ‘-
2228 1071 2232 1087 -
2224 806 2232 1051 mh-...*-—⁴
2223 770 2230 786 a
