2232 3178
297 295 347 322 Αη.
369 296 397 322 e.
416 295 486 322 1738
531 286 595 321 472

335 1371 363 1391 lto
387 1371 481 1396 patribus

299 1398 383 1417 vit-artis
393 1404 480 1417 conveni*

299 1428 356 1444 tuum
373 1427 393 1444 ct
411 1431 481 1445 cotum

299 1451 376 1471 ostteio.

492 344 580 382 rium,
598 344 641 374 vel
665 344 712 374 isti
736 343 848 374 litteras
864 347 998 383 patentes
1013 342 1092 374 dedit
1108 353 1113 372 :
1133 347 1228 373 tamen

491 393 579 423 ‹ztiam
602 393 631 422 in
654 393 710 422 isto
732 402 801 422 casu
829 392 1006 422 secretarius
1031 392 1229 422 iuramentum

492 441 577 471 saciet
598 441 627 471 in
651 441 785 471 manibus
808 441 944 479 delegati,
969 441 991 471 si
1016 441 1044 470 in
1068 440 1230 479 delegantis

494 490 575 529 prius
598 499 655 519 non
679 490 810 520 emiserit
832 489 917 519 illud.

532 548 569 569 vi.
602 539 744 568 Praedicti
777 547 877 568 omnes
910 537 1059 568 secretarii
1094 542 1121 568 et
1155 547 1231 567 ama-

494 596 618 618 nuenses
635 586 802 617 immediate
817 586 1011 616 subiiciantur
1035 587 1135 625 (etiam
1160 589 1231 615 tem-

494 645 562 675 pore
585 634 760 665 visitationis
787 635 997 674 provincialis)
1033 639 1145 664 tantum
1178 643 1230 663 suo

492 685 635 724 superiori
657 685 687 714 in
719 685 803 714 domo
836 685 864 714 in
899 694 953 723 qua
977 684 1069 721 adsim
1095 688 1139 720 et,
1163 683 1230 713 licet

492 732 596 762 absens
620 733 657 762 sit
678 732 708 762 in
731 732 867 762 omnibus
889 732 1024 762 domibus
1054 731 1230 762 iurisdictio·

442 804 449 810 .
492 781 537 811 nis
570 781 615 811 sui
647 781 830 820 superioris,
865 781 933 810 dum
966 790 1067 810 eornm
1102 780 1229 809 officium

492 829 662 864 duraverit,
687 830 894 859 conventuales
924 829 981 859 sint
1012 838 1077 859 cum
1113 837 1181 858 voce
1204 833 1232 858 et

493 879 566 909 loco.
584 879 613 908 Si
630 883 724 908 autem
744 879 787 908 vel
805 888 853 917 per
869 878 957 908 breve
975 883 1087 917 tempus
1111 877 1230 907 suerint¹

492 927 522 957 in
555 927 652 966 aliquo
684 932 827 957 conventu
861 936 911 956 seu
948 926 1070 964 collegio
1094 926 1156 956 sine
1179 935 1231 955 suo

493 976 656 1015 superiore,
680 976 773 1014 quoad
796 976 892 1005 omnia
916 975 1031 1005 subsint
1064 974 1230 1004 immediate

494 1024 666 1064 provinciali
691 1024 869 1063 provinciae,
894 1028 921 1053 et
944 1024 973 1053 in
996 1023 1076 1052 illius
1098 1022 1238 1052 absentia·

492 1073 540 1103 isti
563 1083 594 1103 ac
617 1073 767 1103 secretarii
797 1073 991 1113 provinciales
1020 1072 1154 1102 ministro
1184 1072 1232 1101 do-

494 1131 580 1159 mus,
606 1126 634 1152 et
656 1122 691 1152 ad
713 1122 876 1152 exeundum
901 1131 916 1152 a
939 1122 1024 1152 domo
1048 1131 1062 1150 a
1085 1120 1148 1150 suis
1171 1125 1232 1150 tan—

494 1174 554 1200 tum
579 1171 736 1209 praelatis,
761 1180 886 1209 quorum
909 1170 1059 1200 secretarii
1083 1173 1131 1199 aut
1155 1178 1232 1198 ama—

493 1228 619 1249 nuenses
646 1224 732 1257 sunt,
756 1219 923 1257 licentiam,
947 1219 1058 1248 socium
1082 1227 1114 1247 ac
1145 1217 1233 1247 bene-

493 1268 650 1298 dictionem
674 1268 830 1307 accipiant.

532 1326 550 1346 1.
573 1317 675 1347 Nullus
698 1317 822 1355 eligatur
851 1317 881 1346 in
909 1315 1064 1353 vicarium,
1089 1315 1159 1355 quin
1183 1315 1232 1345 lia-

493 1366 558 1397 beat
591 1366 625 1396 ad
648 1366 745 1396 minus
768 1365 989 1405 quatuordecim
1013 1374 1105 1394 annos
1128 1375 1142 1394 a
1167 1374 1233 1404 pro-

493 1415 640 1453 sessione,
674 1419 701 1445 et
734 1414 771 1444 sit
806 1414 1002 1444 confessarius
1038 1414 1166 1443 virorum
1201 1422 1233 1442 ac

493 1464 670 1501 mulierum,
705 1472 887 1502 personaque
920 1463 1049 1501 prudens
1081 1466 1108 1492 et
1140 1471 1231 1502 capax

493 1513 668 1543 ascendendi
691 1514 726 1542 ad
750 1512 946 1542 ministerium
980 1516 1044 1551 post
1066 1512 1231 1550 graduatio-

494 1571 581 1599 nem,
605 1562 769 1601 dignusque
797 1565 828 1591 ut
856 1561 894 1590 sit
920 1561 1067 1591 secundus
1100 1570 1114 1590 a
1146 1560 1232 1590 mini-

493 1616 553 1642 stro
575 1611 604 1641 in
628 1621 679 1640 suo
702 1615 846 1640 conventu
871 1610 915 1640 vel
938 1610 1075 1648 collegio,
1100 1614 1127 1639 et
1150 1614 1180 1639 ut
1202 1609 1230 1639 in

493 1660 627 1690 absentia
662 1659 790 1689 ministri
827 1659 863 1689 sit
898 1668 1016 1698 praeses
1047 1663 1230 1697 ceterorum,

494 1709 580 1739 etiam
603 1708 716 1738 senium
740 1712 768 1738 et
790 1708 877 1737 nimis
899 1707 1125 1746 graduatorum,
1161 1707 1230 1746 quin

494 1757 698 1795 religiosorum
728 1756 879 1786 humilitas
909 1765 943 1785 ex
976 1755 1182 1794 praecedentia
1204 1760 1230 1785 et

495 1805 694 1846 praesidentia
715 1804 870 1834 minimum
893 1805 931 1834 sit
954 1804 1126 1834 exercenda.
1144 1804 1233 1835 Debet

494 1855 570 1884 enim
594 1854 661 1892 eligi
684 1854 713 1883 in
737 1853 877 1883 vicarium
909 1853 988 1883 solus
1015 1853 1064 1883 ille
1096 1853 1146 1892 qui
1180 1862 1232 1893 per

494 1903 668 1933 sexennium
701 1902 901 1942 philosophiae
931 1906 959 1932 et
989 1902 1149 1941 theologiae
1172 1907 1232 1932 stu-

493 1951 611 1990 duerit,
645 1955 673 1981 et
704 1951 828 1981 ulterius
851 1960 903 1990 per
933 1951 1093 1981 triennium
1129 1951 1230 1981 saltem

492 2000 583 2030 suerit
602 2000 740 2038 magister
762 1999 955 2037 studentium,
977 1999 1022 2028 vel
1045 2000 1232 2029 amanuensis

494 2049 653 2089 superioris
676 2049 835 2087 generalis,
861 2049 904 2078 vel
929 2053 1099 2089 procurator
1121 2048 1232 2078 redem-

496 2098 617 2138 ptionis,
642 2098 685 2128 vel
710 2098 892 2138 praedicator
915 2098 1041 2128 alicuius
1069 2102 1232 2128 conventus

494 2147 537 2177 vel
573 2147 706 2185 collegii,
739 2147 783 2177 vel
819 2147 1009 2177 concionatus
1042 2148 1130 2177 suerit
1161 2147 1232 2176 duas

492 2196 730 2236 quadragesimas
757 2196 902 2234 integras,
927 2196 970 2226 vel
993 2196 1021 2225 in
1044 2196 1143 2236 aliquo
1175 2196 1232 2226 alio

493 2245 588 2275 officio
611 2245 698 2274 suerit
722 2250 871 2284 expertus.
896 2244 1099 2275 Definitorium
1134 2249 1230 2275 tamen

1080 294 1260 320 BULLARIUM
1286 294 1441 321 ROMANUM

1272 352 1337 373 rum
1362 343 1397 373 ad
1421 347 1543 383 patrem.
1567 343 1671 374 Munus
1704 343 1805 374 vicarii
1839 353 1895 374 non
1924 344 2010 375 duret

1272 393 1348 423 ultra
1371 402 1500 423 mensem
1522 403 1632 430 unum,
1654 397 1806 433 postquam
1829 394 1951 423 accessit
1974 394 2009 424 ad

1273 451 1357 471 suum
1391 446 1565 472 conventum
1598 442 1869 482 possessionemque
1898 443 2009 482 accepit

1274 490 1407 520 minister
1429 490 1525 520 denuo
1547 491 1608 520 sive
1630 491 1658 520 in
1683 490 1811 530 capitulo
1835 491 2007 529 provinciali

1274 538 1335 568 sive
1358 539 1386 568 in
1410 548 1462 568 suo
1485 538 1649 569 definitorio
1672 539 1793 575 clectuS,
1817 539 1961 578 quamvis,
1985 539 2008 569 si

1273 587 1366 616 solum
1400 597 1450 626 per
1482 587 1634 617 biennium
1667 587 1794 617 osticium
1828 588 2008 623 exercuerit,

1275 635 1380 674 poterit
1402 635 1504 674 reeligi
1527 636 1555 666 in
1575 636 1676 665 eodem
1700 640 1844 665 conventu
1863 636 1905 665 vel
1923 636 2010 666 colle-

1274 684 1332 722 gio,
1355 693 1413 714 non
1443 693 1512 713 vero
1538 684 1563 713 si
1591 684 1665 714 ultra
1689 683 1851 722 biennium,
1876 684 1931 714 nisi
1954 684 2012 714 dis-

1275 737 1414 771 pensante
1437 741 1488 762 suo
1510 732 1686 762 definitorio.

1314 791 1354 811 iu.
1372 781 1564 821 Praecipuum
1587 781 1688 811 vicarii
1711 790 1817 811 munus
1833 785 1875 811 est
1891 781 2014 820 diligen-

1275 835 1319 860 ter
1341 840 1444 860 curare
1467 831 1561 860 onmia
1585 840 1658 870 quae
1680 830 1805 860 attinent
1827 830 1860 860 ad
1884 830 2011 860 osticium

1275 879 1421 916 divinum,
1446 884 1473 909 et
1497 880 1570 918 qnod
1599 884 1697 909 exacte
1719 879 1912 909 observentur
1937 879 2012 909 sacri

1276 928 1348 957 ritus
1365 932 1392 957 et
1410 927 1527 957 Ordinis
1543 928 1754 966 caeremoniae,
1771 937 1802 957 ac
1819 932 1922 958 cuncta
1939 937 2013 967 quae

1275 976 1403 1015 disponit
1435 980 1568 1005 nostrum
1602 976 1753 1005 manuale.
1787 975 1881 1011 Quare
1915 976 2011 1006 omnia

1275 1033 1348 1063 quae
1372 1025 1446 1054 cirea
1467 1025 1604 1063 chorum,
1629 1025 1736 1062 altare,
1761 1024 1959 1064 processiones
1985 1029 2013 1055 et

1275 1073 1330 1103 alia
1354 1073 1389 1102 ad
1411 1073 1539 1103 osticium
1571 1078 1599 1103 et
1631 1073 1741 1103 cultum
1771 1073 1901 1103 divinum
1925 1073 2013 1113 perti-

1276 1122 1390 1151 nentIas
1406 1121 1533 1151 vicarius
1550 1121 1739 1156 ordinaverit,
1754 1121 1918 1152 executioni
1931 1131 2012 1151 man-

1276 1170 1391 1208 dentur,
1426 1170 1482 1200 nisi
1515 1170 1594 1200 aliud
1628 1171 1761 1200 minister
1792 1170 1945 1210 disponat3
1969 1174 2013 1201 est

1276 1219 1353 1248 enim
1371 1219 1497 1249 vicarius
1512 1219 1651 1257 magister
1667 1219 1928 1257 caeremoniarum,
1942 1227 2014 1259 quas

1276 1268 1299 1297 si
1323 1268 1491 1305 nesciverit,
1509 1268 1580 1297 alios
1598 1268 1720 1298 edocere
1736 1277 1792 1297 non
1810 1271 1914 1307 potest.
1932 1267 2014 1298 Unde

1277 1317 1440 1347 visitatores
1462 1316 1510 1355 qui
1534 1317 1563 1345 in
1586 1316 1683 1356 aliquo
1712 1320 1855 1346 conventu
1884 1317 1929 1347 vel
1957 1317 2015 1347 col-

1276 1367 1349 1405 legio
1372 1375 1470 1396 earum
1494 1365 1617 1395 abusum
1633 1365 1677 1395 vel
1694 1365 1940 1396 inobservantiam
1964 1375 2014 1397 no-

1277 1416 1400 1446 taverint
1432 1418 1481 1444 aut
1513 1415 1677 1453 audierint,
1702 1414 1842 1444 vicarium
1865 1415 2014 1453 corrigant

1275 1475 1386 1503 severe,
1410 1465 1564 1504 ipsumque
1586 1467 1734 1500 moneant3
1757 1468 1785 1493 et
1802 1463 1824 1493 si
1841 1464 1868 1493 in
1886 1463 2014 1494 secunda

1276 1514 1439 1544 visitatione
1462 1517 1564 1542 cuncta
1587 1512 1617 1542 in
1640 1512 1785 1550 integrum
1819 1521 1876 1542 non
1906 1512 2015 1542 suerint

1276 1563 1407 1593 restituta
1422 1562 1455 1591 ad
1467 1561 1596 1591 debitum
1610 1561 1732 1597 cultum,
1746 1561 1841 1600 ipsum
1855 1561 2011 1600 deponant.

1315 1621 1352 1642 ιν.
1376 1611 1462 1641 Curet
1494 1610 1582 1640 etiam
1606 1610 1754 1646 vicarius,
1779 1610 1855 1649 quod
1889 1611 2014 1650 quilibet

1275 1661 1429 1699 religiosus
1462 1659 1621 1698 adimpleat
1654 1658 1847 1688 ministerium
1880 1659 1910 1688 in
1938 1659 2013 1698 quod

1275 1709 1309 1739 ab
1333 1709 1502 1739 ohedientia
1524 1711 1567 1737 est
1590 1707 1772 1745 destinatus3
1800 1711 1829 1737 et
1851 1707 1898 1737 ubi
1922 1707 2014 1747 magi-

1275 1762 1335 1788 ster
1352 1757 1530 1787 novitiorum
1554 1756 1598 1786 vel
1622 1757 1819 1795 professorum
1837 1765 1893 1786 non
1912 1756 2011 1795 suerit,

1275 1807 1367 1837 officia
1392 1805 1507 1836 tabulae
1524 1805 1647 1844 singulis
1663 1804 1893 1835 hebdomadibus
1915 1805 2012 1836 distri-

1275 1856 1344 1886 buat
1367 1855 1504 1885 vicarius.

1313 1914 1341 1934 v.
1365 1903 1492 1943 Singulis
1514 1903 1669 1933 dominicis
1691 1903 1803 1940 diebus,
1827 1903 1907 1934 iuxta
1930 1913 2012 1943 prae-

1275 1954 1416 1994 scriptum
1454 1952 1585 1990 regulae,
1621 1952 1760 1982 familiam
1793 1952 1853 1982 sive
1889 1952 2013 1983 famulos

1274 2003 1377 2033 (lomus
1401 2011 1452 2041 pro
1475 2001 1635 2040 capacitate
1658 2001 1712 2030 sua
1734 2000 1861 2030 vicarius
1878 2000 2013 2031 hortetur

1275 2052 1420 2082 divertere
1442 2060 1456 2080 a
1480 2049 1567 2087 malo,
1591 2049 1758 2088 bonumque
1781 2050 1886 2087 facere,
1906 2059 2014 2090 eosque

1275 2100 1449 2139 simpliciter
1479 2102 1594 2128 moneat
1617 2098 1692 2137 quod
1716 2098 1835 2128 credere
1857 2103 1907 2129 aut
1929 2108 2013 2138 agere

1274 2149 1398 2179 debeant
1431 2157 1482 2187 pro
1514 2147 1607 2177 salute
1638 2147 1803 2177 animarum
1836 2157 1954 2178 suarum
1985 2153 2013 2180 et

1274 2199 1332 2229 vita
1356 2198 1476 2228 aeterna
1494 2197 1689 2236 adipiscenda.

1314 2257 1332 2277 t.
1358 2247 1567 2276 Procuratores
1589 2246 1739 2284 generales
1761 2246 1846 2285 genio
1863 2250 1891 2277 et
1906 2247 2012 2278 litteris

2021 296 2068 324 An.
2085 298 2110 325 C.
2134 299 2194 328 ¹738

494 2293 672 2333 provinciale
708 2294 815 2333 poterit
853 2293 1025 2333 dispensare
1061 2294 1091 2323 in
1127 2298 1230 2333 aetate,
2091 2270 2125 2297 Η

494 2352 551 2373 non
575 2347 671 2372 autem
694 2342 723 2372 in
745 2343 810 2372 aliis
833 2342 984 2382 requisitis
1006 2342 1096 2372 iltius.

533 2400 563 2421 ιι.
587 2390 719 2421 Vicarius
742 2395 837 2420 autem
860 2391 1028 2421 ministrum
1058 2391 1159 2421 iuvare
1182 2391 1231 2421 de-

494 2440 542 2470 bet
565 2440 594 2470 in
618 2449 706 2470 onere
730 2440 774 2469 sui
793 2439 900 2478 officii,
925 2449 1084 2479 pacemque
1117 2450 1231 2480 promo-

1274 2296 1381 2326 debent
1403 2304 1466 2325 esse
1489 2294 1612 2332 hahileS,
1636 2299 1668 2324 ut
1690 2296 1819 2334 negociis
1842 2296 1904 2326 sine
1926 2285 2194 2345 detri-wffssgmt'ssffgssj

1274 2348 1373 2374 mento
1397 2352 1550 2373 causarum
1581 2343 1760 2383 proindeque
1790 2344 1940 2382 religionis
1968 2338 2096 2381 in-tthuJJ
2115 2330 2193 2376 'brovin-

1275 2393 1411 2423 cumbere
1435 2393 1566 2432 possint,
1591 2401 1683 2432 eaque
1706 2393 1734 2422 in
1764 2392 1872 2424 bonum
1894 2393 2011 2425 Ordinis
2022 2377 2193 2425 'i'eiiiiii'initiswanss

1274 2446 1467 2481 exequantur,
1491 2450 1585 2480 neque
1614 2441 1678 2471 ideo
1707 2441 1766 2472 sint
1794 2442 1932 2478 audaces,
1957 2433 2138 2478 im-gssfmm
2153 2427 2191 2450 ⁰⁰¹⁸

495 2498 561 2519 vere
584 2489 662 2519 inter
691 2487 821 2519 subditos
843 2493 872 2518 et
898 2489 1079 2528 praelatum,
1109 2489 1231 2529 ideoque

494 2537 525 2568 in
558 2538 618 2567 suis
652 2538 758 2567 litteris
792 2538 958 2577 patentibus
993 2537 1117 2575 dicitur,
1155 2539 1230 2577 quod

495 2591 644 2617 convertat
667 2596 716 2617 cor
738 2588 828 2627 patris
851 2587 885 2617 ad
908 2587 994 2625 filios,
1012 2592 1039 2617 et
1055 2588 1140 2618 corda
1157 2588 1229 2618 fitio-

530 2689 541 2716 1
564 2689 631 2716 uate
651 2689 716 2717 edit.
737 2689 818 2717 main.
839 2689 905 2725 tegit
923 2690 1010 2724 suerit
1030 2691 1068 2725 (a.
1085 2689 1134 2726 τ.).

1275 2491 1419 2527 modesti,
1443 2494 1471 2520 et
1505 2490 1581 2529 apud
1617 2490 1780 2520 saeculares
1816 2491 2010 2523 tribunaliave

1274 2540 1412 2569 nimirum
1434 2539 1621 2579 reperiantur
1649 2540 1763 2569 molesti
1781 2550 1786 2569 :
1819 2540 1927 2571 dehent
1947 2550 2009 2571 esse

1273 2589 1442 2629 prudentes,
1466 2591 1494 2618 et
1516 2588 1609 2626 magis
1630 2588 1770 2619 iustitiam
1795 2589 1939 2628 religiosis
1961 2599 2009 2620 vo-

1273 2637 1354 2667 cibus
1370 2638 1511 2673 indicare,
1528 2646 1614 2676 quam
1632 2637 1795 2676 pervicacia
1816 2638 1893 2668 ducti
1916 2639 2008 2678 ipsam

1274 2687 1459 2718 vociferando
1482 2687 1637 2728 adquirere
1659 2687 1754 2718 velle:
1778 2688 1836 2718 sint
1859 2696 1928 2727 ergo
1950 2697 2010 2719 me-
