2232 3178
295 229 392 257 Amo.
417 228 483 257 ¹738
528 221 592 254 406

690 290 836 313 REGULAE
863 290 962 314 CAPUT
985 291 1027 314 XI.

539 345 567 364 In
582 347 724 369 regularibus
743 347 805 365 boris
819 351 908 366 morem
924 348 946 367 Β.
957 349 983 366 R.
1001 350 1024 367 Β,
1042 348 1176 367 observent.

488 406 584 435 CAPUT
617 415 656 435 si.
684 425 723 430 —
755 407 794 436 De
828 408 918 447 officio
951 409 1062 444 (livino,
1087 411 1169 438 missri
1204 414 1229 438 et

527 456 714 485 communione
741 458 881 495 sralrnm,
905 462 929 486 et
952 458 983 486 de
1005 458 1047 487 lits
1069 459 1116 497 qui
1142 460 1229 488 saeris

528 504 660 533 initiandi
681 509 755 533 sunt.

364 594 399 619 §¹
527 583 546 603 1.
571 575 679 605 Omnes
711 576 850 613 religiosi,
884 577 982 607 audito
1015 578 1110 617 primo
1144 578 1251 616 signo=

487 622 522 651 ad
545 623 676 661 chorum,
699 625 893 663 expediantur
929 630 957 655 et
988 635 1018 655 se
1042 630 1226 666 praeparent,
1249 656 1251 667 ,

321 620 350 640 De
367 610 475 644 [inhiantia

294 650 314 666 et
350 647 462 666 sednlntate
472 663 476 669 ,

294 678 336 698 qua
364 679 476 693 conventre

293 699 371 719 debent
383 700 475 723 retinam
488 671 707 701 considerantes
730 681 760 701 se
789 682 912 711 pergere
934 674 968 703 ad
992 675 1162 712 angelorum
1187 676 1228 704 ol‘-

293 754 313 771 et
329 752 479 772 concinendum
607 769 612 774 .
653 769 658 774 .
819 771 823 775 .
948 771 953 776 .
1013 772 1017 776 .

294 777 385 798 officium
425 779 478 799 uin-
488 768 613 807 cymbali
637 779 751 807 signum
776 770 906 809 finiatur,
931 775 989 801 sint
1011 782 1040 801 1n
1057 773 1157 809 choro,
1175 773 1228 802 sub

293 810 349 825 num.
488 819 581 856 poena.
603 819 706 857 culpae
729 819 812 856 levis,
846 821 887 850 vel
911 820 1019 858 gravis,
1044 821 1067 850 si
1091 822 1125 852 de
1148 831 1228 852 more

487 865 654 896 habuerint.

525 924 555 944 n.
579 915 610 945 ln
634 916 770 946 omnibus
792 917 985 948 conventibus
1001 919 1110 949 nostris
1135 925 1228 950 matu-

487 964 579 993 tinum
612 965 822 996 inviolabiliter
853 967 968 997 dicatur
1002 969 1098 998 media
1131 974 1226 1008 nocte,

486 1013 542 1042 nisi
566 1023 672 1051 urgens
694 1014 789 1044 obstet
818 1017 992 1053 necessitas,
1026 1017 1071 1046 vel
1098 1018 1227 1048 rationa-

486 1062 552 1093 bilis
575 1074 660 1094 causa
685 1075 751 1095 vere
784 1075 941 1105 excusans,
973 1068 1008 1097 de
1031 1077 1086 1107 qua
1111 1069 1228 1107 provin-

486 1113 568 1143 cialis
591 1115 620 1144 in
645 1115 811 1145 visitatione
844 1116 976 1154 rigorose
1006 1117 1147 1156 inquirat,
1183 1118 1227 1147 vel

486 1162 515 1191 in
539 1161 657 1192 Ordinis
673 1164 865 1193 instructione
881 1165 968 1194 fuerit
984 1170 1091 1195 statuta
1115 1175 1229 1195 recrea-

487 1210 543 1240 tio:
561 1211 648 1250 idque
671 1213 866 1251 praecipimus
890 1213 1020 1252 patribus
1040 1214 1184 1244 ministris
1201 1219 1229 1244 et

487 1260 722 1298 praesidentibus
744 1262 774 1291 in
798 1262 906 1292 virtute
941 1267 1058 1292 sanctae
1091 1263 1228 1293 obedien-

487 1308 544 1338 tiae
567 1313 595 1339 et
617 1309 670 1339 sub
694 1315 847 1350 praecepto
870 1312 995 1341 formali.
1020 1312 1056 1342 At
1080 1322 1148 1342 vero
1168 1323 1227 1342 ma-

487 1357 614 1387 tutinum
643 1359 733 1389 feriae
754 1368 771 1388 v
802 1360 830 1389 in
859 1360 954 1390 Coena
984 1360 1119 1398 Domini,
1143 1362 1227 1392 Para·
1249 1378 1250 1388 κ

487 1416 586 1437 sceves
609 1413 637 1437 et
659 1408 779 1438 Sabbati
801 1409 912 1446 Sancti,
944 1419 1058 1440 necnon
1090 1411 1227 1441 Penteco-

486 1460 556 1491 stes,
591 1456 638 1486 SS.
663 1457 827 1495 Trinitatis,
861 1458 926 1487 festi
949 1458 1082 1498 Corporis
1105 1460 1225 1498 Christi,

486 1505 510 1534 si
534 1505 714 1535 venerationi
745 1507 908 1545 expositum
943 1507 1030 1537 suerit
1064 1517 1115 1546 per
1138 1512 1226 1538 totam

487 1553 549 1582 eius
572 1558 716 1592 octavam,
734 1564 768 1584 ac
784 1555 813 1584 in
832 1555 1040 1586 festivitatibus
1059 1561 1226 1587 sanctorum

487 1602 721 1640 patriarcharum
744 1608 911 1633 nostrorum
928 1604 1043 1634 loannis
1062 1609 1089 1635 et
1111 1606 1226 1643 Felicis,

486 1650 600 1680 dicatur
633 1651 705 1681 hora
727 1652 831 1691 quinta
861 1657 925 1691 post
949 1653 1114 1683 meridiem.
1139 1654 1229 1684 Matu-

487 1697 580 1728 tinum
614 1700 724 1738 primae
757 1701 814 1730 diei
836 1701 964 1731 Paschae
987 1706 1015 1731 et
1039 1712 1089 1741 per
1112 1703 1174 1732 eius
1197 1713 1227 1732 o-

487 1749 599 1776 ctavam
622 1757 715 1787 usque
746 1749 780 1778 ad
813 1748 967 1779 sabbatum
990 1750 1020 1779 in
1042 1750 1124 1780 Albis
1147 1751 1225 1780 dica-

486 1799 534 1826 tur
555 1796 590 1826 ad
613 1806 760 1836 auroram,
784 1798 845 1828 sive
867 1799 944 1829 circa
968 1799 1069 1829 horam
1092 1805 1225 1839 quartam

487 1845 556 1875 diei.
581 1845 688 1876 Omnes
711 1847 785 1876 aliae
810 1848 902 1878 Horae
933 1849 1102 1886 canonicae,
1137 1854 1223 1889 atque

486 1894 690 1925 defunctorum
713 1896 820 1935 officia,
838 1898 1000 1927 recitentur
1015 1902 1144 1938 tempore
1161 1909 1228 1930 con—

487 1943 587 1973 stituto
610 1944 639 1973 in
662 1945 867 1975 caeremoniali
891 1945 1019 1976 Ordinis.

526 2001 567 2022 111.
605 1992 751 2031 integrum
788 1995 962 2025 matutinum
995 2005 1061 2025 cum
1093 1996 1227 2027 laudibus

487 2045 621 2072 cantetur
643 2042 673 2072 in
695 2043 740 2072 die
762 2043 928 2074 Nativitatis
944 2044 1070 2083 Domini,
1087 2045 1116 2075 in
1134 2046 1228 2085 prima

487 2090 533 2120 die
556 2091 693 2129 Paschae,
718 2096 746 2121 et
769 2092 863 2131 primo
885 2093 1081 2132 Pentecostes,
1101 2094 1131 2124 in
1154 2095 1227 2125 sesto

487 2138 536 2169 SS.
564 2139 716 2169 Trinitatis
744 2144 772 2170 et
793 2140 841 2171 SS.
866 2141 1047 2172 Sacramenti
1063 2165 1070 2179 ,
1099 2152 1131 2173 ac
1154 2144 1226 2174 seria

488 2187 601 2226 quinta,
617 2190 702 2218 sexta
714 2193 742 2218 et
756 2189 875 2220 sabbato
888 2191 1008 2220 maioris
1020 2191 1227 2231 hebdomadae,

487 2246 603 2267 necnon
624 2237 834 2268 festivitatibus
857 2244 1023 2269 sanctorum
1048 2241 1227 2279 patriarcha-

488 2295 553 2316 rum
576 2291 744 2317 nostrorum
774 2287 890 2317 Ioannis
916 2293 944 2318 et
968 2289 1084 2318 Felicis.
1109 2289 1139 2319 In
1163 2291 1227 2320 aliis

488 2345 557 2366 vero
572 2336 781 2366 festivitatibus
794 2337 904 2375 primae
917 2341 944 2367 et
959 2338 1104 2368 secundae
1116 2340 1228 2378 classis,

488 2384 518 2414 in
535 2384 641 2424 quibus
657 2384 767 2424 primae
790 2389 818 2415 et
840 2386 984 2416 secundae
1006 2396 1143 2426 vesperae
1162 2389 1227 2418 cani

488 2433 621 2471 debeant,
644 2443 677 2463 ac
698 2433 727 2463 in
751 2434 796 2464 die
818 2436 921 2464 octava
952 2434 1000 2465 SS.
1025 2436 1176 2466 Trinitatis
1199 2442 1227 2467 et

488 2481 621 2522 Corporis
653 2482 771 2520 Christi,
800 2486 828 2512 et
860 2483 904 2521 (si
937 2484 1014 2514 istud
1048 2486 1227 2515 venerationi

489 2530 620 2566 patenter
645 2527 808 2565 expositum
832 2527 943 2567 suerit)
977 2537 1028 2567 per
1052 2533 1141 2559 totam
1165 2531 1227 2560 eius

489 2579 632 2613 octavam,
651 2574 680 2604 in
704 2575 847 2605 matutino
869 2580 1004 2606 cantetur
1027 2577 1224 2608 invitatorium

489 2632 555 2654 cum
578 2624 688 2663 hymno
722 2624 868 2663 sequenti,
892 2629 920 2655 et
952 2625 1077 2665 hymnus
1110 2637 1225 2667 quoque

1091 219 1274 258 surranum
1299 232 1455 259 Romnum

1275 282 1309 311 Te
1332 282 1419 312 Deum
1441 283 1604 319 Iauclamus;
1624 288 1652 315 et
1673 284 1703 315 in
1726 285 1883 325 LaudibuS,
1902 295 1916 316 a
1933 286 2011 326 capi-

1272 330 1331 360 tulo
1363 341 1456 370 usque
1488 332 1522 361 ad
1557 332 1578 372 ,ιθ
1607 334 1809 363 Renedicamus
1838 334 1953 364 Domino
1983 340 2010 366 et

1271 379 1333 408 eius
1356 381 1377 418 n*
1401 380 1455 409 Deo
1474 382 1579 419 gratias
1611 382 1764 413 inclusive.
1798 383 1829 413 In
1862 384 1908 413 die
1940 393 2010 414 vero

1271 427 1450 466 Epiphaniae
1474 429 1556 467 (cum
1587 439 1645 460 non
1672 431 1709 460 sit
1731 431 1950 471 invitatorium)
1980 433 2009 462 in

1272 477 1359 506 tertio
1391 482 1536 508 nocturno
1569 479 1735 510 cantabitur
1764 481 1894 520 psalmus
1920 481 2011 511 Venice

1270 525 1435 563 mallemus,
1465 536 1530 556 cum
1560 529 1614 557 sua
1638 529 1811 568 antiphona.
1835 529 1866 559 ln
1889 530 2011 569 reliquis

1271 583 1339 603 vero
1362 575 1531 614 duplicibus
1550 577 1629 606 solus
1653 578 1776 616 hymnus
1803 579 1836 607 Te
1858 579 1957 608 Deum.

1310 632 1348 652 iv.
1387 623 1417 653 ln
1451 625 1594 654 cantando
1626 626 1738 664 integre
1768 627 1912 657 matutino
1944 636 2010 657 cum

1249 671 1251 711 j
1271 671 1406 701 laudibus
1439 673 1642 711 expendantur
1675 675 1776 705 saltem
1801 675 1876 705 duae
1899 675 2008 712 horae;

293 725 321 745 ad
347 726 476 745 reamandum
489 719 586 749 [icium
603 722 817 758 exercendum;
836 727 874 759 et,
891 727 1047 762 antequam
1064 724 1225 754 secundum
1249 731 1251 740 ¹

1272 720 1342 750 hora
1366 730 1433 751 vero
1456 731 1522 751 cum
1545 723 1683 759 dimidia,
1708 724 1824 763 quando
1847 724 1940 754 solum
1964 734 2011 754 ca-

1271 769 1350 799 nitur
1372 769 1584 808 invitatorium,
1602 772 1729 810 hymnus
1752 777 1780 803 et
1801 773 1834 802 Te
1850 773 1937 803 Deum
1951 773 2012 803 lau-

1271 819 1378 857 damus,
1402 824 1429 849 et
1451 819 1481 849 in
1501 820 1635 851 laudibus
1652 831 1665 851 a
1683 821 1822 861 capitulo,
1846 826 1874 852 et
1896 822 2011 861 quando

1271 867 1399 897 osticium
1421 873 1464 899 est
1491 869 1525 899 de
1558 870 1716 909 dominica,
1741 875 1769 900 et
1791 871 1918 910 quando,
1943 871 2012 901 licet

1272 916 1308 946 sit
1331 917 1420 954 aliud,
1445 927 1509 947 cum
1534 928 1566 948 eo
1590 923 1685 949 tamen
1709 920 1850 949 recitatur
1880 920 2010 950 officium

1272 974 1392 1004 parvum
1409 966 1439 995 B.
1458 967 1584 1004 Virginis
1600 968 1705 997 Mariae
1721 968 1765 998 vel
1786 969 2009 1006 defunctorum;

1272 1014 1300 1043 in
1320 1014 1443 1053 reliquis
1466 1024 1535 1044 vero
1558 1017 1713 1047 matutinis
1736 1021 1764 1047 et
1786 1017 1922 1047 laudibus
1940 1017 2011 1047 hora

1272 1073 1327 1092 una
1351 1073 1416 1093 cum
1440 1064 1613 1103 quadrante.

1311 1120 1338 1140 v.
1364 1112 1459 1141 Prima
1482 1117 1603 1142 canatur
1626 1117 1736 1143 tantum
1760 1114 1789 1144 in
1813 1114 1913 1152 vigilia
1934 1114 2012 1145 Nati-

1272 1160 1370 1190 vitatis
1388 1161 1519 1197 Domini,
1538 1162 1624 1191 tertia
1648 1163 1677 1192 in
1693 1163 1774 1192 sestis
1796 1163 1826 1192 in
1843 1163 1950 1202 quibus
1967 1164 2012 1194 vel

1271 1209 1417 1247 integrum
1442 1211 1617 1240 matutinum
1642 1211 1685 1241 vel
1709 1211 1811 1241 saltem
1841 1211 1906 1241 cani
1928 1211 2012 1242 debet

1271 1258 1469 1288 invitatorium
1493 1259 1578 1289 modo
1601 1260 1677 1289 dicto
1710 1269 1791 1290 num.
1814 1269 1855 1297 111,
1890 1265 2012 1300 excepto

1271 1307 1316 1337 die
1338 1308 1546 1347 Asoensionis,
1581 1309 1610 1339 in
1645 1319 1702 1349 quo
1735 1309 1900 1340 cantabitur
1921 1320 2010 1340 nona.

1272 1356 1301 1385 In
1332 1358 1476 1387 cantando
1509 1362 1605 1388 autem
1646 1359 1776 1397 qualibet
1808 1359 1915 1389 minori
1941 1360 2014 1390 hor&

1271 1406 1411 1435 canonica
1428 1410 1617 1437 consumatur
1633 1407 1751 1437 dimidia
1768 1407 1837 1437 hora
1852 1418 1859 1445 3
1877 1412 2012 1448 quartum

1272 1463 1338 1484 vero
1362 1455 1450 1485 horae
1473 1456 1557 1486 istius
1591 1457 1620 1485 in
1644 1456 1696 1486 illa
1725 1457 1887 1495 recitanda,
1912 1461 1940 1488 et
1962 1457 2014 1487 ali-

1271 1503 1340 1542 quid
1364 1504 1490 1543 amplius
1514 1505 1628 1543 quando
1651 1505 1841 1544 coniungitur
1863 1515 1929 1536 eum
1951 1506 2014 1536 osli-

1271 1552 1316 1582 cio
1339 1561 1427 1591 parvo
1451 1553 1482 1582 Β.
1507 1553 1614 1583 Mariae
1632 1553 1772 1592 Virginis,

1310 1609 1348 1630 vi.
1373 1602 1457 1631 Missa
1491 1603 1693 1633 conventualis
1726 1608 1848 1634 canatur
1875 1603 2012 1634 omnibus

1271 1650 1384 1687 diebus,
1403 1650 1510 1690 quibus
1535 1652 1632 1690 tertia,
1650 1656 1678 1682 et
1699 1651 1835 1682 omnibus
1858 1653 2013 1683 dominicis

1271 1703 1299 1728 et
1322 1698 1424 1729 diebus
1446 1700 1569 1738 seriatis,
1591 1705 1619 1730 et
1641 1701 1670 1730 in
1693 1700 1829 1731 omnibus
1851 1701 2015 1732 festivitati-

1271 1747 1325 1777 bus
1350 1748 1467 1778 Ordinis
1490 1753 1518 1778 et
1539 1749 1571 1779 B.
1589 1749 1718 1788 Virginis
1740 1750 1857 1787 Mariae,
1875 1754 1961 1789 atque
1982 1750 2013 1781 in

1271 1797 1343 1826 seria
1366 1806 1393 1827 1v
1416 1798 1568 1834 Cinerum,
1592 1798 1667 1828 seria
1684 1807 1701 1828 v
1722 1798 1752 1828 in
1775 1798 1870 1829 Coena
1885 1799 2011 1838 Domini,

1272 1845 1345 1874 feria
1368 1854 1395 1875 vi
1417 1846 1447 1875 in
1470 1846 1629 1876 Parasceve
1644 1871 1651 1885 ‚
1686 1846 1806 1877 sabbato
1828 1851 1927 1877 sancto
1941 1871 1949 1885 ,
1972 1848 2015 1878 vi-

1270 1894 1341 1932 gilla
1357 1894 1556 1933 Pentecostes,
1574 1899 1601 1925 et
1616 1896 1645 1925 in
1662 1895 1707 1925 die
1724 1895 2013 1926 Commemorationis

1270 1943 1485 1982 defunctorum,
1504 1954 1618 1974 necnon
1640 1945 1758 1984 quando
1781 1945 1812 1975 tit
1835 1945 1962 1975 osticium
1978 1945 2012 1975 de

1271 1992 1368 2031 aliquo
1390 1996 1492 2022 sancto
1515 1997 1639 2032 martyre
1667 1995 1696 2022 in
1720 1998 1865 2024 conventu
1888 1994 1938 2025 illo
1962 1993 2012 2024 ubi

1270 2051 1375 2081 corpus
1397 2042 1442 2072 vel
1465 2042 1589 2080 insignis
1611 2043 1735 2082 reliquia
1758 2047 1936 2074 asservatur.
1967 2043 2014 2074 ln-

1270 2100 1358 2130 super
1389 2091 1419 2120 in
1452 2091 1498 2121 die
1532 2092 1590 2121 una
1618 2091 1695 2121 infra
1723 2097 1854 2122 octavam
1876 2092 2013 2124 Omnium

1271 2139 1443 2170 Sanctorum
1463 2140 1629 2171 cantabitur
1651 2141 1761 2180 vigilia,
1781 2142 1868 2172 missa
1891 2146 1919 2172 et
1941 2142 2015 2173 sole-

1270 2198 1337 2218 mne
1360 2189 1580 2228 responsorium
1597 2199 1648 2229 pro
1671 2191 1793 2230 captivis
1812 2191 1966 2230 defunctis,
1984 2195 2013 2222 et

1270 2238 1299 2267 in
1322 2238 1368 2267 die
1392 2238 1561 2268 immediato
1585 2244 1648 2278 post
1664 2240 1770 2270 festum
1794 2241 1925 2271 'omnium
1947 2250 2013 2271 san-

1270 2291 1384 2316 ctorum
1401 2286 1529 2326 Ordinis,
1548 2291 1576 2317 et
1598 2288 1735 2318 similiter
1756 2293 1880 2320 canatur
1901 2289 2011 2328 vigilia,

1270 2336 1369 2372 missa,
1393 2336 1582 2376 solemneque
1598 2339 1818 2376 responsorium
1834 2348 1886 2378 pro
1904 2339 2013 2369 nostris

1270 2384 1415 2422 religiosis
1431 2385 1588 2415 defunctis.
1607 2385 1638 2415 In
1656 2387 1800 2416 cantanda
1822 2391 1920 2417 autem
1943 2397 2014 2427 qua—

1270 2433 1339 2463 libet
1363 2434 1449 2463 missa
1474 2438 1532 2464 tres
1555 2439 1652 2474 partes
1674 2435 1762 2466 horae
1784 2440 2011 2473 consumantur3

1269 2482 1298 2511 in
1316 2483 1465 2512 recitanda
1480 2492 1560 2522 vero,
1577 2483 1696 2514 dimidia
1712 2484 1793 2514 hora:
1814 2485 1890 2524 quod
1907 2485 1930 2515 si
1947 2484 2012 2524 quis

1270 2531 1394 2561 celerior
1416 2532 1516 2570 suerit,
1549 2541 1564 2562 a
1587 2533 1738 2572 superiore
1760 2534 1900 2573 puniatur
1922 2534 2012 2574 poena

1270 2580 1372 2619 culpae
1394 2580 1519 2619 mediae,
1543 2580 1601 2611 imo
1623 2586 1651 2611 et
1673 2582 1791 2621 gravis,
1822 2584 1845 2613 si
1873 2582 1908 2613 de
1930 2591 2010 2613 more

1271 2629 1415 2660 habuerit.

2015 237 2065 266 An.
2085 240 2114 269 c.
2129 222 2201 277 ¹7³⁸ss
