2232 3178
16 212 68 240 An.
90 210 120 238 C.
138 209 205 237 1736

827 208 970 233 CLEMENS
995 209 1041 233 ΧΠ
1064 210 1114 233 PP.

208 257 269 287 siae
301 256 447 296 episcopo,
483 256 560 295 zelo,
595 257 767 296 prudentia,
802 257 948 295 doctrina,

209 305 353 346 probitate
375 310 403 335 et
425 305 549 336 aliarum
573 306 712 335 virtutum
732 306 846 336 meritis
869 315 951 345 prae-

207 355 280 392 dito,
305 364 337 384 ac
360 354 389 384 in
413 356 498 384 sacra
522 355 669 392 theologia
702 359 731 384 et
763 355 791 384 in
825 359 950 394 utroque

207 403 271 432 iure
294 403 530 442 praeclarissimo
548 404 692 441 consulto,
710 412 882 441 congruum,
908 404 949 432 sic

207 453 249 482 eis
271 453 390 482 fortuna
412 453 579 492 aspirante,
603 453 844 483 existimaverunt
873 462 951 482 com-

207 501 322 531 mittere
354 506 383 531 et
413 502 620 532 commendare
659 502 753 531 eidem
787 502 947 537 visionem,

206 550 384 580 revisionem
401 556 429 580 et
445 551 712 581 considerationem
728 551 872 580 dictarum
896 550 950 579 dif-

207 599 408 634 ferentiarum,
426 609 492 629 cum
510 599 636 637 iuribus,
654 598 818 629 rationibus
841 604 868 629 ct
891 609 950 628 mo-

206 649 359 678 numentis
383 649 536 688 utriusque
559 649 660 688 partis,
681 653 767 688 prout
786 648 872 677 hilari
889 648 950 677 ani-

208 706 256 726 mo
278 697 491 727 commiserunt
510 701 537 726 et
553 697 845 733 commendaverunt,
862 701 949 735 atque

207 746 463 785 compositionem,
488 745 726 783 transactionem,
751 745 950 774 concordiam-

206 804 263 834 que
286 794 321 825 ab
344 795 445 825 eodem
474 804 590 834 quoque
622 804 779 834 exposcere
809 798 836 824 et
864 804 950 833 expe-

206 847 295 873 ctare.
320 843 469 873 Praefatus
491 843 580 881 igitur
613 843 833 873 illustrissimus
856 847 884 872 et
906 852 949 873 re-

205 891 438 922 verendissimus
463 891 599 921 dominus
621 892 711 921 frater
733 891 836 931 Ioseph
859 891 947 921 Maria

205 939 362 970 Perimezzi
395 941 550 980 episcopus
582 939 778 978 Oppidensis,
803 939 949 969 amicitiae

206 989 312 1018 officiis
347 989 486 1028 utrinque
518 989 725 1026 accomodans,
754 997 843 1027 reque
876 988 949 1018 bene

206 1037 338 1067 discussa
372 1041 400 1067 et
432 1037 611 1074 deliberata,
635 1037 850 1066 controversias
872 1047 950 1067 com-

205 1096 326 1126 ponere,
350 1092 377 1117 et
400 1087 430 1117 in
453 1087 527 1117 hanc
549 1087 783 1117 conciliationem
807 1087 949 1116 dissiden-

205 1140 249 1166 tes
274 1137 389 1166 animos
422 1137 562 1166 inducere
591 1135 708 1174 sategit.
733 1135 857 1165 Proinde
881 1135 949 1165 visis

206 1185 352 1223 videndis.
376 1185 565 1215 consideratis
589 1185 823 1222 considerandis,
841 1194 873 1214 ac
889 1194 950 1214 ma-

206 1239 271 1264 ture
294 1239 463 1274 attenteque
480 1235 633 1274 perpensis
650 1243 701 1273 per
722 1234 832 1263 dictum
855 1234 948 1263 (lomi-

205 1292 276 1312 num
306 1283 479 1322 episcopum
508 1283 704 1322 Oppideusem
736 1287 792 1312 tam
821 1283 850 1312 in
885 1283 948 1312 iure

205 1341 292 1371 quam
315 1332 345 1362 in
369 1333 445 1362 sacto
469 1332 642 1370 rationibus,
661 1331 786 1368 iuribus,
804 1331 948 1370 capitibus

205 1385 234 1412 et
256 1382 351 1412 causis
370 1382 520 1412 ambarum
539 1382 665 1421 partium
685 1381 829 1418 adductis,
850 1381 946 1417 dictis,

205 1434 235 1460 et
259 1431 369 1470 pluries
402 1440 499 1461 coram
532 1431 634 1461 eodem
667 1431 820 1469 discussis,
844 1440 948 1471 nempe

206 1489 259 1519 pro
289 1485 370 1520 parte
403 1481 563 1520 supradicti
596 1480 790 1510 illustrissimi
812 1490 845 1510 ac
868 1490 949 1510 reve-

205 1530 374 1560 rendissimi
391 1530 501 1560 domini
518 1530 731 1570 archiepiscopi
754 1530 948 1560 Messanensis

208 1579 244 1609 ab
266 1579 367 1609 eodem
391 1580 551 1610 reverendo
574 1580 727 1618 utriusque
743 1579 816 1609 iuris
831 1580 948 1610 doctore

205 1627 312 1658 abbate
334 1628 366 1658 D.
384 1628 488 1667 Ioseph
510 1628 624 1667 Buglio,
648 1632 677 1657 et
700 1637 752 1667 pro
776 1632 856 1667 parte
879 1628 947 1658 dicti

205 1676 401 1706 illustrissimi
424 1681 452 1706 et
468 1676 709 1707 reverendissimi
726 1676 836 1706 domini
853 1677 948 1706 archi-

206 1725 370 1755 mandritae
388 1725 423 1756 ab
440 1726 514 1756 iuris
530 1726 684 1765 utriusque
706 1726 825 1756 doctore
842 1726 874 1756 Ι).
892 1727 950 1756 Λη-

205 1773 274 1804 drea
299 1774 462 1813 Mendolia,
486 1784 599 1804 necnon
633 1784 685 1814 pro
718 1776 843 1814 utraque
866 1779 948 1814 parte

206 1823 242 1853 ab
276 1824 432 1863 utriusque
468 1824 540 1853 iuris
576 1824 692 1854 doctore
727 1824 759 1853 D.
792 1824 948 1854 Francisco

206 1873 388 1912 Campagna,
406 1873 448 1902 sic
470 1877 502 1902 ut
524 1873 599 1902 insra
623 1873 857 1912 compositionis,
882 1882 948 1902 con—

207 1921 366 1959 ventionis,
387 1921 592 1951 transactionis
615 1925 642 1951 et
664 1922 837 1952 concordiae
859 1930 949 1961 super

206 1971 371 2001 enunciatis
405 1971 659 2010 praeteritionibus
695 1971 862 2011 exemplum
901 1981 949 2001 ex-

206 2020 333 2059 pressit,
357 2019 391 2049 ad
417 2020 492 2059 quod
525 2024 583 2050 tam
617 2020 710 2050 dictus
733 2020 949 2050 illustrissimus

206 2072 234 2098 et
256 2069 519 2098 reverendissimus
542 2069 677 2099 dominus
707 2069 948 2108 archiepiscopus

205 2117 421 2155 Messanensis‚
446 2128 533 2157 quam
557 2118 652 2148 dictus
678 2118 898 2148 illustrissimus
921 2123 949 2147 et

205 2166 468 2196 reverendissimus
490 2167 627 2197 dominus
645 2167 877 2197 archimandrita
902 2167 949 2197 iti-

206 2214 270 2244 dem
304 2220 333 2245 et
365 2216 474 2255 pariter
509 2216 705 2246 Messanensis
740 2213 946 2256 respicientes,

205 2263 336 2303 illudque
351 2264 592 2304 complectentes,
609 2265 804 2295 decreverunt
821 2265 898 2294 inter
915 2274 945 2294 se

207 2313 379 2350 convenire,
401 2317 430 2343 et
453 2314 574 2353 proinde
596 2314 631 2343 ad
653 2314 815 2344 faciliorem
839 2314 948 2344 sirmio-

206 2370 328 2401 remque
361 2362 509 2392 amicitiae
537 2372 663 2401 nexum,
687 2367 715 2393 et
748 2367 779 2393 ut
812 2363 895 2393 firma
919 2363 948 2392 in

207 2415 384 2450 perpetuum
417 2411 494 2441 inter
527 2421 628 2441 eorum
651 2421 837 2442 successores
860 2412 948 2442 etiam

206 2464 358 2490 remaneat
390 2469 529 2499 praesens
563 2456 738 2499 concordia,
764 2465 792 2491 et
825 2461 859 2491 ad
894 2461 948 2491 hoc

208 2517 347 2548 praesens
383 2510 611 2548 documentum,
649 2514 797 2540 reservato
833 2519 950 2549 semper

993 258 1099 297 quibus
1122 258 1210 288 infra.
1229 258 1302 288 Hinc
1325 263 1368 288 est
1390 258 1467 298 quod
1484 258 1568 288 hodie
1587 260 1733 298 praesenti

995 306 1150 345 praeterita
1173 306 1220 336 die
1244 307 1464 337 illustrissimus
1494 312 1521 337 et
1550 308 1734 337 reverendis-

994 355 1085 384 simus
1109 355 1247 385 dominus
1270 356 1301 385 D.
1326 356 1428 396 Ioseph
1452 356 1614 394 Migliaccio
1637 357 1734 386 archi—

993 403 1148 442 episcopus
1171 404 1387 442 MessanensiS,
1412 410 1439 434 ct
1467 405 1623 435 admodum
1654 414 1735 434 reve-

993 452 1076 482 rendi
1099 453 1257 490 dignitates
1279 459 1307 484 et
1330 455 1464 484 canonici
1496 455 1591 484 dictae
1615 459 1734 484 sanctae

994 503 1322 542 protometropolitanae
1354 504 1549 534 Messanensis
1579 504 1732 541 ecclesiae,

993 550 1152 586 videlicet,
1173 552 1327 591 utriusque
1350 553 1425 582 iuris
1447 553 1549 582 doctor
1571 553 1603 582 D.
1621 553 1736 583 Caieta-

993 608 1047 628 nus
1064 599 1166 637 Buglio
1189 600 1317 630 decanus
1339 606 1367 630 et
1389 602 1560 639 canonicus,
1579 602 1734 641 utriusque

993 647 1067 677 iuris
1089 647 1191 678 doctor
1214 649 1245 678 D.
1264 649 1504 680 Bartholomaeus
1519 650 1642 680 Castello
1665 660 1733 679 can-

993 700 1037 726 tor
1069 701 1097 726 et
1128 698 1306 736 canonicus,
1341 699 1495 738 utriusque
1527 699 1601 729 iuris
1631 699 1734 729 doctor

992 745 1024 774 D.
1042 745 1186 776 Antonius
1209 746 1338 785 Galletti,
1363 747 1514 787 utriusque
1538 748 1609 778 iuris
1632 748 1734 778 doctor

992 794 1024 824 D.
1042 795 1166 825 Didacus
1189 795 1366 834 Migliorino,
1393 797 1425 826 D.
1443 796 1565 827 Ioannes
1589 798 1733 828 Antonius

992 844 1093 881 Muni,
1126 845 1158 875 D.
1187 845 1358 876 Vincentius
1386 846 1468 880 Foti,
1503 846 1534 876 D.
1565 846 1733 877 Dominicus

993 893 1097 932 Rizzo,
1133 894 1164 923 D.
1189 895 1334 924 Antonius
1357 894 1496 930 Granata,
1532 895 1564 925 D.
1589 896 1732 926 Antonius

993 943 1108 980 Colita,
1143 943 1176 973 D.
1200 943 1304 973 Caesar
1331 943 1469 978 Castelli,
1504 944 1536 974 D.
1561 944 1732 975 Francicuss

992 992 1157 1029 Brancata,
1193 992 1224 1021 D.
1249 992 1373 1022 Ioannes
1399 992 1532 1029 Marino,
1567 993 1599 1022 D.
1624 993 1734 1033 Gaspar

991 1041 1143 1079 Calcagni,
1169 1041 1200 1070 D.
1226 1041 1356 1079 Ignatius
1379 1041 1478 1077 Gaeta‚
1510 1042 1541 1071 D.
1566 1042 1733 1072 Fridericus

992 1090 1129 1119 Moncada
1166 1094 1422 1130 repraesentantes
1454 1091 1732 1121 reverendissimum

991 1138 1171 1178 capitulum,
1197 1143 1279 1177 parte
1301 1148 1335 1168 ex
1360 1140 1437 1176 una,
1462 1143 1491 1169 et
1514 1139 1733 1169 illustrissimus

991 1192 1019 1217 et
1042 1188 1308 1218 reverendissimus
1330 1188 1465 1218 dominus
1496 1189 1527 1218 D.
1552 1189 1660 1218 Silvius
1682 1188 1734 1218 Va·

992 1235 1063 1265 lenti
1080 1235 1214 1274 Gonzaga
1231 1236 1461 1266 archimandrita
1479 1236 1685 1274 Messanenffls,
1699 1246 1733 1267 ex

991 1284 1049 1314 alia
1072 1289 1171 1324 parte,
1197 1294 1248 1324 per
1272 1294 1302 1314 se
1335 1290 1363 1315 et
1397 1295 1582 1315 successores
1614 1295 1682 1315 suos
1703 1286 1732 1315 in

992 1333 1278 1373 archiepiscopatum
1295 1338 1323 1364 et
1342 1334 1634 1364 archimamlritatum
1652 1344 1734 1374 prae-

992 1383 1096 1422 dictos,
1120 1384 1275 1423 implorato
1298 1384 1379 1423 prius
1402 1394 1522 1414 assensu
1546 1389 1664 1414 sanctae
1686 1384 1733 1414 Se-

992 1432 1036 1461 dis
1052 1432 1249 1471 Apostolicae,
1267 1432 1365 1471 vigore
1383 1433 1544 1472 praesentis
1567 1432 1734 1462 documenti

992 1485 1132 1520 perpetuo
1164 1481 1298 1517 valituri,
1323 1482 1427 1511 mutua
1448 1481 1638 1520 stipulatione
1665 1481 1733 1511 hinc

991 1530 1058 1559 inde
1093 1530 1329 1567 interveniente,
1352 1530 1386 1559 ad
1419 1530 1598 1560 dirimendas
1631 1539 1733 1561 omnes

992 1579 1206 1609 controversias
1228 1584 1257 1609 et
1286 1579 1489 1609 contentiones
1522 1589 1610 1619 super
1644 1579 1734 1609 infra-

992 1629 1108 1668 scriptis
1140 1628 1272 1658 articulis
1305 1628 1383 1658 inter
1415 1638 1445 1658 se
1478 1632 1682 1658 convenerunt
1703 1633 1731 1658 et

992 1678 1181 1716 conveniunt,
1199 1687 1304 1717 nempe
1320 1687 1325 1706 :
1347 1678 1456 1714 Primo,
1474 1678 1549 1717 quod
1567 1677 1732 1717 praedictus

992 1727 1210 1757 illustrissimus
1242 1731 1270 1756 et
1302 1727 1567 1757 reverendissimus
1597 1727 1732 1756 dominus

992 1775 1234 1815 archiepiscopus
1262 1784 1312 1814 per
1344 1785 1374 1805 se
1402 1779 1431 1804 et
1458 1784 1642 1805 successores
1665 1784 1733 1805 suos

993 1825 1177 1863 recognoscit
1209 1824 1441 1854 illustrissimum
1471 1829 1499 1854 et
1524 1824 1733 1854 reverendissi—

992 1883 1073 1904 mum
1096 1873 1248 1904 dominum
1272 1873 1533 1903 archimandritam
1563 1877 1591 1902 et
1619 1882 1733 1902 succes-

992 1932 1074 1952 sores
1097 1932 1165 1952 suos
1192 1922 1299 1952 habere
1329 1921 1523 1951 omnimodam
1555 1921 1733 1951 iurisdictio-

993 1981 1058 2002 nem
1089 1971 1281 2008 ordinariam,
1305 1971 1433 2009 civilem,
1458 1970 1671 2000 contentiosam
1705 1974 1733 1999 et

992 2021 1176 2051 criminalem
1200 2021 1229 2050 in
1254 2020 1388 2050 omnibus
1406 2019 1478 2049 locis
1494 2029 1563 2049 suae
1579 2019 1731 2056 dioecesis

993 2079 1106 2100 necnon
1132 2070 1160 2099 in
1184 2069 1256 2100 urbe
1273 2069 1432 2103 Messanae,
1450 2077 1538 2107 super
1553 2077 1620 2097 suos
1636 2067 1735 2097 subdi—

993 2123 1047 2156 tos,
1071 2119 1152 2148 iuxta
1178 2123 1309 2148 tenorem
1329 2118 1478 2147 Bullarum
1503 2117 1731 2156 apostolicarum

992 2177 1025 2197 ac
1053 2167 1266 2197 sententiarum
1300 2167 1577 2206 pronunciatarum,
1603 2166 1637 2195 ad
1660 2174 1733 2204 quas

993 2217 1153 2247 sententias
1169 2216 1314 2246 habeatur
1337 2220 1488 2254 respectus
1512 2219 1539 2244 et
1563 2214 1665 2244 relatio
1682 2222 1732 2253 pro

993 2275 1026 2295 eo
1054 2265 1130 2304 quod
1153 2265 1274 2304 respicit
1302 2268 1331 2293 et
1361 2263 1486 2303 pertinet
1508 2262 1542 2292 ad
1569 2263 1645 2292 hunc
1669 2266 1731 2291 tan-

993 2314 1142 2344 tummodo
1165 2314 1323 2343 articulum
1347 2312 1563 2342 ordinarietatis
1594 2311 1732 2340 illustris-

992 2363 1058 2393 simi
1081 2363 1191 2393 domini
1224 2362 1483 2399 archimainlritae‚
1519 2361 1597 2390 nulla
1632 2359 1731 2389 habita

992 2412 1227 2442 consideratione
1261 2410 1453 2440 articulorum
1487 2409 1666 2448 reliquorum
1700 2408 1729 2438 in

992 2460 1147 2491 sententiis
1170 2463 1386 2496 contentorum,
1404 2457 1453 2497 qui
1477 2457 1663 2487 declarantur
1686 2466 1732 2486 re-

994 2518 1111 2539 manere
1134 2509 1163 2538 in
1187 2508 1290 2538 eodem
1313 2511 1388 2536 statu
1412 2507 1440 2536 in
1458 2516 1514 2545 quo
1538 2505 1572 2535 ad
1593 2514 1730 2544 praesens

208 2562 325 2588 sanctae
347 2557 431 2588 Sedis
454 2558 637 2597 Apostolicac
660 2568 795 2597 assensu,
812 2559 949 2589 devenire
992 2562 1070 2597 sunt,
1095 2562 1122 2588 et
1145 2558 1244 2596 vigore
1267 2555 1464 2596 praesentium
1488 2554 1676 2584 articulorum
1701 2554 1731 2584 in

208 2610 385 2647 statuerunt,
403 2611 492 2647 prout
514 2607 675 2638 deveniunt
697 2608 781 2639 modo
804 2612 832 2639 et
855 2608 949 2640 forma

993 2607 1046 2638 hac
1069 2606 1265 2638 transactione
1289 2609 1316 2635 et
1339 2603 1496 2635 concordis
1524 2607 1731 2634 contentorum

1635 201 1699 234 117
1745 210 1930 239 Amol-136
