2232 3178
271 247 324 274 An.
341 245 370 273 c.
398 247 464 273 1738
510 236 575 270 4721

1059 243 1240 268 BULLARIUM
1264 243 1419 268 ROMANL'M

469 294 606 325 existenti
630 294 658 323 in
675 293 761 323 Curia
777 293 885 332 Regni:
909 297 937 323 et
953 295 1018 323 ante
1036 292 1121 322 tinem
1141 302 1208 323 suo·
1227 299 1229 315 t
1251 296 1366 322 tenetur
1398 301 1484 331 agere
1517 298 1545 324 et
1576 294 1725 333 expedire.
1760 295 1795 326 At
1825 304 1892 326 vero
1926 295 1990 325 sine

470 354 535 374 rum
558 344 720 373 ot'ticiorum
744 344 888 372 rationem
917 342 1027 381 accepti
1045 347 1072 372 et
1088 343 1207 382 expensi

470 393 497 422 in
521 393 693 421 executione
717 401 816 421 eorum
840 401 890 421 suo
907 391 1051 430 superiori
1076 392 1207 430 generali

470 441 594 470 fideliter
617 440 751 470 reddant.

508 498 568 518 viu.
592 489 749 519 Hortamur
773 492 868 527 patres
898 492 1102 528 procuratores
1124 498 1211 527 geno-

469 538 556 575 rates,
582 537 787 577 provinciales,
812 546 860 566 seu
881 538 966 567 etiam
990 539 1208 575 conventuales,

470 592 501 617 ut
523 596 638 626 semper
667 596 700 616 ac
733 586 882 616 commode
904 586 983 616 omni
1006 588 1079 616 cura
1101 592 1128 617 et
1150 588 1210 616 zelo

470 646 522 677 per
543 646 585 675 se,
609 641 637 666 et
659 637 683 666 si
705 637 732 666 id
756 646 812 666 non
847 636 911 666 sieri
945 637 1051 676 possit,
1075 646 1127 676 per
1149 646 1212 666 sae-

470 685 583 714 culares
606 690 831 724 procuratores,
857 685 976 723 negocia
1005 685 1139 724 expediri
1172 686 1213 715 fa-

1229 416 1231 432 l

471 733 569 770 ciant,
594 737 625 763 ut
648 734 690 762 sic
713 734 880 772 frequentes
902 733 1017 763 illorum
1041 743 1174 772 egressus
1197 743 1211 763 e
1233 744 1234 748 ¹

474 786 619 812 conventu
643 782 800 811 evitentur.

514 840 552 860 ix.
587 831 673 860 Pater
707 835 878 869 procurator
911 831 1058 869 generalis
1093 830 1212 861 Ordinis

473 879 575 910 Curiae
608 880 755 909 Romanae
789 889 845 909 non
881 880 973 910 valeat
1006 880 1068 909 sine
1095 880 1212 910 licentia

474 929 594 968 capituli
615 928 761 966 generalis
784 928 902 958 Ordinis
924 929 1081 968 impetrare
1104 938 1117 957 a
1138 929 1213 958 Sede

472 976 640 1016 Apostolica,
671 977 781 1006 litteras
805 977 986 1016 pertinentes
1019 977 1052 1006 ad
1083 977 1213 1015 regimen

472 1026 637 1055 universale
659 1025 793 1061 OrdiniS,
816 1035 869 1055 nec
893 1027 1020 1056 savorem
1055 1026 1099 1055 vel
1132 1027 1214 1056 auxi-

472 1075 544 1105 lium
564 1076 629 1104 aliis
644 1075 679 1104 ad
702 1075 730 1104 id
754 1079 912 1113 praestare.
930 1075 1009 1110 Quod
1031 1075 1053 1104 si
1071 1075 1099 1104 in
1117 1075 1214 1114 aliquo

474 1124 558 1153 inodo
581 1129 609 1154 et
640 1125 686 1152 via
718 1124 743 1153 ei
773 1124 959 1162 constiterit,
984 1124 1111 1163 aliquem
1146 1125 1216 1154 reli-

474 1173 586 1210 giosum
603 1172 630 1201 id
647 1172 920 1212 quomodocumque
937 1173 1100 1209 intendere,
1116 1177 1216 1202 tenea-

476 1226 524 1252 tur
548 1221 602 1250 sub
626 1223 765 1261 praestito
800 1222 946 1251 fidelitatis
980 1223 1146 1252 iuramento
1168 1232 1217 1261 pa-

475 1270 598 1299 tefacere
633 1270 798 1299 definitorio
828 1271 956 1308 generali
980 1270 1106 1301 Ordinis.
1131 1271 1164 1300 Et
1186 1271 1215 1300 iu

475 1319 612 1348 omnibus
634 1319 764 1356 negociis
799 1319 950 1356 religionis
972 1323 1067 1349 servet
1101 1330 1217 1359 semper

475 1368 700 1398 instructionem
734 1368 778 1397 vel
801 1368 1024 1406 dispositionem
1057 1369 1217 1399 dessuitorii

476 1417 624 1455 generalis
657 1416 796 1455 Ordinis,
821 1422 848 1446 et
871 1418 944 1447 nihil
968 1417 1076 1457 absque
1099 1419 1162 1448 eius
1184 1419 1218 1448 li-

476 1467 572 1496 centia
594 1470 740 1505 operetur.

518 1525 546 1545 x.
571 1515 699 1551 Quilibet
723 1515 877 1553 religiosus
905 1516 981 1554 (nisi
1005 1517 1093 1546 suerit
1115 1517 1219 1547 delini—

478 1568 523 1594 tor
544 1565 690 1602 generalis
712 1564 849 1601 Ordinis)
883 1566 1003 1595 Romam
1038 1571 1139 1605 petens
1174 1566 1218 1595 vel

478 1614 506 1643 in
530 1614 615 1644 Italia
638 1615 779 1651 existens,
804 1614 945 1644 subdatur
968 1615 1110 1652 superiori
1134 1624 1219 1652 gene-

478 1664 544 1700 rali‚
562 1668 587 1693 et
612 1664 640 1692 in
666 1664 744 1692 illius
760 1663 906 1701 absentia,
924 1664 1019 1703 quoad
1038 1665 1123 1693 vitam
1142 1665 1217 1693 iutra

479 1713 617 1747 claustra,
643 1714 777 1742 ministro
800 1713 915 1751 domus,
936 1724 949 1742 a
969 1719 1155 1752 procuratore
1172 1723 1221 1752 ge-

478 1762 570 1792 nerali
595 1771 646 1791 suo
666 1762 863 1799 designandae
884 1772 934 1801 pro
952 1763 1029 1792 illius
1046 1763 1218 1792 residentia:

479 1820 652 1850 semperque
686 1811 867 1849 procuratori
896 1811 1024 1849 generali
1048 1821 1117 1840 suae
1140 1812 1222 1841 sami-

478 1859 545 1895 liae,
570 1860 704 1898 quamvis
726 1859 763 1888 sit
793 1859 926 1896 Ordinis,
956 1860 1104 1889 licentiam
1130 1861 1222 1889 mani-

480 1909 564 1938 festet
587 1913 614 1937 et
637 1918 753 1937 causam
779 1909 841 1938 viae
864 1918 933 1938 suae
949 1909 1092 1945 declaret3
1118 1910 1220 1948 illique

481 1960 628 1996 tamquam
645 1957 802 1995 superiori,
821 1957 866 1986 cui
890 1958 917 1986 in
943 1957 1079 1987 omuibus
1101 1957 1221 1987 obedire

481 2006 640 2042 tenebitur,
667 2006 817 2035 humiliter
835 2011 934 2044 pareat
952 2007 1044 2044 quoad
1069 2007 1220 2045 negotium

481 2059 509 2084 et
533 2064 650 2084 causam
665 2064 734 2083 suae
752 2055 826 2084 viae.
852 2054 931 2090 Quod
949 2055 973 2084 si
990 2055 1097 2095 aliquis
1113 2056 1222 2095 absque

481 2102 584 2132 debita
615 2103 735 2132 licentia
768 2103 838 2132 illuc
869 2104 1014 2142 profectus
1046 2104 1153 2140 suerit,
1179 2105 1222 2134 vel

482 2153 591 2182 llomae
614 2152 739 2181 existere
756 2156 890 2189 conetur,
909 2157 1008 2181 contra
1033 2158 1221 2192 praeceptum

483 2200 642 2240 superioris
685 2200 831 2238 generalis
863 2200 991 2230 familiae
1024 2210 1112 2238 suae,
1147 2202 1223 2231 idem

482 2254 654 2290 procurator
670 2249 816 2286 generalis
838 2250 967 2278 remittat
989 2249 1072 2279 illurn
1091 2249 1119 2278 in
1140 2259 1222 2279 suam

483 2299 622 2328 familiam
656 2297 689 2326 ad
723 2306 808 2326 suum
838 2297 1019 2336 superiorem
1057 2298 1222 2336 generalem

482 2348 527 2377 vel
551 2346 760 2387 provincialem
794 2346 961 2385 provinciae
983 2346 1080 2383 illius,
1104 2347 1162 2376 nisi
1185 2352 1224 2377 at-

483 2397 571 2427 tentis
593 2395 822 2425 circumstantiis
850 2395 982 2424 videatur
1012 2400 1132 2434 propter
1163 2397 1225 2426 cul-

484 2455 534 2485 pas
557 2454 623 2475 eum
646 2444 674 2474 in
699 2453 817 2474 carcere
840 2444 1002 2481 coniicere,
1027 2444 1069 2474 vel
1101 2444 1158 2474 alio
1180 2454 1223 2474 re-

484 2494 581 2524 medio
603 2494 656 2524 uti.

524 2553 561 2573 xc
585 2543 672 2573 Pater
695 2547 868 2582 procurator
890 2543 1035 2581 generalis
1064 2543 1225 2582 Hispaniae

485 2593 522 2623 sit
545 2593 626 2623 valde
650 2593 772 2631 vigilans
788 2592 817 2622 in
835 2593 1021 2632 expeditione
1037 2593 1223 2631 negociorum

485 2641 541 2672 sibi
564 2651 577 2672 a
602 2642 738 2683 praelatis
760 2641 995 2679 commissorum,
1013 2650 1086 2682 quae
1108 2641 1224 2681 quidem

1251 351 1397 372 consensu
1423 342 1512 382 patris
1535 343 1722 382 provincialis
1745 344 1921 384 proviucIae,
1941 353 1991 374 cu-

1251 390 1296 420 ius
1320 392 1473 430 negocium
1498 392 1596 427 suerit,
1621 402 1773 432 nunqnam
1795 393 1991 423 saecularium

1252 441 1385 478 negocia,
1410 441 1454 470 vel
1472 442 1589 480 propria
1606 442 1781 481 personalia,
1799 442 1844 472 vel
1867 442 1990 472 alicuius

1253 489 1439 528 particularis
1475 490 1605 528 religiosi
1640 494 1730 529 gerat.
1754 490 1846 530 Super
1868 490 1992 521 difficul-

1254 537 1362 568 tatibus
1386 543 1493 575 autem‚
1518 548 1592 577 quae
1614 539 1643 568 in
1667 539 1840 569 executione
1863 539 1907 568 sui
1929 539 1992 569 offi-

1254 586 1290 616 cii
1313 587 1513 624 occurrerint,
1538 587 1669 617 consulat
1692 597 1776 617 suum
1810 587 1992 627 superiorem

1254 635 1431 673 generalem.

1294 693 1343 714 xu.
1367 684 1398 713 In
1422 684 1558 714 omnibus
1591 685 1787 715 conventibus
1814 690 1842 715 et
1864 685 1994 724 collegiis

1254 732 1524 772 indispensabiliter
1546 733 1670 770 eligatur
1690 739 1861 773 procurator
1878 734 1913 764 ad
1930 735 1995 765 lites

1255 786 1283 811 et
1322 782 1439 819 negocia
1473 782 1714 819 communitatis,
1748 787 1776 812 et
1808 782 1857 813 ubi
1886 783 1996 814 suerint

1257 830 1421 868 facultates,
1445 840 1495 860 seu
1519 830 1605 867 bona,
1629 831 1689 861 sive
1712 831 1844 861 culturae
1867 831 1896 861 in
1913 841 1994 870 agro,

1257 880 1479 909 administrator
1501 880 1637 910 similiter
1659 880 1726 918 eligi
1749 880 1844 910 debet.
1862 881 1900 911 Hi
1917 881 1996 911 enim

1257 929 1464 958 conventuales
1488 934 1692 968 procuratores
1723 930 1869 968 eligantur
1891 939 1905 959 a
1929 939 1998 960 con-

1259 977 1396 1007 ventibus
1412 981 1440 1007 et
1463 977 1606 1016 collegiis,
1624 978 1756 1008 consulto
1773 983 1800 1008 et
1815 978 1997 1018 approbante

1259 1030 1340 1064 patre
1364 1026 1549 1065 provinciali,
1573 1027 1623 1065 qui
1647 1027 1741 1056 solum
1765 1027 1926 1067 approbare
1948 1027 1998 1057 de-

1259 1073 1326 1111 bet,
1352 1074 1440 1103 immo
1473 1079 1501 1104 et
1533 1079 1627 1113 potest
1650 1075 1802 1114 religiosos
1830 1076 1997 1115 modestos,

1260 1123 1417 1161 prudentes
1447 1127 1475 1153 et
1498 1123 1610 1153 habiles
1633 1124 1666 1154 ad
1691 1125 1840 1154 tractanda
1864 1125 1997 1164 negocia,

1260 1171 1457 1210 reprobando,
1480 1172 1503 1201 si
1527 1172 1575 1211 qui
1600 1177 1800 1211 proponantur
1822 1173 1877 1212 illi,
1911 1173 2000 1203 auda-

1259 1230 1318 1257 ces,
1342 1221 1486 1259 garrulos,
1510 1226 1537 1251 et
1559 1231 1608 1251 eos
1630 1222 1679 1261 qui
1712 1222 1806 1252 solum
1830 1222 1998 1262 praebendo

1260 1270 1373 1299 vultum
1396 1270 1515 1307 negocia
1540 1280 1684 1310 exponere
1710 1271 1820 1301 volunt.

1299 1329 1359 1349 xin.
1395 1319 1530 1349 Officium
1565 1321 1762 1359 procuratoris
1798 1320 2000 1350 conventualis

1260 1368 1374 1407 expirat
1397 1372 1543 1398 transacto
1567 1378 1666 1399 mense
1695 1369 1808 1408 integro
1831 1374 1895 1409 post
1917 1378 2000 1399 acce-

1262 1422 1339 1456 ptam
1363 1428 1377 1447 a
1403 1418 1535 1448 ministro
1558 1419 1652 1449 denuo
1675 1419 1765 1449 electo
1789 1419 2001 1459 possessionem

1262 1467 1342 1496 illius
1365 1471 1525 1496 conventus
1558 1467 1602 1497 vel
1635 1468 1750 1506 collegii
1774 1467 1850 1507 quod
1885 1467 2004 1497 manda-

1263 1520 1322 1545 tum
1348 1516 1549 1555 procuratoris
1572 1516 1661 1546 dedit.
1697 1517 1727 1546 si
1752 1526 1819 1546 vero
1843 1516 1917 1556 patri
1940 1525 2003 1556 pro-

1264 1565 1381 1594 vinciali
1404 1570 1432 1594 et
1453 1566 1657 1595 communitati
1680 1566 1774 1596 visum
1797 1565 1897 1604 suerit,
1918 1569 1999 1605 pote-

1263 1614 1300 1642 rit
1323 1614 1423 1651 reeligi
1453 1623 1517 1643 cum
1546 1614 1666 1644 licentia
1695 1615 1740 1644 sui
1770 1614 1932 1644 definitorii
1953 1623 2002 1652 ge-

1263 1662 1382 1690 neralis.
1406 1660 1485 1696 Quod
1504 1662 1634 1701 quidem,
1652 1667 1807 1702 antequam
1831 1663 1911 1692 illam
1934 1672 2002 1693 con-

1264 1711 1367 1748 cedat,
1391 1711 1523 1739 notitiam
1556 1716 1639 1741 curet
1663 1711 1769 1741 habere
1800 1712 1836 1741 de
1870 1704 2013 1742 moribus*

1264 1759 1334 1789 dicti
1365 1760 1563 1798 procuratoris
1590 1764 1619 1789 et
1648 1760 1683 1789 de
1706 1760 1858 1790 sedulitate
1880 1761 1909 1790 in
1933 1770 2001 1791 exe-

1264 1809 1380 1838 cutione
1415 1809 1459 1838 sui
1492 1809 1592 1838 osticii.
1623 1809 1726 1839 Totum
1760 1814 1855 1839 autem
1888 1810 1917 1839 in
1950 1810 2005 1840 hac

1264 1859 1475 1888 constitutione
1497 1867 1669 1897 expressum
1688 1858 1781 1897 quoad
1799 1863 2002 1897 procuratores

1265 1907 1485 1943 conventuales,
1511 1916 1630 1945 prorsus
1645 1912 1673 1936 et
1688 1907 1717 1936 in
1730 1907 1865 1937 omnibus
1880 1907 2006 1946 intelligi

1266 1956 1399 1985 volumus
1422 1955 1456 1985 de
1479 1955 1767 1985 administratoribus
1800 1965 2008 1995 quarumcum-

1266 2015 1321 2044 que
1344 2006 1514 2035 facultatum
1537 2014 1587 2035 seu
1603 2005 1746 2035 bonorum
1763 2005 1918 2035 cuiuslibet
1936 2015 2005 2035 con-

1267 2059 1369 2084 ventus
1393 2055 1435 2084 vel
1458 2054 1584 2092 collegii.
1610 2054 1648 2083 Hi
1671 2058 1768 2084 autem
1793 2064 1849 2084 non
1875 2054 2006 2094 praecise

1266 2103 1447 2141 sacerdotes,
1471 2104 1520 2133 scd
1554 2103 1658 2133 fratres
1690 2103 1756 2133 laici
1785 2107 1922 2142 poterunt
1957 2103 2006 2133 de-

1267 2153 1382 2182 stinari.
1412 2153 1600 2182 Provincialis
1628 2162 1696 2182 vero
1723 2161 1772 2182 eos
1806 2151 2007 2182 tantummodo

1266 2201 1419 2240 approbet,
1444 2201 1509 2240 qui,
1534 2201 1612 2231 iuxta
1635 2201 1711 2231 dicta
1735 2211 1801 2242 cap.
1819 2210 1896 2239 xxiv,
1920 2211 1951 2231 n.
1974 2210 2006 2238 n,

1268 2254 1330 2288 post
1353 2259 1421 2279 suae
1445 2250 1634 2288 professionis
1657 2250 1749 2280 officia
1773 2251 1841 2289 eligi
1873 2254 2005 2290 possunt.

1307 2308 1365 2329 xiv.
1391 2299 1596 2329 Procuratores
1620 2300 1826 2330 conventuales
1848 2299 1877 2329 in
1907 2299 2008 2329 civita-

1268 2347 1346 2377 tibus
1367 2358 1417 2378 scu
1441 2349 1565 2388 oppidis,
1589 2347 1637 2378 ubi
1660 2353 1727 2378 sunt
1750 2348 1940 2378 cancellariae
1961 2357 2007 2378 re-

1267 2397 1371 2436 giaque
1406 2397 1526 2427 consilia
1560 2406 1610 2427 seu
1642 2398 1823 2435 audientiae,
1853 2401 2009 2427 teneantur

1267 2446 1435 2485 suscipere,
1459 2456 1560 2484 gerere
1583 2451 1610 2476 et
1632 2447 1772 2486 expedire
1804 2447 1870 2476 lites
1902 2450 1930 2476 et
1957 2455 2009 2476 ne-

1267 2494 1348 2532 gocia
1371 2494 1490 2524 Ordinis
1512 2494 1547 2524 ad
1570 2495 1646 2524 dicta
1680 2495 1741 2524 sora
1775 2494 1853 2533 regia
1886 2503 2009 2524 concur-

1267 2543 1372 2572 rentia.
1396 2543 1430 2573 Et
1460 2548 1558 2582 patres
1582 2543 1708 2573 ministri
1743 2542 1912 2573 huiusmodi
1940 2551 2010 2572 con-

1269 2596 1370 2622 ventus
1388 2601 1445 2621 non
1462 2595 1606 2631 occupent
1624 2601 1691 2621 suos
1714 2595 1918 2631 procuratores
1933 2590 2008 2620 itaut

1267 2641 1413 2680 praedicta
1429 2640 1545 2671 Ordinis
1567 2640 1686 2680 negocia
1702 2649 1787 2679 agere
1803 2649 1861 2671 non
1877 2639 2002 2670 valeant.

2194 74 2200 83 a

2197 87 2200 102 t

2197 175 2201 189 t

1993 246 2046 275 An.
2061 247 2090 276 c.
2109 249 2171 284 17oe
2197 235 2202 289 ᾗ
2223 254 2232 280 :
