2912 4368
134 187 200 221 An.
225 185 261 221 C.
289 184 381 220 1735
443 173 497 215 36

390 247 797 291 iurisdictionalibus
846 243 1087 301 praeposita
1138 243 1263 286 etiam
1297 244 1368 285 ite-

389 318 490 360 ratis
539 317 701 360 vicibus
750 314 982 365 emanatiS‚
1035 313 1365 370 haudquaquam

389 388 706 431 obsistentibus.

174 475 372 509 narrant-‚00³
448 459 465 515 g
501 458 570 499 «15.
609 456 806 499 Ceterum
843 468 949 511 qnae
985 454 1232 497 memoratis
1273 467 1366 497 eon·

131 510 680 577 [3.¹3.¹-!;‘¹¹'.'x²'1v‘³‘3{stitutionitms
726 523 921 577 Gregorii
964 523 1048 565 xit*
1093 530 1134 566 et
1177 523 1362 566 Benedi-

130 578 440 640 31⁵,l‘.'s;‚¹.¹22.¹‚¹0.{=¹2!{cu
468 596 550 638 Xlll
578 594 976 651 praedecessorum,
998 594 1039 635 in
1066 594 1230 636 cunctis
1257 593 1366 636 cliri-

129 653 511 717 {l†1]¹¹iit‚'2u„{f¹'¹'suani
548 664 662 706 orbis
697 663 890 719 partibus
925 663 1038 706 iuxta
1072 677 1218 706 earum
1249 671 1365 706 teno-

385 750 471 779 rem
507 733 573 777 ac¹
606 735 935 791 dispositionem
972 734 1276 778 iuviolabiliter
1300 748 1364 777 re-

385 806 571 849 tinendis
607 818 655 848 ac
693 804 1017 852 custodiendis,
1064 818 1142 862 per
1189 805 1361 848 modum

384 876 647 919 extensionis
697 883 738 919 et
786 875 1073 932 ampliationis
1125 874 1362 918 adiicienda

382 947 596 1000 duximus,
632 960 842 1003 nusquam
878 947 928 989 ad
958 953 1121 989 ceteras
1148 946 1361 1002 regiones,

382 1024 550 1074 utpote,
586 1017 695 1059 sicut
728 1017 770 1059 in
807 1017 986 1059 Domino
1021 1016 1258 1071 gaudentes
1294 1030 1362 1059 ac-

381 1088 596 1144 cepimus,
634 1100 717 1130 non
752 1087 856 1130 adeo
890 1086 1145 1143 multiplicia
1170 1100 1362 1141 grassan-

383 1165 449 1199 tur
494 1157 755 1210 homicidia,
806 1170 948 1213 neque
992 1158 1106 1200 ultra
1157 1157 1360 1200 ditionem

382 1227 714 1271 ecclesiasticam
766 1228 1003 1284 praefatam
1053 1227 1286 1271 extendere
1322 1235 1362 1270 et

381 1297 587 1353 ampliare
622 1296 898 1341 intendimus.

177 1380 365 1418 mesanum
438 1368 456 1424 ξ
490 1367 561 1410 «to.
596 1367 902 1421 Decernentes,
939 1368 1109 1411 easdem
1134 1374 1359 1425 prasentes

126 1416 277 1476 {1553{‘¹‘'2¹2¹¹
300 1416 543 1480 {iiillitteras
579 1443 620 1480 et
652 1437 695 1479 in
731 1437 791 1481 eis
825 1444 1028 1481 contenta
1061 1452 1361 1496 quaecumque

127 1491 233 1519 '‘uum''
382 1522 551 1566 semper
584 1523 632 1552 ac
665 1516 877 1566 perpetuo
927 1509 1046 1552 tirma
1087 1546 1095 1561 ,
1132 1510 1271 1553 valida
1320 1516 1359 1553 et

383 1579 568 1621 efficacia
601 1579 783 1622 existere
827 1586 868 1622 et
904 1579 1012 1628 sore.
1053 1593 1238 1636 suosque
1273 1582 1355 1637 ple-

382 1649 521 1692 narios
554 1657 595 1692 et
638 1650 826 1706 integros
865 1649 1040 1693 eil'ectus
1059 1651 1201 1694 sortiri
1223 1658 1264 1694 et
1285 1651 1360 1694 ob-

385 1719 519 1762 tinere
571 1727 650 1762 tam
702 1720 744 1763 in
794 1719 905 1763 Urbe
948 1734 1074 1777 quam
1108 1720 1151 1763 in
1186 1722 1362 1779 reliquis

383 1787 582 1830 omnibus
616 1786 893 1838 civitatibus,
928 1787 1054 1830 terris
1088 1794 1129 1831 et
1161 1789 1264 1831 locis
1288 1803 1363 1833 no-

383 1856 448 1898 bis
479 1870 526 1898 ae
559 1856 600 1898 S.
635 1856 682 1898 R.
715 1856 756 1898 E.
783 1856 972 1900 mediate
1008 1859 1074 1901 vel
1118 1858 1362 1902 immediate

383 1922 614 1974 subiectis,
649 1923 975 1979 comprehensis
1010 1924 1135 1966 etiam
1184 1932 1364 1981 quatuor

383 1991 699 2046 Legationibus‚
738 2006 786 2035 ac
820 1992 924 2048 ipsis
960 1993 1239 2047 Bononiensi,
1268 1995 1363 2038 Fer-

382 2062 591 2116 rariensi,
640 2076 687 2105 ae
736 2063 1037 2107 Beneventana
1088 2064 1360 2119 civitatibus,

383 2132 564 2190 aliisque
601 2133 727 2176 etiam
761 2133 992 2190 specialem
1029 2141 1070 2177 et
1103 2134 1362 2179 individuam

383 2204 705 2260 requirentibus
741 2205 971 2261 praefatis,
1007 2219 1054 2249 ac
1101 2207 1363 2262 generaliter

383 2272 426 2315 in
461 2273 800 2331 quibuscumque
836 2275 964 2318 curiis
991 2283 1078 2318 tum
1113 2277 1363 2321 ecclesiasti·

384 2345 441 2386 eis
492 2351 580 2387 tum
628 2345 947 2402 saecularibus,
983 2347 1110 2390 etiam
1155 2347 1363 2392 baronali-

383 2414 463 2457 bus
497 2415 734 2471 respective
761 2450 770 2469 ,
803 2417 933 2460 nullis
969 2417 1159 2475 exceptis
1183 2454 1192 2472 ,
1235 2426 1362 2477 atque

385 2486 434 2528 ab
470 2487 666 2530 omnibus
701 2495 743 2531 et
775 2488 970 2545 singulis,
994 2491 1044 2533 ad
1070 2505 1176 2548 quos
1199 2499 1365 2548 spectat

385 2564 424 2599 et
458 2570 535 2613 pro
571 2565 761 2616 tempore
796 2560 1155 2617 quandocumque
1199 2569 1365 2619 specta-

384 2626 458 2682 bit,
492 2628 740 2684 plenissime
783 2629 1017 2683 observari,
1038 2630 1183 2688 sicque
1214 2639 1255 2675 et
1277 2647 1365 2677 non

385 2697 509 2742 aliter
556 2699 598 2741 in
645 2700 891 2756 praemissis
943 2715 1022 2759 per
1074 2716 1366 2761 quoscumque

385 2768 545 2811 iudices
580 2770 820 2814 ordinarios
856 2778 897 2814 et
941 2771 1199 2828 delegatos,
1244 2774 1367 2817 etiam

387 2851 609 2881 causarum
643 2839 789 2896 palatii
813 2840 1035 2897 apostolici
1065 2842 1295 2897 auditores,
1320 2857 1369 2887 ae

387 2909 521 2965 ipsius
544 2908 585 2953 S.
605 2909 653 2952 R.
672 2910 717 2953 E.
742 2911 979 2955 cardinales
1006 2912 1131 2955 etiam
1157 2913 1207 2957 de
1237 2915 1369 2958 latere

386 2981 576 3036 legatos,
623 2987 663 3024 et
705 2981 1043 3040 eorumdemque
1091 2984 1368 3029 cardinalium

388 3048 779 3107 Congregafiones,
815 3052 971 3096 aliosve
1008 3054 1225 3110 quoslibet
1268 3070 1369 3112 qna-

390 3135 572 3178 cumque
607 3123 950 3180 praeeminentia
972 3130 1014 3166 et
1036 3132 1247 3180 potestate
1283 3127 1371 3169 sun-

391 3199 540 3247 gentes
576 3201 618 3236 et
652 3194 897 3248 iuncturos,
936 3194 1101 3238 sublata
1134 3196 1193 3239 eis
1228 3203 1269 3239 et
1302 3211 1372 3240 eo-

388 3277 482 3305 rum
519 3263 691 3307 cuilibet
725 3265 870 3322 quavis
903 3264 1026 3308 aliter
1059 3264 1276 3310 iudicandi
1330 3275 1370 3310 et

439 3348 451 3382 1
484 3345 569 3384 itate
595 3346 680 3385 edit.
708 3346 812 3386 tttain.
837 3347 922 3395 legit
948 3348 998 3385 ad
1025 3351 1076 3395 (R.
1099 3349 1164 3395 Τ.).,

1167 177 1407 209 BULLARIUM
1437 175 1647 208 ROMANUM

1429 240 1741 297 interpretandi
1776 240 1973 282 facultate
2002 275 2010 291 ,
2039 239 2231 284 ⁴iudicari
2266 245 2307 284 et
2341 240 2413 283 de-

1427 310 1535 353 {iniri
1582 311 1766 362 debere,
1813 323 1860 353 ac
1906 310 2072 353 irritum
2117 318 2158 354 et
2204 311 2329 354 inane
2377 312 2409 354 si

1426 395 1546 423 secus
1580 395 1709 438 super
1744 380 1809 423 bis
1843 395 1864 422 a
1899 394 2137 436 quoquam,
2166 382 2311 439 quavis
2342 396 2413 425 au-

1425 451 1645 502 ctoritate,
1681 450 1862 493 scienter
1895 451 1957 493 vel
2004 450 2277 506 ignoranter,
2314 466 2412 496 con-

1428 520 1568 576 tigerit
1602 519 1816 562 attentari.

1484 592 1502 646 g
1534 591 1603 634 17.
1631 590 1722 633 Non
1745 590 2021 633 obstantibus
2046 593 2310 648 praemissis,
2336 594 2412 637 ali·
2489 623 2667 650 „mmmmm

1424 661 1548 717 isque
1597 661 1874 717 apostolicis,
1926 662 2048 703 acin
2092 657 2586 707 universalibus‘¹⁰‘0‘0'a‘t0-

1424 730 1849 787 provincialibusque
1899 737 1938 772 et.
1991 731 2266 788 synodalibus
2310 747 2410 777 con-

1423 800 1532 843 ciliis
1567 800 1704 852 editis,
1731 800 2004 856 generalibus
2034 802 2099 844 vel
2125 801 2405 858 specialibus,

1423 869 1801 913 constitutionibus
1834 877 1875 913 et
1909 871 2282 926 ordinationibus,
2313 886 2408 916 nec-

1423 955 1522 994 non,
1542 941 1667 984 etiam
1691 941 1942 994 iuramento,
1963 941 2287 986 confirmatione
2314 958 2409 1001 apo·

1422 1012 1582 1064 stolica,
1618 1013 1680 1055 vel
1715 1013 1864 1069 quavis
1899 1013 2095 1057 firmitate
2122 1014 2202 1057 alia
2231 1015 2409 1058 robora-

1424 1082 1488 1134 tis,
1513 1083 1712 1135 statutis,
1746 1083 1895 1126 usibus
1928 1090 1968 1127 et
2005 1084 2404 1138 consuetudinibus,

1423 1152 1550 1194 etiam
1576 1152 2005 1207 immemorabilibus,
2033 1167 2079 1197 ac
2104 1168 2408 1211 quorumcum-

1423 1236 1505 1278 que
1542 1223 1925 1278 praedecessorum
1958 1232 2205 1268 nostrorum
2240 1225 2405 1277 litteris,

1423 1291 1669 1349 privilegiis,
1706 1293 1883 1337 indultis
1917 1301 1957 1337 et
1992 1294 2279 1347 facultatibus,
2317 1295 2408 1352 qui-

1421 1361 1574 1416 busvis,
1611 1364 1739 1407 etiam
1774 1364 1900 1408 dictis
1924 1365 2215 1409 cardinalibus
2238 1379 2410 1409 eorum-

1423 1445 1505 1489 que
1545 1432 1988 1491 Congregationibus,
2023 1436 2103 1479 sub
2136 1436 2409 1494 quibuscum-

1423 1516 1504 1559 que
1539 1505 1765 1548 verborum
1803 1506 2026 1549 tenoribus
2062 1514 2103 1550 et
2137 1507 2285 1550 Formis
2313 1543 2322 1559 ,
2359 1521 2406 1550 ac

1423 1586 1517 1616 cum
1563 1574 1827 1630 quibuslibet,
1868 1576 1995 1619 etiam
2043 1576 2408 1632 derogatoriarum

1423 1642 1718 1700 derogatoriis,
1755 1644 1935 1702 aliisque
1965 1646 2290 1701 efficacioribus,
2323 1647 2410 1690 effi-

1424 1713 1657 1758 cacissimis
1702 1723 1741 1758 et
1779 1715 1967 1760 insolitis
2011 1718 2231 1769 clausulis,
2276 1731 2322 1760 ac
2354 1718 2409 1760 ir-

1423 1785 1653 1829 ritantibus
1687 1794 1727 1830 et
1760 1787 1854 1830 aliis
1890 1788 2088 1840 decretis,
2116 1788 2241 1832 etiam
2278 1796 2408 1843 motu,

1423 1856 1599 1900 scientia
1633 1864 1674 1900 et
1707 1858 1927 1914 potestatis
1961 1858 2231 1915 plenitudine
2259 1859 2409 1903 simili-

1422 1926 1535 1978 bus,
1572 1926 1700 1969 etiam
1749 1928 2138 1981 concistorialiter,
2186 1930 2250 1972 vel
2301 1930 2406 1974 alias

1423 1996 1747 2053 quomodolibet
1774 1997 1814 2040 in
1851 1998 2114 2041 contrarium
2148 2000 2408 2056 praemisso-

1424 2079 1517 2109 rum
1545 2067 1784 2110 conccessis
1808 2103 1817 2119 ,
1854 2067 2116 2111 confirmatis
2154 2075 2195 2111 et
2236 2069 2409 2113 innova-

1425 2135 1505 2189 tis;
1542 2136 1698 2192 quibus
1723 2137 1921 2180 omnibus
1955 2144 1994 2180 et
2014 2137 2208 2194 singulis,
2239 2139 2407 2182 etiamsi

1423 2219 1500 2262 pro
1544 2206 1716 2249 illorum
1761 2207 1990 2250 sufficienti
2035 2208 2313 2265 derogatione
2356 2209 2407 2252 de

1424 2276 1507 2319 illis
1541 2290 1779 2334 eorumque
1808 2278 1906 2321 totis
1941 2279 2162 2322 tenoribus
2195 2279 2406 2336 specialiS,

1424 2346 1644 2404 specifica,
1678 2361 1877 2404 expressa
1911 2357 1950 2392 et
1982 2348 2231 2402 individua,
2266 2363 2314 2393 ae
2358 2350 2408 2393 de

1423 2419 1552 2462 verbo
1586 2420 1636 2462 ad
1671 2421 1862 2472 verbum,
1898 2433 1984 2463 non
2019 2427 2159 2464 autem
2193 2434 2268 2478 per
2301 2422 2409 2465 clau-

1425 2490 1537 2533 sulas
1565 2491 1785 2546 generales
1819 2490 1931 2533 idem
1966 2490 2264 2548 importantes,
2298 2505 2412 2535 men-

1426 2560 1485 2603 tio
1520 2574 1595 2604 seu
1631 2561 1804 2618 quaevis
1832 2561 1911 2605 alia
1938 2563 2156 2619 expressio
2191 2563 2407 2617 habenda,

1426 2638 1497 2675 aut
1529 2632 1672 2689 aliqua
1704 2632 1785 2676 alia
1826 2633 2033 2690 exquisita
2075 2634 2213 2678 forma
2246 2635 2298 2678 ad
2327 2635 2411 2678 hoc

1427 2703 1631 2747 servanda
1663 2703 1797 2758 foret,
1842 2711 2010 2748 tenores
2055 2704 2326 2758 huiusmodi,
2363 2718 2411 2749 ac

1428 2774 1461 2818 si
1496 2775 1547 2818 de
1580 2775 1710 2818 verbo
1744 2776 1795 2818 ad
1828 2775 2036 2829 verbum,
2081 2775 2190 2820 nihil
2235 2776 2409 2833 penitus

1429 2845 1587 2889 omisso
1623 2852 1664 2889 et
1697 2845 1832 2890 forma
1865 2845 1908 2889 in
1948 2846 2032 2890 illis
2077 2845 2231 2890 tradita
2271 2847 2412 2891 obser-

1428 2919 1535 2970 vata,
1554 2917 1897 2974 exprimerentur
1917 2923 1958 2960 et
1977 2916 2280 2974 insererentur,
2295 2931 2413 2975 prae·

1429 2988 1619 3031 sentibus
1667 3001 1745 3044 pro
1789 2989 1914 3045 plene
1957 2994 1997 3031 et
2042 2988 2301 3032 sufficienter
2342 3001 2411 3032 ex-

1429 3058 1584 3114 pressis
1631 3059 1866 3112 habentes,
1901 3059 1987 3102 illis
2022 3058 2127 3102 alias
2160 3060 2203 3102 in
2237 3073 2314 3103 suo
2347 3073 2413 3103 ro-

1430 3128 1532 3171 bore
1566 3129 1872 3185 permansuris,
1910 3129 1963 3172 ad
1997 3129 2332 3186 praemissorum
2357 3129 2412 3173 es-

1430 3198 1598 3253 sectum,
1624 3200 1704 3243 hac
1730 3200 1820 3244 vice
1849 3200 2076 3254 dumtaxat,
2101 3200 2344 3258 specialiter
2371 3206 2412 3243 et

1428 3282 1626 3325 expresse
1658 3270 1943 3327 derogamus;
1981 3270 2217 3328 ceterisque
2250 3277 2413 3314 contra-

1428 3338 1501 3385 riis
1536 3340 1887 3399 quibuscumque.

2420 175 2487 210 An.
2509 175 2548 211 G.
2578 176 2668 214 1735
2711 195 2713 198 ·
