2232 3178
459 244 522 279 684
1001 250 1178 276 nummum
1202 249 1354 275 nomnium

1162 356 1187 390 G

414 464 531 507 Gaspar
561 463 590 496 S.
617 463 651 495 R.
680 462 714 495 E.
742 461 908 505 presbyter
940 461 1109 494 cardinalis
1144 461 1182 493 de
1218 461 1371 505 Carpineo
1405 466 1603 506 nuncupatus
1638 463 1729 497 Urbis
1765 463 1900 497 vicarius
1924 475 1942 497 a

501 516 658 548 Clemente
683 515 740 547 PP.
771 515 793 547 X
819 514 893 547 olim
919 514 1118 554 constitutus,
1143 514 1184 547 99
1209 514 1236 547 b.

413 569 532 602 Gracci.
556 587 600 590 -
623 566 733 600 Gracci
759 566 960 605 schismatici,
986 566 1164 600 subornatis
1188 567 1277 600 aulae
1301 567 1450 600 Tui-cicae
1470 567 1629 610 ministris,
1655 574 1761 602 sancta
1784 569 1851 602 loca
1872 569 1942 602 Ilie-

501 620 723 663 rosolymitana
748 619 785 651 dc
811 629 904 651 manu
929 619 1061 651 fratrum
1086 619 1114 652 S.
1140 619 1296 652 Francisci
1321 620 1359 653 dc
1383 620 1586 653 Observantia
1612 632 1736 654 summo
1759 622 1942 655 Latinorum

502 672 655 705 dedecore
680 676 891 715 usurparunt,
917 671 953 703 iis
984 672 1154 715 praecipue
1185 672 1332 705 subsidiis
1357 683 1436 716 quae
1467 683 1503 705 ex
1533 673 1782 707 christifidelium
1807 675 1943 708 eleemo-

502 725 585 769 synis
611 725 703 757 iidem
724 724 833 758 Graeci
861 729 1085 768 perceperunt,
1111 724 1169 757 181
1195 725 1228 765 ὃς
1257 726 1510 769 quaestuationes
1535 726 1578 758 eis
1605 726 1802 767 interdictae,
1824 727 1887 760 18⁶2
1907 739 1942 767 (ι;

503 778 607 820 legati,
624 777 730 809 nuncii
755 777 918 820 apostolici
940 783 969 809 et
998 777 1112 819 singuli
1137 778 1341 811 ecclesiarum
1367 779 1497 822 praelati
1526 779 1645 811 litteras
1669 781 1943 822 quaestuationum

499 840 561 863 non
579 831 682 863 solum
700 830 744 862 eis
761 830 919 870 adimere,
937 830 991 862 sed
1014 830 1107 863 etiam
1126 831 1282 874 quaesitas
1299 832 1447 875 pecunias
1464 832 1595 872 debent,
1614 831 1676 865 183
1694 843 1729 872 ας
1750 832 1942 866 Graecorum

500 894 621 916 merces
653 883 779 926 quando
811 883 895 916 licite
928 883 1072 926 praedari
1098 884 1218 927 possint
1243 894 1300 928 per
1326 895 1419 918 naves
1445 886 1585 929 equitum
1611 885 1735 918 Ordinis
1760 886 1791 919 S.
1821 886 1944 920 loannis

502 935 787 979 Hierosolymitani,
815 935 880 968 390
904 947 934 969 cc.

412 989 522 1022 Graeci
554 989 732 1030 Melchitae,
759 988 812 1032 qui
838 999 854 1021 e
879 989 1048 1022 Phoenicia
1084 989 1148 1021 sive
1185 989 1271 1033 Syria
1307 990 1439 1024 Romam
1475 992 1685 1034 appulerunt,
1711 991 1774 1024 579
1807 993 1841 1032 b,
1870 992 1944 1036 ipsis

501 1042 643 1075 Clemens
669 1042 723 1074 XII
749 1042 906 1074 concessit
930 1043 1097 1075 ecclesiam
1123 1042 1152 1075 S.
1178 1043 1293 1075 Mariae
1318 1044 1347 1075 in
1369 1044 1531 1083 Domnica‚
1548 1044 1644 1086 yulgo
1663 1044 1748 1078 della
1765 1045 1944 1087 Ναυίεείία,

498 1094 590 1134 ibict.;
616 1095 741 1137 regulas
767 1094 825 1126 sibi
859 1099 1037 1128 statuerunt
1066 1106 1146 1138 quae
1178 1096 1371 1137 referuntur,
1399 1096 1462 1130 580
1487 1108 1506 1130 α
1525 1103 1554 1129 et
1574 1107 1647 1141 seq.;
1673 1108 1750 1140 quas
1775 1098 1945 1132 confirmat

501 1147 657 1187 Pontifex,
683 1146 741 1180 581
769 1148 801 1185 ὸς
827 1148 899 1181 vz'cle
922 1148 1064 1181 Monachi
1090 1149 1200 1181 Graeci
1226 1149 1398 1182 Melchitae.

412 1201 573 1243 Guadagni
609 1201 738 1233 Ioannes
771 1201 924 1234 Antonius
962 1202 1042 1234 tituli
1076 1201 1122 1234 Ss.
1151 1202 1291 1235 Silvestri
1328 1208 1358 1235 et
1390 1203 1512 1235 Martini
1539 1203 1568 1235 in
1593 1203 1751 1237 Montibus
1776 1204 1944 1238 cardinalis

499 1259 709 1297 nuncupatus,
730 1254 898 1287 Clementis
923 1255 976 1287 Xll
1001 1254 1175 1288 secundum
1202 1265 1329 1287 carnem
1356 1265 1391 1288 ex
1417 1266 1529 1289 sorore
1554 1259 1704 1299 germana
1727 1267 1836 1301 nepos,
1861 1258 1944 1291 eius-

499 1306 634 1351 demque
659 1307 793 1340 vicarius
819 1307 850 1340 in
875 1307 1094 1351 spiritualibus
1118 1308 1287 1350 generalis,
1312 1307 1354 1341 93
1379 1309 1395 1341 b
1421 1315 1450 1342 et
1474 1320 1535 1353 seq.

1162 1458 1188 1492 H

412 1572 585 1608 Haereticis
619 1573 778 1607 honorum
811 1573 1097 1607 ecclesiasticorum
1122 1573 1373 1617 possessoribus,
1398 1574 1451 1618 qui
1477 1574 1514 1607 ad
1547 1574 1638 1607 fidem
1664 1574 1848 1609 catholicam
1874 1586 1946 1610 con-

502 1632 677 1667 vertuntur,
703 1627 784 1661 bona
809 1628 876 1671 ipsa
901 1628 1131 1669 condonantur,
1156 1626 1197 1660 59
1223 1638 1242 1660 cc
1269 1633 1298 1660 et
1323 1639 1381 1671 seq.

412 1680 696 1725 Hierosolymitana
719 1686 824 1714 sancta
849 1681 917 1714 loca
942 1681 1093 1714 hactenus
1110 1680 1375 1714 administrationi
1401 1685 1430 1714 et
1454 1681 1616 1715 custodiae
1636 1682 1768 1716 fratrum
1793 1683 1824 1717 S.
1844 1683 1944 1717 Fran-

502 1734 576 1767 cisci
601 1734 638 1767 de
662 1734 870 1768 Observantia
891 1745 909 1767 a
929 1736 1037 1768 sancta
1057 1734 1136 1767 Sede
1153 1735 1335 1778 Apostolica
1352 1735 1530 1775 commissa,
1548 1745 1565 1767 a
1582 1735 1707 1769 Graecis
1728 1735 1946 1778 schismaticis,

501 1788 681 1821 subornatis
714 1788 803 1821 aulae
834 1787 985 1821 Turcicae
1021 1787 1191 1828 ministris,
1222 1798 1346 1820 summo
1383 1788 1564 1821 Latinorum
1601 1788 1756 1822 dedecore
1796 1794 1946 1833 usurpata

502 1846 590 1882 sunt,
616 1839 676 1873 1811
706 1841 735 1874 b.

412 1893 715 1939 Hierosolymitanus
739 1893 823 1928 Ordo
848 1893 1010 1935 militaris,
1034 1895 1105 1928 vide
1128 1894 1265 1938 Equites.

413 1946 572 1991 Hippolyti
598 1947 654 1990 (S.)
679 1947 887 1990 Congregatio
912 1947 1086 1981 Charitatis.
1111 1966 1156 1972 —-
1179 1947 1355 1992 Presbyteri
1384 1948 1643 1991 Congregationis
1675 1948 1784 1988 huius,
1810 1949 1840 1981 in
1872 1949 1947 1982 civi-

500 2005 562 2032 tate
586 2000 743 2033 Mexicana
765 2001 897 2044 aliisque
920 2001 1080 2033 indiarum
1105 2000 1351 2034 Occidentalium
1375 2001 1517 2044 partibus
1538 2001 1715 2042 existentes,
1736 2001 1880 2035 obtinere
1896 2011 1946 2034 ne-

501 2057 619 2095 queunt
642 2053 674 2085 in
698 2053 851 2096 religione
875 2054 972 2086 ullam
997 2054 1209 2097 praelaturam
1224 2079 1231 2093 ,
1256 2052 1298 2085 86
1322 2064 1342 2086 cc
1367 2057 1397 2086 et
1420 2064 1481 2096 seq.

416 2104 573 2149 Hippolyti
598 2105 655 2148 (S.)
680 2106 830 2139 Mexicani
854 2106 937 2140 Ordo
962 2106 1174 2150 hospitalaris.
1194 2126 1237 2130 ——
1261 2106 1402 2150 Capitula
1426 2107 1593 2149 generalia,
1619 2117 1699 2150 quae
1726 2108 1810 2140 iuxta
1834 2112 1947 2142 statuta

501 2158 626 2191 Ordinis
650 2158 721 2201 cogi
745 2159 896 2193 deberent
920 2159 1052 2202 singulis
1078 2159 1230 2199 trienniis,
1255 2158 1293 2191 ad
1318 2160 1501 2192 sexennium
1527 2160 1699 2203 protrahit,
1719 2160 1761 2193 39
1786 2161 1802 2193 b
1827 2166 1857 2194 et
1881 2171 1943 2204 seq.

415 2210 636 2255 Hispaniarum
662 2222 716 2245 rex
741 2213 924 2253 catholicus,
948 2213 1019 2246 vide
1043 2212 1215 2255 Philippus.

417 2263 600 2298 Homicidae
624 2265 671 2297 vel
696 2264 770 2297 seris
795 2264 871 2308 ipsis
895 2265 1119 2307 animantibus,
1144 2269 1253 2308 utpote
1277 2264 1308 2296 in
1333 2275 1432 2308 genus
1456 2276 1546 2298 suum
1573 2266 1701 2300 minime
1726 2267 1946 2310 saevientibus,

501 2317 713 2359 crudeliores,
738 2317 780 2350 28
806 2318 850 2359 b.;
878 2318 1082 2351 confirmatae
1107 2321 1216 2352 contra
1234 2328 1286 2351 eos
1307 2319 1545 2352 constitutiones
1562 2320 1842 2363 praedecessorum
1867 2320 1948 2354 Pon-

503 2369 641 2411 tificum,
665 2370 707 2403 ⁶29
732 2381 769 2410 a3
795 2371 928 2412 occisor,
953 2372 978 2404 si
1003 2382 1096 2405 causa
1120 2371 1158 2404 sit
1183 2372 1285 2412 rixae,
1310 2372 1490 2415 puniendus
1513 2374 1616 2416 poena
1641 2373 1812 2414 ordinaria,
1837 2373 1879 2406 30
1904 2385 1942 2415 α;

502 2433 556 2456 sex
580 2423 731 2456 horarum
757 2424 890 2467 spatium
916 2424 1077 2457 sufficiens
1100 2424 1138 2456 ad
1163 2424 1382 2458 divertendum
1408 2426 1446 2458 ad
1470 2430 1557 2459 actus
1577 2431 1752 2467 extraneos,
1769 2425 1812 2460 30
1829 2438 1848 2460 α
1867 2432 1897 2460 et
1913 2427 1943 2467 b;

500 2486 590 2519 reus,
616 2476 682 2510 sive
707 2477 868 2510 confessus
892 2478 956 2510 sive
982 2477 1159 2520 convictus,
1184 2488 1304 2521 poenae
1325 2478 1504 2512 ordinariae
1528 2479 1696 2521 subiectus,
1721 2479 1764 2512 30
1788 2480 1822 2520 b;
1849 2479 1947 2513 homi-

504 2530 573 2562 cida
597 2531 683 2563 nulla
707 2541 744 2563 ex
769 2532 863 2564 causa
888 2530 1147 2572 rehabilitandus,
1172 2530 1231 2563 nisi
1256 2537 1327 2574 post
1353 2532 1491 2576 elapsum
1512 2532 1761 2576 quinquennium
1786 2543 1803 2565 a
1825 2537 1948 2576 patrato

502 2583 658 2624 facinore,
683 2582 720 2616 31
750 2584 782 2625 b3
809 2584 976 2627 privilegio
1000 2584 1059 2617 fori
1083 2594 1146 2617 non
1171 2584 1303 2627 gaudet,
1327 2584 1369 2617 :32
1394 2585 1429 2625 b3
1457 2595 1559 2629 neque
1583 2586 1780 2619 immunitate
1804 2586 1947 2620 ecclesia-

503 2636 590 2680 stica,
607 2637 632 2671 si
656 2637 884 2681 praemeditato
908 2638 1014 2672 animo
1030 2638 1150 2673 facinus
1167 2639 1380 2681 commiserit,
1397 2638 1439 2673 33
1459 2640 1493 2681 b3
1518 2640 1603 2684 leges
1627 2650 1736 2675 omnes
1761 2645 1870 2676 contra
1889 2641 1946 2675 ho-
