2232 3178
47 277 93 302 An.
108 272 138 300 C.
158 270 223 299 ¹738

866 267 1013 293 CLEMENS
1041 267 1087 292 ΧΠ
1111 267 1160 292 PP.

234 325 318 356 rum,
335 317 359 347 si
377 316 565 357 provincialis
587 317 718 355 deficiat,
742 317 787 347 vel
809 317 888 347 illius
913 317 975 347 offi-

234 365 309 396 cium
327 366 543 405 quomodolibet
560 372 651 405 vacet,
669 375 787 406 praeses
804 366 974 404 designatus

233 424 248 444 a
271 415 421 453 superiore
451 415 486 444 ad
519 415 690 445 electionem
725 415 886 454 superioris
909 424 974 453 pro-

233 463 348 494 vinciae
377 464 509 494 eamdem
543 469 713 504 potestatem
744 464 864 494 habebit
892 473 925 493 ac
951 463 974 492 si

233 516 309 542 esset
342 522 459 552 praeses
491 513 611 552 capituli
635 513 849 553 provincialis;
874 512 922 542 sed
945 513 973 541 in

233 571 300 592 casu
324 562 473 593 absentiae
497 564 685 602 provincialis
704 573 717 592 a
735 564 788 593 sua
812 562 972 602 provincia,

233 620 350 650 praeses
372 612 451 641 illius
473 612 529 642 erit
558 612 745 652 provincialis
778 610 972 645 antecedens,

233 665 262 690 et
277 659 301 689 si
324 660 482 700 impeditus
506 661 593 690 fuerit
610 661 668 698 hic,
686 659 884 690 definitorium
909 669 973 698 pro-

233 708 360 738 vinciale
375 733 382 745 ,
407 710 540 749 praeside
573 709 746 749 provinciali
778 709 863 748 ipso,
887 708 975 746 eligat

234 757 398 796 praesidem
416 758 582 797 provinciae
599 767 649 797 pro
666 763 797 797 tempore
814 757 973 793 absentiae;

233 805 284 835 sed
314 815 465 846 nunquam
499 807 587 845 eligat
620 806 762 837 actualem
792 806 973 836 definitorem

233 854 423 894 provinciae,
448 864 484 885 ne
516 855 703 885 definitorum
727 864 867 885 numerus
890 854 973 884 dimi-

231 907 352 934 nuatur.
375 904 493 934 Electus
509 913 578 934 vero
594 904 671 934 vices
687 903 886 943 provincialis,
903 913 974 943 quas

232 951 288 991 ipsi
312 953 502 990 commiserit,
526 952 685 984 exercebit.

272 1010 313 1031 111.
337 1001 458 1037 Quando
481 1003 587 1042 aliquis
610 1002 757 1042 praelatus
780 1002 912 1042 superior
928 1002 972 1031 de-

231 1051 376 1090 putaverit
399 1052 561 1091 praesidem
591 1052 715 1082 alicuius
740 1057 899 1082 conventus
923 1062 973 1082 seu

230 1099 358 1138 collegii,
381 1100 467 1131 duret
490 1101 552 1131 eius
573 1101 713 1139 officium,
731 1102 864 1140 quamvis
880 1111 975 1131 cessa-

231 1150 306 1180 verit
328 1150 458 1180 officium
482 1151 664 1190 delegantis,
689 1161 780 1191 usque
803 1151 838 1181 ad
862 1161 975 1191 posses-

231 1198 345 1228 sionem
369 1200 497 1230 ministri
516 1201 560 1230 vel
583 1201 650 1231 novi
673 1201 837 1240 praesidis3
854 1205 882 1231 et
898 1200 973 1230 idem

231 1246 415 1286 intelligatur
430 1249 464 1278 de
482 1249 592 1279 vicario
614 1248 675 1279 sive
698 1249 753 1279 alio
776 1249 909 1288 praeside
925 1249 973 1279 de-

232 1301 332 1336 putato
356 1307 408 1338 pro
438 1303 570 1338 tempore
604 1298 723 1338 capituli
753 1298 900 1337 generalis
923 1308 973 1328 seu

232 1346 423 1385 provincialis
452 1347 483 1378 in
516 1347 709 1378 conventibus
741 1356 792 1377 seu
821 1347 972 1386 collegiis,

232 1404 357 1435 quorum
391 1396 520 1427 ministri
553 1401 630 1427 sunt.
654 1396 710 1427 Sed
741 1397 834 1426 solum
858 1397 974 1436 quando

232 1443 368 1483 superior
389 1445 537 1484 generalis
554 1445 597 1476 vel
614 1445 814 1476 definitorium
836 1445 974 1484 generale

230 1492 430 1532 designaverit
453 1494 616 1534 praesidem
638 1498 800 1524 conventus
814 1517 821 1531 ‚
845 1493 972 1532 collegii,

231 1550 282 1572 seu
305 1551 397 1572 novae
420 1543 620 1581 fundationis,
646 1543 776 1573 eamdem
801 1546 973 1582 potestatem

232 1594 260 1620 et
283 1591 530 1630 praeeminentias
553 1591 656 1622 habeat
678 1601 807 1632 praeses,
831 1602 864 1622 ac
886 1592 910 1622 si
929 1601 974 1622 es-

231 1643 275 1670 set
299 1639 443 1670 minister.

271 1697 309 1719 1v.
333 1688 365 1719 In
388 1689 519 1719 absentia
541 1689 692 1728 ministri,
719 1699 836 1729 praeses
859 1698 974 1730 semper

232 1737 286 1768 erit
309 1738 445 1778 vicarius,
469 1743 497 1769 et
521 1739 549 1769 in
573 1739 657 1769 istius
681 1739 813 1777 defectu,
837 1740 974 1770 definitor

232 1788 422 1827 provincialis
438 1788 598 1828 antiquior,
614 1789 681 1819 etin
695 1788 826 1818 absentia
843 1789 973 1819 omnium

232 1836 418 1867 definitorum
443 1838 679 1877 provincialium,
701 1838 849 1878 antiquior
871 1839 974 1868 defini-

233 1889 279 1916 tor
301 1887 457 1925 generalis,
479 1891 507 1917 et
526 1887 589 1917 istis
606 1887 741 1917 omnibus
756 1888 972 1926 deficientibus,

232 1934 401 1975 redemptor
416 1936 610 1976 captivorum,
629 1946 661 1966 ac
679 1937 709 1966 in
725 1937 810 1966 istius
827 1936 972 1974 absentia,

233 1989 407 2024 procurator
430 1986 587 2024 generalis,
612 1990 639 2016 et
660 1986 716 2016 isto
738 1986 901 2023 deficiente,
918 1987 974 2017 nisi

232 2033 368 2064 minister
389 2034 469 2064 iusta
490 2034 524 2064 de
554 2035 643 2064 causa
675 2035 855 2065 sacerdotem
878 2035 974 2065 minus

233 2082 388 2122 antiquum
411 2083 595 2122 deputaverit
611 2106 618 2120 ,
641 2092 756 2123 semper
778 2083 834 2113 erit
857 2093 974 2124 praeses

233 2132 368 2162 sacerdos
400 2133 548 2172 antiquior
580 2132 610 2162 in
644 2133 842 2172 professione:
875 2133 974 2163 nullus

234 2185 331 2211 autem
355 2190 389 2210 ex
410 2182 544 2220 praefatis
561 2182 670 2221 aliquid
687 2182 815 2212 innovet.
833 2181 861 2213 Si
878 2187 972 2212 autern

233 2229 368 2260 minister
390 2230 496 2260 absens
526 2231 614 2260 fuerit
642 2230 677 2260 ab
700 2231 806 2270 oppido
822 2255 829 2269 ,
860 2231 908 2262 ubi
931 2237 974 2262 est

233 2279 296 2309 eius
319 2280 504 2316 coenobium⁷
523 2280 597 2310 ultra
622 2280 852 2320 vigintiquatuor
875 2282 971 2319 horas,

233 2333 371 2368 poterunt
387 2328 527 2368 praedicti
544 2334 613 2358 tune
629 2338 713 2358 casus
726 2330 875 2368 imponere
894 2340 974 2369 prae-

234 2381 328 2417 cepta,
346 2383 374 2408 et
395 2378 525 2418 recipere
549 2379 675 2408 novitios
691 2379 725 2408 ad
746 2379 877 2409 habitum
894 2384 921 2409 et
937 2380 971 2409 ad

233 2428 464 2466 possessionem3
485 2427 579 2458 adbuc
596 2432 692 2457 tamen
715 2428 843 2457 vicarius
866 2429 895 2458 in
919 2429 973 2459 isto

234 2484 302 2506 casu
325 2486 381 2506 non
406 2477 561 2516 praecedat
584 2477 613 2506 in
636 2477 703 2507 sede
722 2477 902 2515 definitores,
920 2488 973 2508 nec

234 2524 282 2555 isti
298 2525 334 2556 ab
350 2526 399 2556 illo
415 2527 526 2557 socium
550 2530 650 2566 petant
669 2527 703 2556 ad
720 2527 828 2557 exitum
845 2537 859 2557 a
876 2527 971 2558 domo.

273 2584 300 2605 v.
324 2575 463 2612 Quamvis
485 2577 514 2606 in
537 2577 635 2616 aliquo
657 2581 803 2607 conventu
820 2577 863 2607 vel
887 2578 975 2607 colle-

233 2624 280 2663 gio
298 2625 335 2656 sit
353 2626 477 2657 vicarius
491 2631 556 2656 actu
573 2636 712 2656 exercens
729 2636 814 2656 suum
831 2627 972 2666 officium,

234 2674 339 2713 poterit
362 2679 444 2715 pater
473 2675 660 2715 provincialis
683 2685 736 2716 pro
759 2675 893 2706 absentia
920 2676 973 2707 mi-

1018 316 1103 346 nistri
1120 325 1134 345 a
1158 315 1242 346 domo
1266 315 1317 346 sua
1340 315 1492 346 nominare
1508 319 1535 346 et
1554 315 1660 353 eligere
1677 324 1760 354 prae-

1018 365 1108 394 sidem
1133 365 1182 395 ubi
1206 370 1233 395 et
1255 365 1371 404 quando
1393 365 1530 404 expedire
1554 364 1688 393 viderint.

1058 423 1076 443 1.
1102 414 1228 444 Praelati
1244 420 1309 444 sunt
1327 419 1456 454 pastores
1475 420 1502 443 et
1519 418 1615 453 patres
1638 421 1758 442 sucrum

1019 462 1222 499 subditorum,
1247 464 1370 502 ideoque
1392 463 1497 492 debent
1520 462 1683 502 spiritualia
1709 471 1774 508 pa-¹

1653 257 1717 291 467
1765 268 1816 294 tin.
1838 266 1869 294 c.
1888 266 1953 294 1733

1859 430 1880 449 Η

1798 430 1840 476 Deg
1851 444 1954 480 gntlernio

1776 486 1858 502 >aterno
1874 486 1893 503 εἰ
1913 484 1954 507 ‹pi-

1018 521 1086 541 scua
1109 512 1152 541 eis
1186 513 1352 541 ministrare
1369 535 1376 548 ‚
1401 512 1569 550 ignorantes
1602 511 1732 540 docendo
1750 510 1846 556 ,{‘O¹s¹:j⁴n¹‘¹-
1870 510 1954 535 t·¹‘³*⁴¹³·

1018 560 1156 589 remissos
1187 560 1331 597 fovendo,
1358 560 1485 590 iacentes
1507 560 1658 598 erigendo.
1682 559 1759 589 Haec

1018 619 1138 639 execere
1162 613 1298 639 tenentur
1315 610 1456 648 singulari
1480 619 1577 639 amore
1593 613 1620 639 et
1635 609 1760 639 benevo-

1018 658 1107 688 lentia
1130 668 1197 697 erga
1215 668 1314 688 omnes
1338 663 1364 689 et
1387 659 1518 697 singulos
1541 668 1652 688 eorum.
1678 658 1759 693 Quod

1019 710 1049 736 ut
1083 708 1177 746 aptius
1207 707 1379 747 faciliusque
1413 708 1609 747 adimpleant,
1644 711 1759 746 oportet

1018 756 1098 795 ipsos
1121 765 1280 794 agnoscere
1303 766 1409 793 mores,
1434 757 1640 786 conscientiam
1665 760 1692 785 et
1718 756 1760 784 vi-

1018 814 1063 835 res
1087 805 1339 845 uniuscuiusque,
1364 806 1439 835 viam
1463 811 1490 835 et
1513 806 1675 844 profectum
1701 804 1760 843 spi-

1018 854 1165 892 ritualem,
1191 856 1365 893 orationem,
1391 855 1525 892 virtutes,
1549 854 1576 883 in
1601 853 1707 893 quibus
1729 862 1759 883 se

1018 908 1144 939 exercet,
1170 905 1423 941 mortificationes,
1440 904 1546 944 quibus
1569 904 1670 940 utitur,
1694 912 1760 941 gra-

1019 954 1085 991 tias,
1110 964 1182 993 quas
1199 964 1212 984 a
1229 954 1286 984 Deo
1314 954 1438 993 accepit,
1456 959 1483 983 et
1511 954 1578 993 quid
1608 964 1644 983 ex
1664 953 1708 983 his
1731 957 1759 983 et

1018 1012 1116 1033 sacrae
1139 1003 1353 1033 communionis
1387 1003 1552 1043 frequentia
1574 1003 1709 1032 utilitatis
1732 1006 1760 1031 et

1020 1055 1133 1084 fructus
1156 1054 1311 1094 percipiat.
1342 1054 1402 1084 Hoc
1430 1058 1473 1084 est
1502 1054 1578 1083 enim
1612 1057 1759 1092 pastorem

1019 1104 1144 1143 perfecte
1167 1112 1343 1141 cognoscere
1366 1112 1483 1141 gregem
1506 1112 1603 1132 suum.

1058 1161 1088 1182 11.
1122 1152 1243 1192 Expedit
1275 1152 1366 1190 igitur
1404 1152 1481 1191 quod
1515 1152 1568 1181 hoc
1605 1154 1758 1190 paternum

1018 1201 1148 1239 regimen
1171 1201 1249 1230 omni
1273 1202 1343 1231 cura
1367 1204 1501 1230 teneatur
1533 1210 1566 1230 ae
1589 1200 1759 1237 diligentius

1019 1249 1192 1280 observetur
1219 1259 1232 1279 a
1258 1249 1418 1279 maioribus
1448 1248 1660 1288 superioribus.
1685 1248 1759 1283 Qua-

1019 1303 1137 1338 propter
1167 1299 1334 1339 superiores
1367 1298 1518 1337 generales
1535 1321 1542 1335 ,
1567 1297 1760 1337 provinciales

1018 1353 1045 1378 et
1061 1348 1261 1378 definitorium
1279 1348 1366 1378 etiam
1386 1348 1521 1386 generale
1540 1352 1567 1377 et
1584 1347 1761 1386 provinciale

1019 1398 1145 1428 maximo
1160 1407 1249 1437 opere
1271 1398 1424 1436 invigilare
1441 1397 1526 1427 debet
1545 1407 1595 1436 pro
1614 1396 1760 1436 spirituali

1018 1448 1152 1487 profectu
1176 1446 1231 1477 sibi
1250 1446 1447 1484 subditorum,
1465 1446 1607 1476 mittendo
1631 1445 1762 1484 quando-

1018 1506 1074 1537 que
1096 1497 1173 1526 intra
1205 1505 1286 1526 suam
1320 1495 1554 1525 iurisdictionem
1577 1495 1689 1524 litteras
1712 1504 1761 1533 pa·

1018 1545 1161 1582 storales,
1185 1544 1403 1575 exhortationes
1434 1548 1462 1574 et
1492 1543 1702 1574 instructiones
1725 1543 1760 1573 ad

1018 1595 1158 1624 maiorem
1181 1593 1398 1624 observantiam
1415 1598 1444 1623 et
1464 1593 1674 1623 extinctionem
1691 1592 1761 1622 abu-

1018 1653 1078 1682 sus,
1103 1644 1127 1673 si
1149 1644 1257 1683 aliquis
1280 1643 1494 1681 introducatur,
1512 1647 1539 1673 et
1560 1642 1639 1672 illius
1663 1646 1762 1673 aucto-

1018 1703 1064 1724 res
1087 1693 1247 1733 puniendo.

1058 1751 1098 1771 111.
1123 1742 1277 1772 Praeterea
1301 1741 1498 1781 praecipimus
1520 1741 1549 1771 in
1573 1741 1678 1770 virtute
1695 1749 1759 1770 san-

1017 1795 1079 1821 ctae
1101 1790 1298 1829 obedientiae,
1323 1794 1351 1820 et
1375 1790 1428 1820 sul)
1452 1794 1604 1830 praecepto
1628 1789 1758 1828 formali,

1018 1839 1154 1869 omnibus
1176 1839 1322 1877 religiosis
1345 1839 1468 1869 subditis
1491 1843 1519 1869 et
1543 1839 1700 1878 praelatis,
1724 1849 1759 1869 ne

1018 1889 1193 1927 investigare
1216 1889 1343 1918 audeant
1366 1889 1507 1918 zelatores
1529 1888 1670 1925 occultos,
1688 1897 1760 1926 quos

1018 1938 1142 1977 praelati
1166 1947 1217 1977 pro
1239 1936 1316 1967 bono
1349 1938 1492 1976 regimine
1524 1937 1629 1966 babere
1652 1936 1760 1966 debent

1018 1991 1065 2017 aut
1091 1987 1258 2025 designare,
1283 1996 1377 2026 neque
1400 1990 1587 2026 praesumant
1603 1986 1637 2015 de
1655 1986 1698 2015 his
1715 1995 1762 2015 ze-

1018 2035 1161 2065 latoribus
1190 2036 1337 2075 colloquia
1370 2036 1448 2066 inter
1478 2045 1508 2065 se
1526 2059 1533 2072 ‚
1567 2044 1662 2074 neque
1685 2034 1761 2064 inter

1018 2085 1183 2114 saeculares
1198 2109 1205 2123 ‚
1230 2085 1364 2124 quamvis
1392 2085 1448 2124 ipsi
1471 2084 1598 2123 religiosi
1621 2084 1761 2113 zelatores

1017 2134 1086 2172 sint,
1111 2135 1191 2164 nullo
1215 2134 1311 2172 modo,
1337 2134 1425 2164 verbo
1448 2139 1497 2164 aut
1520 2133 1630 2172 scripto
1653 2132 1760 2162 habere

1017 2187 1066 2213 aut
1089 2184 1263 2221 instituere,
1288 2184 1341 2214 sub
1366 2185 1460 2223 poena
1482 2183 1675 2213 inhabilitatis
1699 2192 1761 2222 per-

1018 2237 1121 2272 petuae
1143 2233 1176 2262 ad
1200 2232 1317 2276 Ordinis
1342 2233 1449 2262 officia.

1057 2290 1095 2311 iv.
1120 2282 1355 2312 Provincialihus
1385 2286 1484 2320 utpote
1508 2281 1664 2311 ordinariis
1694 2281 1762 2310 visi-

1018 2330 1159 2361 tatoribus
1193 2331 1352 2370 specialius
1384 2331 1522 2370 competit
1546 2340 1615 2359 cura
1639 2339 1759 2359 suorum

1017 2381 1221 2411 subditorum:
1246 2391 1336 2421 quare
1366 2381 1395 2411 in
1420 2380 1637 2410 visitationibus
1660 2379 1760 2408 obser-

1018 2431 1125 2461 vabunt
1157 2441 1231 2472 quae
1263 2432 1338 2461 (licta
1369 2435 1437 2460 sunt
1467 2440 1553 2468 supra
1583 2430 1595 2467 ἓ
1627 2430 1642 2457 S
1674 2429 1760 2457 liuius

1016 2481 1122 2520 capitis
1137 2491 1144 2518 3
1162 2491 1215 2510 nec
1232 2480 1286 2510 sibi
1304 2480 1483 2509 satisfaciant
1496 2488 1561 2508 cuin
1579 2478 1760 2508 correctione

1017 2530 1170 2568 exteriori,
1194 2530 1242 2560 sed
1267 2530 1414 2559 hominem
1443 2528 1611 2557 interiorem
1635 2528 1761 2565 dirigere

1018 2579 1189 2618 praesertim
1221 2582 1335 2607 curent.
1361 2578 1415 2607 I‘ro
1438 2587 1494 2616 quo
1518 2576 1654 2615 epistolas
1677 2576 1762 2615 spiri-

1019 2629 1111 2657 tuales
1135 2628 1222 2658 etiam
1246 2627 1363 2657 mittant
1385 2626 1521 2666 (quando
1544 2626 1601 2655 illis
1624 2626 1762 2664 expedire

1018 2677 1111 2707 visum
1136 2676 1239 2715 fuerit)
1263 2685 1314 2716 per
1338 2680 1427 2706 totam
1451 2684 1532 2704 suain
1557 2674 1759 2714 provinciam,
