2232 3178
38 256 86 284 An.
102 251 130 280 C.
152 249 219 278 1735

66 686 149 711 Septem
160 682 217 703 dota-

41 714 69 734 ti:
90 712 121 732 his
142 709 217 736 puellis

41 740 114 770 dautur
131 738 207 763 quotan

41 773 79 788 nis.

74 2656 148 2682 Modus
180 2659 230 2684 itto-

840 243 984 269 CLEMENS
1009 243 1056 267 ΧΠ
1081 243 1132 267 PP.

534 295 662 330 ccxix.
712 328 721 337 ,

226 368 376 403 Eoetensio
402 367 528 400 indulti
556 367 641 400 circa
670 365 815 399 subsidia
847 364 972 397 dotalia

268 421 391 465 puellis
416 420 648 454 conservator&
673 420 756 452 delle
774 419 971 452 Zoccollette

269 475 468 518 nuncupatis
493 474 650 507 distribui
666 473 787 506 solitis.

433 554 572 581 Clemens
594 554 675 587 Papa
697 552 763 585 xn,

345 599 382 626 ad
402 601 579 633 perpetuam
601 598 647 625 rei
665 597 847 624 memoriam.

272 671 287 714 ἓ
311 671 343 704 1.
364 670 454 711 Cum,
473 671 555 703 sicut
580 669 781 712 accepimus,
806 668 869 700 iam
895 666 971 699 inde

229 735 246 758 a
272 730 419 768 tempore
445 723 655 767 pontificatus
688 721 789 755 felicis
828 721 972 753 recorda-

230 778 325 811 tionis
351 777 526 811 Clementis
554 776 611 809 [³1³.
640 775 678 809 Xl
711 774 973 819 praedecessoris

229 831 340 873 nostri,
366 831 485 874 puellis
506 829 739 864 conservatorii
758 829 807 861 Ss.
826 828 973 861 Clemen-

231 885 270 918 tis
296 891 327 919 et
351 884 553 918 Crescentini
584 883 761 927 vulgariter
792 881 874 915 delle
898 882 972 915 Zoc-

230 938 353 972 conane
377 939 409 971 in
436 938 570 981 regione
597 937 740 980 Regulae
778 935 972 978 nuncupatis

230 992 270 1026 de
296 992 380 1025 Urbe
408 1002 516 1025 annua
541 997 666 1035 septem
684 990 829 1024 subsidia
853 989 974 1022 dotalia

231 1047 294 1079 una
319 1057 389 1079 cum
414 1045 558 1079 vestibus
584 1045 652 1078 dari
679 1044 782 1078 solitis
812 1043 975 1086 assignata

231 1100 351 1133 suerint
367 1127 375 1141 ‚
404 1106 544 1143 quatuor
569 1099 694 1133 scilicet
720 1110 756 1132 ex
782 1098 976 1131 carcarasiis

231 1153 327 1187 etiam
354 1153 547 1197 nuncupatis
573 1164 633 1196 per
658 1153 835 1196 capitulum
863 1157 894 1185 et
925 1162 976 1185 ca*

231 1206 371 1241 nonicos
397 1206 550 1240 basilicae
576 1206 607 1239 S.
636 1206 741 1245 Petri,
779 1210 810 1239 et
848 1205 975 1249 reliqua

231 1261 290 1294 tria
316 1272 351 1294 ex
379 1260 449 1294 aliis
475 1260 629 1293 subsidiis
655 1259 819 1293 dotalibus
846 1269 904 1302 per
928 1270 976 1291 ar-

231 1315 591 1348 chieonsraternitatem
607 1313 879 1347 Annunciationis
898 1313 976 1346 Bea-

231 1374 282 1402 tae
318 1368 436 1401 Mariae
463 1368 602 1412 Virginis
640 1368 672 1400 in
706 1368 850 1400 ecclesia
885 1367 976 1399 eius-

231 1423 306 1456 dem
331 1422 362 1455 S.
386 1422 503 1455 Mariae
522 1432 621 1465 super
637 1421 814 1454 Minervam
833 1421 872 1453 de
890 1419 975 1453 Urbe

231 1476 375 1519 praefata
394 1481 534 1509 erectam
553 1475 730 1519 quotannis
756 1473 906 1508 distribui
925 1484 977 1506 so-

231 1529 315 1569 litis;
343 1529 515 1572 dictaeque
540 1529 680 1572 puellae,
699 1528 737 1561 ad
759 1527 901 1560 subsidia
919 1527 978 1559 hu-

232 1581 372 1615 iusmodi
399 1593 416 1615 a
441 1587 553 1615 nostro
580 1588 612 1615 et
635 1592 695 1625 pro
731 1586 877 1624 ternpore
913 1581 977 1613 evi-

232 1636 348 1669 stentis
383 1636 519 1669 Romani
545 1635 712 1669 Pontificis
739 1634 977 1678 elemosynario

233 1694 360 1723 secreto
377 1717 384 1730 ‚
412 1689 466 1733 qui
494 1688 639 1722 eiusdem
666 1688 899 1721 conservatorii
930 1699 979 1720 su-

233 1742 344 1787 perior
368 1753 424 1775 seu
450 1743 615 1785 praelatus
641 1741 764 1782 existit,
790 1741 901 1774 itidem
920 1751 978 1784 pro

234 1802 378 1840 tempore
404 1797 468 1828 una
492 1806 564 1828 cum
590 1795 752 1838 deputatis
780 1795 977 1835 nominatae,

233 1849 501 1893 processionibus
534 1849 645 1882 aliisve
678 1848 820 1892 publicis
846 1848 981 1882 functio-

234 1904 330 1937 nibus
355 1904 526 1937 occasione
548 1903 789 1936 distributionis
819 1903 978 1936 eiusmodi

234 1957 458 1990 subsidiorum
495 1956 563 1990 fieri
596 1956 783 1997 consuetis,
808 1967 874 1990 non
910 1957 980 1989 sine

236 2022 347 2045 earum
368 2011 575 2044 incommodo
594 2011 733 2044 antebac
752 2011 910 2045 interesse
930 2012 982 2045 de-

234 2065 387 2105 buerint;
423 2070 548 2108 septem
585 2075 662 2098 vero
699 2065 866 2098 dumtaxat
900 2065 978 2098 sub-

235 2118 317 2152 sidia
353 2119 500 2162 praefata
536 2119 622 2151 baud
660 2118 737 2151 satis
769 2129 839 2151 esse
866 2119 982 2162 digno-

235 2177 367 2206 scantur
393 2183 470 2216 prae
495 2172 619 2215 ingenti
646 2183 783 2205 numero
799 2174 981 2216 puellarum

236 2236 296 2269 pro
323 2231 469 2269 tempore
495 2225 618 2269 pariter
640 2225 875 2268 ‹legentiumin
894 2227 982 2260 dicto

236 2278 488 2319 conservatorio,
507 2279 611 2322 quod,
631 2289 701 2311 cum
721 2279 901 2312 institutum
921 2280 984 2313 sue—

236 2333 279 2366 rit
303 2343 362 2376 pro
389 2332 509 2376 puellis
536 2332 816 2376 periclitantibus,
846 2344 982 2377 quarum

236 2386 414 2430 pudicitiae
450 2397 546 2419 nemo
584 2392 671 2419 esset
702 2386 756 2430 qui
783 2397 890 2420 curam
928 2387 984 2421 ba-

235 2441 344 2481 beret,
371 2451 407 2473 ac
432 2450 617 2483 perpaucae
643 2441 818 2474 admodum
845 2441 981 2483 nubant,

238 2493 342 2527 aditus
379 2504 435 2526 seu
473 2493 638 2536 ingressus
664 2494 696 2526 in
729 2494 815 2527 idem
853 2505 984 2528 conscr-

237 2546 397 2580 vatorium
423 2545 495 2579 aliis
522 2547 640 2590 puellis
667 2546 821 2581 similiter
852 2548 983 2592 pericli-

240 2601 382 2634 tantibus
407 2600 652 2644 praecludatur:

285 2654 300 2699 g
324 2653 356 2688 2.
375 2654 452 2696 Nos,
471 2653 562 2699 pium
581 2654 763 2688 institutum
783 2655 982 2698 huiusmodi,

1015 297 1170 334 quantum
1197 301 1269 323 cum
1296 290 1432 323 Domino
1459 298 1645 332 possumus,
1666 288 1756 320 adiu·

1676 229 1713 263 91
1765 238 1815 264 An.
1833 239 1861 265 c.
1885 240 1951 268 ¹735

1768 308 1811 323 rum
1823 301 1951 323 distribuen-

1726 341 1732 347 -
1768 329 1850 350 donum.

1014 355 1111 384 rare,
1140 345 1332 388 puellasque
1358 343 1541 387 praefatas,
1575 352 1639 385 quo
1674 342 1753 374 saei-

1015 398 1075 431 lius
1101 398 1195 430 statui
1221 408 1278 430 suo
1313 398 1481 431 consulere
1508 397 1634 429 valeant
1651 422 1658 435 ,
1686 405 1758 437 spe-

1015 450 1151 483 cialibus
1189 450 1350 483 favoribus
1386 455 1418 484 et
1449 449 1562 492 gratiis
1603 448 1757 492 prosequi

1015 504 1172 544 volentes,
1199 515 1235 537 ac
1256 504 1383 537 illarum
1401 504 1584 546 singulares
1603 512 1759 546 personas

1015 568 1030 589 a
1050 557 1218 600 quibusvis
1240 556 1599 595 excommunicationis,
1625 565 1759 598 suspen-

1015 611 1113 644 sionis
1138 617 1170 644 et
1190 611 1368 651 interdicti,
1382 611 1517 653 aliisque
1534 608 1760 642 ecclesiasticis

1016 664 1199 705 sententiis,
1219 664 1366 697 censuris
1384 670 1416 696 et
1433 663 1561 707 poenis,
1581 673 1598 694 a
1623 662 1692 694 iure
1711 661 1760 694 vel

1016 718 1055 751 ab
1082 718 1227 758 bomine,
1260 718 1369 762 qiiavis
1394 718 1566 751 occasione
1590 717 1641 749 vel
1667 717 1762 748 causa

1017 772 1098 813 tatis,
1123 772 1148 805 si
1175 772 1293 816 quibus
1315 771 1562 815 quomodolibet
1587 769 1761 803 innodatae

1017 827 1167 867 existunt,
1192 826 1231 860 ad
1258 826 1406 859 esl‘ectum
1432 825 1654 869 praesentitim
1673 824 1763 856 dum-

1019 886 1102 913 taxat
1134 880 1426 924 consequendum,
1453 879 1565 912 barum
1593 878 1676 911 serie
1707 877 1763 909 ab·

1017 935 1182 968 solventes
1209 939 1240 967 et
1273 934 1437 966 absolutas
1471 933 1540 966 fore
1572 936 1762 971 censentes,

1019 999 1147 1021 necnon
1174 988 1387 1032 quarumdam
1415 986 1610 1020 recolendae
1643 995 1764 1018 memo-

1018 1043 1085 1075 riae
1112 1042 1290 1076 Innocentii
1317 1042 1376 1074 Pr.
1412 1041 1463 1074 Xll
1499 1039 1764 1084 praedecessoris

1019 1107 1149 1140 quoque
1175 1095 1277 1129 nostri
1297 1096 1407 1128 favore
1425 1095 1606 1138 puellarum
1632 1093 1765 1127 alterius

1019 1150 1252 1184 conservatorii
1287 1149 1344 1182 sub
1379 1149 1474 1182 titulo
1498 1147 1630 1180 Divinae
1656 1146 1766 1179 Provi-

1020 1205 1149 1238 dentiae
1175 1205 1214 1238 de
1241 1203 1355 1237 eadem
1376 1202 1462 1236 Urbe
1482 1203 1513 1235 in
1539 1201 1636 1235 simili
1663 1201 1767 1233 forma

1020 1259 1129 1292 Brevis
1156 1258 1207 1292 die
1232 1268 1265 1291 vr
1291 1257 1396 1290 martii
1422 1266 1562 1290 uncxetv
1600 1255 1767 1298 expedita-

1020 1323 1089 1345 rum
1123 1311 1328 1350 litterarum,
1357 1322 1393 1343 ac
1432 1314 1698 1343 testamentorum
1735 1313 1768 1340 et

1021 1367 1156 1401 aliarum
1195 1365 1444 1409 dispositionum
1483 1372 1766 1407 quorumcumque

1021 1426 1214 1454 testatorum
1240 1425 1271 1453 et
1296 1420 1425 1463 piorum
1452 1418 1644 1461 largitorum
1679 1422 1768 1449 teno-

1022 1485 1083 1514 res,
1100 1480 1132 1507 et
1145 1473 1207 1506 alia
1225 1482 1450 1516 quaecumque
1470 1471 1565 1504 ctiam
1583 1469 1766 1514 specificam

1022 1533 1054 1561 ct
1079 1527 1282 1560 individuam
1310 1526 1512 1559 mentionem
1539 1530 1569 1557 et
1591 1524 1769 1567 expressio-

1021 1592 1094 1615 nem
1113 1580 1311 1624 requirentia
1325 1607 1332 1620 ,
1349 1578 1578 1623 praesentibus
1590 1588 1650 1621 pro
1669 1577 1767 1621 plene

1023 1641 1054 1669 et
1078 1635 1280 1668 sufficienter
1307 1633 1473 1676 expressis
1500 1638 1532 1665 et
1557 1631 1688 1664 insertis
1714 1631 1770 1664 ba-

1022 1689 1160 1729 bentes,
1188 1686 1380 1720 auctoritate
1414 1685 1619 1730 apostolica,
1654 1690 1768 1718 tenore

1023 1742 1239 1786 praesentium
1259 1769 1266 1781 ,
1300 1740 1472 1774 statuin‘ius
1498 1745 1529 1772 et
1562 1739 1768 1772 ordinamus:

1024 1797 1110 1840 quod
1137 1796 1293 1839 deinceps
1319 1795 1486 1838 perpetuis
1512 1794 1627 1826 suturis
1647 1798 1771 1836 tempo-

1024 1851 1122 1891 ribus,
1142 1850 1174 1883 in
1196 1849 1415 1883 destinatione
1442 1854 1471 1881 et
1489 1847 1709 1891 assignatione
1724 1857 1770 1880 se-

1024 1910 1112 1948 ptem
1138 1903 1355 1936 subsidiorum
1382 1902 1537 1935 dotalium
1564 1900 1684 1945 puellis
1717 1911 1771 1933 su-

1025 1958 1166 2002 pradicti
1192 1955 1426 1990 conservatorii
1453 1955 1500 1988 Ss.
1533 1955 1708 1989 Clementis
1740 1960 1771 1986 et

1025 2011 1225 2045 Crescentini
1250 2021 1310 2054 pro
1337 2015 1486 2053 tempore
1513 2009 1672 2048 facienda,
1696 2018 1767 2041 mo-

1027 2067 1087 2100 dus
1106 2071 1137 2099 et
1156 2066 1268 2105 forma,
1289 2064 1321 2097 in
1339 2064 1431 2097 dictis
1452 2063 1569 2096 litteris
1588 2062 1771 2096 innocentii

1027 2118 1287 2164 praedecessoris
1323 2128 1383 2161 pro
1420 2116 1650 2150 distributione
1688 2116 1772 2149 eius-

1027 2174 1112 2206 modi
1128 2172 1351 2205 subsidiorum
1368 2171 1486 2215 puellis
1504 2171 1678 2203 memorati
1699 2180 1771 2202 cou-

1027 2226 1196 2260 servatorii
1229 2225 1288 2258 sub
1316 2224 1407 2258 titulo
1432 2224 1564 2256 Divinae
1598 2223 1773 2256 Providen-

1028 2281 1089 2313 tiae
1124 2278 1342 2324 praescripti,
1382 2278 1413 2310 in
1455 2277 1606 2311 omnibus
1642 2283 1672 2309 et
1712 2288 1772 2320 per

1027 2333 1138 2367 onmia
1156 2337 1336 2372 serventur,
1356 2332 1437 2364 itaut
1462 2332 1590 2375 puellae
1616 2330 1773 2374 primodi-

1027 2388 1069 2420 cti
1091 2386 1345 2427 conservatorii‚
1365 2386 1404 2418 ad
1425 2384 1557 2429 aliquod
1585 2395 1621 2417 cx
1647 2384 1772 2417 eisdem

1028 2448 1152 2485 septem
1178 2440 1334 2474 subsidiis
1372 2440 1536 2472 dotalibus
1566 2449 1626 2482 per
1651 2438 1774 2471 dictum

1028 2494 1304 2539 elemosynariuin
1331 2498 1492 2526 secretum
1531 2498 1562 2525 et
1599 2492 1773 2535 deputatos

1028 2559 1086 2593 pro
1113 2556 1259 2592 tempore
1296 2547 1507 2586 nominatae,
1542 2546 1729 2578 nullatenus
1757 2556 1774 2577 a

1027 2603 1182 2647 praefatis
1215 2601 1357 2645 capitulo
1391 2606 1421 2634 et
1456 2600 1621 2633 canonicis
1653 2599 1774 2634 dictae-

1028 2667 1091 2701 que
1118 2653 1489 2689 archiconsratcrnitatis
1515 2653 1709 2688 officialibus
1743 2660 1774 2688 ct
