2232 3178
285 204 335 230 Αη.
353 202 381 230 C.
402 203 470 231 1737

338 423 469 442 ttlistanltnut

283 448 403 474 demgattm

320 2280 464 2308 lndulgentia³

281 2309 334 2329 alins
345 2315 464 2330 concessas.

517 195 580 228 2022

1066 203 1247 228 BULLARIUM
1271 203 1428 229 ROMANUM

482 265 518 286 ac
543 254 669 287 irritum
697 259 729 287 ct
754 254 849 286 inane
882 254 906 286 si
933 264 1024 286 secus
1049 264 1148 296 super
1175 253 1223 286 liis
1268 253 1421 285 stentiurn
1449 253 1479 285 in
1511 252 1654 286 Romana
1678 253 1770 286 Curia
1796 259 2005 297 procurator,

482 318 498 338 a
525 318 697 350 quoquam,
717 306 831 349 quavis
856 306 1061 346 auctoritate,
1082 306 1224 339 scienter
1267 305 1361 337 nobis
1386 316 1491 349 nuper
1517 306 1633 349 exponi
1661 306 1753 344 fecit,
1780 303 1856 339 alias
1889 317 1946 339 nos
1972 318 2007 339 o-

482 362 531 393 vel
558 361 758 402 ignoranter,
786 359 963 401 eontigerit
988 360 1154 392 attentari.

525 414 538 455 ξ,
562 413 593 445 4.
621 412 687 444 Non
715 412 917 444 obstantibus
937 412 1222 444 constitutionibus

481 471 513 498 et
548 465 809 498 ordinationibus
841 465 1057 507 apostolicis,
1093 476 1221 498 necnon

479 518 717 562 provinciarum
745 523 776 549 et
801 517 930 550 Ordinis
956 518 1218 561 praedictorum,

479 572 575 604 etiam
603 571 800 610 iuramento,
827 570 1071 604 confirmatione
1094 577 1222 614 aposto-

478 625 549 664 lica,
572 625 622 657 vel
649 624 761 666 quavis
789 624 940 657 firmitate
966 625 1027 658 alia
1046 625 1219 664 roboratis,

477 678 607 710 statutis
634 682 663 710 et
688 678 1003 717 consuetudinibus,
1041 677 1221 720 privilegiis

477 741 634 773 quoque,
662 730 796 763 indultis
822 736 853 763 et
884 731 1003 763 litteris
1034 729 1221 774 apostolicis

478 784 509 816 in
535 784 736 816 eontrarium
756 783 1014 827 praemissorum
1041 783 1221 826 quomodo-

476 837 557 869 libet
581 837 769 877 concessis,
796 836 996 869 confirmatis
1023 842 1054 869 et
1087 837 1221 869 innova-

476 890 535 931 tis;
563 890 681 933 quibus
699 891 851 923 omnibus
869 896 900 923 et
918 891 1068 933 singulis,
1088 890 1218 923 illorum

476 949 607 976 tenores
634 943 862 986 praesentibus
888 954 948 986 pro
966 944 1062 986 plene
1085 947 1114 976 et
1138 943 1219 975 snffi·

475 997 598 1030 cicnter
615 997 779 1040 expressis
803 1007 839 1029 ae
859 997 897 1030 de
912 998 1011 1029 verbo
1027 997 1065 1029 ad
1082 996 1217 1029 verbum

475 1050 604 1082 insertis
629 1051 808 1090 habentes,
835 1049 900 1082 illis
927 1050 1005 1082 alias
1030 1049 1061 1081 in
1088 1060 1146 1082 suo
1172 1061 1220 1082 ro-

474 1103 553 1136 bore
579 1103 814 1146 permansuris,
834 1103 872 1135 ad
899 1103 1154 1146 praemissorum
1173 1103 1219 1135 ef-

474 1156 612 1196 fectum,
633 1156 693 1188 hac
719 1156 788 1189 vice
815 1156 1004 1196 dumtaxat,
1033 1155 1220 1198 specialiter

476 1213 507 1243 et
525 1220 680 1253 expresse
699 1210 897 1252 derogamus
914 1220 921 1249 ;
942 1209 1124 1252 ceterisque
1146 1219 1221 1242 con-

476 1261 584 1295 trariis
608 1263 881 1306 quibuscumque.

519 1314 632 1348 Datum
660 1315 789 1355 Romae,
810 1315 895 1359 apud
921 1315 949 1348 S.
972 1315 1101 1348 Mariam
1121 1315 1219 1348 Maio-

473 1378 554 1408 rem,
571 1368 631 1401 sub
656 1369 776 1401 annulo
800 1369 986 1409 piscatoris,
1009 1369 1059 1402 die
1079 1380 1087 1402 1
1107 1369 1218 1411 aprilis

474 1430 687 1463 Mnccxxxvit,
707 1421 914 1465 pontificatus
932 1422 1034 1456 nostri
1051 1432 1137 1454 anno
1160 1431 1214 1455 vn.

511 1482 571 1510 Dat.
588 1483 634 1510 die
653 1485 661 1510 t
682 1483 774 1518 aprilis
792 1484 870 1516 1737,
892 1483 998 1518 pontif.
1020 1492 1094 1510 anuo
1113 1490 1158 1510 vn.

806 1536 840 1569 F.
869 1537 958 1570 eard.
985 1536 1170 1570 Omvssmus.

767 1689 920 1723 CXCVlll.

476 1767 716 1812 Irulutyentias,
731 1768 816 1802 alias
834 1779 994 1802 concessas
1009 1780 1068 1813 pro
1086 1769 1219 1802 visilan-

521 1823 604 1856 tibus
628 1823 776 1856 ecclesias
799 1834 855 1856 seu
878 1824 1023 1857 oratoria
1052 1824 1219 1856 nn‘ssiona·

518 1878 649 1908 riorum
683 1876 937 1919 Capuccinorum
978 1876 1149 1910 Gallorum
1183 1876 1219 1909 in

518 1930 667 1973 partibus
683 1930 868 1971 infidelium
886 1930 1106 1969 existentium,
1120 1931 1219 1962 eliam

516 1994 578 2026 pro
602 1983 778 2016 animabus
798 1983 1065 2025 christifidelium
1080 1994 1138 2026 per
1154 1994 1219 2016 mo-

518 2035 598 2068 dum
621 2035 775 2079 suffraqii
791 2036 958 2080 applicari
973 2047 1064 2080 posse
1083 2037 1219 2080 beniyne

520 2088 682 2132 indulyee.

688 2161 823 2188 Clemens
844 2161 923 2194 Papa
942 2161 1006 2195 XII,

594 2202 631 2233 ad
651 2208 830 2239 perpetuam
849 2206 894 2232 rei
914 2205 1099 2232 memoriam.

520 2273 534 2319 ξ
560 2276 591 2309 1.
619 2274 719 2315 Cum,
744 2276 827 2308 sicut
853 2275 991 2308 dilectus
1018 2275 1104 2308 filius
1129 2275 1219 2308 Clie-

476 2329 612 2362 rubinus
657 2329 696 2362 de
735 2328 861 2368 Noves,
904 2328 1034 2361 Ordinis
1083 2329 1216 2360 fratrum

477 2382 640 2415 Minorum
678 2382 779 2415 sancti
816 2381 976 2414 Francisci
1014 2381 1216 2425 Capaceino-

475 2442 548 2467 rum
574 2440 830 2478 nuncupatorum
864 2434 1055 2478 professor,
1083 2434 1219 2467 dilecto-

474 2497 545 2521 rum
571 2487 714 2522 filiorum
741 2487 1021 2520 missionariorum
1053 2487 1218 2521 Gallorum

475 2545 507 2574 et
531 2540 760 2584 Hybernorum
785 2540 931 2573 eiusdem
949 2539 1078 2573 Ordinis
1096 2540 1127 2572 in
1146 2551 1218 2583 par-

475 2593 560 2627 tibus
596 2593 839 2629 haereticorum
876 2598 906 2628 et
942 2592 1124 2627 infidelium
1157 2593 1220 2628 exi-

1266 359 1394 391 mnibus
1422 359 1591 402 utriusque
1617 370 1708 392 sexus
1734 359 2004 393 christifidelibus

1266 422 1339 444 vere
1366 412 1609 454 poenitentibus
1639 418 1670 444 et
1687 413 1843 446 confessis
1861 423 1897 446 ac
1915 415 2003 445 sacra

1265 465 1494 497 communione
1521 465 1668 505 refectis,
1702 466 1755 508 qui
1789 465 1930 509 aliquam
1967 476 2005 498 ex

1265 517 1410 550 ecclesiis
1436 528 1491 550 seu
1517 518 1666 550 oratoriis
1693 518 1852 551 dictorum
1870 518 2005 551 fratrum

1266 570 1554 609 missionariorum‚
1583 570 1772 604 mulieribus
1787 581 1874 609 vero,
1890 571 2005 614 quibus

1265 623 1303 655 ad
1330 624 1401 655 illas
1423 634 1478 656 seu
1506 625 1560 656 illa
1586 624 1669 656 liber
1693 634 1758 656 non
1793 628 1920 666 pateret
1955 634 2006 656 ac-

1264 687 1373 709 cessus
1398 687 1451 709 seu
1478 677 1654 719 ingressus,
1680 687 1760 720 qnae
1787 677 1880 709 aliam
1906 678 2006 710 ecete-

1265 728 1343 761 siam
1381 740 1436 762 seu
1477 730 1654 762 oratorium
1692 730 1927 762 catholicorum
1954 741 2006 763 ea-

1265 783 1413 815 rumdem
1439 783 1576 825 partium
1602 794 1619 815 a
1644 783 1777 816 custode
1796 783 2006 826 velprafecto

1265 835 1456 868 missionum
1483 836 1668 869 huiusmodi
1696 836 1945 878 designandum,
1973 835 2005 868 in

1264 887 1351 921 festis
1379 888 1503 928 diebus,
1523 889 1580 921 sub
1602 889 1699 921 certis
1726 890 1822 922 modo
1849 894 1879 922 et
1904 889 2006 922 forma

1266 946 1341 973 tune
1366 942 1547 984 expressis,
1574 943 1780 982 visitassent,
1811 948 1841 976 et
1867 942 1908 975 ibi
1945 953 2005 986 pro

1264 995 1514 1028 christianorum
1533 995 1716 1039 principum
1730 996 1917 1036 concordia,
1935 997 2007 1029 hae-

1265 1058 1372 1080 resum
1398 1041 1627 1091 extit—panone,
1654 1059 1689 1081 ac
1713 1049 1745 1082 S.
1765 1049 1804 1081 M.
1827 1049 1862 1081 Ε.
1890 1050 2006 1082 exalta-

1266 1101 1351 1134 tione
1377 1101 1446 1144 pias
1475 1102 1512 1134 ad
1540 1102 1640 1135 Deum
1667 1112 1780 1145 preces
1806 1101 2007 1142 effudissent,

1264 1165 1327 1198 quo
1354 1155 1405 1187 die
1432 1165 1467 1187 ex
1495 1154 1671 1197 praedictis
1698 1156 1728 1188 id
1756 1155 1911 1198 egissent,
1937 1157 2007 1199 ple-

1263 1208 1385 1241 nariam
1412 1209 1556 1242 omnium
1575 1214 1785 1252 peccatorum
1805 1219 1939 1242 suorum
1959 1209 2007 1242 in-

1264 1261 1467 1304 dulgentiam
1494 1267 1523 1294 et
1558 1262 1786 1295 remissionem
1823 1262 2007 1295 misericor-

1264 1315 1346 1348 diter
1372 1316 1403 1348 in
1429 1316 1564 1349 Domino
1590 1316 1751 1359 perpetuo
1777 1315 2006 1357 concessimus,

1263 1374 1361 1411 prout
1380 1369 1410 1401 in
1429 1368 1548 1402 nostris
1566 1369 1708 1412 desuper
1730 1370 1761 1401 in
1788 1368 1884 1401 simili
1905 1369 2008 1401 forma

1263 1422 1370 1455 Brevis
1396 1422 1446 1455 die
1478 1433 1516 1455 xx
1551 1422 1625 1455 maii
1649 1432 1818 1456 mcccxxxv
1843 1421 2007 1466 pontifica-

1264 1480 1314 1508 tus
1339 1476 1443 1508 nostri
1471 1486 1555 1509 anno
1584 1487 1598 1509 ν
1625 1476 1786 1519 expeditis
1812 1475 1928 1509 litteris
1941 1476 2007 1519 ple-

1262 1528 1334 1561 nius
1358 1528 1555 1561 continetur.

1306 1582 1321 1624 ἓ
1345 1581 1376 1614 02.
1404 1582 1479 1615 Cum
1504 1588 1633 1622 autem,
1661 1582 1743 1615 sicut
1768 1583 1881 1615 eadem
1907 1593 2006 1625 expo-

1262 1635 1335 1668 sitio
1353 1635 1580 1678 subiungebat,
1603 1635 1833 1669 christifideles
1858 1636 1929 1669 illas
1955 1635 2124 1693 in’ssljffllffl*
2149 1650 2198 1666 eon·

1264 1689 1446 1731 dulgentias
1476 1688 1740 1722 christifidelium
1778 1689 2005 1723 defunctorum

1263 1742 1432 1775 animabus
1457 1753 1516 1785 per
1537 1742 1668 1775 modum
1688 1741 1828 1785 suffragii
1846 1743 2005 1786 applicari

2010 205 2063 232 An.
2079 205 2108 233 C.
2131 206 2195 235 1737

2033 1592 2074 1613 Pro
2086 1591 2195 1614 animatam
2230 1578 2232 1583 Ι

2035 1619 2179 1639 detunctorum
2228 1622 2232 1651 ι’

2228 1653 2232 1661 «

2226 1682 2228 1689 t

1263 1806 1359 1839 posse
1386 1795 1560 1838 plurimum
1581 1795 1789 1828 desiderent:
1810 1806 1878 1835 nos,
1899 1795 2025 1828 huius-⁷

1264 1849 1349 1882 modi
1370 1848 1833 1892 supplicationibusinclinati,
1854 1849 2006 1882 omnibus

1264 1908 1296 1936 et
1326 1902 1464 1945 singulis
1498 1901 1764 1935 christifidelibus
1801 1901 1975 1945 praedictis
1995 1928 2004 1943 ‚

1264 1961 1299 1988 ut
1315 1955 1537 1998 indulgentias
1555 1954 1720 1998 plenarias
1741 1954 1857 1987 iisdem
1880 1954 2005 1993 diebus,

1264 2018 1341 2053 quas
1366 2009 1405 2041 de
1431 2013 1540 2041 cetero
1566 2008 1731 2041 consecuti
1760 2008 1892 2049 fuerint,
1919 2008 2006 2041 chri·

1264 2061 1453 2094 stifidelium
1479 2061 1707 2093 defunctorum
1725 2061 1904 2101 animabus,
1922 2071 2004 2104 quae

1264 2114 1328 2148 Deo
1353 2114 1384 2146 in
1404 2113 1562 2146 charitate
1579 2114 1773 2146 coniunctae
1795 2115 1834 2146 ab
1853 2114 1913 2147 liae
1934 2114 2006 2147 tuce

1263 2168 1482 2211 migraverint,
1508 2178 1566 2210 per
1590 2167 1722 2200 modum
1743 2166 1885 2210 suffragii
1904 2167 2007 2211 appli-

1264 2231 1336 2254 care
1361 2222 1489 2264 possint
1515 2226 1547 2253 et
1565 2221 1703 2260 valeant,
1723 2221 1915 2254 auctoritate
1934 2231 2007 2264 apo-

1264 2274 1388 2315 stolica,
1409 2280 1519 2307 tenore
1538 2273 1769 2316 praesentium,
1790 2273 1916 2307 itidem¹
1933 2284 2006 2317 per-

1264 2332 1361 2369 petuo
1395 2326 1606 2359 concedimus
1644 2331 1676 2359 et
1707 2327 1938 2369 indulgemus,
1972 2327 2006 2360 in

1264 2380 1459 2413 contrarium
1500 2380 1655 2413 facientes
1695 2390 1762 2413 non
1804 2380 2006 2413 obstantibus

1264 2433 1531 2477 quibuscumque.

1307 2488 1321 2530 ἓ
1346 2487 1377 2520 3.
1407 2487 1561 2520 Volumus
1588 2492 1695 2520 autem
1713 2488 1799 2530 quod
1819 2487 2006 2521 earumdem

1263 2540 1486 2584 praesentium
1511 2540 1691 2573 litterarum
1707 2541 1932 2585 transumptis,
1949 2551 2007 2574 seu

1301 2604 1310 2630 1
1326 2601 1392 2630 Male
1403 2601 1444 2630 ed,
1459 2602 1539 2632 main.
1551 2602 1616 2638 legit
1626 2602 1732 2632 ibidem
1742 2611 1791 2639 pro
1802 2602 1900 2633 itidem
1912 2603 2004 2640 (nm).

2053 2489 2196 2519 Transumpttu
2218 2505 2220 2510 ·

2018 2520 2077 2542 cradi
2091 2519 2156 2543 iubet.
