2232 3178
48 167 99 195 An.
115 166 145 194 C.
169 165 238 194 1740

78 1545 128 1565 (ΣΛΡ.
146 1544 171 1565 tx

65 1571 95 1592 [le
115 1572 222 1593 consulto-

38 1598 105 1620 ribus.

238 220 267 246 et
288 215 397 246 divinis
419 216 523 247 officiis
546 216 695 256 intersint,
718 221 747 247 et
776 216 806 247 in
830 217 912 247 sestis
936 226 983 247 so-

238 264 430 295 lemnioribus
446 269 631 295 sacramenta
647 266 838 296 confessionis
861 269 887 296 et
904 274 981 296 com-

238 314 388 344 munionis
410 315 607 354 frequentent.
632 315 798 345 Mercedem
815 315 915 345 itidem
933 315 982 345 de-

238 363 326 393 bitam
349 372 401 393 suo
423 367 555 403 tempore
587 364 623 394 iis
655 364 810 404 persolvat.
841 363 980 399 Querelas

237 420 338 441 eorum
361 411 488 443 libenter
523 412 639 449 audiat3
663 422 766 442 causas
804 421 873 442 vero
905 421 982 442 nun-

237 469 324 500 quam
348 460 410 490 sine
433 460 538 491 abbate
561 461 680 491 iudicet.
710 461 809 500 Neque
831 470 881 490 eos
903 460 982 490 inso-

238 508 297 538 litis
329 509 432 547 poenis
460 512 488 538 et
524 509 664 539 oneribus
699 513 861 547 aggravet,
885 518 980 548 neque

238 557 303 596 plus
327 556 378 586 uni
401 566 489 596 quam
514 557 598 587 alteri
615 567 715 587 eorum
735 558 841 587 faveat.
859 556 980 592 Quando

239 613 307 635 vero
329 605 436 644 aliquis
459 614 559 635 eorum
583 605 776 636 dimittendus
799 605 847 642 sit,
872 605 901 635 id
930 605 980 635 fiat

238 662 305 683 cum
327 654 406 683 omni
430 654 572 684 charitate
595 659 622 684 et
645 663 711 684 cum
741 654 828 693 plena
851 654 913 683 eius
935 664 981 684 sa-

239 702 403 733 tisfactione
426 703 520 742 quoad
543 702 673 733 debiturn
697 702 888 742 stipendium.

277 760 325 781 xu.
347 751 388 781 Ita
411 751 529 781 demum
552 761 728 782 oeconomus
745 760 844 781 rerum
869 755 979 790 tempo-

236 800 343 830 ralium
366 799 594 830 sollicitudinem
617 804 722 839 gerat,
747 804 779 830 ut
801 809 815 829 a
840 800 980 830 monasti-

235 857 286 878 cae
309 848 384 878 vitae
406 848 586 888 perfectione
609 848 739 878 animum
773 857 831 878 non
855 848 977 878 relaxet.

234 896 330 932 Quare
352 897 526 933 orationem,
560 897 715 935 ieiunium,
739 900 911 935 ceterasque
933 905 978 926 re-

235 945 334 984 ligiosi
358 945 485 976 instituti
509 945 692 986 disciplinas,
722 945 818 985 quoad
842 945 906 975 fieri
931 955 978 985 po-

236 994 327 1029 terit,
351 1003 410 1024 non
444 1003 528 1024 secus
564 999 651 1034 atque
684 994 792 1034 reliqui
817 994 977 1031 monachi,

235 1043 331 1073 colere
354 1042 490 1081 debebit3
514 1043 680 1073 saeculares
696 1052 776 1081 vero,
802 1043 978 1082 quibuscum

234 1096 438 1130 conversatur,
476 1091 564 1122 verbo
597 1096 624 1122 et
653 1092 787 1132 exemplo
823 1091 978 1122 aedificare

235 1141 360 1171 studeat.

274 1199 335 1220 xm.
360 1189 444 1220 Sicut
465 1189 500 1220 ad
516 1189 635 1220 abbates
652 1191 898 1221 monasteriorum
915 1201 978 1231 per-

234 1240 308 1270 tinet
329 1248 376 1270 res
399 1240 574 1279 temporales
595 1239 652 1269 sibi
669 1241 840 1270 commissas
862 1250 914 1280 per
930 1250 978 1271 oe-

233 1296 389 1318 conomum
412 1297 533 1326 curare,
554 1288 592 1318 ita
616 1289 722 1328 poterit
744 1288 834 1319 abbas
856 1298 977 1328 genera-

234 1337 281 1376 lis,
305 1337 329 1367 si
352 1337 380 1367 id
404 1337 543 1377 expedire
577 1338 760 1376 cognoverit,
796 1339 976 1369 constituere

233 1395 426 1417 oeconomum
449 1386 639 1425 generalem,
665 1387 715 1427 qui
738 1387 821 1417 illum
855 1387 885 1418 in
908 1398 978 1418 con-

233 1436 385 1467 servandis
406 1436 492 1466 bonis
515 1436 727 1477 temporalibus
750 1437 841 1467 totius
857 1437 975 1468 Ordinis

233 1490 397 1526 opportune
420 1485 550 1516 adiuvet.

272 1544 291 1565 1.
315 1534 412 1565 Abbas
430 1543 498 1564 suos
513 1534 618 1564 habeat
636 1535 829 1574 consultores,
848 1540 906 1566 tres
921 1536 976 1566 sal-

234 1588 290 1614 tem
313 1583 473 1613 monachos
496 1592 593 1621 senes,
617 1588 645 1613 et
666 1583 696 1613 in
719 1584 859 1623 religiosa
883 1585 976 1624 perfe-

231 1633 327 1663 ctione
351 1632 539 1670 exercitatos,
564 1642 689 1672 quorum
713 1634 837 1663 consilio
857 1638 885 1664 et
900 1634 975 1664 rela-

231 1681 310 1712 tione
332 1681 460 1719 adiutus,
486 1681 590 1711 melius
611 1685 639 1712 et
662 1682 777 1712 facilius
809 1682 975 1721 gubernare

231 1731 336 1771 possit.

270 1789 300 1810 11.
324 1779 379 1815 Qui
412 1779 479 1810 huic
508 1780 622 1810 muneri
655 1779 890 1820 deputabuntur,
915 1781 974 1812 sint

231 1832 375 1861 amatores
390 1829 459 1859 boni
477 1829 654 1868 communis,
672 1829 803 1870 illudque
828 1830 857 1860 in
881 1831 975 1861 omni-

231 1880 284 1910 bus
307 1878 573 1909 consultationibus
596 1888 666 1918 prae
689 1879 782 1909 oculis
805 1878 945 1910 habeant.

271 1937 312 1958 ιιι.
337 1929 410 1958 Cum
433 1926 533 1966 abbas,
557 1927 615 1957 illis
638 1927 757 1964 auditis,
781 1928 892 1968 aliquid
915 1933 973 1959 sta-

231 1977 336 2015 tuerit,
367 1976 510 2007 iudicium
543 1985 627 2007 suum
661 1976 741 2007 illius
770 1977 878 2007 iudicio
908 1977 974 2008 sub-

231 2026 364 2065 mittent,
397 2035 493 2066 neque
522 2030 603 2056 extra
632 2026 892 2064 consultationem,
923 2032 974 2058 aut

231 2075 300 2116 quid
323 2079 465 2105 statutum
488 2075 588 2113 fuerit,
612 2075 667 2105 sibi
691 2075 859 2115 displicere,
876 2081 925 2107 aut
943 2086 973 2108 se

231 2125 260 2155 in
294 2125 349 2155 alia*
382 2125 470 2155 fuisse
503 2124 649 2154 sententia
671 2124 899 2164 significabunt,
923 2126 973 2156 sed

230 2173 349 2204 laudent
364 2173 460 2213 potius
482 2172 596 2203 abbatis
618 2173 773 2203 consilium
796 2175 872 2214 apud
887 2175 971 2214 alios,

231 2227 318 2263 atque
352 2226 500 2252 tueantur.
524 2221 605 2257 Quod
629 2221 653 2251 si
675 2222 711 2252 ob
734 2222 777 2252 rei
800 2223 972 2261 gravitatem

230 2272 265 2302 ad
298 2271 432 2302 abbatem
454 2271 621 2310 generalem
645 2270 672 2301 id
695 2281 758 2302 esse
781 2272 972 2304 deferendum

229 2321 405 2357 iudicarent,
423 2329 454 2350 re
470 2324 583 2351 mature
599 2320 784 2352 considerata,
800 2326 827 2352 et
841 2322 972 2353 oratione

231 2370 408 2410 praemissa,
433 2369 550 2400 faciant.

270 2427 308 2449 ιν.
332 2419 360 2450 Si
384 2418 453 2458 quid
487 2422 583 2449 tamen
617 2418 646 2448 in
680 2423 808 2450 mentem
842 2421 970 2461 venerit,

230 2468 306 2508 quod
329 2467 363 2498 ad
386 2476 540 2498 commune
563 2467 672 2498 bonum
695 2468 739 2498 vel
761 2468 884 2499 alicuius
907 2480 971 2510 per-

231 2526 319 2548 sonae
341 2516 527 2557 particularis
549 2517 704 2547 utilitatem
722 2518 876 2558 pertineat,
893 2523 973 2559 pote-

230 2570 299 2597 runt
320 2565 349 2596 id
371 2565 468 2596 abbati
491 2574 665 2606 proponere.

317 2624 398 2653 Ball.
417 2623 499 2656 Rom.
519 2640 553 2644 —
576 2625 635 2654 Vol.
657 2624 758 2657 XXIV.
905 2626 939 2655 80

866 168 1008 193 CLEMENS
1034 168 1078 193 xu
1102 168 1151 193 1¹1².

1064 226 1091 247 v.
1106 217 1134 248 Si
1152 217 1220 258 quid
1245 217 1322 249 circa
1346 217 1468 257 victum,
1486 217 1636 256 vestitum,
1653 216 1769 248 labores

1024 271 1051 297 et
1068 267 1274 306 occupationes
1298 268 1521 304 monachorum,
1545 271 1595 297 aut
1618 266 1694 297 circa
1717 277 1770 306 gu-

1024 315 1224 346 bernationem
1258 315 1383 355 abbatiS,
1408 316 1635 353 moderandum,
1659 325 1768 354 augen-

1025 364 1092 394 dum
1116 365 1160 395 vel
1185 365 1354 395 mutandum
1381 369 1551 399 censerent,
1576 364 1659 394 illum
1684 373 1767 404 prae-

1024 413 1113 442 missa
1137 414 1270 443 oratione
1300 414 1516 444 admonendum
1551 417 1670 451 curent,
1690 413 1768 453 quod

1024 471 1075 501 per
1091 462 1304 492 admonitorem
1329 463 1446 492 faciant.

1064 519 1101 540 x‘1.
1119 510 1148 541 Si
1173 511 1238 550 quis
1260 521 1326 541 cum
1349 512 1390 541 eis
1413 512 1447 541 de
1470 511 1641 541 difficultate
1667 511 1767 550 aliqua

1024 560 1077 588 sua
1105 564 1154 589 aut
1181 559 1400 599 perturbatione
1434 565 1520 598 agat,
1543 561 1581 590 ita
1610 569 1676 590 eum
1705 560 1766 590 suis

1024 607 1143 637 monitis
1168 612 1196 638 et
1218 609 1340 638 consilio
1357 609 1457 638 iuvare
1474 609 1627 645 studeant,
1644 613 1675 638 ut
1691 618 1767 639 sem-

1023 665 1085 695 per,
1115 661 1259 696 quantum
1288 658 1421 697 possint,
1445 658 1694 689 existimationem
1716 658 1766 688 ab-

1021 703 1097 734 batis
1119 708 1268 736 tueantur.

1062 761 1110 783 vn.
1126 753 1166 783 Ita
1183 763 1267 784 suum
1282 763 1388 784 munus
1400 758 1595 794 exequantur,
1608 758 1640 785 ut
1655 754 1765 784 nullam

1022 801 1243 840 gubernationis
1267 807 1378 842 partem
1402 803 1458 833 sibi
1485 807 1653 840 assumant,
1677 807 1765 843 atque

1022 851 1056 880 ea
1086 850 1282 881 submissione
1313 861 1343 881 se
1372 856 1475 890 gerant
1503 856 1534 882 ut
1564 852 1670 882 ceteris
1699 851 1765 882 obe-

1022 899 1150 930 dientiae
1173 900 1339 939 exemplum
1363 900 1531 940 praebeant.

1063 957 1121 978 viu.
1145 947 1259 987 Singuli
1289 948 1471 979 consultores
1501 949 1544 978 bis
1571 949 1600 979 in
1631 958 1706 979 anno
1729 950 1765 979 ad

1022 996 1156 1027 abbatem
1176 997 1342 1035 generalem
1367 1002 1415 1027 aut
1439 997 1607 1037 provinciae
1629 997 1664 1027 de
1687 1002 1764 1028 statu

1023 1045 1225 1083 monasterii1,
1249 1050 1277 1075 et
1308 1045 1331 1075 si
1361 1045 1428 1085 quid
1459 1051 1536 1076 esset
1557 1046 1763 1084 corrigendum

1021 1099 1071 1124 aut
1094 1094 1283 1133 mutandum,
1300 1094 1393 1124 eidem
1417 1099 1578 1135 exponant,
1601 1099 1687 1134 atque
1709 1095 1763 1125 hae

1021 1143 1136 1174 litterae
1159 1153 1174 1174 a
1198 1144 1313 1174 seniore
1335 1144 1414 1174 inter
1436 1153 1485 1175 eos
1504 1143 1674 1183 obsignatae
1696 1145 1764 1175 mit-

1021 1196 1129 1223 tantur.

1060 1251 1100 1272 lx.
1118 1241 1148 1271 ln
1173 1242 1361 1272 monasteriis
1384 1242 1633 1282 frequentioribus
1655 1243 1763 1282 poterit

1020 1300 1096 1321 unus
1112 1300 1147 1321 ex
1163 1291 1381 1321 consultoribus
1397 1291 1545 1330 designari
1568 1290 1603 1321 ab
1626 1291 1689 1331 ipso
1712 1291 1762 1321 ab·

1020 1339 1104 1379 bate,
1128 1340 1179 1380 qui
1203 1339 1398 1370 admonitoris
1420 1349 1526 1370 nomen
1545 1339 1698 1370 habebit:²
1720 1341 1763 1371 of-

1019 1388 1118 1418 ficium
1141 1388 1197 1418 erit
1231 1388 1389 1419 admonere
1415 1388 1549 1418 abbatem
1572 1388 1606 1419 de
1629 1389 1664 1418 iis
1687 1399 1761 1429 quae

1019 1438 1203 1468 consultores
1217 1437 1242 1468 ei
1261 1437 1382 1468 dicenda
1407 1437 1610 1468 iudicaverint.
1635 1438 1674 1468 De
1696 1439 1761 1469 aliis

1019 1497 1098 1524 vero,
1122 1496 1196 1526 quae
1225 1487 1286 1517 sive
1310 1487 1366 1527 ipsi
1396 1487 1426 1518 in
1457 1491 1583 1517 mentem
1607 1487 1758 1526 venerint,

1019 1536 1080 1567 sive
1112 1535 1147 1566 ab
1180 1536 1244 1566 aliis
1277 1536 1428 1566 monachis
1460 1541 1666 1575 suggerentur,
1701 1546 1760 1567 non

1018 1585 1104 1615 facile
1122 1594 1188 1616 eum
1206 1585 1384 1615 admonebit:
1408 1585 1458 1616 sed
1477 1586 1511 1615 de
1533 1586 1570 1616 iis
1592 1586 1759 1624 dumtaxat,

1018 1643 1092 1674 quae
1108 1644 1165 1664 non
1183 1634 1254 1664 levis
1271 1634 1411 1664 momenti
1429 1638 1491 1674 post
1512 1635 1674 1665 orationem
1696 1644 1760 1665 esse

1018 1683 1176 1721 censuerit,
1200 1685 1260 1713 sive
1283 1683 1318 1713 ad
1343 1683 1469 1714 officium
1494 1683 1607 1714 abbatis
1630 1684 1760 1723 pertine-

1018 1733 1100 1762 bunt.
1125 1732 1159 1762 Et
1181 1741 1305 1771 quorum
1322 1731 1458 1762 abbatem
1481 1732 1676 1771 admonuerit,
1701 1741 1760 1762 me-

1018 1782 1135 1812 minerit
1157 1790 1190 1811 ea
1213 1781 1320 1811 tacitus
1343 1781 1419 1821 apud
1443 1791 1472 1811 se
1495 1790 1623 1811 servare.

1056 1840 1075 1861 1.
1100 1830 1255 1869 Eligantur
1278 1829 1313 1859 ab
1336 1829 1439 1860 abbate
1468 1830 1597 1868 generali
1617 1854 1624 1869 ‚
1656 1830 1699 1860 vel
1722 1830 1757 1861 ab

1016 1879 1121 1910 abbate
1143 1879 1330 1920 provinciae,
1355 1879 1384 1909 in
1414 1879 1538 1918 singulis
1571 1880 1758 1910 monasteriis
1769 1901 1790 1920 to

1017 1929 1073 1960 duo
1106 1929 1208 1960 saltem
1242 1937 1344 1967 graves
1367 1932 1395 1958 et
1417 1928 1496 1959 docti
1519 1929 1675 1968 monachi,
1707 1929 1758 1969 qui

994 1978 1214 2009 ‘admittendos
1247 1978 1281 2008 ad
1314 1977 1563 2017 praedicationem
1596 1978 1676 2008 verbi
1709 1979 1759 2009 Dei

1016 2027 1062 2058 vel
1084 2027 1119 2058 ad
1132 2027 1292 2057 audiendas
1308 2027 1507 2057 confessiones
1523 2027 1610 2057 etiarn
1627 2028 1758 2067 ipsorum

1017 2077 1239 2113 monachorum,
1257 2086 1290 2106 ac
1306 2076 1460 2115 magistros
1479 2076 1624 2116 publicos,
1645 2081 1673 2107 et
1693 2086 1760 2117 pro-

1016 2126 1175 2156 movendos
1198 2126 1233 2155 ad
1256 2135 1457 2166 quoscumque
1481 2126 1602 2156 ordines
1634 2126 1758 2165 diligen-

1016 2179 1061 2205 ter
1090 2175 1177 2206 simul
1205 2175 1391 2213 examinent,
1415 2178 1572 2215 antequam
1596 2175 1758 2215 probentur

1016 2229 1043 2254 et
1066 2224 1100 2254 ad
1124 2224 1292 2255 huiusmodi
1316 2224 1478 2254 ministeria
1502 2225 1547 2254 vel
1570 2225 1686 2256 ordines
1709 2225 1757 2255 ad-

1017 2274 1182 2305 mittantur.

1055 2333 1085 2354 11.
1108 2323 1162 2360 Qui
1185 2323 1220 2353 ad
1243 2323 1470 2363 praedicationis
1486 2322 1613 2353 officium
1636 2322 1755 2353 admissi

1015 2377 1094 2412 sunt,
1114 2372 1221 2403 debent
1238 2372 1331 2411 primo
1348 2381 1460 2402 sacram
1476 2372 1659 2411 Scripturam
1681 2381 1757 2402 sem-

1016 2431 1066 2461 per
1089 2431 1158 2461 prae
1181 2421 1317 2451 manibus
1340 2421 1459 2457 babere,
1477 2421 1584 2459 legere,
1606 2425 1644 2457 et⁷
1662 2421 1756 2461 quoad

1016 2470 1079 2500 fieri
1096 2470 1215 2510 poterit,
1229 2469 1360 2509 quotidie
1376 2468 1486 2509 aliquid
1503 2469 1659 2499 memoriae
1676 2478 1757 2499 inan-

1052 2529 1065 2554 1
1087 2527 1188 2555 Forsan
1208 2526 1285 2554 deest
1304 2526 1417 2553 verbum
1436 2526 1566 2554 scribant
1584 2527 1683 2559 (aa).

1050 2573 1066 2600 2
1086 2571 1198 2600 Videtur
1218 2571 1312 2600 deesse
1332 2571 1395 2600 eius
1416 2571 1456 2599 vel
1476 2571 1558 2600 cuius
1577 2571 1621 2608 (n.
1637 2571 1686 2605 τ.).

1665 158 1729 193 633
1774 169 1827 197 An.
1843 168 1871 197 c.
1896 170 1962 197 1740

1816 1846 1864 1867 Car.
1881 1847 1905 1867 X.

1796 1872 1826 1893 De
1842 1874 1954 1899 praedica·

1796 1901 1859 1920 ribus.
