2232 3178
19 195 64 222 An.
79 191 108 220 C.
129 190 196 218 ¹738

209 237 355 272 canonici
370 243 401 271 et
415 237 600 270 beneficiati
615 236 797 280 respective
811 241 946 269 utuntur

209 296 242 324 et
265 290 424 334 gaudent,
451 291 634 334 respective
661 290 755 323 etiam
781 289 843 329 uti,
870 289 944 329 srui,

208 343 306 388 potiri
337 349 368 377 et
400 344 543 387 gaudere
575 343 701 387 possint
734 348 765 376 et
796 343 944 382 valeant,

208 408 245 430 ex
271 397 453 430 redditibus
480 397 512 429 in
539 397 685 430 eiusdem
719 395 946 439 patriarchalis

210 450 368 484 ecclesiae
381 450 641 494 Ulyssiponensis
661 448 872 482 occidentalis
890 448 947 480 uti—

209 504 346 544 litatem,
373 504 526 547 illiusque
552 503 774 536 ministrorum
800 502 948 535 substen-

210 557 388 598 tationem,
425 562 489 590 tarn
526 568 543 590 a
579 556 746 601 praedicto
782 555 946 588 Clemente

208 611 463 655 praedecessore
482 621 541 654 per
558 621 656 653 supra
682 611 799 642 relatas
823 608 946 642 litteras

209 664 243 697 in
261 664 347 698 dicta
367 665 467 697 forma
480 664 656 708 expeditas,
672 673 768 706 quam
785 672 844 705 per
856 673 947 705 prae-

209 723 316 750 sentes
342 727 361 750 a
385 716 490 757 nobis,
507 721 541 748 ut
565 716 758 759 praefertur,
777 715 946 756 assignatis

211 775 243 803 et
272 770 462 814 applicatis,
499 780 534 803 ex
571 770 634 802 illis
665 769 832 808 videlicet,
867 779 948 811 quos

210 823 363 866 congruis
401 822 546 856 eiusdem
583 822 810 866 patriarchalis
846 823 948 855 eecle-

211 875 277 908 siae
295 875 559 919 Ulyssiponensis
579 875 788 908 occidentalis
809 875 948 907 fabricae

210 929 372 973 praefatae
398 929 634 962 manutentioni
661 939 696 961 ac
721 929 947 961 ministrorum

211 981 317 1015 eidem
350 981 559 1026 patriarchali
594 982 748 1015 ecclesiae
780 981 948 1025 Ulyssipo-

211 1035 301 1068 nensi
328 1035 522 1068 occidentali
546 1035 788 1069 inservientium
808 1036 950 1068 substen-

212 1088 324 1122 tationi
361 1088 514 1131 praefatis
549 1099 720 1132 superesse
757 1088 949 1130 contigerit,

211 1141 374 1185 perpetuo
406 1141 532 1184 erigere
565 1147 597 1173 et
622 1141 811 1181 instituere;
837 1142 948 1185 eisquc

212 1195 257 1227 sic
280 1195 399 1227 erectis
425 1200 457 1227 et
482 1194 648 1234 institutis,
668 1205 727 1238 pro
746 1194 876 1228 illorum
899 1206 949 1227 re-

212 1248 356 1292 spective
382 1248 468 1289 dote,
494 1259 530 1281 ac
556 1249 610 1281 illa
636 1254 667 1281 et
692 1249 763 1282 illos
789 1259 846 1292 pro
872 1254 951 1282 tem-

212 1311 292 1345 pore
332 1302 514 1345 respective
554 1302 771 1335 obtinentium
809 1304 950 1345 congrua

212 1355 482 1395 substentatione,
510 1355 655 1388 redditus
681 1355 712 1388 iu
738 1366 830 1388 usum
857 1355 952 1388 sabri-

213 1417 267 1441 eae
293 1408 493 1451 aliarumque
520 1408 625 1442 dictae
651 1407 878 1451 patriarchalis
904 1419 952 1442 ec-

213 1461 330 1494 clesiae
347 1461 612 1505 Ulyssiponensis
638 1462 848 1495 occidentalis
874 1462 952 1495 indi-

213 1514 395 1557 gentiarum
423 1525 459 1548 ae
492 1515 714 1548 ministrorum
751 1516 855 1548 eidem
890 1526 948 1559 pa-

214 1567 380 1601 triarchali
407 1568 567 1601 ecclesiae
593 1568 840 1612 Ulyssiponensi
867 1569 950 1602 occi-

214 1618 333 1653 dentali
373 1620 620 1654 inservientium
660 1621 950 1654 substentationem

214 1678 248 1706 ut
271 1673 458 1716 praefertur
476 1674 654 1718 applicatos
676 1679 707 1708 et
727 1674 952 1718 appropriatos

213 1726 387 1770 praefatos
407 1728 481 1761 illos
498 1727 659 1767 videlicet,
678 1727 744 1771 qui,
762 1733 797 1760 ut
814 1727 954 1771 praeser-

215 1785 281 1821 tur,
318 1781 554 1825 superfuerint,
591 1782 750 1825 perpetuo
789 1782 952 1825 applicare

214 1838 245 1867 et
275 1834 511 1878 appropriate,
543 1845 670 1868 necnon
703 1835 864 1868 beneficio
897 1846 952 1868 seu

213 1887 397 1928 beneficiis,
423 1893 478 1920 aut
502 1889 705 1922 canonicatui
732 1894 763 1922 et
788 1890 952 1932 praeben-

215 1940 290 1982 dae,
317 1951 372 1975 seu
399 1942 642 1976 canonicatibus
669 1948 701 1976 et
737 1942 952 1986 praebendis,

215 1994 254 2028 ab
279 2005 317 2028 eo
341 2001 377 2028 ut
401 1997 587 2039 praefertur
624 1996 781 2039 erigendo
807 2007 864 2030 seu
893 1997 954 2029 eri-

216 2048 345 2091 gendis‚
363 2049 394 2081 in
420 2055 492 2082 actu
519 2050 587 2083 eius
606 2061 661 2082 seu
683 2060 796 2083 eorum
817 2049 955 2083 erectio-

216 2101 265 2134 nis
292 2101 496 2142 huiusmodi,
523 2113 624 2136 onera
649 2103 772 2136 servitii
806 2103 837 2136 in
873 2103 955 2136 dicta

215 2154 424 2197 patriarchali
462 2156 602 2189 ecelesia
628 2155 871 2199 Ulyssiponensi
897 2167 955 2189 oc—

216 2207 388 2248 cidentali,
413 2210 462 2242 vel
496 2214 586 2242 extra
618 2209 725 2249 illam,
753 2210 792 2242 ab
829 2220 866 2242 eo
900 2220 954 2243 scu

217 2259 256 2293 ab
282 2261 326 2294 eis
352 2262 562 2305 praestandi,
590 2262 815 2306 praescribere
842 2268 873 2296 et
901 2264 956 2295 im-

217 2324 354 2357 ponere3
374 2326 503 2349 necnon
529 2316 711 2359 privilegia,
731 2316 867 2356 indulta,
887 2328 955 2359 gra-

217 2366 275 2400 tias
293 2394 300 2408 ,
326 2369 549 2412 exemptiones
568 2396 575 2409 ‚
612 2369 778 2402 libertates
799 2397 805 2410 ,
843 2370 956 2402 immu-

216 2420 355 2463 nitates,
381 2422 614 2465 facultatesque
641 2423 785 2465 praefata
811 2433 846 2455 ac
863 2434 956 2465 prae-

218 2473 310 2515 fatas,
338 2474 432 2508 etiam
457 2475 513 2508 illa
537 2476 587 2508 vel
614 2476 684 2508 illas
709 2486 790 2519 quae
824 2475 862 2508 de
888 2475 957 2509 iure

217 2528 460 2562 canonicatibus
486 2534 518 2562 et
534 2529 742 2573 prael)cndiS‚
760 2540 889 2562 necnon
906 2530 958 2563 be—

217 2579 341 2616 nefieiis
386 2582 491 2616 dictae
532 2582 759 2626 patriarchalis
801 2582 957 2616 ecelesiae

811 187 957 211 CLEMENS
982 186 1000 210 X
1007 186 1029 209 11
1055 186 1106 210 1³1³.

1631 174 1690 208 331

990 234 1255 278 Ulyssiponensis
1274 234 1484 268 occidentalis
1499 238 1685 277 competere
1700 238 1730 265 et

990 288 1097 321 inesse
1125 288 1369 331 dignoscuntur,
1396 288 1424 320 ei
1450 288 1498 320 vel
1520 288 1565 319 eis
1583 287 1731 319 similiter

990 342 1021 373 in
1048 346 1118 374 actu
1146 342 1319 375 erectionis
1345 341 1509 384 praefatae
1537 340 1675 373 limitare
1694 340 1731 372 li-

988 396 1066 428 bere
1092 400 1122 428 et
1146 395 1234 428 licite
1261 396 1361 438 possit
1387 400 1417 427 et
1450 395 1577 435 valeat,
1617 394 1730 426 eadem

989 450 1163 491 apostolica
1189 450 1383 482 auctoritate
1402 449 1553 481 similiter
1571 448 1730 492 perpetuo

990 501 1194 535 concedimus
1220 508 1251 534 et
1277 502 1497 544 indulgemus.

1035 555 1049 597 ἓ
1086 553 1117 587 8.
1150 555 1285 598 Insuper
1315 556 1421 587 eidem
1458 555 1568 587 loanni
1607 560 1637 587 et
1673 563 1866 598 pronummodi

992 613 1140 650 tempore
1166 609 1318 641 existenti
1344 608 1560 650 Portugalliae
1580 596 1783 649 ctAlgar-g'i‘
1842 597 1859 609 ’Π

990 658 1119 691 biorum
1146 659 1214 702 regi
1242 659 1288 691 ius
1312 661 1503 701 patronatus
1530 665 1561 691 et
1586 649 1931 701 praesen-eumuesun-*⁸25¹-

993 712 1081 743 tandi
1107 722 1143 744 ac
1168 712 1357 744 nominandi
1383 712 1422 745 ad
1448 712 1640 744 beneficium
1679 698 1828 744 scuiu'iss'ffl2
1854 702 1929 716 ΝΜ

993 764 1170 805 beneficia,
1197 771 1250 798 aut
1275 766 1313 798 ad
1339 766 1564 797 canonicatum
1591 771 1622 797 et
1645 776 1735 808 prae-

993 818 1144 857 bendam,
1163 829 1219 851 seu
1239 818 1449 851 canonicatus
1467 823 1498 850 ct
1516 819 1733 861 praebendas,

993 870 1037 903 sic
1054 877 1089 903 ut
1107 871 1290 914 praefertur
1305 871 1343 904 ab
1362 872 1475 905 codem
1495 872 1680 914 patriarcba
1699 871 1734 903 U-

994 925 1211 967 lyssiponensi
1231 925 1423 957 occidentali
1445 936 1502 967 pro
1522 931 1665 967 tempore
1685 935 1735 956 ex-

992 977 1110 1010 istente
1126 979 1270 1020 praefato
1287 978 1476 1019 erigendum
1496 989 1550 1010 seu
1570 978 1734 1019 erigenda,

993 1032 1041 1064 vel
1067 1031 1241 1071 erigendos
1269 1038 1300 1064 et
1327 1033 1499 1073 erigendas
1527 1031 1734 1071 huiusmodi,

994 1095 1165 1128 personam
1199 1086 1349 1118 idoneam
1387 1096 1443 1117 seu
1475 1095 1631 1128 personas
1667 1085 1735 1117 ido-

995 1149 1083 1178 neas,
1105 1144 1166 1170 tam
1194 1150 1228 1171 ex
1256 1139 1360 1182 prima
1385 1139 1453 1171 vice
1480 1149 1497 1170 a
1523 1139 1687 1181 primaeva
1705 1148 1736 1170 e-

996 1194 1042 1225 ius
1058 1199 1112 1225 aut
1129 1204 1242 1225 eorum
1260 1192 1441 1235 respective
1463 1192 1628 1224 erectione
1647 1197 1677 1223 ct
1694 1193 1737 1223 in-

995 1247 1163 1279 stitutione
1184 1246 1338 1289 prael'atis
1358 1256 1473 1278 vacans
1498 1256 1551 1277 seu
1579 1245 1736 1284 vacantia,

995 1306 1048 1332 aut
1067 1306 1228 1339 vacantes,
1242 1310 1337 1342 quam
1353 1299 1448 1332 etiam
1468 1299 1506 1331 de
1526 1305 1645 1338 cetero,
1662 1298 1737 1331 dum

994 1353 1074 1386 illud
1095 1364 1151 1386 seu
1171 1353 1234 1393 illa,
1253 1359 1308 1385 aut
1330 1353 1402 1385 illos
1420 1357 1451 1385 ct
1469 1352 1550 1384 illas¹
1571 1351 1738 1395 quibusvis

995 1407 1100 1439 modis
1126 1412 1158 1439 et
1183 1417 1218 1439 ex
1255 1416 1538 1450 quorumcumque
1571 1405 1738 1447 personis,

996 1460 1091 1493 etiam
1118 1460 1247 1499 nostris,
1266 1465 1321 1492 aut
1343 1459 1479 1492 Romani
1495 1458 1659 1491 Pontifici<
1679 1468 1738 1501 pro

996 1520 1145 1557 tempore
1168 1512 1350 1553 existentis,
1369 1523 1425 1545 scu
1450 1511 1590 1544 cuiusvis
1603 1511 1634 1544 S.
1652 1511 1736 1544 RE.

996 1566 1170 1599 cardinalis
1198 1567 1293 1598 etiam
1320 1575 1406 1598 nunc
1427 1565 1561 1597 viventis
1577 1563 1740 1596 familiari-

996 1619 1069 1659 bus,
1098 1618 1259 1651 coutinuis
1285 1618 1572 1657 commensalibus,
1601 1628 1655 1649 seu
1683 1617 1740 1649 Ro-

997 1683 1111 1706 manae
1151 1671 1264 1705 Curiae
1306 1671 1498 1704 officialibus
1517 1698 1524 1711 ,
1567 1676 1621 1703 aut
1660 1670 1740 1702 alias

997 1725 1246 1769 quomodolibet
1271 1724 1522 1757 reservationem
1550 1729 1581 1756 et
1601 1723 1741 1756 allectio-

997 1790 1070 1812 nem
1099 1789 1335 1822 quamcumque
1357 1778 1570 1821 apostolicam
1588 1777 1739 1809 inducen-

999 1834 1101 1875 tibus,
1128 1843 1183 1866 seu
1210 1843 1268 1876 per
1293 1832 1421 1871 liberas,
1448 1831 1542 1864 etiam
1569 1841 1604 1863 cx
1631 1831 1739 1869 causa,

999 1887 1277 1930 permutationem
1295 1896 1352 1918 seu
1370 1885 1608 1926 resignatioues
1627 1884 1665 1916 de
1685 1884 1740 1916 illo

998 1941 1046 1973 vel
1086 1939 1151 1972 illis
1192 1940 1223 1971 in
1261 1939 1404 1972 Romana
1440 1937 1533 1970 Curia
1574 1937 1741 1981 praedicta

999 1993 1094 2027 ctiam
1120 1993 1151 2025 in
1179 1992 1329 2025 manibus
1367 1992 1484 2025 nostris
1523 2001 1578 2023 seu
1606 1990 1742 2022 Romani

999 2046 1164 2079 Pontificis
1199 2057 1259 2089 pro
1295 2051 1442 2088 tempore
1474 2044 1659 2083 existentis,
1693 2044 1743 2076 vel

999 2106 1088 2133 extra
1106 2110 1188 2139 eam,
1210 2099 1459 2142 quomodolibet
1486 2098 1598 2130 factam
1625 2108 1679 2130 seu
1701 2097 1742 2129 sa-

1000 2159 1087 2193 etas,
1113 2158 1166 2185 aut
1191 2152 1364 2185 admissam
1391 2162 1446 2183 scu
1473 2150 1650 2189 admissas,
1691 2154 1744 2181 aut

1001 2207 1239 2240 assecutionem
1266 2206 1397 2239 alterius
1423 2204 1570 2237 beneficii
1598 2203 1744 2236 ccclesia-

1000 2261 1070 2293 stici
1098 2261 1207 2303 quavis
1234 2259 1426 2292 auctoritate
1448 2257 1568 2298 collati,
1590 2267 1645 2289 seu
1666 2257 1742 2289 illud

1002 2315 1050 2346 vel
1077 2314 1131 2346 illa
1165 2318 1218 2345 aut
1254 2313 1329 2345 illos
1355 2317 1386 2345 ct
1412 2312 1483 2344 illas
1510 2321 1569 2354 pro
1598 2316 1742 2352 tempore

1002 2367 1220 2400 obtinentium
1248 2367 1437 2405 decessum,
1466 2366 1513 2397 vel
1542 2363 1685 2407 quamvis
1711 2373 1742 2395 a·

1002 2421 1075 2454 liam
1110 2420 1350 2458 dimissionem,
1383 2418 1611 2456 amissionem,
1641 2415 1743 2458 priva-

1003 2475 1153 2513 tionem,
1188 2472 1356 2515 religionis
1394 2471 1601 2513 ingressum,
1637 2469 1744 2501 mutri-

1002 2527 1101 2560 monii
1127 2532 1351 2565 contractum,
1379 2530 1432 2557 aut
1457 2525 1535 2556 alias
1568 2522 1745 2566 quomodo-

1742 184 1790 209 An.
1808 183 1836 211 C.
1857 183 1925 211 1738

1887 564 1929 582 eri-

1039 2592 1049 2618 l
1075 2590 1172 2618 Vocem
1193 2592 1219 2617 e!
1239 2589 1307 2616 illas
1328 2595 1376 2614 nos
1397 2587 1522 2614 addimus
1541 2593 1580 2620 tn.
1599 2589 1646 2617 τ.),
