2232 3178
807 226 947 252 CLEMENS

192 277 247 308 rali
268 276 396 315 Ordinis,
411 276 440 306 in
465 277 526 306 tota
548 275 599 306 sua
622 276 730 306 familia
748 287 753 305 :
772 280 853 316 pater
877 276 931 306 mi-

194 326 286 356 nister
308 325 350 355 vel
375 325 501 354 vicarius
524 325 713 364 provincialis
736 325 765 355 in
789 327 841 354 sua
866 335 932 364 pro-

194 375 309 411 vincia,
332 373 504 403 absentibus
527 374 572 403 his
595 373 708 403 duobus
731 374 932 412 superioribus

194 422 396 462 generalibus:
415 426 442 451 et
464 422 509 451 his
532 422 626 451 tribus
648 422 830 457 absentibus,
848 422 934 451 mini—
953 405 955 443 l

194 476 253 502 ster
273 472 303 500 in
327 481 379 501 suo
409 474 554 500 conventu
586 470 630 499 vel
663 471 798 508 collegio.
823 470 932 499 Deinde

194 520 327 550 volumus
359 519 437 559 quod
467 519 639 548 observetur
663 519 709 548 hic
732 519 824 548 ordo:
850 520 934 548 Pater
955 525 957 551 1

194 568 414 599 commissarius
436 568 480 597 vel
505 567 786 597 vicecommissarius
814 577 936 605 genera-

194 618 246 653 lis,
274 617 351 646 intra
378 625 459 646 suam
489 615 650 653 familiam,
675 620 740 655 post
769 616 935 645 ministrum

195 667 239 696 vel
254 665 395 695 vicarium
412 665 598 703 generalem3
615 669 644 694 et
659 669 741 693 extra
759 664 851 701 illam,
873 667 936 703 post
957 676 958 699 l

195 714 366 745 definitores
389 713 542 752 generales
557 713 692 743 Ordinis:
712 717 810 751 postea
833 712 934 742 delini-

194 768 272 793 tores
296 762 447 800 generales
463 761 581 792 Ordinis
604 761 633 790 in
657 765 716 790 toto
742 760 849 790 Ordine
873 765 936 799 post

195 805 363 842 ministrum
386 812 502 848 domus,
519 815 600 840 extra
617 820 702 840 suurn
725 810 936 845 definitorinm,

195 866 223 892 et
238 861 314 891 sicut
326 861 334 877 ¹
350 861 426 890 intra
444 860 527 896 illud,
551 859 685 899 quamvis
702 859 780 888 aliud
803 859 939 888 definito-

195 910 292 948 rium,
314 909 375 938 sive
398 908 535 947 generale
565 908 714 943 familiae,
738 908 799 937 sive
822 908 938 947 proriu-

195 959 286 995 ciale,
311 963 376 988 actu
399 957 564 987 celebretur
586 957 614 986 in
631 957 745 987 ‚domoz
769 957 939 986 definitores

197 1008 348 1046 generales
371 1007 498 1036 familiae
513 1010 593 1035 extra
611 1006 755 1035 actualem
779 1006 937 1035 delinitorii

198 1055 424 1085 celebrationem
448 1054 525 1084 intra
547 1063 630 1083 suam
654 1054 796 1083 familiam
820 1054 939 1083 sedeant

197 1109 263 1145 post
286 1105 455 1134 ministrum
489 1104 565 1133 sicut
597 1103 767 1133 definitores
789 1104 940 1141 generales

196 1153 326 1192 Ordinis,
344 1157 372 1183 et
387 1156 469 1183 extra
487 1161 569 1182 suam
588 1152 728 1181 familiam
746 1161 846 1182 omnes
869 1152 939 1181 alios

196 1202 325 1241 hospites
354 1206 412 1231 tam
443 1201 595 1230 ministros
624 1210 711 1239 quam
744 1201 940 1239 provinciales

197 1251 391 1293 praecedant:
416 1251 585 1280 definitores
619 1250 812 1289 provinciales
835 1250 864 1279 in
888 1251 941 1279 sua

197 1301 366 1341 provincia,
383 1299 488 1330 deinde
504 1299 673 1329 definitores
689 1299 840 1337 generales
859 1298 941 1328 fami-

198 1350 253 1380 liae
266 1350 407 1389 hospites,
421 1349 613 1388 provinciales
627 1348 757 1387 hospites
770 1348 844 1377 intra
859 1357 940 1377 suam

197 1399 348 1434 familiam,
365 1401 393 1428 et
409 1397 544 1427 similiter
560 1397 730 1427 definitores
747 1397 942 1436 provinciales

198 1447 347 1487 hospites,
370 1447 449 1476 iuxta
467 1446 669 1485 antiquitatem
686 1455 804 1475 suarum
826 1445 944 1485 provin-

198 1497 323 1533 ciarum,
337 1496 510 1535 praecedant
524 1495 719 1534 provinciales
732 1499 760 1524 et
772 1495 942 1524 definitores

198 1544 394 1585 provinciales
418 1544 537 1573 alterius
560 1543 698 1581 familiae,
715 1543 763 1582 qui
780 1547 861 1572 extra
878 1552 943 1582 pro-

199 1593 291 1633 priam
320 1592 459 1623 familiam
474 1592 483 1609 ²
509 1592 713 1631 antiquitatem
736 1601 856 1621 suarum
880 1601 944 1631 pro-

201 1643 363 1672 vinciarum
387 1640 557 1679 servabunt,
576 1641 702 1670 ministri
721 1641 850 1680 hospites
867 1640 942 1670 intra

200 1695 230 1721 et
251 1695 332 1721 extra
355 1699 437 1719 suam
472 1689 651 1729 provinciam
681 1689 763 1719 iuxta
787 1689 945 1728 antiquita-

202 1743 258 1769 tem
282 1747 401 1769 suarum
418 1738 570 1767 domorum
582 1761 590 1775 ,
608 1741 780 1777 procurator
799 1737 944 1775 generalis

202 1787 320 1819 Ordinis
342 1787 371 1817 in
404 1787 536 1817 Romana
568 1786 651 1816 Curia
686 1791 714 1816 et
736 1786 892 1825 Hispaniae
914 1785 944 1815 in

202 1836 300 1875 regia,
324 1836 492 1875 redemptor
511 1835 690 1874 provinciae,
711 1839 882 1874 procurator
897 1843 946 1872 ge-

203 1885 312 1916 neralis
334 1884 473 1920 familiae,
494 1884 695 1922 redemptores
712 1883 841 1922 hospites
864 1883 944 1912 iuxta

204 1933 408 1972 antiquitatem
432 1941 549 1962 suarum
574 1932 802 1971 provinciarum,
825 1931 880 1961 nisi
904 1932 946 1961 in-

204 1986 249 2012 ter
271 1982 337 2012 illos
359 1981 447 2011 suerit
469 1984 577 2010 statuta
599 1980 821 2010 subordinatio:
844 1989 946 2019 procu-

205 2036 288 2061 rator
310 2031 490 2070 provinciae,
509 2033 682 2068 procurator
697 2029 842 2067 generalis
865 2029 947 2058 sami-

204 2080 278 2118 liae,
295 2080 424 2118 hospites
440 2083 536 2118 patres
554 2078 652 2108 vicarii
675 2078 703 2107 in
720 2077 856 2108 domibus
872 2077 944 2115 suis,

205 2132 302 2168 patres
330 2127 432 2157 vicarii
466 2127 615 2166 hospites,
639 2127 718 2156 iuxta
741 2127 946 2165 antiquitatem

207 2186 344 2207 suarum:
362 2177 514 2206 domorum
536 2180 632 2216 patres
656 2180 860 2215 procuratores
883 2185 947 2214 pro-

206 2226 319 2256 vinciae
343 2225 471 2265 hospites
492 2226 573 2255 iuxta
597 2225 801 2263 antiquitatem
828 2233 946 2254 suarum

207 2275 447 2314 provinciarum,
472 2279 500 2304 et
530 2275 578 2313 qui
612 2274 699 2304 fuerit
730 2274 859 2313 plurium
883 2283 949 2312 pro-

208 2324 370 2354 vinciarum
395 2322 549 2362 praecedat
571 2323 664 2351 alios:
698 2327 794 2361 patres
816 2322 950 2351 sacerdo-

208 2376 251 2402 tes
266 2372 397 2411 professi,
415 2371 465 2410 qui
482 2371 589 2400 fuerint
606 2371 789 2408 confessarii,
807 2370 866 2399 sive
883 2379 950 2399 con-

209 2421 382 2458 ventuales,
407 2421 468 2449 sive
501 2420 631 2458 hospites
664 2419 743 2456 sint,
774 2419 949 2458 praecedere

208 2468 325 2506 debent,
349 2469 425 2498 intra
442 2473 470 2499 et
487 2472 568 2498 extra
592 2467 743 2505 familiam,
768 2467 949 2507 provinciam

246 2546 256 2572 1
280 2544 381 2572 Forsan
396 2545 473 2578 sive;
487 2548 609 2571 ceterum
624 2544 693 2572 haec
710 2548 736 2571 et
750 2544 892 2580 sequentia
908 2544 949 2571 di-

209 2589 340 2617 mittimus
355 2589 448 2616 lectori
464 2589 518 2616 scio
536 2596 575 2622 tn.
588 2590 636 2623 T.).

243 2634 259 2663 2
279 2634 345 2662 Male
366 2634 430 2662 edit.
451 2633 533 2662 Μαίη.
554 2634 619 2670 legit
637 2633 774 2668 familiae
792 2634 832 2669 (a.
850 2634 900 2669 T.).

972 227 1019 251 xn
1043 226 1093 252 1³1³.
1615 216 1680 250 415

974 280 1023 306 aut
1046 276 1163 306 domum
1187 285 1281 315 suam,
1306 285 1406 307 omnes
1429 275 1501 307 alios
1523 285 1580 306 non
1603 276 1715 305 conses-

953 360 954 363 ,
975 336 1066 362 sores,
1090 326 1115 356 si
1139 327 1260 366 professi
1283 326 1392 356 suerint
1415 335 1430 356 a
1453 326 1499 356 die
1529 335 1596 356 xxxi
1619 325 1716 355 martii

975 375 1043 404 anni
1064 384 1242 413 MDCCXXMV,
1259 380 1291 405 ut
1314 375 1464 405 decretum
1488 375 1540 405 suit
1564 379 1627 414 post
1649 384 1717 404 con-

976 424 1156 453 stitutionem
1186 434 1262 454 anuo
1295 425 1481 463 praecedenti
1516 424 1717 453 confirmatam

976 482 990 501 a
1014 472 1141 511 capitulo
1164 473 1314 511 generali:
1340 478 1403 512 post
1420 473 1584 512 praedictos
1606 472 1719 502 conses-

977 521 1070 550 sarios
1104 526 1269 560 sequuntur
1291 522 1457 552 sacerdotes
1480 522 1629 561 simplices
1653 530 1719 560 pro-

981 570 1068 606 fessi,
1092 570 1172 600 iuxta
1196 571 1400 610 antiquitatem
1424 580 1543 600 suarum
1566 570 1720 610 professio-

978 626 1067 654 num,
1086 618 1190 648 fratres
1212 619 1329 648 diaconi
1347 619 1479 658 professi,
1500 619 1579 648 iuxta
1593 618 1718 657 antiqui—

979 670 1066 695 tatem
1089 666 1302 705 professionis,
1328 667 1430 696 fratres
1458 666 1630 696 subdiaconi
1656 675 1720 705 pro-

980 714 1057 750 fessi,
1075 716 1155 745 iuxta
1172 715 1373 754 antiquitatem
1392 716 1596 755 professionis3
1616 716 1720 744 fratres

981 763 1104 802 professi
1131 764 1287 801 choristae,
1311 764 1394 794 iuxta
1422 765 1626 803 antiquitatem
1656 773 1723 803 pro-

958 840 960 850 ,
982 812 1137 848 t'essionis3
1161 812 1263 842 novitii
1286 813 1468 849 sacerdotes,
1492 813 1572 842 iuxta
1595 812 1722 852 antiqui-

982 865 1070 890 tatem
1094 861 1231 898 habitus,
1256 862 1359 891 fratres
1382 862 1447 891 laici
1472 861 1617 901 professi,
1642 861 1722 891 iuxta

982 910 1184 949 antiquitatem
1210 911 1417 950 professionis,
1436 911 1538 940 novitii
1561 910 1721 947 choristae,

983 959 1061 989 iuxta
1095 960 1299 998 antiquitatem
1333 959 1470 995 habitus3
1502 959 1603 989 novitii
1636 959 1722 997 laici,

982 1008 1060 1038 iuxta
1083 1008 1287 1048 antiquitatem
1312 1009 1438 1038 habitus.

1022 1067 1052 1087 tt,
1076 1057 1218 1097 Tempore
1241 1058 1360 1097 capituli
1382 1058 1424 1088 vel
1444 1057 1603 1087 definitorii
1627 1060 1725 1096 patres

983 1106 1152 1135 definitores
1186 1111 1214 1136 et
1236 1106 1413 1145 capitulares
1447 1106 1543 1135 locum
1577 1104 1726 1134 habebunt

983 1159 1011 1183 et
1033 1154 1130 1184 sedem
1153 1154 1242 1183 infra¹
1265 1154 1447 1192 designatam
1464 1163 1528 1192 cap.
1549 1161 1648 1190 xxxm,
1666 1153 1678 1173 q
1695 1153 1724 1189 3,

984 1213 1065 1233 num.
1089 1212 1141 1239 1¹¹3
1166 1212 1197 1232 ac
1221 1203 1355 1232 similiter
1377 1203 1405 1232 in
1430 1202 1585 1239 domibus,
1610 1202 1639 1231 in
1663 1201 1728 1240 qui-

984 1251 1038 1281 bus
1061 1252 1186 1281 adfuerit
1218 1251 1352 1290 superior
1381 1250 1567 1280 immediatus
1596 1250 1724 1279 illorum.

985 1301 1085 1331 Patres
1105 1300 1281 1336 visitatores,
1299 1300 1367 1329 dum
1385 1299 1435 1329 tali
1459 1308 1580 1328 munere
1602 1299 1727 1337 fungun-

986 1354 1043 1386 tur,
1068 1349 1265 1389 praesideant,
1289 1353 1317 1379 et
1340 1348 1516 1388 praecedant
1532 1357 1631 1378 omnes
1654 1348 1727 1378 alios

985 1399 1019 1428 ab
1043 1399 1115 1438 ipsis
1140 1398 1312 1428 visitandos.

1024 1456 1065 1477 111.
1089 1447 1192 1477 Nullus
1215 1446 1441 1486 praesidentiam
1465 1446 1508 1476 vel
1531 1446 1586 1476 loci
1611 1455 1729 1485 praece-

986 1496 1116 1526 dentiam
1139 1496 1263 1534 habeat,
1288 1506 1320 1526 eo
1344 1495 1421 1534 quod
1446 1495 1474 1524 in
1499 1495 1641 1533 religione
1664 1495 1729 1524 sun-

985 1550 1050 1575 ctus
1073 1545 1161 1575 fuerit
1183 1545 1283 1584 aliquo
1308 1545 1414 1579 officio,
1438 1544 1524 1573 etiam
1548 1544 1727 1582 general-atu.

1027 1603 1065 1623 1v.
1090 1594 1210 1629 Quando
1233 1594 1262 1623 in
1286 1594 1390 1624 itinere
1414 1593 1536 1629 fuerint,
1561 1592 1730 1632 praesiden-

987 1643 1057 1672 tiam
1092 1647 1120 1672 et
1151 1643 1373 1680 graduationem
1408 1651 1489 1671 num.
1515 1651 1522 1671 1
1550 1641 1728 1679 assignatam

987 1691 1155 1729 observent,
1175 1691 1231 1721 nisi
1248 1691 1340 1721 iusta²
1356 1691 1390 1720 de
1409 1692 1497 1720 causa
1513 1690 1660 1729 praelatus
1678 1691 1730 1720 ali-

988 1750 1074 1779 quem
1098 1741 1196 1770 minus
1218 1741 1372 1779 antiquum
1396 1740 1424 1769 in
1448 1739 1662 1778 praesidentem
1682 1739 1731 1769 de-

988 1789 1095 1827 signet.

1174 1862 1321 1886 REGULAE
1348 1862 1448 1886 cxPUT
1473 1863 1549 1886 XXH.

1067 1917 1151 1935 ntur-mi
1167 1921 1272 1935 seorsum
1287 1917 1402 1935 dormiant
1417 1918 1442 1935 et.
1457 1916 1588 1938 comedant,
1605 1917 1644 1935 etc

988 1970 1085 2000 CAPcT
1118 1978 1186 1999 xxlt.
1210 1987 1250 1992 —-
1277 1969 1317 1999 De
1346 1969 1479 1998 charitate
1507 1978 1571 2007 erga
1599 1969 1731 2007 infirmos.

1030 2046 1048 2066 1.
1073 2036 1214 2075 Superior
1230 2040 1391 2065 conventus
1410 2040 1526 2074 praesto
1542 2035 1579 2064 sit
1594 2035 1731 2070 infirmis,

990 2085 1201 2125 provideatque
1234 2085 1268 2114 de
1302 2084 1437 2114 omnibus
1474 2085 1646 2114 necessariis
1680 2093 1731 2123 pro

990 2135 1119 2174 ipsorum
1144 2134 1257 2164 medela
1281 2138 1308 2164 et
1332 2134 1493 2172 curatione,
1518 2133 1587 2173 quin
1612 2142 1734 2173 pauper-

991 2187 1048 2213 tate
1071 2188 1233 2213 conventus
1256 2183 1390 2212 excusari
1411 2183 1493 2219 velit,
1512 2182 1645 2222 quamvis
1664 2191 1731 2212 vera

990 2233 1028 2262 sit
1052 2237 1217 2272 paupertas,
1237 2233 1246 2248 ³
1265 2232 1439 2261 renunciare
1461 2231 1566 2261 debeat
1585 2231 1732 2267 osticium,

991 2281 1134 2320 alioquin,
1155 2281 1229 2310 sacto
1247 2290 1260 2310 a
1279 2280 1449 2319 provinciali
1468 2289 1618 2319 processu,
1637 2279 1733 2318 priva-

992 2335 1037 2360 tus
1061 2330 1097 2359 sit
1120 2339 1134 2359 a
1158 2329 1323 2359 dessuitorio
1346 2329 1475 2367 generali
1498 2338 1550 2358 suo
1565 2352 1572 2366 ,
1596 2333 1627 2358 ut
1656 2327 1734 2357 solli-

992 2379 1076 2408 citior
1093 2378 1180 2417 alius,
1197 2379 1261 2408 loco
1279 2378 1368 2416 illius,
1387 2378 1573 2415 subrogetur.
1594 2377 1734 2416 Superior

991 2437 1060 2457 vero
1083 2436 1139 2456 non
1165 2427 1330 2466 permittat,
1355 2426 1430 2466 quod
1454 2431 1533 2455 extra
1557 2430 1733 2455 conventum

992 2476 1075 2506 cibus
1098 2476 1270 2513 condiatur,
1295 2475 1351 2505 nisi
1374 2476 1403 2504 in
1427 2475 1526 2514 aliqua
1549 2475 1629 2513 gravi
1653 2474 1734 2504 infirn

1029 2545 1038 2570 l
1064 2543 1134 2569 Edit.
1158 2543 1236 2569 Maiu.
1258 2542 1324 2575 legit
1345 2541 1423 2567 intra
1443 2547 1484 2573 (n.
1501 2541 1550 2573 τ.).

1027 2587 1044 2613 2
1063 2587 1136 2614 Edit.
1158 2587 1237 2613 ltlain.
1259 2586 1323 2621 legit
1345 2586 1427 2612 inacta
1447 2589 1486 2619 (n.
1502 2585 1552 2619 T.)-

1027 2631 1043 2659 3
1063 2631 1170 2668 Aliquid
1191 2631 1285 2658 deesse
1306 2630 1412 2657 videtur
1432 2638 1471 2657 ex.
1493 2638 1520 2666 g.
1544 2630 1584 2657 vel
1603 2631 1643 2665 (a.
1660 2630 1711 2665 T.).

1726 227 1774 253 An.
1792 226 1819 252 C.
1842 226 1909 253 ¹738
