2232 3178
68 228 118 254 An.
136 225 168 254 C.
182 225 253 253 1735

90 1348 248 1370 Contrariorum

65 1375 183 1402 derogatio.

883 227 1023 252 CLEMENS
1047 227 1093 251 XII
1115 228 1165 251 PP.

259 274 375 308 lendae
407 274 586 307 memoriae
612 275 657 307 Pii
684 275 789 318 Papae
810 274 846 307 IV
882 276 1003 318 pariter

259 327 516 371 praedecessoris
554 330 656 362 nostri
694 329 838 372 desuper
862 329 1002 369 editam,

259 385 313 413 aut
329 382 408 415 alias
426 382 694 426 quandocumque
713 382 1001 426 praesentandum,

259 434 487 468 insinuandum
528 441 559 468 et
594 436 833 479 registi-andum
875 435 1001 475 teneri,

258 496 365 530 neque
390 487 462 522 illas
486 493 662 532 propterea
688 488 805 528 irritas,
824 488 879 521 sed
902 487 1004 520 omni-

258 549 299 572 no
324 541 429 574 valere
462 546 495 574 et
530 540 712 584 suffragari,
736 541 870 584 perinde
906 551 942 573 ae
978 540 1002 572 si

258 593 393 637 praefati
415 594 459 627 Pii
478 594 515 627 lv
533 594 795 637 praedecessoris
813 594 1002 626 constitutio

259 646 469 681 huiusmodi·
495 648 627 681 minime
653 647 866 689 emanasset&
892 647 1002 690 sieque

258 711 318 743 per
343 711 564 745 quoscumque
585 701 710 734 iudices
728 701 912 734 ordinarios
928 701 979 734 vel
993 700 1004 716 ³

265 754 451 797 delegatos,
477 754 573 788 etiam
598 765 766 788 causarum
791 754 899 798 palatii
925 764 1003 798 apo-

259 806 364 840 stolici
388 808 552 842 auditores
568 835 576 850 ,
601 819 636 841 ac
660 808 822 852 praefatae
848 808 879 841 S.
899 808 937 840 R.
965 807 1000 840 E.

259 861 455 903 cardinales,
481 861 576 895 etiam
603 862 642 895 de
668 863 767 895 latere
792 863 933 905 legatos,
959 861 1003 894 vi-

260 916 440 958 celegatos,
459 915 564 949 dictae
588 915 679 949 Sedis
704 916 852 956 nuncios,
878 915 1003 948 sublata

258 968 305 1001 eis
324 973 355 1001 et
372 979 484 1001 eorum
503 968 633 1002 cuilibet
649 968 780 1012 quavis⁴
805 969 897 1001 aliter
921 968 1003 1002 iudi-

259 1021 352 1054 candi
371 1028 403 1055 et
420 1021 656 1066 interpretandi
679 1022 829 1058 facultate
848 1028 880 1054 et
896 1027 1004 1055 aueto-

259 1074 363 1114 ritate,
385 1075 416 1107 in
441 1075 554 1118 quavis
574 1077 669 1108 causa
695 1080 726 1108 et
751 1075 898 1108 instantia
923 1075 1004 1107 iudi-

259 1127 322 1160 cari
341 1133 372 1160 et
390 1128 515 1161 deliniri
534 1129 664 1169 debere,
684 1134 716 1161 et
740 1128 764 1161 si
784 1139 876 1162 secus
904 1139 1004 1171 super

259 1180 309 1213 his
326 1191 343 1213 a
362 1192 537 1225 quoquam,
556 1181 666 1224 quavis
684 1181 1003 1221 aiictoriiatesscien-

260 1238 309 1266 ter
332 1234 381 1266 vel
406 1234 608 1277 ignoranter,
633 1235 806 1277 contigerit
831 1235 1001 1275 attentari,

259 1286 386 1320 irritum
408 1292 439 1320 et
464 1287 558 1320 inane
577 1287 794 1321 decernimus.

303 1340 319 1384 §
343 1340 375 1373 6.
401 1340 471 1374 Non
495 1340 714 1381 obstantibus,
740 1346 895 1384 quatenus
921 1351 1003 1384 opus

259 1394 319 1435 sit,
351 1396 462 1428 nostra
495 1399 527 1427 et
551 1394 769 1428 Cancellariae
796 1394 1003 1438 Apostolicae

259 1448 372 1490 regula
398 1448 438 1481 de
464 1448 532 1481 iure
569 1448 716 1491 quaesito
747 1458 811 1481 non
848 1447 1003 1488 tollendo,

258 1510 386 1534 necnon
412 1501 557 1533 eiusdem
584 1500 820 1534 recordationis
852 1500 1003 1534 Clemen-

259 1554 299 1587 tis
332 1554 390 1587 PP.
427 1554 487 1594 Ill,
520 1565 557 1587 ac
581 1554 718 1598 praefati
744 1553 917 1587 Caelestini
943 1553 1003 1594 ΙΙΙ,

257 1617 387 1641 necnon
413 1607 592 1640 Innocentii
617 1607 656 1640 lIl
693 1618 729 1641 ac
763 1607 898 1640 Honorii
924 1617 1003 1650 quo-

260 1672 324 1704 que
349 1661 410 1701 Ill,
435 1661 659 1694 Romanorum
689 1660 880 1694 Pontificum
906 1660 1002 1693 etiam

258 1714 546 1757 praedecessorum
563 1719 758 1754 nostrorum,
776 1724 873 1757 super
892 1719 1003 1746 aucto-

258 1766 353 1800 ritate
380 1773 412 1800 et
436 1777 494 1800 usu
519 1766 609 1810 pallii
637 1766 741 1807 editis,
766 1766 903 1810 aliisque
928 1777 1003 1800 con-

259 1820 480 1854 stitutionibus
495 1820 506 1836 ⁵
545 1820 751 1864 apostolicis,
793 1820 1003 1863 eiusdemque

259 1875 414 1908 ecclesiae
438 1873 666 1913 FerrariensiS,
688 1873 784 1907 etiam
811 1873 1003 1914 iuramento,

259 1927 506 1961 confirmatione
532 1927 722 1971 apostolica,
745 1927 791 1960 vel
817 1928 928 1971 quavis
953 1928 1004 1960 tir-

259 1981 369 2014 mitate
404 1980 465 2014 alia
501 1981 675 2022 roboratis,
714 1981 840 2014 statutis
873 1986 905 2014 et
928 1991 1004 2014 con-

260 2034 495 2075 suetudinibus,
521 2034 704 2078 privilegiis
730 2045 873 2078 quoque,
900 2034 1004 2068 indul-

261 2087 299 2120 tis
317 2092 349 2120 et
368 2087 483 2121 litteris
504 2087 702 2131 apostolicis,
721 2088 827 2121 eidem
846 2088 1002 2121 ecclesiae

262 2139 468 2182 Ferrariensi,
490 2141 644 2185 illiusque
669 2142 872 2185 praesulibus
898 2147 928 2175 et
953 2142 1004 2174 ad-

263 2193 554 2235 ministratoribus,
593 2205 720 2228 necnon
762 2195 889 2228 dilectis
928 2195 1003 2228 filiis

263 2245 348 2278 illius
382 2248 523 2290 capitulo
559 2248 697 2291 aliisque
735 2249 905 2291 personis,
943 2249 1002 2281 sub

265 2298 520 2344 quibuscumque
546 2301 712 2335 tenoribus
745 2306 778 2334 et
810 2302 943 2343 formis,
968 2312 1003 2335 ac

264 2360 335 2383 cum
376 2352 541 2395 quibusvis
580 2354 675 2387 etiam
721 2354 1001 2397 derogatoriarum

300 2449 309 2474 1
335 2447 383 2474 Ed.
404 2447 437 2475 M.
459 2448 532 2476 addit
551 2450 669 2485 aliaque
687 2451 840 2478 contraria
859 2452 899 2485 (R.
916 2452 965 2480 ΤΛ.

298 2492 314 2518 2
334 2492 383 2519 Ed.
404 2493 441 2519 M.
462 2493 527 2529 legit
546 2498 729 2522 emanassent
749 2500 787 2529 (R-
800 2495 851 2531 Τ.).

299 2538 314 2564 3
334 2536 384 2564 Ed.
405 2539 442 2565 M.
465 2539 531 2573 legit
550 2542 575 2566 et
596 2547 643 2574 pro
663 2541 705 2566 vel
724 2542 766 2574 (n.
782 2543 830 2575 L).

298 2582 316 2608 4
330 2582 378 2609 Ed.
396 2582 430 2610 M.
448 2583 512 2618 legit
527 2586 667 2618 quatenus
682 2593 734 2619 pro
749 2586 851 2620 quavis
867 2586 905 2622 (n.
917 2587 964 2621 T.).

299 2626 314 2654 5
331 2626 379 2655 Ed.
397 2627 430 2655 M.
448 2627 520 2656 addit
541 2631 567 2658 et
582 2629 815 2658 ordinationibus
834 2632 872 2666 (n.
890 2632 938 2666 τ.).

1047 275 1274 318 derogatoriis,
1312 276 1449 320 aliisque
1486 277 1720 311 efficacioribus
1758 284 1789 312 et

1046 328 1186 361 insolitis
1222 329 1391 371 clausulis,
1425 340 1552 364 necnon
1589 330 1788 363 irritantibus

1047 385 1077 414 et
1109 381 1180 414 aliis
1218 382 1371 423 decretis,
1410 384 1504 417 etiam
1538 389 1625 417 motu
1657 384 1724 427 pari
1759 390 1789 417 et

1046 435 1324 476 consistorialiter,
1350 442 1404 469 aut
1429 437 1507 470 alias
1545 438 1790 480 quomodolibet

1047 488 1143 520 etium
1180 490 1300 532 pluries
1333 490 1502 531 concessis,
1536 490 1724 533 approbatis
1758 496 1789 523 et

1047 540 1229 581 innovatis;
1266 542 1383 585 quibus
1408 543 1557 575 omnibus
1583 548 1614 575 et
1639 543 1785 585 singulis,

1047 594 1172 627 etiamsi
1198 605 1257 637 pro
1282 595 1414 628 illorum
1451 595 1620 628 sufficienti
1654 597 1789 638 deroga-

1046 647 1135 680 tione
1161 648 1199 680 de
1225 648 1288 680 illis
1314 659 1492 691 eorumque
1518 650 1593 681 totis
1620 650 1788 682 tenoribus

1046 700 1204 743 specialis,
1229 701 1381 744 specifica
1415 707 1446 734 et
1478 701 1643 734 individua
1668 702 1788 735 mentio

1047 764 1102 787 seu
1119 755 1251 797 quaevis
1269 755 1330 787 alia
1348 755 1514 797 expressio
1533 755 1682 787 habenda
1698 755 1787 796 soret,

1049 812 1178 840 tenores
1204 807 1403 848 huiusmodi,
1431 819 1466 841 ae
1499 808 1524 840 si
1557 808 1595 840 de
1627 808 1724 842 verbo
1749 808 1788 841 ad

1046 860 1192 901 verbum,
1219 860 1300 894 nibil
1326 861 1456 904 penitus
1482 862 1602 894 omisso
1634 867 1664 894 et
1688 862 1790 894 forma

1047 914 1077 947 in
1105 914 1166 948 illis
1194 915 1309 947 tradita
1335 915 1513 954 observata,
1532 914 1643 947 inserti
1670 915 1787 956 forent,

1045 967 1276 1011 praesentibus
1306 978 1366 1011 pro
1397 968 1593 1001 sufficienter
1626 968 1788 1011 expressis

1048 1020 1218 1061 hahentes,
1238 1021 1302 1053 illis
1327 1021 1406 1054 alias
1431 1021 1462 1052 in
1489 1031 1546 1053 suo
1572 1021 1693 1054 robore
1715 1032 1790 1064 per-

1047 1074 1215 1113 mansuris,
1242 1074 1302 1106 hac
1337 1074 1405 1106 vice
1437 1074 1609 1112 dumtaxat,
1636 1073 1789 1106 latissime

1047 1132 1079 1160 et
1103 1127 1290 1170 plenissime
1317 1137 1351 1160 ac
1372 1127 1562 1170 specialiter
1582 1132 1612 1159 et
1637 1137 1788 1170 expresse

1047 1187 1133 1213 motu
1172 1179 1290 1213 simili¹
1327 1181 1546 1223 derogamus3
1581 1179 1789 1223 ceterisque⁹

1047 1233 1217 1266 contrariis
1243 1226 1513 1276 quibuscumque.

1091 1288 1105 1330 ἓ
1124 1287 1152 1320 7.
1172 1288 1324 1321 Volumus
1342 1292 1448 1320 antem
1469 1287 1680 1320 earumdem³
1697 1297 1789 1331 prae-

1047 1341 1188 1374 sentium
1215 1340 1447 1384 transumptis,
1480 1340 1572 1374 etiam
1600 1341 1787 1384 impresffls,

1047 1405 1143 1428 manu
1170 1395 1288 1428 notarii
1312 1394 1434 1438 publici
1461 1394 1671 1438 subscriptis,
1691 1399 1722 1427 et
1747 1394 1790 1427 si-

1048 1449 1126 1492 gillo
1151 1448 1288 1481 alicuius
1314 1458 1473 1492 personae
1499 1448 1532 1481 in
1559 1448 1714 1490 dignitate
1740 1459 1790 1481 ec-

1048 1502 1226 1535 clesiastica
1258 1501 1452 1535 constitutae
1485 1502 1641 1542 munitis,
1677 1502 1789 1535 eadem

1047 1566 1183 1599 prorsus
1198 1555 1276 1589 fides
1293 1556 1326 1591 in
1345 1555 1465 1588 iudicio
1484 1560 1515 1588 et
1533 1560 1623 1588 extra
1640 1555 1719 1588 illud
1739 1556 1790 1588 ad-

1047 1609 1210 1649 hibeatur,
1223 1620 1306 1651 quae
1325 1608 1448 1642 eisdem
1465 1608 1688 1652 praesentibus
1704 1608 1789 1641 adlu-

1046 1663 1178 1695 beretur
1195 1661 1221 1695 si
1241 1662 1347 1695 forent
1375 1662 1536 1695 exhibitae
1553 1663 1603 1695 vel
1622 1667 1786 1695 ostensae.

1091 1715 1105 1759 ᾗ
1132 1716 1161 1749 8.
1186 1715 1273 1749 Nulli
1300 1726 1377 1757 ergo
1404 1715 1537 1748 omnino
1563 1714 1731 1748 hominum
1756 1715 1981 1776 li‘iffii¹i‘i·¹1⁹22³¹⁰‘ss‚¹3¹‡³

1047 1774 1119 1802 ceat
1143 1769 1228 1801 hanc
1253 1769 1402 1811 paginam
1429 1773 1560 1801 nostrae
1579 1768 1846 1811 approbatio-nae.

1047 1822 1107 1862 nis,
1132 1821 1400 1861 confirmationis,
1427 1821 1554 1854 roboris
1579 1820 1786 1861 adiectionis,

1047 1875 1228 1908 defectuum
1260 1874 1499 1918 suppletionis,
1525 1873 1715 1913 erectionis,
1743 1874 1788 1905 in-

1047 1928 1241 1968 stitutionis,
1267 1927 1494 1961 declarationis
1514 1955 1521 1968 ,
1549 1927 1788 1968 concessionis,

1047 1982 1180 2022 indulti,
1196 1981 1331 2022 decreti,
1351 1981 1578 2023 derogationis,
1596 1986 1628 2013 et
1644 1981 1788 2014 volunta-

1049 2035 1086 2068 tis
1105 2035 1292 2077 infringere,
1307 2035 1357 2067 vel
1375 2034 1423 2067 ei⁴
1440 2044 1517 2067 ausu
1534 2034 1702 2067 temerario
1717 2043 1788 2067 con-

1047 2088 1163 2128 traire,
1183 2088 1208 2120 si
1228 2087 1298 2131 quis
1316 2092 1423 2121 autem
1442 2087 1505 2121 lioc
1523 2093 1681 2120 attentare
1701 2098 1788 2130 prac-

1047 2142 1233 2186 sumpserit,
1267 2141 1524 2184 indignationem
1557 2142 1789 2184 omnipotentis

1047 2196 1102 2229 Dei
1128 2207 1164 2229 ac
1188 2196 1358 2229 beatorum
1385 2196 1469 2228 Petri
1495 2201 1525 2228 et
1546 2195 1632 2228 Pauli
1660 2199 1788 2237 aposto-

1047 2251 1152 2283 lorum
1176 2248 1245 2282 eius
1272 2259 1306 2282 se
1331 2248 1477 2282 noverit³
1504 2249 1717 2292 incursurum.

1090 2302 1202 2335 Datum
1228 2301 1367 2341 Romae,
1402 2301 1487 2344 apud
1513 2301 1544 2333 S.
1577 2300 1703 2332 Mariam
1732 2299 1787 2331 Ma>

1047 2354 1169 2395 iorem,
1212 2365 1296 2387 anno
1338 2353 1567 2387 lnearnationis
1605 2353 1785 2385 dominicae

1083 2453 1093 2478 1
1118 2451 1191 2478 Edit.
1212 2451 1292 2478 Main.
1313 2451 1378 2485 legit
1395 2451 1465 2484 pari
1485 2452 1520 2484 (n.
1542 2450 1591 2481 T.).

1081 2496 1097 2522 “2
1118 2496 1216 2522 Vocem
1232 2496 1390 2529 ceterisque
1407 2494 1468 2521 add.
1485 2501 1517 2519 ex
1533 2497 1585 2519 aut.
1602 2493 1677 2519 Ferr.
1695 2493 1784 2527 (naui

1081 2541 1097 2567 3
1113 2540 1162 2567 Ed.
1179 2540 1212 2566 Μ.
1229 2540 1293 2573 legit
1309 2540 1385 2573 quod
1399 2538 1561 2565 eorumdem
1580 2539 1618 2572 (n.
1631 2538 1679 2570 τ.).

1082 2585 1098 2611 4
1119 2584 1171 2611 Vox
1193 2585 1219 2610 ei
1238 2584 1314 2611 deest
1334 2583 1359 2608 in
1380 2583 1444 2609 edit.
1466 2582 1544 2609 Main.
1566 2584 1603 2616 (n.
1621 2583 1670 2616 T.).

1082 2630 1098 2656 5
1115 2629 1182 2655 Male
1199 2629 1241 2654 ezl,
1259 2628 1291 2654 M.
1310 2628 1362 2662 leg,
1382 2627 1493 2654 noviter
1509 2635 1555 2661 pro
1574 2627 1684 2654 nmwril
1696 2630 1782 2662 tusus,

1705 221 1746 254 67
1794 230 1843 257 An.
1865 231 1893 258 c.
1914 233 1980 260 1735

1840 1296 1904 1317 Fnles
1928 1299 1984 1320 tran·

1741 1341 1747 1346 .
1799 1327 1938 1350 sumpturum.
