2232 3178
253 185 306 214 An.
324 186 354 213 c.
377 186 442 214 1737
489 177 552 210 246

448 236 466 271 †
487 235 546 272 Ego
568 234 600 264 D.
625 234 754 264 Leander
777 233 854 263 tituli
877 232 907 262 S.
931 232 1042 262 Callisti
1066 231 1188 272 presby-

529 286 573 312 ter
595 281 755 312 cardinalis
778 280 812 310 de
835 280 948 310 Porzia.

449 332 467 368 †
490 330 548 369 Ego
580 331 609 360 Ρ.
637 329 775 368 Aloysius
796 329 894 359 Carasa
918 328 1077 358 cardinalis
1113 328 1189 358 tituli

527 379 556 410 S.
582 378 730 409 Laurentii
753 378 781 408 in
806 377 882 407 Pane
904 382 932 407 et
955 377 1059 407 Perna.

529 574 582 604 tuli
605 573 633 603 S.
657 573 797 613 Sylvestri
821 573 851 603 in
874 573 983 613 Capite.

447 624 467 755 -i-i-i-
447 431 467 562 -1-1-4

487 718 544 757 Ego
567 718 739 749 vincentius
766 718 844 748 tituli
877 718 907 747 S.
932 717 1009 747 Petri
1031 717 1062 747 in
1094 716 1190 746 Monte

527 767 623 797 Aureo
646 766 796 807 presbyter
819 766 976 796 cardinalis
999 765 1128 795 Bichius.

448 818 464 854 †
486 816 544 855 Ego
566 815 670 855 Ioseph
693 816 769 846 tituli
802 815 831 846 S.
848 815 976 845 Thomae
1004 814 1034 845 in
1064 814 1190 844 rarione

528 864 678 904 presbyter
699 865 857 894 cardinalis
878 864 992 894 Firrao.

448 915 466 951 †
489 913 548 952 Ego
570 913 714 943 Antonius
737 913 814 943 tituli
836 913 865 943 S.
889 912 1029 951 Stephani
1048 913 1077 942 in
1095 911 1189 942 Monte

528 961 623 991 Coelio
646 961 798 1001 presbyter
821 961 981 990 cardinalis
1003 960 1122 990 Gentili.

447 1012 466 1048 †
488 1010 546 1049 Ego
581 1010 673 1040 frater
701 1010 823 1040 loannes
852 1009 997 1039 Antonius
1031 1008 1190 1038 cardinalis

529 1059 680 1097 Guadagni
703 1059 782 1089 tituli
803 1058 832 1089 S.
857 1058 1001 1097 Sylvestri
1023 1061 1051 1087 et
1072 1057 1189 1087 MartIni

528 1108 563 1138 ad
578 1107 700 1138 Montes.

448 1159 467 1194 †
489 1157 548 1195 Ego
583 1156 616 1187 T.
654 1156 814 1187 cardinalis
850 1156 886 1186 de
921 1156 1067 1196 Aquaviva
1112 1155 1190 1186 tituli

527 1205 558 1235 S.
575 1205 728 1236 Caeciliae.

446 1256 465 1292 †
486 1255 544 1293 Ego
564 1254 733 1284 Dominicus
748 1253 792 1285 Ss.
810 1253 920 1289 Quirici
932 1258 960 1284 et
975 1253 1092 1284 lulittae
1108 1263 1188 1294 pres-

527 1303 610 1343 byter
631 1303 790 1334 cardinalis
812 1303 940 1333 Riviera.

447 1355 465 1391 ’ἰ-
487 1352 546 1392 Ego
565 1353 719 1383 Marcellus
737 1352 815 1383 tituli
833 1352 862 1383 S.
880 1352 989 1383 Mariae
1005 1352 1036 1382 in
1052 1352 1189 1383 Aracaeli

528 1399 683 1439 presbyter
704 1399 864 1430 cardinalis
886 1399 1013 1429 Passari.

447 1450 465 1486 †
487 1448 546 1487 Ego
568 1449 672 1479 Petrus
694 1449 852 1479 cardinalis
875 1448 1079 1480 Aldovrandus
1111 1449 1188 1479 tituli

527 1497 556 1528 S.
581 1497 711 1528 Eusebii.

447 1597 465 1632 †
488 1594 546 1634 Ego
568 1595 617 1626 Fr.
635 1596 666 1626 P.
685 1596 721 1626 M.
747 1596 824 1626 tituli
846 1596 876 1627 S.
897 1596 1015 1626 Ioannis
1038 1599 1105 1626 ante
1120 1595 1190 1626 Por-

527 1648 586 1674 tam
609 1645 741 1675 Latinam
765 1645 924 1675 cardinalis
947 1645 1037 1675 Pieri.

447 1694 474 1730 †.
488 1693 545 1734 Ego
568 1694 709 1733 Iosephus
732 1694 810 1724 tituli
834 1696 864 1724 S.
889 1694 1088 1725 Pudentianae
1112 1703 1191 1734 pres-

527 1743 615 1782 byter
635 1743 792 1773 cardinalis
815 1743 974 1782 Spinellus.

447 1793 465 1828 ἦ·
486 1791 544 1830 Ego
566 1792 598 1821 L.
622 1791 651 1822 S.
676 1791 784 1821 Mariae
807 1792 837 1821 in
861 1792 996 1826 Vialata,
1022 1792 1101 1831 prior
1129 1792 1190 1822 dia-

527 1849 682 1877 conorum,
711 1840 868 1870 cardinalis
890 1840 925 1870 de
949 1840 1079 1870 Alteriis.

449 1891 466 1926 †
489 1888 548 1927 Ego
569 1888 688 1919 Carolus
711 1888 740 1918 S.
763 1889 892 1927 Agatliae
922 1889 951 1918 in
975 1888 1106 1919 Suburra
1130 1889 1192 1919 dia-

527 1947 618 1968 conus
641 1937 800 1968 cardinalis
822 1937 972 1968 Columna.

447 1988 464 2023 †
487 1986 545 2025 Ego
567 1986 673 2016 Fabius
705 1986 749 2016 Ss.
778 1986 835 2015 Viti
857 1990 885 2016 et
907 1986 1027 2017 Modesti
1051 1987 1192 2017 diaconus

528 2035 686 2065 cardinalis
708 2034 864 2065 Oliverius.

449 2086 467 2100 ‚L

455 2100 460 2121 ι

450 2135 467 2170 †
491 2133 548 2172 Ego
575 2133 741 2163 Alexander
775 2133 804 2163 S.
825 2133 931 2163 Mariae
968 2134 997 2163 in
1034 2133 1191 2164 Cosmedin

529 2183 671 2212 diaconus
686 2182 844 2212 cardinalis
859 2182 1001 2212 Albanus.

449 2233 467 2269 ἦ*
492 2230 550 2270 Ego
565 2231 701 2261 Nicolaus
717 2231 743 2261 S.
762 2231 867 2261 Mariae
883 2231 918 2260 ad
940 2230 1079 2269 Martyres
1095 2231 1191 2260 diaco-

530 2289 584 2310 nus
608 2280 765 2310 cardinalis
788 2279 896 2310 Iudice.

451 2332 467 2367 †
490 2330 548 2368 Ego
571 2329 675 2359 Nerius
708 2329 737 2358 S.
763 2329 910 2358 Eustachii
937 2329 1076 2359 diaconus
1099 2328 1192 2358 cardi-

529 2378 603 2408 nalis
625 2378 775 2408 Corsinus.

450 2428 468 2464 †
490 2427 549 2464 Ego
571 2427 602 2456 B.
626 2426 670 2457 Ss.
699 2427 822 2456 Cosmae
846 2431 874 2456 et
897 2426 1027 2456 Damiani
1051 2426 1191 2456 diaconus

530 2475 688 2506 cardinalis
711 2475 871 2514 Ruspulus.

452 2527 470 2563 †

451 2575 468 2588 ‚L

457 2590 462 2612 l

1024 183 1207 208 BULLARIUM
1234 184 1393 208 ROMANUM

490 525 548 563 Ego
571 524 743 554 Franciscus
767 523 947 562 Burghesius
974 522 1132 553 cardinalis
1156 522 1191 552 ti-

1231 234 1251 708 -i--i--i--i-i-i--i--i-i-i-

1313 719 1380 750 Loco
1402 721 1420 757 †
1435 720 1555 759 plumbi.

1488 778 1524 810 A.
1553 777 1641 810 card.
1669 777 1885 821 prodatarius.

1527 831 1560 863 F.
1585 830 1674 863 card.
1702 829 1883 863 Omvamus.

1306 893 1372 920 Visa
1392 893 1425 920 de
1447 892 1558 920 Curia:

1629 937 1662 967 N.
1687 937 1891 966 Aaroxsttvs.

1637 986 1660 1018 l.
1688 985 1722 1018 B.
1751 985 1926 1018 Eucssmns.

1304 1048 1368 1083 neg.
1390 1048 1416 1075 in
1437 1047 1539 1075 Secret.
1561 1047 1703 1074 Brevium.

1551 1189 1648 1224 CCIV.

1232 1271 1355 1304 Beatus
1370 1270 1508 1303 Ioannes
1525 1269 1720 1302 Franciscus
1739 1268 1850 1311 Regis,
1871 1266 1975 1301 Socie-

1279 1325 1354 1356 tatz's
1378 1323 1453 1356 Iesu
1475 1323 1652 1366 presbyter,
1676 1321 1871 1355 Sanctorum
1893 1320 1974 1355 Con-

1276 1377 1434 1419 fessorum
1458 1376 1575 1409 canoni
1599 1374 1809 1408 adscribitur.

1436 1457 1574 1483 Clemens
1596 1456 1676 1489 Papa
1696 1456 1748 1483 ΧΠ
1763 1476 1770 1489 ,

1414 1508 1522 1528 servus
1543 1507 1700 1528 servorum
1721 1500 1784 1531 Dei,

1346 1545 1383 1572 atl
1407 1547 1588 1579 perpetuam
1610 1545 1657 1571 rei
1676 1544 1861 1572 memoriam.

1278 1617 1324 1649 Ad
1350 1616 1523 1649 sublimem
1550 1615 1728 1649 sanctitatis
1753 1621 1917 1655 montem,
1944 1614 1976 1648 in
2013 1619 2153 1641 Prooemium.

1234 1679 1298 1712 quo
1315 1669 1461 1702 Christus
1480 1669 1630 1702 dominus
1656 1669 1772 1702 sedens
1794 1668 1972 1711 discipulos

1234 1733 1310 1756 suos
1336 1722 1470 1756 seorsim
1496 1733 1514 1754 a
1538 1722 1673 1755 judaicis
1701 1721 1804 1754 turbis
1825 1726 1975 1755 evocatos

1234 1776 1433 1809 christianae
1447 1775 1628 1818 sapientiae
1646 1779 1819 1818 praecepta
1833 1774 1976 1814 edocuit,

1235 1839 1271 1862 ex
1290 1829 1443 1862 omnibus
1464 1829 1614 1871 gentibus
1633 1833 1664 1861 et
1690 1828 1836 1860 tribubus
1864 1833 1896 1861 et
1919 1838 1978 1871 po·

1235 1882 1323 1926 pulis
1343 1886 1375 1915 et
1396 1881 1524 1924 linguis,
1545 1892 1601 1925 spe
1619 1881 1718 1923 firmi,
1741 1880 1802 1914 fide
1829 1880 1976 1920 robusti,

1236 1934 1395 1968 charitate
1420 1934 1582 1975 ardentes,
1603 1934 1707 1977 gratia
1734 1939 1764 1967 et
1790 1933 1906 1967 virtute
1931 1933 1977 1966 di-

1234 1987 1308 2020 vina
1332 1988 1561 2021 ascenderunt.
1589 1987 1628 2020 lli
1653 1993 1727 2020 sunt
1744 1987 1799 2030 qui
1817 1991 1977 2020 venerunt

1236 2041 1274 2074 de
1295 2040 1504 2074 tribulatione
1523 2042 1648 2083 magna,
1667 2045 1699 2073 et
1719 2041 1864 2073 lavantes
1880 2040 1978 2073 stolas

1236 2105 1309 2128 suas
1331 2100 1362 2127 et
1380 2094 1567 2128 dealbantes
1585 2105 1639 2127 eas
1657 2094 1689 2126 in
1706 2093 1866 2136 sanguine
1884 2093 1976 2136 Agni,

1237 2146 1319 2178 intra
1338 2145 1566 2178 densissimam
1585 2144 1707 2178 nubem
1733 2149 1765 2177 et
1782 2145 1979 2187 imperscru-

1238 2197 1346 2231 tabilis
1361 2197 1537 2230 divinitatis
1554 2197 1726 2239 caliginem
1741 2196 1878 2239 ingressi
1894 2201 1979 2236 sunt,

1238 2250 1293 2282 ubi
1308 2249 1434 2282 divinus
1450 2249 1575 2293 Moyses
1589 2250 1688 2283 Deum
1705 2250 1828 2282 Patrem
1843 2250 1978 2293 alloqui-

1239 2308 1306 2343 tur,
1330 2308 1362 2336 et
1381 2303 1421 2336 ad
1440 2303 1508 2336 eius
1528 2303 1694 2336 dexteram
1712 2303 1830 2336 sedens
1847 2308 1879 2336 et
1898 2313 1980 2336 com-

1238 2356 1364 2399 patiens
1383 2356 1626 2389 infirmitatibus
1649 2356 1769 2389 nostris
1789 2356 1981 2400 interpellat

1239 2419 1298 2452 pro
1324 2409 1431 2442 nobis.
1458 2409 1526 2442 Huc
1544 2415 1650 2442 autem
1670 2409 1825 2442 accedere
1844 2419 1909 2442 non
1928 2419 1980 2442 au-

1239 2463 1315 2495 deat
1340 2462 1479 2496 carnalis
1504 2462 1651 2503 iudaeus,
1677 2462 1733 2496 sed
1760 2462 1848 2495 intra
1873 2463 1981 2495 termi-

1239 2525 1297 2549 nos
1323 2521 1355 2549 et
1379 2521 1471 2560 septa
1495 2515 1649 2559 legalium
1675 2521 1926 2560 praeceptorum
1943 2525 1978 2549 se

1240 2569 1414 2612 contineat,
1442 2576 1473 2603 et
1493 2570 1592 2613 longe
1614 2569 1653 2604 ab
1671 2569 1733 2604 ima
1751 2569 1870 2605 montis
1888 2574 1979 2613 parte

1972 181 2020 209 An.
2039 180 2071 209 C.
2091 180 2156 210 1737
