2232 3178
215 229 375 269 ctoritate,
400 229 540 262 scienter
564 229 612 263 vel
634 229 834 273 ignoranter,
855 230 957 262 conti-

215 288 299 326 gerit
323 282 488 315 attentari.

258 336 273 379 g
297 335 328 368 5.
351 335 419 367 Non
441 335 646 368 obstantibus
681 335 869 378 apostolicis
886 363 893 374 ‚
922 345 957 367 ac

215 389 247 421 in
273 389 481 431 generalibus
518 389 664 421 conciliis
698 389 816 426 editis,
845 388 957 420 consti·

217 442 395 475 tutionibus
415 447 447 474 et
471 442 731 475 ordinati0nilnis
750 451 848 484 snper
865 452 957 483 prae-

215 496 320 529 missis
343 496 613 539 disponentibus;
641 506 719 539 quas
738 506 859 535 omnes,
880 506 957 539 qua-

216 556 310 583 tenus
336 549 497 592 praesenti
529 549 751 582 constitutioni
782 549 815 581 in
848 549 956 592 aliquo

218 602 435 641 adversantur,
460 602 591 634 illarum
617 607 749 634 tenores
775 612 835 644 pro
861 602 957 644 plene

218 661 249 689 et
261 655 458 689 sufficienter
472 655 633 698 expressis
648 655 819 694 habentes,
832 654 956 687 etiamsi

219 710 257 743 de
282 708 346 741 iltis
372 708 534 752 specialis,
559 707 726 751 specifica,
751 717 904 750 expressa
929 713 960 739 et

219 763 393 803 individua,
411 763 450 795 de
470 762 570 795 verbo
589 761 626 794 ad
654 761 797 799 verbnm,
821 771 885 793 non
904 771 960 793 au-

219 821 282 850 tem
309 826 367 859 per
391 816 550 849 clausulas
583 815 750 857 generales
783 814 868 846 idem
894 813 960 845 im-

218 875 401 914 pet-tontes,
416 869 537 902 mentio
552 869 697 901 facienda
715 873 808 907 esset,
828 868 960 900 omnino

220 924 426 966 abrogamus,
441 923 605 956 abolemus
623 927 653 955 et
672 922 892 960 annullamus3
911 930 961 953 ce-

222 976 365 1020 terisque
390 976 563 1008 contrariis
591 975 862 1018 quibuscumque.

265 1031 279 1074 §
303 1031 334 1064 6.
359 1030 513 1063 Volumus
545 1036 652 1062 autem
678 1034 712 1061 nt
737 1027 959 1071 praesentium

222 1084 401 1118 litterarum
427 1083 639 1125 transumptis
657 1109 664 1122 ‚
691 1092 746 1114 sen
780 1081 936 1124 exemplis
953 1107 960 1119 ,

223 1138 319 1172 etiam
345 1137 525 1180 impressis,
551 1146 646 1168 mann
674 1135 810 1168 alicuius
844 1134 961 1167 notarii

222 1191 343 1235 publici
381 1190 597 1233 subscriptis,
625 1195 657 1222 et
681 1189 789 1231 sigillo
826 1187 962 1231 praelati

221 1246 270 1278 vel
296 1255 459 1287 personae
495 1243 526 1276 in
559 1243 779 1276 ecclesiastiea
805 1241 963 1284 dignitate

223 1299 419 1332 constitutae
440 1297 582 1337 munitis,
599 1296 711 1329 eadem
732 1306 865 1339 prorsus
885 1295 964 1327 fides

224 1352 344 1395 ubique
380 1352 527 1385 locorum
563 1356 626 1383 tam
652 1350 684 1383 in
710 1349 830 1382 indicio
868 1359 965 1392 quarn

224 1411 312 1438 extra
344 1405 425 1438 illud
462 1405 647 1444 habeatur,
673 1414 754 1447 qnae
788 1403 966 1436 haberetur

224 1457 302 1502 ipsis
334 1457 564 1501 praesentibus
597 1457 623 1489 si
657 1457 766 1490 serent
800 1455 965 1489 exhibitae

225 1513 274 1545 vel
299 1518 459 1545 ostensae.

269 1566 284 1609 ἓ
309 1565 339 1599 7.
367 1565 450 1599 Nulli
477 1576 555 1608 ergo
581 1565 713 1598 omnino
740 1564 909 1597 hominnm
934 1563 967 1595 li-

227 1625 296 1653 ceat
320 1620 404 1652 hanc
429 1619 580 1663 paginam
599 1619 700 1652 nostri
722 1618 850 1657 indulti,
869 1617 968 1650 datio-

226 1672 285 1713 nis,
312 1672 548 1711 concessionis,
574 1671 817 1714 derogationis,
843 1670 965 1703 decreti

228 1732 259 1759 et
283 1726 456 1759 voluntatis
480 1726 672 1769 infringere,
690 1725 740 1758 vel
766 1725 794 1758 ei
821 1734 897 1757 ausu
926 1729 969 1756 te-

227 1779 366 1813 merario
392 1779 574 1819 contraire,
602 1778 627 1811 si
665 1778 737 1821 qnis
775 1783 881 1810 antem
908 1777 970 1809 hoc

229 1836 385 1867 attentare
410 1832 684 1876 praesumpserit,
710 1831 967 1874 indignationem

229 1886 464 1929 omnipotentis
490 1885 545 1919 Dei
571 1896 607 1918 ae
630 1885 801 1918 beatorum
830 1884 913 1917 Petri
941 1889 971 1916 et

230 1939 320 1973 Pauli
342 1941 567 1984 apostolorum
586 1939 654 1973 eius
673 1949 707 1972 se
727 1938 852 1972 noverit
869 1938 971 1970 ineur-

230 2003 354 2026 surum.

274 2047 388 2080 Datum
414 2047 537 2080 Romae
554 2073 561 2085 ‚
586 2046 670 2090 apud
696 2045 727 2078 S.
750 2045 880 2078 Mariam
912 2045 973 2077 Ma-

232 2100 363 2141 iorem,
396 2111 480 2134 anno
516 2099 751 2133 incarnationis
787 2099 972 2132 dominicae

233 2163 445 2193 unccxxxvu,
461 2164 514 2187 xvi
539 2153 696 2186 kalendas
722 2152 873 2192 ianuarii,
891 2162 973 2196 pon-

234 2205 373 2240 tincatus
398 2207 499 2240 nostri
525 2217 611 2239 anno
636 2216 705 2240 vni.

267 2268 329 2295 Dat.
341 2268 386 2296 die
400 2269 430 2296 17
446 2269 601 2296 decembris
614 2268 692 2303 1737,
709 2268 808 2303 pontif.
825 2276 898 2294 anno
913 2274 973 2294 vul.

467 2323 504 2356 Α.
533 2323 622 2356 eard
649 2322 883 2366 pro-datarius.

401 2376 463 2410 Pro
490 2377 620 2410 domino
641 2377 730 2410 card.
757 2376 926 2410 OLiVERIO.

612 2429 646 2463 C.
674 2430 815 2462 Annus.

73 348 204 371 Obstannum

30 376 143 403 derogatio.

68 1036 210 1063 Transumpns

37 1065 85 1086 fide·
100 1064 175 1085 danda.

65 1578 181 1601 clausulae.

279 2482 340 2513 Visa
361 2483 394 2514 de
412 2483 516 2514 Curiti:

640 2522 675 2556 N.
705 2523 928 2556 Amonmus.

279 2585 345 2617 Loco
366 2588 384 2625 †
407 2586 507 2616 Bullae
528 2586 646 2615 Aureae.

846 173 989 205 erminus
1013 180 1058 204 ΧΠ
1082 180 1131 203 Pr.

1642 167 1706 201 315
1752 177 1803 202 An,
1821 176 1848 204 c.
1873 176 1937 203 1737

1312 227 1436 261 CCXVI.

1000 299 1152 331 Ezlcnsz'o
1176 298 1316 335 indulti,
1343 298 1511 341 inussisti-is
1535 297 1744 340 qenersdious

1047 351 1183 385 Ordinis
1210 353 1247 384 B.
1263 352 1308 384 M.
1333 351 1367 384 V.
1391 352 1428 384 tle
1452 351 1595 383 illei-ceste
1612 350 1745 383 Redem-

1042 405 1166 447 ptionis
1193 405 1401 447 Captivorum
1420 416 1436 436 (ι
1455 404 1533 436 δαῖε
1556 403 1745 446 Α];03[(,Ιιέι’ῑ

1045 459 1183 490 concessi
1208 458 1393 490 celebrandi
1417 459 1450 490 in
1476 458 1615 500 privatis
1640 461 1746 489 oralo-

1045 513 1105 544 rz'z's
1130 517 1344 544 conventuum
1363 512 1443 543 (licii
1461 511 1596 544 Ordinis
1622 511 1657 542 in
1674 510 1747 553 qui·

1047 565 1103 597 bns
1128 576 1177 597 eos
1202 565 1400 598 commorari
1424 564 1605 607 cnnlfqeril,
1632 563 1673 595 ad
1699 573 1746 595 cx-

1046 618 1212 661 9enerc1les
1236 618 1379 651 eiusdem
1405 617 1551 650 Ordinis.

1217 701 1349 726 Clemens
1371 700 1450 732 Papa
1470 699 1533 731 XII,

1144 746 1178 771 ad
1200 745 1336 771 futuram
1356 744 1402 770 rei
1423 743 1607 770 memmiam.

1047 816 1062 858 ξ
1082 815 1113 848 ’1.
1131 816 1255 858 Εϊρῡηί
1274 816 1367 848 nobis
1390 825 1496 858 nuper
1515 814 1590 847 feeit
1610 814 1744 846 dilectus
1758 821 1870 851 crinceesio
1889 822 1941 842 airas

1004 868 1091 902 filins
1112 869 1269 912 Iosephus
1287 868 1362 907 Mez,
1386 869 1483 900 frater
1501 878 1651 910 expresse
1670 877 1746 910 pro·
1757 851 1940 895 ῗ-ἰἶῗῗῖιζῃῧι-Βὼίἷῗζ

1006 923 1118 961 sessus,
1145 922 1177 954 in
1204 924 1293 955 sacra
1319 921 1482 963 theologia
1510 921 1681 962 magister,
1711 901 1821 952 achm'

1006 981 1198 1019 procurator
1224 976 1384 1017 generalis
1412 974 1540 1008 Ordinis
1567 975 1600 1006 Β.
1628 973 1746 1006 Mariae

1005 1030 1145 1072 Virginis
1172 1030 1211 1062 de
1236 1029 1382 1061 Mercede
1414 1028 1662 1070 Redemptionis
1689 1026 1747 1060 Ca-

1006 1083 1178 1127 ptivorum,
1199 1083 1283 1125 qnod
1303 1083 1390 1121 alias,
1412 1082 1602 1114 anctoritate
1625 1086 1748 1123 aposto-

1007 1138 1077 1176 lica,
1098 1136 1157 1169 sub
1183 1136 1277 1168 certis
1302 1135 1398 1168 modo
1420 1140 1451 1167 et
1475 1135 1576 1167 forma
1601 1139 1676 1165 tnnc
1695 1144 1749 1166 ex-

1007 1190 1137 1233 pressis,
1165 1195 1241 1221 tune
1269 1194 1299 1222 et
1324 1199 1383 1232 pro
1410 1194 1556 1231 tempore
1583 1187 1749 1220 existenti-

1006 1245 1066 1276 bus
1092 1243 1253 1286 magistris
1287 1242 1494 1285 generalibus
1520 1241 1665 1273 eiusdem
1692 1239 1748 1272 Or-

1009 1297 1091 1329 dinis
1117 1296 1278 1329 indnltum
1317 1296 1375 1327 snit
1409 1301 1442 1327 ut
1468 1295 1527 1337 ipsi
1565 1295 1596 1326 in
1624 1294 1748 1337 privato

1009 1351 1124 1383 domus
1150 1361 1228 1383 snae
1254 1348 1481 1382 habitationis¹
1504 1349 1586 1381 intra
1610 1349 1751 1381 claustra

1009 1411 1223 1438 conventuum
1250 1403 1324 1436 dieti
1349 1403 1499 1442 Ordinis,
1527 1402 1580 1434 ubi
1609 1412 1664 1434 eos
1692 1411 1750 1444 pro

1011 1464 1156 1501 tempore
1181 1456 1374 1489 comi‘norari
1412 1455 1624 1497 contigisset,
1653 1464 1750 1486 unam

1010 1512 1143 1544 missam
1166 1521 1224 1554 pro
1249 1520 1447 1552 unoquoque
1467 1510 1518 1541 die
1538 1519 1596 1552 per
1614 1519 1646 1541 se
1663 1507 1751 1550 ipsos

1010 1565 1174 1598 celebrare
1201 1565 1304 1597 libere
1328 1569 1359 1596 et
1385 1564 1471 1596 licite
1499 1567 1634 1606 possent
1651 1567 1681 1594 et
1699 1571 1752 1594 va-

1011 1620 1125 1659 lerent,
1145 1624 1176 1651 et
1196 1619 1283 1657 alias,
1311 1623 1408 1661 prout
1433 1617 1463 1649 in
1491 1615 1674 1658 apostolicis
1701 1615 1752 1646 de-

1011 1683 1107 1715 super
1132 1672 1163 1703 in
1190 1671 1288 1704 simili
1324 1670 1426 1703 forma
1458 1669 1568 1701 Brevis
1595 1667 1751 1710 expeditis

1012 1726 1137 1766 litteris,
1164 1735 1298 1768 quarum
1336 1730 1481 1757 tenorem
1523 1721 1751 1766 praesentibus

1012 1790 1070 1823 pro
1100 1779 1198 1822 plene
1231 1784 1262 1811 et
1298 1777 1496 1810 sufficienter
1530 1785 1683 1818 expresso
1718 1785 1753 1807 ac

1013 1833 1051 1865 de
1073 1833 1172 1865 verbo
1191 1832 1230 1864 ad
1252 1832 1386 1864 verbum
1413 1830 1533 1863 inserto
1560 1828 1674 1861 haberi
1700 1839 1754 1861 vo-

1013 1887 1126 1925 lumus,
1153 1885 1286 1918 uberius
1312 1885 1429 1918 dicitur
1454 1883 1628 1917 contineri.

1058 1940 1073 1983 ἓ
1098 1939 1129 1973 ⁶2.
1156 1939 1232 1973 Cum
1252 1945 1370 1978 autem,
1389 1939 1473 1971 sient
1493 1938 1605 1970 eadem
1625 1936 1751 1978 exposi-
1782 1946 1904 1967 Extendnur
1919 1945 1946 1966 aa

1017 1993 1059 2026 tio
1086 1993 1310 2035 subiungebat,
1327 1992 1485 2024 indultum
1506 1989 1692 2023 huiusmodi
1713 1989 1751 2021 ad
1764 1974 1908 1999 ⁹¹z³⁰⁰¹³¹⁹⁵⁹

1016 2047 1226 2089 exgenerales
1244 2045 1386 2078 eiusdem
1402 2044 1529 2077 Ordinis
1549 2054 1605 2086 per
1626 2053 1684 2075 nos
1703 2053 1753 2075 ex-

1017 2101 1105 2133 tendi
1131 2109 1337 2142 summopere
1363 2098 1542 2131 desideret:
1569 2107 1644 2136 nos,
1671 2096 1754 2129 eius-

1017 2153 1090 2186 dem
1107 2153 1235 2196 Ioseplii
1256 2151 1478 2195 procuratoris
1497 2149 1657 2193 generalis
1675 2149 1753 2181 votis

1018 2207 1078 2239 liae
1096 2207 1126 2239 in
1154 2218 1198 2246 re,
1221 2211 1375 2249 quantum
1395 2216 1466 2238 cnm
1486 2204 1623 2237 Domino
1642 2213 1753 2246 possu-

1017 2270 1098 2301 mus,
1109 2260 1329 2293 favorabiliter
1345 2269 1487 2291 annuere
1501 2259 1658 2295 volentes,
1669 2266 1754 2288 eum·

1018 2324 1081 2357 qne
1096 2325 1112 2346 a
1126 2313 1294 2356 quibusvis
1313 2310 1674 2348 excommunicationis,
1689 2319 1754 2340 sus-

1018 2366 1183 2409 pensionis
1202 2371 1233 2398 et
1250 2365 1427 2404 interdicti,
1446 2364 1579 2406 aliisque
1605 2361 1755 2394 ecclesia-

1018 2418 1108 2452 sticis
1124 2419 1302 2457 sententiis,
1319 2417 1465 2451 censuris
1484 2422 1515 2449 et
1533 2415 1659 2459 poenis,
1677 2426 1693 2447 a
1714 2415 1755 2447 in-

1020 2482 1053 2506 re
1071 2474 1120 2506 vel
1138 2472 1177 2505 ab
1196 2472 1347 2513 homine,
1369 2470 1482 2514 quavis
1504 2470 1677 2502 occasione
1706 2468 1755 2500 vel

1058 2545 1066 2570 1
1091 2542 1201 2570 Videtur
1220 2543 1315 2569 deesse
1335 2541 1475 2574 orc1l0r1'0,
1493 2540 1532 2568 vd
1547 2540 1691 2576 legendum
1707 2540 1756 2566 ha-

1020 2589 1146 2618 bitaculo
1165 2594 1203 2623 (n.
1220 2587 1268 2622 T.).
