<?xml version="1.0" encoding="UTF-8"?>
<!DOCTYPE html PUBLIC "-//W3C//DTD XHTML 1.0 Transitional//EN"
    "http://www.w3.org/TR/xhtml1/DTD/xhtml1-transitional.dtd">
<html xmlns="http://www.w3.org/1999/xhtml" xml:lang="en" lang="en">
 <head>
  <title>
</title>
<meta http-equiv="Content-Type" content="text/html;charset=utf-8" />
  <meta name='ocr-system' content='tesseract 3.04.00' />
  <meta name='ocr-capabilities' content='ocr_page ocr_carea ocr_par ocr_line ocrx_word'/>
</head>
<body>
  <div class='ocr_page' id='page_1' title='image "./bullarumdiplomat24cath_0391.png"; bbox 0 0 2232 3178; ppageno 0'>
   <div class='ocr_carea' id='block_1_1' title="bbox 67 174 258 214">
    <p class='ocr_par' dir='ltr' id='par_1_1' title="bbox 67 174 258 214">
     <span class='ocr_line' id='line_1_1' title="bbox 67 174 258 214; baseline -0.021 -5"><span class='ocrx_word' id='word_1_1' title='bbox 67 174 124 214; x_wconf 62' lang='lat'><strong>2⁴11.</strong></span> <span class='ocrx_word' id='word_1_2' title='bbox 145 181 175 209; x_wconf 75' lang='grc' dir='ltr'>α.</span> <span class='ocrx_word' id='word_1_3' title='bbox 193 178 258 207; x_wconf 85' lang='lat'>¹738</span> 
     </span>
    </p>
   </div>
   <div class='ocr_carea' id='block_1_2' title="bbox 71 2303 246 2382">
    <p class='ocr_par' dir='ltr' id='par_1_2' title="bbox 71 2303 246 2382">
     <span class='ocr_line' id='line_1_2' title="bbox 91 2303 246 2331; baseline 0.013 -5"><span class='ocrx_word' id='word_1_4' title='bbox 91 2303 174 2331; x_wconf 61' lang='lat' dir='ltr'>Eunoni}</span> <span class='ocrx_word' id='word_1_5' title='bbox 190 2306 246 2328; x_wconf 74' lang='lat' dir='ltr'>litte-</span> 
     </span>
     <span class='ocr_line' id='line_1_3' title="bbox 71 2333 245 2354; baseline 0.017 -3"><span class='ocrx_word' id='word_1_6' title='bbox 71 2335 104 2352; x_wconf 73' lang='lat' dir='ltr'>rae</span> <span class='ocrx_word' id='word_1_7' title='bbox 124 2333 245 2354; x_wconf 77' lang='lat' dir='ltr'>conflrman-</span> 
     </span>
     <span class='ocr_line' id='line_1_4' title="bbox 71 2360 243 2382; baseline 0.017 -4"><span class='ocrx_word' id='word_1_8' title='bbox 71 2360 101 2379; x_wconf 76' lang='lat' dir='ltr'>tur</span> <span class='ocrx_word' id='word_1_9' title='bbox 110 2363 123 2379; x_wconf 70' lang='lat' dir='ltr'>n</span> <span class='ocrx_word' id='word_1_10' title='bbox 133 2360 243 2382; x_wconf 69' lang='lat' dir='ltr'>elemento.</span> 
     </span>
    </p>
   </div>
   <div class='ocr_carea' id='block_1_3' title="bbox 881 176 1168 201">
    <p class='ocr_par' dir='ltr' id='par_1_3' title="bbox 881 176 1168 201">
     <span class='ocr_line' id='line_1_5' title="bbox 881 176 1168 201; baseline -0.003 -1"><span class='ocrx_word' id='word_1_11' title='bbox 881 176 1023 201; x_wconf 78' lang='lat' dir='ltr'>CLEMENS</span> <span class='ocrx_word' id='word_1_12' title='bbox 1049 176 1094 200; x_wconf 82' lang='lat' dir='ltr'>xn</span> <span class='ocrx_word' id='word_1_13' title='bbox 1117 176 1155 199; x_wconf 76' lang='lat'>1²1¹</span> <span class='ocrx_word' id='word_1_14' title='bbox 1162 193 1168 199; x_wconf 95' lang='lat'>.</span> 
     </span>
    </p>
   </div>
   <div class='ocr_carea' id='block_1_4' title="bbox 257 225 1004 2123">
    <p class='ocr_par' dir='ltr' id='par_1_4' title="bbox 257 225 1004 2123">
     <span class='ocr_line' id='line_1_6' title="bbox 266 225 1002 266; baseline 0 -8"><span class='ocrx_word' id='word_1_15' title='bbox 266 225 449 259; x_wconf 87' lang='lat' dir='ltr'>huiusmodi</span> <span class='ocrx_word' id='word_1_16' title='bbox 475 225 606 258; x_wconf 89' lang='lat' dir='ltr'>salubre</span> <span class='ocrx_word' id='word_1_17' title='bbox 633 226 808 258; x_wconf 85' lang='lat' dir='ltr'>remedium</span> <span class='ocrx_word' id='word_1_18' title='bbox 832 225 1002 266; x_wconf 83' lang='lat' dir='ltr'>adhibere,</span> 
     </span>
     <span class='ocr_line' id='line_1_7' title="bbox 264 278 1004 321; baseline 0 -10"><span class='ocrx_word' id='word_1_19' title='bbox 264 279 453 312; x_wconf 86' lang='lat' dir='ltr'>eorumdem</span> <span class='ocrx_word' id='word_1_20' title='bbox 479 279 580 321; x_wconf 88' lang='lat' dir='ltr'>patris</span> <span class='ocrx_word' id='word_1_21' title='bbox 607 284 637 311; x_wconf 87' lang='lat' dir='ltr'>et</span> <span class='ocrx_word' id='word_1_22' title='bbox 662 278 814 311; x_wconf 89' lang='lat' dir='ltr'>abbatum</span> <span class='ocrx_word' id='word_1_23' title='bbox 838 279 1004 321; x_wconf 85' lang='lat' dir='ltr'>supplica-</span> 
     </span>
     <span class='ocr_line' id='line_1_8' title="bbox 262 331 1003 370; baseline 0 -6"><span class='ocrx_word' id='word_1_24' title='bbox 262 331 402 365; x_wconf 87' lang='lat' dir='ltr'>tionibus</span> <span class='ocrx_word' id='word_1_25' title='bbox 427 331 584 370; x_wconf 83' lang='lat' dir='ltr'>inclinati,</span> <span class='ocrx_word' id='word_1_26' title='bbox 614 332 728 364; x_wconf 85' lang='lat' dir='ltr'>harum</span> <span class='ocrx_word' id='word_1_27' title='bbox 755 331 841 364; x_wconf 90' lang='lat' dir='ltr'>serie</span> <span class='ocrx_word' id='word_1_28' title='bbox 860 332 1003 364; x_wconf 90' lang='lat' dir='ltr'>decerni-</span> 
     </span>
     <span class='ocr_line' id='line_1_9' title="bbox 261 385 1003 428; baseline -0.001 -10"><span class='ocrx_word' id='word_1_29' title='bbox 261 396 347 424; x_wconf 83' lang='lat' dir='ltr'>mus,</span> <span class='ocrx_word' id='word_1_30' title='bbox 367 390 398 418; x_wconf 88' lang='lat' dir='ltr'>et</span> <span class='ocrx_word' id='word_1_31' title='bbox 417 385 512 418; x_wconf 90' lang='lat' dir='ltr'>etiam</span> <span class='ocrx_word' id='word_1_32' title='bbox 538 385 728 418; x_wconf 79' lang='lat' dir='ltr'>ordinamus</span> <span class='ocrx_word' id='word_1_33' title='bbox 744 412 751 425; x_wconf 92' lang='lat'>,</span> <span class='ocrx_word' id='word_1_34' title='bbox 779 385 867 428; x_wconf 88' lang='lat' dir='ltr'>quod</span> <span class='ocrx_word' id='word_1_35' title='bbox 893 385 1003 417; x_wconf 91' lang='lat' dir='ltr'>nullus</span> 
     </span>
     <span class='ocr_line' id='line_1_10' title="bbox 261 438 1002 481; baseline -0.003 -10"><span class='ocrx_word' id='word_1_36' title='bbox 261 438 389 471; x_wconf 76' lang='lat' dir='ltr'>Ordinis</span> <span class='ocrx_word' id='word_1_37' title='bbox 430 438 588 481; x_wconf 73' lang='lat' dir='ltr'>praedicti</span> <span class='ocrx_word' id='word_1_38' title='bbox 625 439 793 481; x_wconf 74' lang='lat' dir='ltr'>protessus</span> <span class='ocrx_word' id='word_1_39' title='bbox 829 438 868 470; x_wconf 88' lang='lat' dir='ltr'>ad</span> <span class='ocrx_word' id='word_1_40' title='bbox 904 438 1002 470; x_wconf 89' lang='lat' dir='ltr'>alium</span> 
     </span>
     <span class='ocr_line' id='line_1_11' title="bbox 261 490 1003 535; baseline -0.001 -11"><span class='ocrx_word' id='word_1_41' title='bbox 261 501 498 535; x_wconf 88' lang='lat' dir='ltr'>quemcumque</span> <span class='ocrx_word' id='word_1_42' title='bbox 532 497 761 534; x_wconf 71' lang='lat' dir='ltr'>praeterquam</span> <span class='ocrx_word' id='word_1_43' title='bbox 794 490 1003 523; x_wconf 87' lang='lat' dir='ltr'>Cartbusien-</span> 
     </span>
     <span class='ocr_line' id='line_1_12' title="bbox 261 544 1003 587; baseline -0.001 -10"><span class='ocrx_word' id='word_1_44' title='bbox 261 545 343 577; x_wconf 88' lang='lat' dir='ltr'>sium</span> <span class='ocrx_word' id='word_1_45' title='bbox 368 544 521 578; x_wconf 83' lang='lat' dir='ltr'>Ordinem</span> <span class='ocrx_word' id='word_1_46' title='bbox 547 544 643 577; x_wconf 86' lang='lat' dir='ltr'>etiam</span> <span class='ocrx_word' id='word_1_47' title='bbox 679 549 845 587; x_wconf 84' lang='lat' dir='ltr'>praetextu</span> <span class='ocrx_word' id='word_1_48' title='bbox 882 544 1003 577; x_wconf 88' lang='lat' dir='ltr'>littera-</span> 
     </span>
     <span class='ocr_line' id='line_1_13' title="bbox 259 596 1001 640; baseline -0.001 -11"><span class='ocrx_word' id='word_1_49' title='bbox 259 607 329 629; x_wconf 87' lang='lat' dir='ltr'>rum</span> <span class='ocrx_word' id='word_1_50' title='bbox 344 597 474 630; x_wconf 86' lang='lat' dir='ltr'>maioris</span> <span class='ocrx_word' id='word_1_51' title='bbox 488 597 732 640; x_wconf 75' lang='lat' dir='ltr'>poenitentiarii</span> <span class='ocrx_word' id='word_1_52' title='bbox 747 596 858 637; x_wconf 82' lang='lat' dir='ltr'>nostri,</span> <span class='ocrx_word' id='word_1_53' title='bbox 874 596 1001 629; x_wconf 89' lang='lat' dir='ltr'>etiamsi</span> 
     </span>
     <span class='ocr_line' id='line_1_14' title="bbox 259 649 1003 693; baseline 0.001 -12"><span class='ocrx_word' id='word_1_54' title='bbox 259 650 292 682; x_wconf 90' lang='lat' dir='ltr'>in</span> <span class='ocrx_word' id='word_1_55' title='bbox 318 650 383 682; x_wconf 88' lang='lat' dir='ltr'>illis</span> <span class='ocrx_word' id='word_1_56' title='bbox 408 651 506 693; x_wconf 82' lang='lat' dir='ltr'>plena</span> <span class='ocrx_word' id='word_1_57' title='bbox 532 655 563 683; x_wconf 91' lang='lat' dir='ltr'>et</span> <span class='ocrx_word' id='word_1_58' title='bbox 587 660 737 692; x_wconf 84' lang='lat' dir='ltr'>expressa</span> <span class='ocrx_word' id='word_1_59' title='bbox 762 650 801 683; x_wconf 87' lang='lat' dir='ltr'>de</span> <span class='ocrx_word' id='word_1_60' title='bbox 826 649 1003 693; x_wconf 87' lang='lat' dir='ltr'>praesenti-</span> 
     </span>
     <span class='ocr_line' id='line_1_15' title="bbox 260 703 1000 746; baseline 0 -11"><span class='ocrx_word' id='word_1_61' title='bbox 260 703 318 736; x_wconf 86' lang='lat' dir='ltr'>bus</span> <span class='ocrx_word' id='word_1_62' title='bbox 344 703 467 736; x_wconf 89' lang='lat' dir='ltr'>mentio</span> <span class='ocrx_word' id='word_1_63' title='bbox 494 704 676 743; x_wconf 87' lang='lat' dir='ltr'>habeatur,</span> <span class='ocrx_word' id='word_1_64' title='bbox 705 704 828 746; x_wconf 82' lang='lat' dir='ltr'>absque</span> <span class='ocrx_word' id='word_1_65' title='bbox 855 703 1000 736; x_wconf 84' lang='lat' dir='ltr'>eiusdem</span> 
     </span>
     <span class='ocr_line' id='line_1_16' title="bbox 259 756 999 800; baseline -0.001 -11"><span class='ocrx_word' id='word_1_66' title='bbox 259 756 360 800; x_wconf 86' lang='lat' dir='ltr'>patris</span> <span class='ocrx_word' id='word_1_67' title='bbox 386 756 513 789; x_wconf 87' lang='lat' dir='ltr'>abbatis</span> <span class='ocrx_word' id='word_1_68' title='bbox 538 756 667 789; x_wconf 79' lang='lat' dir='ltr'>licentia</span> <span class='ocrx_word' id='word_1_69' title='bbox 692 756 844 799; x_wconf 85' lang='lat' dir='ltr'>speciali,</span> <span class='ocrx_word' id='word_1_70' title='bbox 871 766 999 788; x_wconf 87' lang='lat' dir='ltr'>eausam</span> 
     </span>
     <span class='ocr_line' id='line_1_17' title="bbox 259 809 1001 853; baseline 0 -11"><span class='ocrx_word' id='word_1_71' title='bbox 259 809 489 842; x_wconf 73' lang='lat' dir='ltr'>rationabilem</span> <span class='ocrx_word' id='word_1_72' title='bbox 508 815 539 843; x_wconf 87' lang='lat' dir='ltr'>et</span> <span class='ocrx_word' id='word_1_73' title='bbox 555 816 735 853; x_wconf 82' lang='lat' dir='ltr'>urgentem,</span> <span class='ocrx_word' id='word_1_74' title='bbox 753 820 851 853; x_wconf 87' lang='lat' dir='ltr'>quare</span> <span class='ocrx_word' id='word_1_75' title='bbox 870 810 1001 843; x_wconf 89' lang='lat' dir='ltr'>licentia</span> 
     </span>
     <span class='ocr_line' id='line_1_18' title="bbox 259 862 1001 902; baseline 0 -7"><span class='ocrx_word' id='word_1_76' title='bbox 259 862 448 897; x_wconf 88' lang='lat' dir='ltr'>huiusmodi</span> <span class='ocrx_word' id='word_1_77' title='bbox 469 863 603 897; x_wconf 89' lang='lat' dir='ltr'>concedi</span> <span class='ocrx_word' id='word_1_78' title='bbox 623 864 750 902; x_wconf 84' lang='lat' dir='ltr'>debeat,</span> <span class='ocrx_word' id='word_1_79' title='bbox 769 863 863 896; x_wconf 88' lang='lat' dir='ltr'>nobis</span> <span class='ocrx_word' id='word_1_80' title='bbox 883 868 915 896; x_wconf 88' lang='lat' dir='ltr'>et</span> <span class='ocrx_word' id='word_1_81' title='bbox 933 873 1001 895; x_wconf 90' lang='lat' dir='ltr'>suc-</span> 
     </span>
     <span class='ocr_line' id='line_1_19' title="bbox 259 916 1001 949; baseline 0.001 -1"><span class='ocrx_word' id='word_1_82' title='bbox 259 916 444 949; x_wconf 85' lang='lat' dir='ltr'>cessoribus</span> <span class='ocrx_word' id='word_1_83' title='bbox 471 917 591 949; x_wconf 89' lang='lat' dir='ltr'>nostris</span> <span class='ocrx_word' id='word_1_84' title='bbox 616 916 770 949; x_wconf 80' lang='lat' dir='ltr'>Romanis</span> <span class='ocrx_word' id='word_1_85' title='bbox 790 916 1001 949; x_wconf 75' lang='lat' dir='ltr'>Pontificibus</span> 
     </span>
     <span class='ocr_line' id='line_1_20' title="bbox 260 969 1002 1012; baseline 0 -11"><span class='ocrx_word' id='word_1_86' title='bbox 260 979 413 1012; x_wconf 78' lang='lat' dir='ltr'>expresse</span> <span class='ocrx_word' id='word_1_87' title='bbox 440 974 472 1002; x_wconf 88' lang='lat' dir='ltr'>et</span> <span class='ocrx_word' id='word_1_88' title='bbox 496 969 647 1012; x_wconf 76' lang='lat' dir='ltr'>specifice</span> <span class='ocrx_word' id='word_1_89' title='bbox 674 969 859 1012; x_wconf 75' lang='lat' dir='ltr'>allegantis,</span> <span class='ocrx_word' id='word_1_90' title='bbox 885 969 1002 1002; x_wconf 88' lang='lat' dir='ltr'>audeat</span> 
     </span>
     <span class='ocr_line' id='line_1_21' title="bbox 259 1024 1000 1066; baseline 0.003 -13"><span class='ocrx_word' id='word_1_91' title='bbox 259 1030 315 1055; x_wconf 89' lang='lat' dir='ltr'>seu</span> <span class='ocrx_word' id='word_1_92' title='bbox 341 1028 531 1065; x_wconf 83' lang='lat' dir='ltr'>praesumat</span> <span class='ocrx_word' id='word_1_93' title='bbox 564 1024 813 1066; x_wconf 71' lang='lat' dir='ltr'>quomodolibet</span> <span class='ocrx_word' id='word_1_94' title='bbox 837 1033 870 1056; x_wconf 89' lang='lat' dir='ltr'>se</span> <span class='ocrx_word' id='word_1_95' title='bbox 898 1028 1000 1056; x_wconf 84' lang='lat' dir='ltr'>trans-</span> 
     </span>
     <span class='ocr_line' id='line_1_22' title="bbox 259 1075 1001 1110; baseline 0.001 -3"><span class='ocrx_word' id='word_1_96' title='bbox 259 1075 355 1108; x_wconf 83' lang='lat' dir='ltr'>ferre.</span> <span class='ocrx_word' id='word_1_97' title='bbox 371 1075 591 1109; x_wconf 85' lang='lat' dir='ltr'>Decernentes</span> <span class='ocrx_word' id='word_1_98' title='bbox 609 1076 824 1110; x_wconf 84' lang='lat' dir='ltr'>nibilominus</span> <span class='ocrx_word' id='word_1_99' title='bbox 842 1077 1001 1109; x_wconf 79' lang='lat' dir='ltr'>contrafa-</span> 
     </span>
     <span class='ocr_line' id='line_1_23' title="bbox 259 1128 999 1162; baseline 0.001 -2"><span class='ocrx_word' id='word_1_100' title='bbox 259 1128 383 1161; x_wconf 85' lang='lat' dir='ltr'>cientes</span> <span class='ocrx_word' id='word_1_101' title='bbox 409 1129 544 1162; x_wconf 89' lang='lat' dir='ltr'>eosdem</span> <span class='ocrx_word' id='word_1_102' title='bbox 570 1129 767 1162; x_wconf 89' lang='lat' dir='ltr'>correctioni</span> <span class='ocrx_word' id='word_1_103' title='bbox 797 1130 844 1161; x_wconf 85' lang='lat' dir='ltr'>sui</span> <span class='ocrx_word' id='word_1_104' title='bbox 871 1129 999 1161; x_wconf 87' lang='lat' dir='ltr'>abbatis</span> 
     </span>
     <span class='ocr_line' id='line_1_24' title="bbox 259 1181 1000 1226; baseline 0.003 -12"><span class='ocrx_word' id='word_1_105' title='bbox 259 1186 292 1214; x_wconf 87' lang='lat' dir='ltr'>et</span> <span class='ocrx_word' id='word_1_106' title='bbox 316 1181 391 1214; x_wconf 88' lang='lat' dir='ltr'>dicti</span> <span class='ocrx_word' id='word_1_107' title='bbox 417 1182 546 1215; x_wconf 83' lang='lat' dir='ltr'>Ordinis</span> <span class='ocrx_word' id='word_1_108' title='bbox 567 1183 699 1216; x_wconf 90' lang='lat' dir='ltr'>omnino</span> <span class='ocrx_word' id='word_1_109' title='bbox 716 1184 858 1223; x_wconf 88' lang='lat' dir='ltr'>subesse,</span> <span class='ocrx_word' id='word_1_110' title='bbox 877 1193 1000 1226; x_wconf 89' lang='lat' dir='ltr'>eosque</span> 
     </span>
     <span class='ocr_line' id='line_1_25' title="bbox 260 1235 999 1278; baseline 0.001 -12"><span class='ocrx_word' id='word_1_111' title='bbox 260 1239 482 1276; x_wconf 89' lang='lat' dir='ltr'>transeuntes,</span> <span class='ocrx_word' id='word_1_112' title='bbox 508 1240 540 1268; x_wconf 92' lang='lat' dir='ltr'>et</span> <span class='ocrx_word' id='word_1_113' title='bbox 564 1235 697 1268; x_wconf 81' lang='lat' dir='ltr'>abbates</span> <span class='ocrx_word' id='word_1_114' title='bbox 722 1246 833 1268; x_wconf 89' lang='lat' dir='ltr'>eorum</span> <span class='ocrx_word' id='word_1_115' title='bbox 858 1235 936 1278; x_wconf 84' lang='lat' dir='ltr'>ipsis</span> <span class='ocrx_word' id='word_1_116' title='bbox 961 1236 999 1268; x_wconf 90' lang='lat' dir='ltr'>ad</span> 
     </span>
     <span class='ocr_line' id='line_1_26' title="bbox 259 1287 1001 1332; baseline 0.001 -12"><span class='ocrx_word' id='word_1_117' title='bbox 259 1287 356 1320; x_wconf 88' lang='lat' dir='ltr'>alium</span> <span class='ocrx_word' id='word_1_118' title='bbox 374 1294 606 1332; x_wconf 78' lang='lat' dir='ltr'>praeterquam</span> <span class='ocrx_word' id='word_1_119' title='bbox 623 1289 743 1322; x_wconf 89' lang='lat' dir='ltr'>dictum</span> <span class='ocrx_word' id='word_1_120' title='bbox 758 1289 912 1322; x_wconf 85' lang='lat' dir='ltr'>Ordinem</span> <span class='ocrx_word' id='word_1_121' title='bbox 927 1288 1001 1322; x_wconf 89' lang='lat' dir='ltr'>Car-</span> 
     </span>
     <span class='ocr_line' id='line_1_27' title="bbox 260 1340 1000 1375; baseline 0.003 -3"><span class='ocrx_word' id='word_1_122' title='bbox 260 1340 477 1374; x_wconf 86' lang='lat' dir='ltr'>thusiensium</span> <span class='ocrx_word' id='word_1_123' title='bbox 514 1342 704 1375; x_wconf 88' lang='lat' dir='ltr'>transeundi</span> <span class='ocrx_word' id='word_1_124' title='bbox 731 1342 897 1375; x_wconf 86' lang='lat' dir='ltr'>licentiam</span> <span class='ocrx_word' id='word_1_125' title='bbox 923 1352 1000 1375; x_wconf 89' lang='lat' dir='ltr'>eon-</span> 
     </span>
     <span class='ocr_line' id='line_1_28' title="bbox 260 1395 999 1438; baseline 0 -11"><span class='ocrx_word' id='word_1_126' title='bbox 260 1395 423 1435; x_wconf 85' lang='lat' dir='ltr'>cedentes,</span> <span class='ocrx_word' id='word_1_127' title='bbox 449 1395 520 1438; x_wconf 84' lang='lat' dir='ltr'>ipso</span> <span class='ocrx_word' id='word_1_128' title='bbox 548 1396 631 1428; x_wconf 77' lang='lat' dir='ltr'>facto</span> <span class='ocrx_word' id='word_1_129' title='bbox 655 1395 999 1429; x_wconf 78' lang='lat' dir='ltr'>excommunicationis</span> 
     </span>
     <span class='ocr_line' id='line_1_29' title="bbox 260 1447 999 1482; baseline 0.001 -2"><span class='ocrx_word' id='word_1_130' title='bbox 260 1447 440 1481; x_wconf 85' lang='lat' dir='ltr'>sententiae</span> <span class='ocrx_word' id='word_1_131' title='bbox 478 1449 660 1482; x_wconf 85' lang='lat' dir='ltr'>subiacere.</span> <span class='ocrx_word' id='word_1_132' title='bbox 700 1448 769 1482; x_wconf 86' lang='lat' dir='ltr'>Non</span> <span class='ocrx_word' id='word_1_133' title='bbox 795 1448 999 1482; x_wconf 88' lang='lat' dir='ltr'>obstantibus</span> 
     </span>
     <span class='ocr_line' id='line_1_30' title="bbox 259 1501 1000 1545; baseline 0.003 -12"><span class='ocrx_word' id='word_1_134' title='bbox 259 1501 519 1545; x_wconf 87' lang='lat' dir='ltr'>quibuscumque</span> <span class='ocrx_word' id='word_1_135' title='bbox 563 1502 741 1545; x_wconf 73' lang='lat' dir='ltr'>privilegiis</span> <span class='ocrx_word' id='word_1_136' title='bbox 785 1514 821 1535; x_wconf 90' lang='lat' dir='ltr'>ac</span> <span class='ocrx_word' id='word_1_137' title='bbox 865 1502 1000 1535; x_wconf 90' lang='lat' dir='ltr'>indultis</span> 
     </span>
     <span class='ocr_line' id='line_1_31' title="bbox 260 1555 998 1598; baseline 0.003 -11"><span class='ocrx_word' id='word_1_138' title='bbox 260 1555 368 1598; x_wconf 86' lang='lat' dir='ltr'>quavis</span> <span class='ocrx_word' id='word_1_139' title='bbox 392 1555 582 1588; x_wconf 88' lang='lat' dir='ltr'>auctoritate</span> <span class='ocrx_word' id='word_1_140' title='bbox 608 1555 771 1589; x_wconf 84' lang='lat' dir='ltr'>concessis</span> <span class='ocrx_word' id='word_1_141' title='bbox 808 1557 856 1589; x_wconf 86' lang='lat' dir='ltr'>vel</span> <span class='ocrx_word' id='word_1_142' title='bbox 883 1567 998 1589; x_wconf 86' lang='lat' dir='ltr'>conce-</span> 
     </span>
     <span class='ocr_line' id='line_1_32' title="bbox 260 1607 1000 1651; baseline 0.003 -11"><span class='ocrx_word' id='word_1_143' title='bbox 260 1607 388 1647; x_wconf 89' lang='lat' dir='ltr'>dendis,</span> <span class='ocrx_word' id='word_1_144' title='bbox 409 1618 502 1651; x_wconf 87' lang='lat' dir='ltr'>quae,</span> <span class='ocrx_word' id='word_1_145' title='bbox 522 1609 627 1651; x_wconf 84' lang='lat' dir='ltr'>quoad</span> <span class='ocrx_word' id='word_1_146' title='bbox 655 1609 725 1649; x_wconf 80' lang='lat' dir='ltr'>hoc,</span> <span class='ocrx_word' id='word_1_147' title='bbox 744 1609 867 1642; x_wconf 85' lang='lat' dir='ltr'>nullius</span> <span class='ocrx_word' id='word_1_148' title='bbox 892 1609 1000 1642; x_wconf 88' lang='lat' dir='ltr'>decer-</span> 
     </span>
     <span class='ocr_line' id='line_1_33' title="bbox 258 1660 998 1702; baseline 0.004 -10"><span class='ocrx_word' id='word_1_149' title='bbox 258 1660 364 1694; x_wconf 89' lang='lat' dir='ltr'>nimus</span> <span class='ocrx_word' id='word_1_150' title='bbox 390 1661 531 1694; x_wconf 78' lang='lat' dir='ltr'>existere</span> <span class='ocrx_word' id='word_1_151' title='bbox 558 1660 742 1702; x_wconf 84' lang='lat' dir='ltr'>firmitatis,</span> <span class='ocrx_word' id='word_1_152' title='bbox 769 1667 800 1695; x_wconf 88' lang='lat' dir='ltr'>et</span> <span class='ocrx_word' id='word_1_153' title='bbox 825 1663 998 1695; x_wconf 89' lang='lat' dir='ltr'>contrariis</span> 
     </span>
     <span class='ocr_line' id='line_1_34' title="bbox 259 1713 998 1758; baseline 0.005 -13"><span class='ocrx_word' id='word_1_154' title='bbox 259 1713 534 1757; x_wconf 84' lang='lat' dir='ltr'>quibuscumque.</span> <span class='ocrx_word' id='word_1_155' title='bbox 563 1714 647 1748; x_wconf 86' lang='lat' dir='ltr'>Nulli</span> <span class='ocrx_word' id='word_1_156' title='bbox 675 1725 752 1758; x_wconf 79' lang='lat' dir='ltr'>ergo</span> <span class='ocrx_word' id='word_1_157' title='bbox 779 1715 912 1749; x_wconf 91' lang='lat' dir='ltr'>omnino</span> <span class='ocrx_word' id='word_1_158' title='bbox 938 1716 998 1749; x_wconf 93' lang='lat' dir='ltr'>ho-</span> 
     </span>
     <span class='ocr_line' id='line_1_35' title="bbox 258 1767 998 1812; baseline 0.005 -13"><span class='ocrx_word' id='word_1_159' title='bbox 258 1767 380 1800; x_wconf 87' lang='lat' dir='ltr'>minum</span> <span class='ocrx_word' id='word_1_160' title='bbox 416 1768 512 1801; x_wconf 86' lang='lat' dir='ltr'>liceat</span> <span class='ocrx_word' id='word_1_161' title='bbox 559 1769 644 1801; x_wconf 88' lang='lat' dir='ltr'>hanc</span> <span class='ocrx_word' id='word_1_162' title='bbox 681 1768 832 1812; x_wconf 79' lang='lat' dir='ltr'>paginam</span> <span class='ocrx_word' id='word_1_163' title='bbox 868 1774 998 1803; x_wconf 87' lang='lat' dir='ltr'>nostrae</span> 
     </span>
     <span class='ocr_line' id='line_1_36' title="bbox 258 1821 999 1865; baseline 0.004 -12"><span class='ocrx_word' id='word_1_164' title='bbox 258 1821 431 1855; x_wconf 87' lang='lat' dir='ltr'>voluntatis</span> <span class='ocrx_word' id='word_1_165' title='bbox 463 1827 496 1855; x_wconf 89' lang='lat' dir='ltr'>et</span> <span class='ocrx_word' id='word_1_166' title='bbox 528 1822 769 1855; x_wconf 85' lang='lat' dir='ltr'>constitutionis</span> <span class='ocrx_word' id='word_1_167' title='bbox 802 1823 999 1865; x_wconf 79' lang='lat' dir='ltr'>infringere,</span> 
     </span>
     <span class='ocr_line' id='line_1_37' title="bbox 257 1875 997 1919; baseline 0.004 -13"><span class='ocrx_word' id='word_1_168' title='bbox 257 1875 306 1908; x_wconf 87' lang='lat' dir='ltr'>vel</span> <span class='ocrx_word' id='word_1_169' title='bbox 332 1875 360 1908; x_wconf 88' lang='lat' dir='ltr'>ei</span> <span class='ocrx_word' id='word_1_170' title='bbox 386 1884 463 1908; x_wconf 87' lang='lat' dir='ltr'>ausu</span> <span class='ocrx_word' id='word_1_171' title='bbox 491 1876 663 1909; x_wconf 87' lang='lat' dir='ltr'>temerario</span> <span class='ocrx_word' id='word_1_172' title='bbox 684 1875 860 1916; x_wconf 83' lang='lat' dir='ltr'>contraire;</span> <span class='ocrx_word' id='word_1_173' title='bbox 881 1876 906 1909; x_wconf 90' lang='lat' dir='ltr'>si</span> <span class='ocrx_word' id='word_1_174' title='bbox 926 1876 997 1919; x_wconf 88' lang='lat' dir='ltr'>quis</span> 
     </span>
     <span class='ocr_line' id='line_1_38' title="bbox 258 1928 1000 1973; baseline 0.003 -13"><span class='ocrx_word' id='word_1_175' title='bbox 258 1932 366 1961; x_wconf 87' lang='lat' dir='ltr'>autem</span> <span class='ocrx_word' id='word_1_176' title='bbox 391 1928 454 1962; x_wconf 86' lang='lat' dir='ltr'>hoe</span> <span class='ocrx_word' id='word_1_177' title='bbox 478 1933 639 1962; x_wconf 85' lang='lat' dir='ltr'>attentare</span> <span class='ocrx_word' id='word_1_178' title='bbox 665 1930 933 1973; x_wconf 85' lang='lat' dir='ltr'>praesumpserit,</span> <span class='ocrx_word' id='word_1_179' title='bbox 954 1929 1000 1962; x_wconf 93' lang='lat' dir='ltr'>in-</span> 
     </span>
     <span class='ocr_line' id='line_1_39' title="bbox 258 1981 999 2025; baseline 0.003 -12"><span class='ocrx_word' id='word_1_180' title='bbox 258 1981 479 2024; x_wconf 82' lang='lat' dir='ltr'>dignationem</span> <span class='ocrx_word' id='word_1_181' title='bbox 505 1982 742 2025; x_wconf 86' lang='lat' dir='ltr'>omnipotentis</span> <span class='ocrx_word' id='word_1_182' title='bbox 768 1983 823 2016; x_wconf 91' lang='lat' dir='ltr'>Dei</span> <span class='ocrx_word' id='word_1_183' title='bbox 863 1988 893 2015; x_wconf 93' lang='lat' dir='ltr'>et</span> <span class='ocrx_word' id='word_1_184' title='bbox 925 1984 999 2016; x_wconf 86' lang='lat' dir='ltr'>bea-</span> 
     </span>
     <span class='ocr_line' id='line_1_40' title="bbox 257 2035 998 2079; baseline 0.001 -12"><span class='ocrx_word' id='word_1_185' title='bbox 257 2039 365 2067; x_wconf 87' lang='lat' dir='ltr'>torum</span> <span class='ocrx_word' id='word_1_186' title='bbox 391 2035 475 2068; x_wconf 88' lang='lat' dir='ltr'>Petri</span> <span class='ocrx_word' id='word_1_187' title='bbox 506 2041 537 2068; x_wconf 91' lang='lat' dir='ltr'>et</span> <span class='ocrx_word' id='word_1_188' title='bbox 562 2036 651 2068; x_wconf 88' lang='lat' dir='ltr'>Pauli</span> <span class='ocrx_word' id='word_1_189' title='bbox 677 2037 903 2079; x_wconf 87' lang='lat' dir='ltr'>apostolorum</span> <span class='ocrx_word' id='word_1_190' title='bbox 929 2035 998 2069; x_wconf 92' lang='lat' dir='ltr'>eius</span> 
     </span>
     <span class='ocr_line' id='line_1_41' title="bbox 257 2089 678 2123; baseline 0 -1"><span class='ocrx_word' id='word_1_191' title='bbox 257 2098 291 2122; x_wconf 84' lang='lat' dir='ltr'>se</span> <span class='ocrx_word' id='word_1_192' title='bbox 314 2089 438 2123; x_wconf 86' lang='lat' dir='ltr'>noverit</span> <span class='ocrx_word' id='word_1_193' title='bbox 463 2089 678 2123; x_wconf 88' lang='lat' dir='ltr'>incursurum.</span> 
     </span>
    </p>
   </div>
   <div class='ocr_carea' id='block_1_5' title="bbox 256 2150 999 2266">
    <p class='ocr_par' dir='ltr' id='par_1_5' title="bbox 256 2150 999 2266">
     <span class='ocr_line' id='line_1_42' title="bbox 292 2150 999 2187; baseline 0.001 -10"><span class='ocrx_word' id='word_1_194' title='bbox 292 2150 390 2178; x_wconf 87' lang='lat' dir='ltr'>Datum</span> <span class='ocrx_word' id='word_1_195' title='bbox 415 2151 572 2187; x_wconf 75' lang='lat' dir='ltr'>Florentiae</span> <span class='ocrx_word' id='word_1_196' title='bbox 597 2159 667 2178; x_wconf 82' lang='lat' dir='ltr'>anno</span> <span class='ocrx_word' id='word_1_197' title='bbox 695 2151 891 2179; x_wconf 86' lang='lat' dir='ltr'>lncaruationis</span> <span class='ocrx_word' id='word_1_198' title='bbox 912 2152 999 2178; x_wconf 91' lang='lat' dir='ltr'>domi-</span> 
     </span>
     <span class='ocr_line' id='line_1_43' title="bbox 256 2194 998 2231; baseline 0.001 -10"><span class='ocrx_word' id='word_1_199' title='bbox 256 2194 332 2222; x_wconf 88' lang='lat' dir='ltr'>nicae</span> <span class='ocrx_word' id='word_1_200' title='bbox 352 2202 489 2222; x_wconf 76' lang='lat' dir='ltr'>MCDxxX1x</span> <span class='ocrx_word' id='word_1_201' title='bbox 503 2216 509 2228; x_wconf 92' lang='lat'>,</span> <span class='ocrx_word' id='word_1_202' title='bbox 531 2203 575 2222; x_wconf 66' lang='lat' dir='ltr'>XVI</span> <span class='ocrx_word' id='word_1_203' title='bbox 603 2195 731 2223; x_wconf 84' lang='lat' dir='ltr'>kalendas</span> <span class='ocrx_word' id='word_1_204' title='bbox 758 2195 866 2230; x_wconf 87' lang='lat' dir='ltr'>martii,</span> <span class='ocrx_word' id='word_1_205' title='bbox 890 2196 998 2231; x_wconf 78' lang='lat' dir='ltr'>pontifi-</span> 
     </span>
     <span class='ocr_line' id='line_1_44' title="bbox 257 2239 607 2266; baseline 0.003 -1"><span class='ocrx_word' id='word_1_206' title='bbox 257 2242 332 2266; x_wconf 84' lang='lat' dir='ltr'>catus</span> <span class='ocrx_word' id='word_1_207' title='bbox 352 2239 437 2266; x_wconf 86' lang='lat' dir='ltr'>nostri</span> <span class='ocrx_word' id='word_1_208' title='bbox 458 2247 528 2266; x_wconf 89' lang='lat' dir='ltr'>anno</span> <span class='ocrx_word' id='word_1_209' title='bbox 550 2246 607 2266; x_wconf 82' lang='lat' dir='ltr'>vni.</span> 
     </span>
    </p>
   </div>
   <div class='ocr_carea' id='block_1_6' title="bbox 256 2302 997 2504">
    <p class='ocr_par' dir='ltr' id='par_1_6' title="bbox 256 2302 997 2504">
     <span class='ocr_line' id='line_1_45' title="bbox 300 2302 997 2345; baseline 0 -10"><span class='ocrx_word' id='word_1_210' title='bbox 300 2302 315 2345; x_wconf 70' lang='grc' dir='ltr'><strong>ἓ</strong></span> <span class='ocrx_word' id='word_1_211' title='bbox 341 2302 372 2335; x_wconf 77' lang='lat'>⁶2.</span> <span class='ocrx_word' id='word_1_212' title='bbox 400 2302 477 2335; x_wconf 86' lang='lat' dir='ltr'>Cum</span> <span class='ocrx_word' id='word_1_213' title='bbox 505 2308 622 2343; x_wconf 85' lang='lat' dir='ltr'>autem,</span> <span class='ocrx_word' id='word_1_214' title='bbox 650 2303 731 2335; x_wconf 91' lang='lat' dir='ltr'>sicut</span> <span class='ocrx_word' id='word_1_215' title='bbox 757 2303 892 2336; x_wconf 89' lang='lat' dir='ltr'>dilectus</span> <span class='ocrx_word' id='word_1_216' title='bbox 914 2302 997 2336; x_wconf 85' lang='lat' dir='ltr'>silius</span> 
     </span>
     <span class='ocr_line' id='line_1_46' title="bbox 256 2355 997 2399; baseline 0.001 -11"><span class='ocrx_word' id='word_1_217' title='bbox 256 2356 431 2389; x_wconf 88' lang='lat' dir='ltr'>modernus</span> <span class='ocrx_word' id='word_1_218' title='bbox 456 2361 649 2399; x_wconf 86' lang='lat' dir='ltr'>procurator</span> <span class='ocrx_word' id='word_1_219' title='bbox 673 2355 837 2397; x_wconf 76' lang='lat' dir='ltr'>generalis</span> <span class='ocrx_word' id='word_1_220' title='bbox 857 2355 997 2397; x_wconf 68' lang='lat' dir='ltr'>Congre-</span> 
     </span>
     <span class='ocr_line' id='line_1_47' title="bbox 256 2408 997 2451; baseline 0 -10"><span class='ocrx_word' id='word_1_221' title='bbox 256 2408 396 2451; x_wconf 81' lang='lat' dir='ltr'>gationis</span> <span class='ocrx_word' id='word_1_222' title='bbox 423 2409 643 2449; x_wconf 64' lang='lat' dir='ltr'>Portugalliae</span> <span class='ocrx_word' id='word_1_223' title='bbox 682 2408 830 2441; x_wconf 87' lang='lat' dir='ltr'>eiusdem</span> <span class='ocrx_word' id='word_1_224' title='bbox 867 2408 997 2441; x_wconf 85' lang='lat' dir='ltr'>Ordinis</span> 
     </span>
     <span class='ocr_line' id='line_1_48' title="bbox 256 2460 995 2504; baseline -0.001 -10"><span class='ocrx_word' id='word_1_225' title='bbox 256 2460 477 2494; x_wconf 83' lang='lat' dir='ltr'>Cisterciensis</span> <span class='ocrx_word' id='word_1_226' title='bbox 507 2461 598 2494; x_wconf 89' lang='lat' dir='ltr'>nobis</span> <span class='ocrx_word' id='word_1_227' title='bbox 624 2471 728 2504; x_wconf 84' lang='lat' dir='ltr'>nuper</span> <span class='ocrx_word' id='word_1_228' title='bbox 754 2461 871 2504; x_wconf 78' lang='lat' dir='ltr'>exponi</span> <span class='ocrx_word' id='word_1_229' title='bbox 898 2461 995 2501; x_wconf 85' lang='lat' dir='ltr'>fecit,</span> 
     </span>
    </p>
   </div>
   <div class='ocr_carea' id='block_1_7' title="bbox 1022 226 1027 1098">
    <p class='ocr_par' dir='ltr' id='par_1_7' title="bbox 1022 226 1027 1098">
     <span class='ocr_line' id='line_1_49' title="bbox 1022 226 1027 1098; baseline 0 0"><span class='ocrx_word' id='word_1_230' title='bbox 1022 226 1027 1098; x_wconf 95' lang='lat' dir='ltr'> </span> 
     </span>
    </p>
   </div>
   <div class='ocr_carea' id='block_1_8' title="bbox 1042 225 1790 2504">
    <p class='ocr_par' dir='ltr' id='par_1_8' title="bbox 1042 225 1790 2504">
     <span class='ocr_line' id='line_1_50' title="bbox 1048 225 1788 268; baseline 0.003 -11"><span class='ocrx_word' id='word_1_231' title='bbox 1048 235 1186 267; x_wconf 90' lang='lat' dir='ltr'>cumque</span> <span class='ocrx_word' id='word_1_232' title='bbox 1223 225 1324 258; x_wconf 85' lang='lat' dir='ltr'>abusu</span> <span class='ocrx_word' id='word_1_233' title='bbox 1359 225 1413 268; x_wconf 91' lang='lat' dir='ltr'>qui</span> <span class='ocrx_word' id='word_1_234' title='bbox 1440 236 1545 268; x_wconf 90' lang='lat' dir='ltr'>nuper</span> <span class='ocrx_word' id='word_1_235' title='bbox 1570 226 1600 258; x_wconf 87' lang='lat' dir='ltr'>in</span> <span class='ocrx_word' id='word_1_236' title='bbox 1628 227 1788 268; x_wconf 76' lang='lat' dir='ltr'>regularis</span> 
     </span>
     <span class='ocr_line' id='line_1_51' title="bbox 1049 278 1790 322; baseline 0.003 -12"><span class='ocrx_word' id='word_1_237' title='bbox 1049 278 1239 321; x_wconf 86' lang='lat' dir='ltr'>disciplinae</span> <span class='ocrx_word' id='word_1_238' title='bbox 1262 278 1489 311; x_wconf 86' lang='lat' dir='ltr'>detrimentum</span> <span class='ocrx_word' id='word_1_239' title='bbox 1516 279 1647 322; x_wconf 89' lang='lat' dir='ltr'>prodire</span> <span class='ocrx_word' id='word_1_240' title='bbox 1673 290 1790 322; x_wconf 90' lang='lat' dir='ltr'>coepe-</span> 
     </span>
     <span class='ocr_line' id='line_1_52' title="bbox 1048 332 1789 371; baseline 0.003 -8"><span class='ocrx_word' id='word_1_241' title='bbox 1048 332 1113 370; x_wconf 87' lang='lat' dir='ltr'>rit,</span> <span class='ocrx_word' id='word_1_242' title='bbox 1148 342 1240 365; x_wconf 89' lang='lat' dir='ltr'>suum</span> <span class='ocrx_word' id='word_1_243' title='bbox 1267 333 1445 365; x_wconf 85' lang='lat' dir='ltr'>sortiantur</span> <span class='ocrx_word' id='word_1_244' title='bbox 1471 332 1644 371; x_wconf 83' lang='lat' dir='ltr'>ell&#39;ectum,</span> <span class='ocrx_word' id='word_1_245' title='bbox 1672 333 1789 365; x_wconf 82' lang='lat' dir='ltr'>contir-</span> 
     </span>
     <span class='ocr_line' id='line_1_53' title="bbox 1048 385 1787 428; baseline 0.004 -12"><span class='ocrx_word' id='word_1_246' title='bbox 1048 385 1198 417; x_wconf 85' lang='lat' dir='ltr'>mationis</span> <span class='ocrx_word' id='word_1_247' title='bbox 1223 390 1354 418; x_wconf 84' lang='lat' dir='ltr'>nostrae</span> <span class='ocrx_word' id='word_1_248' title='bbox 1380 386 1561 428; x_wconf 85' lang='lat' dir='ltr'>patrocinio</span> <span class='ocrx_word' id='word_1_249' title='bbox 1595 386 1787 419; x_wconf 89' lang='lat' dir='ltr'>communiri</span> 
     </span>
     <span class='ocr_line' id='line_1_54' title="bbox 1047 439 1788 483; baseline 0.007 -15"><span class='ocrx_word' id='word_1_250' title='bbox 1047 448 1255 481; x_wconf 83' lang='lat' dir='ltr'>summopere</span> <span class='ocrx_word' id='word_1_251' title='bbox 1282 439 1465 473; x_wconf 87' lang='lat' dir='ltr'>desideret:</span> <span class='ocrx_word' id='word_1_252' title='bbox 1493 440 1586 472; x_wconf 86' lang='lat' dir='ltr'>nobis</span> <span class='ocrx_word' id='word_1_253' title='bbox 1612 445 1788 483; x_wconf 86' lang='lat' dir='ltr'>propterea</span> 
     </span>
     <span class='ocr_line' id='line_1_55' title="bbox 1048 490 1787 536; baseline 0.004 -14"><span class='ocrx_word' id='word_1_254' title='bbox 1048 490 1216 524; x_wconf 83' lang='lat' dir='ltr'>humiliter</span> <span class='ocrx_word' id='word_1_255' title='bbox 1251 491 1427 534; x_wconf 84' lang='lat' dir='ltr'>supplicari</span> <span class='ocrx_word' id='word_1_256' title='bbox 1459 493 1533 525; x_wconf 79' lang='lat' dir='ltr'>fecit</span> <span class='ocrx_word' id='word_1_257' title='bbox 1564 497 1599 525; x_wconf 89' lang='lat' dir='ltr'>ut</span> <span class='ocrx_word' id='word_1_258' title='bbox 1631 493 1663 525; x_wconf 90' lang='lat' dir='ltr'>in</span> <span class='ocrx_word' id='word_1_259' title='bbox 1695 504 1787 536; x_wconf 84' lang='lat' dir='ltr'>prae-</span> 
     </span>
     <span class='ocr_line' id='line_1_56' title="bbox 1047 543 1787 587; baseline 0.005 -13"><span class='ocrx_word' id='word_1_260' title='bbox 1047 543 1151 575; x_wconf 87' lang='lat' dir='ltr'>missis</span> <span class='ocrx_word' id='word_1_261' title='bbox 1178 549 1361 586; x_wconf 87' lang='lat' dir='ltr'>opportune</span> <span class='ocrx_word' id='word_1_262' title='bbox 1393 545 1562 587; x_wconf 86' lang='lat' dir='ltr'>providere</span> <span class='ocrx_word' id='word_1_263' title='bbox 1589 551 1621 578; x_wconf 88' lang='lat' dir='ltr'>et</span> <span class='ocrx_word' id='word_1_264' title='bbox 1645 552 1681 578; x_wconf 90' lang='lat' dir='ltr'>ut</span> <span class='ocrx_word' id='word_1_265' title='bbox 1705 546 1787 578; x_wconf 74' lang='lat' dir='ltr'>infra</span> 
     </span>
     <span class='ocr_line' id='line_1_57' title="bbox 1046 595 1787 641; baseline 0.005 -14"><span class='ocrx_word' id='word_1_266' title='bbox 1046 595 1219 637; x_wconf 72' lang='lat' dir='ltr'>indulgere</span> <span class='ocrx_word' id='word_1_267' title='bbox 1245 597 1284 629; x_wconf 86' lang='lat' dir='ltr'>de</span> <span class='ocrx_word' id='word_1_268' title='bbox 1311 597 1515 639; x_wconf 69' lang='lat' dir='ltr'>benignitate</span> <span class='ocrx_word' id='word_1_269' title='bbox 1542 598 1719 641; x_wconf 76' lang='lat' dir='ltr'>apostolica</span> <span class='ocrx_word' id='word_1_270' title='bbox 1744 599 1787 631; x_wconf 86' lang='lat' dir='ltr'>di-</span> 
     </span>
     <span class='ocr_line' id='line_1_58' title="bbox 1045 648 1786 693; baseline 0.005 -13"><span class='ocrx_word' id='word_1_271' title='bbox 1045 658 1230 689; x_wconf 73' lang='lat' dir='ltr'>gnaremur.</span> <span class='ocrx_word' id='word_1_272' title='bbox 1251 648 1314 682; x_wconf 85' lang='lat' dir='ltr'>Nos</span> <span class='ocrx_word' id='word_1_273' title='bbox 1341 650 1448 692; x_wconf 83' lang='lat' dir='ltr'>igitur,</span> <span class='ocrx_word' id='word_1_274' title='bbox 1468 651 1572 693; x_wconf 86' lang='lat' dir='ltr'>ipsum</span> <span class='ocrx_word' id='word_1_275' title='bbox 1595 651 1786 684; x_wconf 88' lang='lat' dir='ltr'>modernum</span> 
     </span>
     <span class='ocr_line' id='line_1_59' title="bbox 1045 705 1788 748; baseline 0.004 -14"><span class='ocrx_word' id='word_1_276' title='bbox 1045 708 1287 744; x_wconf 85' lang='lat' dir='ltr'>procuratorem</span> <span class='ocrx_word' id='word_1_277' title='bbox 1315 705 1499 745; x_wconf 76' lang='lat' dir='ltr'>generalem</span> <span class='ocrx_word' id='word_1_278' title='bbox 1526 705 1722 748; x_wconf 84' lang='lat' dir='ltr'>specialibus</span> <span class='ocrx_word' id='word_1_279' title='bbox 1747 705 1788 737; x_wconf 86' lang='lat' dir='ltr'>sa-</span> 
     </span>
     <span class='ocr_line' id='line_1_60' title="bbox 1045 755 1783 800; baseline 0.007 -14"><span class='ocrx_word' id='word_1_280' title='bbox 1045 755 1173 787; x_wconf 80' lang='lat' dir='ltr'>voribus</span> <span class='ocrx_word' id='word_1_281' title='bbox 1209 760 1240 788; x_wconf 88' lang='lat' dir='ltr'>et</span> <span class='ocrx_word' id='word_1_282' title='bbox 1273 756 1384 798; x_wconf 83' lang='lat' dir='ltr'>gratiis</span> <span class='ocrx_word' id='word_1_283' title='bbox 1418 758 1574 800; x_wconf 88' lang='lat' dir='ltr'>prosequi</span> <span class='ocrx_word' id='word_1_284' title='bbox 1607 758 1754 791; x_wconf 87' lang='lat' dir='ltr'>volentes</span> <span class='ocrx_word' id='word_1_285' title='bbox 1776 786 1783 799; x_wconf 92' lang='lat'>,</span> 
     </span>
     <span class='ocr_line' id='line_1_61' title="bbox 1045 809 1786 852; baseline 0.004 -11"><span class='ocrx_word' id='word_1_286' title='bbox 1045 811 1075 841; x_wconf 86' lang='lat' dir='ltr'>et</span> <span class='ocrx_word' id='word_1_287' title='bbox 1099 819 1116 841; x_wconf 89' lang='lat' dir='ltr'>a</span> <span class='ocrx_word' id='word_1_288' title='bbox 1141 809 1307 852; x_wconf 83' lang='lat' dir='ltr'>quibusvis</span> <span class='ocrx_word' id='word_1_289' title='bbox 1328 811 1687 851; x_wconf 80' lang='lat' dir='ltr'>excommunicationis,</span> <span class='ocrx_word' id='word_1_290' title='bbox 1715 822 1786 844; x_wconf 87' lang='lat' dir='ltr'>sus-</span> 
     </span>
     <span class='ocr_line' id='line_1_62' title="bbox 1046 861 1785 907; baseline 0.004 -13"><span class='ocrx_word' id='word_1_291' title='bbox 1046 862 1210 904; x_wconf 86' lang='lat' dir='ltr'>pensionis</span> <span class='ocrx_word' id='word_1_292' title='bbox 1238 866 1269 894; x_wconf 91' lang='lat' dir='ltr'>et</span> <span class='ocrx_word' id='word_1_293' title='bbox 1293 861 1482 902; x_wconf 84' lang='lat' dir='ltr'>interdicti,</span> <span class='ocrx_word' id='word_1_294' title='bbox 1509 864 1646 907; x_wconf 88' lang='lat' dir='ltr'>aliisque</span> <span class='ocrx_word' id='word_1_295' title='bbox 1682 865 1785 897; x_wconf 85' lang='lat' dir='ltr'>eccle-</span> 
     </span>
     <span class='ocr_line' id='line_1_63' title="bbox 1044 915 1782 960; baseline 0.004 -14"><span class='ocrx_word' id='word_1_296' title='bbox 1044 915 1179 947; x_wconf 82' lang='lat' dir='ltr'>siasticis</span> <span class='ocrx_word' id='word_1_297' title='bbox 1207 915 1390 955; x_wconf 83' lang='lat' dir='ltr'>sententiis,</span> <span class='ocrx_word' id='word_1_298' title='bbox 1417 917 1562 949; x_wconf 85' lang='lat' dir='ltr'>censuris</span> <span class='ocrx_word' id='word_1_299' title='bbox 1596 922 1626 950; x_wconf 87' lang='lat' dir='ltr'>et</span> <span class='ocrx_word' id='word_1_300' title='bbox 1651 917 1782 960; x_wconf 88' lang='lat' dir='ltr'>poenis,</span> 
     </span>
     <span class='ocr_line' id='line_1_64' title="bbox 1045 967 1783 1012; baseline 0.004 -13"><span class='ocrx_word' id='word_1_301' title='bbox 1045 977 1061 999; x_wconf 84' lang='lat' dir='ltr'>a</span> <span class='ocrx_word' id='word_1_302' title='bbox 1079 967 1145 1000; x_wconf 87' lang='lat' dir='ltr'>iure</span> <span class='ocrx_word' id='word_1_303' title='bbox 1166 967 1212 1000; x_wconf 81' lang='lat' dir='ltr'>vel</span> <span class='ocrx_word' id='word_1_304' title='bbox 1235 968 1274 999; x_wconf 88' lang='lat' dir='ltr'>ab</span> <span class='ocrx_word' id='word_1_305' title='bbox 1300 968 1446 1008; x_wconf 84' lang='lat' dir='ltr'>homine,</span> <span class='ocrx_word' id='word_1_306' title='bbox 1475 969 1586 1012; x_wconf 81' lang='lat' dir='ltr'>quavis</span> <span class='ocrx_word' id='word_1_307' title='bbox 1608 969 1783 1002; x_wconf 84' lang='lat' dir='ltr'>occasione</span> 
     </span>
     <span class='ocr_line' id='line_1_65' title="bbox 1044 1021 1785 1066; baseline 0.003 -13"><span class='ocrx_word' id='word_1_308' title='bbox 1044 1021 1092 1053; x_wconf 90' lang='lat' dir='ltr'>vel</span> <span class='ocrx_word' id='word_1_309' title='bbox 1119 1023 1213 1054; x_wconf 78' lang='lat' dir='ltr'>eausa</span> <span class='ocrx_word' id='word_1_310' title='bbox 1239 1021 1324 1060; x_wconf 85' lang='lat' dir='ltr'>latis,</span> <span class='ocrx_word' id='word_1_311' title='bbox 1347 1022 1370 1054; x_wconf 91' lang='lat' dir='ltr'>si</span> <span class='ocrx_word' id='word_1_312' title='bbox 1394 1022 1510 1065; x_wconf 87' lang='lat' dir='ltr'>quibus</span> <span class='ocrx_word' id='word_1_313' title='bbox 1536 1023 1785 1066; x_wconf 86' lang='lat' dir='ltr'>quomodolibet</span> 
     </span>
     <span class='ocr_line' id='line_1_66' title="bbox 1045 1074 1786 1119; baseline 0.003 -13"><span class='ocrx_word' id='word_1_314' title='bbox 1045 1075 1214 1107; x_wconf 81' lang='lat' dir='ltr'>innodatus</span> <span class='ocrx_word' id='word_1_315' title='bbox 1241 1074 1364 1114; x_wconf 73' lang='lat' dir='ltr'>existit,</span> <span class='ocrx_word' id='word_1_316' title='bbox 1393 1075 1431 1107; x_wconf 86' lang='lat' dir='ltr'>ad</span> <span class='ocrx_word' id='word_1_317' title='bbox 1457 1075 1607 1108; x_wconf 76' lang='lat' dir='ltr'>ell&#39;cctum</span> <span class='ocrx_word' id='word_1_318' title='bbox 1634 1086 1786 1119; x_wconf 85' lang='lat' dir='ltr'>praesen-</span> 
     </span>
     <span class='ocr_line' id='line_1_67' title="bbox 1046 1127 1784 1171; baseline 0.001 -11"><span class='ocrx_word' id='word_1_319' title='bbox 1046 1128 1123 1160; x_wconf 86' lang='lat' dir='ltr'>tium</span> <span class='ocrx_word' id='word_1_320' title='bbox 1155 1127 1321 1160; x_wconf 78' lang='lat' dir='ltr'>dumtaxat</span> <span class='ocrx_word' id='word_1_321' title='bbox 1360 1129 1643 1171; x_wconf 86' lang='lat' dir='ltr'>consequendum,</span> <span class='ocrx_word' id='word_1_322' title='bbox 1669 1129 1784 1161; x_wconf 83' lang='lat' dir='ltr'>harum</span> 
     </span>
     <span class='ocr_line' id='line_1_68' title="bbox 1044 1181 1785 1215; baseline 0 -1"><span class='ocrx_word' id='word_1_323' title='bbox 1044 1181 1127 1214; x_wconf 88' lang='lat' dir='ltr'>serie</span> <span class='ocrx_word' id='word_1_324' title='bbox 1167 1182 1374 1213; x_wconf 82' lang='lat' dir='ltr'>absolventes</span> <span class='ocrx_word' id='word_1_325' title='bbox 1415 1187 1447 1214; x_wconf 87' lang='lat' dir='ltr'>et</span> <span class='ocrx_word' id='word_1_326' title='bbox 1486 1183 1674 1214; x_wconf 67' lang='lat' dir='ltr'>absolututn</span> <span class='ocrx_word' id='word_1_327' title='bbox 1716 1182 1785 1215; x_wconf 83' lang='lat' dir='ltr'>sore</span> 
     </span>
     <span class='ocr_line' id='line_1_69' title="bbox 1044 1233 1786 1278; baseline 0 -12"><span class='ocrx_word' id='word_1_328' title='bbox 1044 1239 1233 1273; x_wconf 85' lang='lat' dir='ltr'>censentes,</span> <span class='ocrx_word' id='word_1_329' title='bbox 1268 1233 1455 1267; x_wconf 84' lang='lat' dir='ltr'>huiusmodi</span> <span class='ocrx_word' id='word_1_330' title='bbox 1491 1235 1786 1278; x_wconf 82' lang='lat' dir='ltr'>supplicationibus</span> 
     </span>
     <span class='ocr_line' id='line_1_70' title="bbox 1044 1287 1786 1330; baseline 0 -12"><span class='ocrx_word' id='word_1_331' title='bbox 1044 1287 1202 1327; x_wconf 83' lang='lat' dir='ltr'>inclinati,</span> <span class='ocrx_word' id='word_1_332' title='bbox 1224 1287 1441 1330; x_wconf 86' lang='lat' dir='ltr'>praeinsertas</span> <span class='ocrx_word' id='word_1_333' title='bbox 1463 1287 1631 1320; x_wconf 88' lang='lat' dir='ltr'>memorati</span> <span class='ocrx_word' id='word_1_334' title='bbox 1650 1287 1786 1330; x_wconf 83' lang='lat' dir='ltr'>Eugenii</span> 
     </span>
     <span class='ocr_line' id='line_1_71' title="bbox 1044 1340 1786 1383; baseline 0 -10"><span class='ocrx_word' id='word_1_335' title='bbox 1044 1340 1309 1383; x_wconf 86' lang='lat' dir='ltr'>praedecessoris</span> <span class='ocrx_word' id='word_1_336' title='bbox 1335 1340 1470 1381; x_wconf 84' lang='lat' dir='ltr'>litteras,</span> <span class='ocrx_word' id='word_1_337' title='bbox 1497 1351 1567 1373; x_wconf 90' lang='lat' dir='ltr'>cum</span> <span class='ocrx_word' id='word_1_338' title='bbox 1587 1341 1736 1373; x_wconf 88' lang='lat' dir='ltr'>omnibus</span> <span class='ocrx_word' id='word_1_339' title='bbox 1755 1346 1786 1373; x_wconf 87' lang='lat' dir='ltr'>et</span> 
     </span>
     <span class='ocr_line' id='line_1_72' title="bbox 1045 1393 1787 1436; baseline 0 -11"><span class='ocrx_word' id='word_1_340' title='bbox 1045 1393 1183 1435; x_wconf 76' lang='lat' dir='ltr'>singulis</span> <span class='ocrx_word' id='word_1_341' title='bbox 1220 1393 1251 1425; x_wconf 92' lang='lat' dir='ltr'>in</span> <span class='ocrx_word' id='word_1_342' title='bbox 1290 1393 1336 1425; x_wconf 89' lang='lat' dir='ltr'>cis</span> <span class='ocrx_word' id='word_1_343' title='bbox 1363 1393 1541 1436; x_wconf 87' lang='lat' dir='ltr'>respective</span> <span class='ocrx_word' id='word_1_344' title='bbox 1567 1393 1729 1426; x_wconf 91' lang='lat' dir='ltr'>contentis</span> <span class='ocrx_word' id='word_1_345' title='bbox 1755 1399 1787 1426; x_wconf 87' lang='lat' dir='ltr'>et</span> 
     </span>
     <span class='ocr_line' id='line_1_73' title="bbox 1045 1446 1785 1489; baseline 0.001 -10"><span class='ocrx_word' id='word_1_346' title='bbox 1045 1446 1218 1489; x_wconf 76' lang='lat' dir='ltr'>expressis,</span> <span class='ocrx_word' id='word_1_347' title='bbox 1239 1446 1344 1489; x_wconf 86' lang='lat' dir='ltr'>quoad</span> <span class='ocrx_word' id='word_1_348' title='bbox 1364 1447 1543 1480; x_wconf 84' lang='lat' dir='ltr'>monachos</span> <span class='ocrx_word' id='word_1_349' title='bbox 1561 1447 1636 1479; x_wconf 89' lang='lat' dir='ltr'>dicti</span> <span class='ocrx_word' id='word_1_350' title='bbox 1655 1446 1785 1480; x_wconf 87' lang='lat' dir='ltr'>Ordinis</span> 
     </span>
     <span class='ocr_line' id='line_1_74' title="bbox 1044 1499 1784 1542; baseline -0.001 -10"><span class='ocrx_word' id='word_1_351' title='bbox 1044 1499 1784 1542; x_wconf 68' lang='lat' dir='ltr'>CisterciensisCongregationisPortugalliae,</span> 
     </span>
     <span class='ocr_line' id='line_1_75' title="bbox 1045 1553 1785 1596; baseline 0 -11"><span class='ocrx_word' id='word_1_352' title='bbox 1045 1553 1238 1586; x_wconf 84' lang='lat' dir='ltr'>anctoritate</span> <span class='ocrx_word' id='word_1_353' title='bbox 1265 1553 1468 1596; x_wconf 79' lang='lat' dir='ltr'>apostolica,</span> <span class='ocrx_word' id='word_1_354' title='bbox 1498 1559 1610 1586; x_wconf 87' lang='lat' dir='ltr'>tenore</span> <span class='ocrx_word' id='word_1_355' title='bbox 1637 1563 1785 1596; x_wconf 79' lang='lat' dir='ltr'>praesen-</span> 
     </span>
     <span class='ocr_line' id='line_1_76' title="bbox 1045 1606 1785 1650; baseline 0 -12"><span class='ocrx_word' id='word_1_356' title='bbox 1045 1606 1143 1646; x_wconf 88' lang='lat' dir='ltr'>tium,</span> <span class='ocrx_word' id='word_1_357' title='bbox 1170 1606 1390 1650; x_wconf 88' lang='lat' dir='ltr'>approbamus</span> <span class='ocrx_word' id='word_1_358' title='bbox 1427 1612 1458 1639; x_wconf 88' lang='lat' dir='ltr'>et</span> <span class='ocrx_word' id='word_1_359' title='bbox 1493 1606 1721 1639; x_wconf 78' lang='lat' dir='ltr'>confirmamus</span> <span class='ocrx_word' id='word_1_360' title='bbox 1749 1616 1785 1638; x_wconf 84' lang='lat' dir='ltr'>ac</span> 
     </span>
     <span class='ocr_line' id='line_1_77' title="bbox 1044 1659 1786 1703; baseline 0 -11"><span class='ocrx_word' id='word_1_361' title='bbox 1044 1660 1248 1699; x_wconf 78' lang='lat' dir='ltr'>innovamus,</span> <span class='ocrx_word' id='word_1_362' title='bbox 1274 1659 1405 1703; x_wconf 88' lang='lat' dir='ltr'>illisque</span> <span class='ocrx_word' id='word_1_363' title='bbox 1431 1659 1628 1693; x_wconf 75' lang='lat' dir='ltr'>inviolabilis</span> <span class='ocrx_word' id='word_1_364' title='bbox 1656 1665 1786 1703; x_wconf 88' lang='lat' dir='ltr'>aposto-</span> 
     </span>
     <span class='ocr_line' id='line_1_78' title="bbox 1044 1712 1786 1756; baseline -0.001 -10"><span class='ocrx_word' id='word_1_365' title='bbox 1044 1713 1125 1746; x_wconf 88' lang='lat' dir='ltr'>licae</span> <span class='ocrx_word' id='word_1_366' title='bbox 1152 1712 1311 1746; x_wconf 82' lang='lat' dir='ltr'>firmitatis</span> <span class='ocrx_word' id='word_1_367' title='bbox 1329 1714 1429 1746; x_wconf 84' lang='lat' dir='ltr'>robur</span> <span class='ocrx_word' id='word_1_368' title='bbox 1447 1713 1626 1754; x_wconf 85' lang='lat' dir='ltr'>adiicimus,</span> <span class='ocrx_word' id='word_1_369' title='bbox 1645 1718 1692 1753; x_wconf 88' lang='lat' dir='ltr'>et,</span> <span class='ocrx_word' id='word_1_370' title='bbox 1711 1723 1786 1756; x_wconf 87' lang='lat' dir='ltr'>qua-</span> 
     </span>
     <span class='ocr_line' id='line_1_79' title="bbox 1045 1766 1785 1809; baseline -0.001 -9"><span class='ocrx_word' id='word_1_371' title='bbox 1045 1770 1136 1800; x_wconf 88' lang='lat' dir='ltr'>tenus</span> <span class='ocrx_word' id='word_1_372' title='bbox 1162 1777 1243 1809; x_wconf 84' lang='lat' dir='ltr'>opus</span> <span class='ocrx_word' id='word_1_373' title='bbox 1270 1767 1323 1805; x_wconf 87' lang='lat' dir='ltr'>sit,</span> <span class='ocrx_word' id='word_1_374' title='bbox 1345 1766 1383 1799; x_wconf 90' lang='lat' dir='ltr'>ad</span> <span class='ocrx_word' id='word_1_375' title='bbox 1409 1767 1586 1800; x_wconf 85' lang='lat' dir='ltr'>monachos</span> <span class='ocrx_word' id='word_1_376' title='bbox 1604 1766 1785 1809; x_wconf 78' lang='lat' dir='ltr'>Congrega-</span> 
     </span>
     <span class='ocr_line' id='line_1_80' title="bbox 1046 1819 1785 1862; baseline -0.001 -9"><span class='ocrx_word' id='word_1_377' title='bbox 1046 1820 1140 1853; x_wconf 88' lang='lat' dir='ltr'>tionis</span> <span class='ocrx_word' id='word_1_378' title='bbox 1167 1819 1383 1862; x_wconf 70' lang='lat' dir='ltr'>Portugalliae</span> <span class='ocrx_word' id='word_1_379' title='bbox 1409 1819 1536 1852; x_wconf 90' lang='lat' dir='ltr'>Ordinis</span> <span class='ocrx_word' id='word_1_380' title='bbox 1562 1819 1785 1853; x_wconf 87' lang='lat' dir='ltr'>Cisterciensis</span> 
     </span>
     <span class='ocr_line' id='line_1_81' title="bbox 1044 1873 1784 1907; baseline 0 -1"><span class='ocrx_word' id='word_1_381' title='bbox 1044 1874 1230 1907; x_wconf 85' lang='lat' dir='ltr'>huiusmodi</span> <span class='ocrx_word' id='word_1_382' title='bbox 1257 1873 1340 1906; x_wconf 77' lang='lat' dir='ltr'>dicta</span> <span class='ocrx_word' id='word_1_383' title='bbox 1361 1873 1553 1907; x_wconf 88' lang='lat' dir='ltr'>auctoritate</span> <span class='ocrx_word' id='word_1_384' title='bbox 1580 1874 1784 1907; x_wconf 82' lang='lat' dir='ltr'>extendimus</span> 
     </span>
     <span class='ocr_line' id='line_1_82' title="bbox 1044 1927 1785 1971; baseline 0 -10"><span class='ocrx_word' id='word_1_385' title='bbox 1044 1934 1074 1961; x_wconf 83' lang='lat' dir='ltr'>et</span> <span class='ocrx_word' id='word_1_386' title='bbox 1098 1928 1300 1971; x_wconf 81' lang='lat' dir='ltr'>ampliamus,</span> <span class='ocrx_word' id='word_1_387' title='bbox 1328 1933 1360 1960; x_wconf 93' lang='lat' dir='ltr'>et</span> <span class='ocrx_word' id='word_1_388' title='bbox 1385 1928 1423 1961; x_wconf 88' lang='lat' dir='ltr'>de</span> <span class='ocrx_word' id='word_1_389' title='bbox 1450 1938 1542 1967; x_wconf 82' lang='lat' dir='ltr'>novo,</span> <span class='ocrx_word' id='word_1_390' title='bbox 1569 1938 1610 1960; x_wconf 92' lang='lat' dir='ltr'>ne</span> <span class='ocrx_word' id='word_1_391' title='bbox 1635 1927 1785 1961; x_wconf 89' lang='lat' dir='ltr'>moderni</span> 
     </span>
     <span class='ocr_line' id='line_1_83' title="bbox 1044 1980 1785 2024; baseline 0 -10"><span class='ocrx_word' id='word_1_392' title='bbox 1044 1987 1075 2014; x_wconf 88' lang='lat' dir='ltr'>et</span> <span class='ocrx_word' id='word_1_393' title='bbox 1099 1992 1158 2024; x_wconf 88' lang='lat' dir='ltr'>pro</span> <span class='ocrx_word' id='word_1_394' title='bbox 1187 1986 1330 2024; x_wconf 88' lang='lat' dir='ltr'>tempore</span> <span class='ocrx_word' id='word_1_395' title='bbox 1349 1980 1523 2014; x_wconf 78' lang='lat' dir='ltr'>existentes</span> <span class='ocrx_word' id='word_1_396' title='bbox 1543 1981 1693 2013; x_wconf 85' lang='lat' dir='ltr'>monachi</span> <span class='ocrx_word' id='word_1_397' title='bbox 1711 1980 1785 2014; x_wconf 90' lang='lat' dir='ltr'>Con·</span> 
     </span>
     <span class='ocr_line' id='line_1_84' title="bbox 1043 2033 1785 2078; baseline 0 -11"><span class='ocrx_word' id='word_1_398' title='bbox 1043 2033 1242 2076; x_wconf 74' lang='lat' dir='ltr'>gregationis</span> <span class='ocrx_word' id='word_1_399' title='bbox 1279 2033 1440 2076; x_wconf 81' lang='lat' dir='ltr'>praefatae</span> <span class='ocrx_word' id='word_1_400' title='bbox 1478 2034 1516 2067; x_wconf 89' lang='lat' dir='ltr'>ad</span> <span class='ocrx_word' id='word_1_401' title='bbox 1544 2044 1785 2078; x_wconf 86' lang='lat' dir='ltr'>quemcumque</span> 
     </span>
     <span class='ocr_line' id='line_1_85' title="bbox 1043 2086 1783 2129; baseline 0 -9"><span class='ocrx_word' id='word_1_402' title='bbox 1043 2088 1141 2121; x_wconf 88' lang='lat' dir='ltr'>alium</span> <span class='ocrx_word' id='word_1_403' title='bbox 1166 2087 1318 2120; x_wconf 89' lang='lat' dir='ltr'>Ordinem</span> <span class='ocrx_word' id='word_1_404' title='bbox 1345 2097 1400 2120; x_wconf 88' lang='lat' dir='ltr'>seu</span> <span class='ocrx_word' id='word_1_405' title='bbox 1427 2086 1717 2129; x_wconf 72' lang='lat' dir='ltr'>Congregationem</span> <span class='ocrx_word' id='word_1_406' title='bbox 1735 2087 1783 2120; x_wconf 85' lang='lat' dir='ltr'>vel</span> 
     </span>
     <span class='ocr_line' id='line_1_86' title="bbox 1043 2140 1787 2184; baseline 0 -11"><span class='ocrx_word' id='word_1_407' title='bbox 1043 2141 1224 2174; x_wconf 81' lang='lat' dir='ltr'>institutum</span> <span class='ocrx_word' id='word_1_408' title='bbox 1262 2151 1278 2173; x_wconf 89' lang='lat' dir='ltr'>a</span> <span class='ocrx_word' id='word_1_409' title='bbox 1311 2140 1392 2173; x_wconf 85' lang='lat' dir='ltr'>Sede</span> <span class='ocrx_word' id='word_1_410' title='bbox 1418 2140 1604 2183; x_wconf 65' lang='lat' dir='ltr'>Apostolieai</span> <span class='ocrx_word' id='word_1_411' title='bbox 1629 2140 1787 2184; x_wconf 86' lang='lat' dir='ltr'>approba-</span> 
     </span>
     <span class='ocr_line' id='line_1_87' title="bbox 1044 2193 1786 2238; baseline -0.001 -11"><span class='ocrx_word' id='word_1_412' title='bbox 1044 2201 1132 2237; x_wconf 85' lang='lat' dir='ltr'>tum,</span> <span class='ocrx_word' id='word_1_413' title='bbox 1168 2200 1396 2238; x_wconf 85' lang='lat' dir='ltr'>praeterquam</span> <span class='ocrx_word' id='word_1_414' title='bbox 1423 2194 1461 2227; x_wconf 87' lang='lat' dir='ltr'>ad</span> <span class='ocrx_word' id='word_1_415' title='bbox 1487 2194 1578 2226; x_wconf 88' lang='lat' dir='ltr'>illum</span> <span class='ocrx_word' id='word_1_416' title='bbox 1605 2193 1786 2227; x_wconf 83' lang='lat' dir='ltr'>Cartlmsia-</span> 
     </span>
     <span class='ocr_line' id='line_1_88' title="bbox 1042 2246 1785 2290; baseline -0.004 -9"><span class='ocrx_word' id='word_1_417' title='bbox 1042 2259 1159 2281; x_wconf 89' lang='lat' dir='ltr'>norum</span> <span class='ocrx_word' id='word_1_418' title='bbox 1198 2247 1294 2281; x_wconf 79' lang='lat' dir='ltr'>etiam</span> <span class='ocrx_word' id='word_1_419' title='bbox 1333 2252 1500 2290; x_wconf 77' lang='lat' dir='ltr'>praetextu</span> <span class='ocrx_word' id='word_1_420' title='bbox 1539 2247 1718 2280; x_wconf 86' lang='lat' dir='ltr'>litterarum</span> <span class='ocrx_word' id='word_1_421' title='bbox 1747 2246 1785 2278; x_wconf 91' lang='lat' dir='ltr'>ab</span> 
     </span>
     <span class='ocr_line' id='line_1_89' title="bbox 1042 2299 1784 2343; baseline -0.004 -9"><span class='ocrx_word' id='word_1_422' title='bbox 1042 2301 1147 2335; x_wconf 82' lang='lat' dir='ltr'>officio</span> <span class='ocrx_word' id='word_1_423' title='bbox 1186 2301 1458 2334; x_wconf 80' lang='lat' dir='ltr'>Poenitentiariae</span> <span class='ocrx_word' id='word_1_424' title='bbox 1494 2300 1697 2343; x_wconf 73' lang='lat' dir='ltr'>Apostolicae</span> <span class='ocrx_word' id='word_1_425' title='bbox 1723 2299 1784 2331; x_wconf 89' lang='lat' dir='ltr'>sibi</span> 
     </span>
     <span class='ocr_line' id='line_1_90' title="bbox 1043 2353 1783 2396; baseline -0.004 -8"><span class='ocrx_word' id='word_1_426' title='bbox 1043 2365 1285 2394; x_wconf 83' lang='lat' dir='ltr'>concessarum,</span> <span class='ocrx_word' id='word_1_427' title='bbox 1308 2354 1382 2387; x_wconf 87' lang='lat' dir='ltr'>licet</span> <span class='ocrx_word' id='word_1_428' title='bbox 1408 2354 1439 2386; x_wconf 91' lang='lat' dir='ltr'>in</span> <span class='ocrx_word' id='word_1_429' title='bbox 1466 2353 1529 2386; x_wconf 83' lang='lat' dir='ltr'>illis</span> <span class='ocrx_word' id='word_1_430' title='bbox 1555 2355 1651 2396; x_wconf 88' lang='lat' dir='ltr'>plena</span> <span class='ocrx_word' id='word_1_431' title='bbox 1678 2358 1709 2386; x_wconf 90' lang='lat' dir='ltr'>et</span> <span class='ocrx_word' id='word_1_432' title='bbox 1736 2363 1783 2386; x_wconf 82' lang='lat' dir='ltr'>ex·</span> 
     </span>
     <span class='ocr_line' id='line_1_91' title="bbox 1042 2405 1784 2451; baseline -0.001 -11"><span class='ocrx_word' id='word_1_433' title='bbox 1042 2418 1156 2451; x_wconf 84' lang='lat' dir='ltr'>pressa</span> <span class='ocrx_word' id='word_1_434' title='bbox 1183 2409 1221 2441; x_wconf 88' lang='lat' dir='ltr'>dc</span> <span class='ocrx_word' id='word_1_435' title='bbox 1247 2408 1371 2440; x_wconf 80' lang='lat' dir='ltr'>eisdem</span> <span class='ocrx_word' id='word_1_436' title='bbox 1393 2405 1509 2440; x_wconf 84' lang='lat' dir='ltr'>litteris</span> <span class='ocrx_word' id='word_1_437' title='bbox 1529 2407 1649 2439; x_wconf 82' lang='lat' dir='ltr'>incutio</span> <span class='ocrx_word' id='word_1_438' title='bbox 1670 2406 1784 2439; x_wconf 84' lang='lat' dir='ltr'>babea-</span> 
     </span>
     <span class='ocr_line' id='line_1_92' title="bbox 1043 2459 1782 2504; baseline -0.003 -11"><span class='ocrx_word' id='word_1_439' title='bbox 1043 2467 1118 2501; x_wconf 89' lang='lat' dir='ltr'>tur,</span> <span class='ocrx_word' id='word_1_440' title='bbox 1154 2462 1277 2504; x_wconf 86' lang='lat' dir='ltr'>absque</span> <span class='ocrx_word' id='word_1_441' title='bbox 1315 2460 1439 2492; x_wconf 78' lang='lat' dir='ltr'>abbatis</span> <span class='ocrx_word' id='word_1_442' title='bbox 1478 2460 1641 2500; x_wconf 63' lang='lat' dir='ltr'>generalis</span> <span class='ocrx_word' id='word_1_443' title='bbox 1677 2459 1782 2492; x_wconf 85' lang='lat' dir='ltr'>dictae</span> 
     </span>
    </p>
   </div>
   <div class='ocr_carea' id='block_1_9' title="bbox 256 2511 1784 2612">
    <p class='ocr_par' dir='ltr' id='par_1_9' title="bbox 256 2511 1784 2612">
     <span class='ocr_line' id='line_1_93' title="bbox 256 2511 1784 2557; baseline -0.001 -11"><span class='ocrx_word' id='word_1_444' title='bbox 256 2523 321 2557; x_wconf 88' lang='lat' dir='ltr'>quo</span> <span class='ocrx_word' id='word_1_445' title='bbox 355 2514 484 2547; x_wconf 88' lang='lat' dir='ltr'>litterae</span> <span class='ocrx_word' id='word_1_446' title='bbox 517 2514 724 2557; x_wconf 85' lang='lat' dir='ltr'>praedictae,</span> <span class='ocrx_word' id='word_1_447' title='bbox 757 2524 860 2557; x_wconf 78' lang='lat' dir='ltr'>usque</span> <span class='ocrx_word' id='word_1_448' title='bbox 892 2514 998 2547; x_wconf 87' lang='lat' dir='ltr'>adbuc</span> <span class='ocrx_word' id='word_1_449' title='bbox 1041 2513 1505 2556; x_wconf 71' lang='lat' dir='ltr'>Congregationislicentiasc</span> <span class='ocrx_word' id='word_1_450' title='bbox 1526 2511 1693 2544; x_wconf 80' lang='lat' dir='ltr'>transferri</span> <span class='ocrx_word' id='word_1_451' title='bbox 1713 2522 1784 2554; x_wconf 89' lang='lat' dir='ltr'>pos-</span> 
     </span>
     <span class='ocr_line' id='line_1_94' title="bbox 256 2566 1783 2612; baseline -0.001 -11"><span class='ocrx_word' id='word_1_452' title='bbox 256 2568 458 2609; x_wconf 80' lang='lat' dir='ltr'>observatae,</span> <span class='ocrx_word' id='word_1_453' title='bbox 482 2567 650 2611; x_wconf 86' lang='lat' dir='ltr'>deinceps,</span> <span class='ocrx_word' id='word_1_454' title='bbox 668 2577 733 2600; x_wconf 90' lang='lat' dir='ltr'>non</span> <span class='ocrx_word' id='word_1_455' title='bbox 754 2567 902 2601; x_wconf 88' lang='lat' dir='ltr'>obstante</span> <span class='ocrx_word' id='word_1_456' title='bbox 921 2578 998 2612; x_wconf 50' lang='lat' dir='ltr'>quos</span> <span class='ocrx_word' id='word_1_457' title='bbox 1041 2568 1106 2601; x_wconf 87' lang='lat' dir='ltr'>sint</span> <span class='ocrx_word' id='word_1_458' title='bbox 1128 2594 1136 2608; x_wconf 90' lang='lat'>,</span> <span class='ocrx_word' id='word_1_459' title='bbox 1180 2567 1239 2601; x_wconf 81' lang='lat' dir='ltr'>sub</span> <span class='ocrx_word' id='word_1_460' title='bbox 1284 2567 1395 2599; x_wconf 76' lang='lat' dir='ltr'>eadem</span> <span class='ocrx_word' id='word_1_461' title='bbox 1438 2566 1783 2600; x_wconf 71' lang='lat' dir='ltr'>excommunicationis</span> 
     </span>
    </p>
   </div>
   <div class='ocr_carea' id='block_1_10' title="bbox 1690 168 1985 206">
    <p class='ocr_par' dir='ltr' id='par_1_10' title="bbox 1690 168 1985 206">
     <span class='ocr_line' id='line_1_95' title="bbox 1690 168 1985 206; baseline 0.014 -5"><span class='ocrx_word' id='word_1_462' title='bbox 1690 168 1754 202; x_wconf 80' lang='lat'>357</span> <span class='ocrx_word' id='word_1_463' title='bbox 1799 177 1850 203; x_wconf 80' lang='lat' dir='ltr'>An.</span> <span class='ocrx_word' id='word_1_464' title='bbox 1871 176 1985 206; x_wconf 81' lang='lat' dir='ltr'>c.1738</span> 
     </span>
    </p>
   </div>
  </div>
 </body>
</html>
