2232 3178
262 235 312 263 An.
329 235 358 262 c.
383 233 450 262 1738
494 225 558 259 402

264 298 372 318 domorum
389 296 445 318 diss'e·

264 326 339 344 renna.

338 2303 382 2329 §²-

308 2329 337 2349 De
356 2331 454 2350 rotistru-

267 2357 338 2376 ctione
354 2359 377 2375 ut
391 2357 453 2376 {abri-

267 2388 293 2403 ca
303 2385 454 2404 conventuum.

459 284 536 314 bitur
552 284 783 322 intra-Hispana,
800 286 828 312 et
847 280 1072 321 extra-Hispana
1092 281 1198 317 altera;

459 337 486 362 et
509 338 629 371 utraque
652 332 707 361 erit
729 330 782 361 sub
806 331 917 360 titulari
934 330 989 359 sihi
1007 330 1110 359 electo.
1128 329 1200 364 Qua-

461 385 581 420 propter
605 381 705 410 titnlus
729 379 854 409 familiae
883 379 1121 417 intra—Hispanae
1144 378 1199 407 erit
1220 390 1222 423 ξ

460 430 534 458 Iesus
556 429 764 467 Itedemptori's,
789 432 817 458 et
839 428 960 457 alterius
989 427 1115 456 familiae
1144 426 1200 455 erit

460 477 559 506 Matris
571 476 769 515 licdentptoris.
785 476 823 505 Ex
837 476 954 505 decreto
970 475 1065 504 ultimi
1079 474 1199 513 capituli

460 524 616 562 generalis,
635 524 770 553 similiter
793 523 961 562 provinciae
979 522 1085 552 debent
1101 522 1199 551 intitu-

463 574 517 602 lari
540 572 708 602 nominibus
730 573 786 601 iam
811 572 923 609 electis,
948 571 1053 610 quihus
1073 571 1113 601 uti
1130 580 1198 600 con-

461 622 556 652 suevit
578 625 699 660 utraque
717 621 826 650 familia
845 629 936 659 usque
959 620 1064 649 adhuc.
1092 619 1199 649 Omnes

462 675 555 699 tamen
580 669 720 698 ecclesiae
752 669 837 698 istius
866 668 983 698 Ordinis
1012 668 1200 697 intitulentur

461 718 579 748 nomine
601 718 796 747 Sanctissimae
823 718 979 753 Trinitatis,
996 717 1129 756 quamvis
1151 717 1201 745 ha-

461 767 548 797 beant
570 767 730 796 secundum
754 766 901 796 titularem
924 766 952 794 in
976 770 1142 804 patronum.

501 826 530 846 tt.
556 816 586 845 ln
620 816 728 845 Ordine
761 819 862 845 nostro
892 819 1017 853 quatuor
1040 814 1099 843 sint
1121 814 1201 843 diffe—

461 866 571 897 rentiae
595 870 804 896 conventuum.
841 865 936 894 Prima
969 864 1147 893 novitiorum
1174 867 1201 893 et

466 916 662 955 professorum
680 937 687 951 ,
712 914 759 944 ubi
784 924 798 943 a
821 914 971 951 magistris
1002 913 1031 942 in
1054 922 1199 942 caeremo-

462 964 520 993 niis
538 989 544 999 ,
569 963 795 994 mortificatione
813 988 820 1001 ,
845 963 963 1002 vitaque
991 962 1135 1001 spirituali
1159 962 1202 991 in-

462 1018 625 1043 struantur.
659 1012 790 1042 Secunda
824 1012 1038 1049 collegiorum,
1069 1011 1119 1041 ubi
1143 1011 1200 1041 iam

462 1062 583 1101 professi
601 1061 816 1100 philosophiam
833 1069 1003 1099 sacramque
1026 1060 1200 1097 theologiam

462 1111 642 1147 edocentur,
676 1115 704 1140 et
725 1110 773 1139 ubi
798 1114 896 1149 postea
920 1109 1094 1138 conserendo
1118 1109 1201 1148 persi-

461 1158 577 1187 ciantur
598 1157 628 1186 in
651 1157 772 1186 eisdem.
806 1155 903 1185 Tertia
926 1159 1121 1184 conventuum
1140 1179 1147 1193 ‚
1171 1155 1201 1184 in

461 1204 569 1244 quibus
592 1205 722 1242 religiosi
741 1203 887 1244 spirituali
904 1203 1047 1242 profectui
1062 1207 1120 1232 tam
1138 1213 1202 1242 pro-

462 1254 525 1293 prio
547 1262 634 1292 quam
659 1253 857 1292 proximorum
881 1251 1061 1282 incumbant.
1094 1252 1201 1287 Quarta

461 1303 577 1332 demum
613 1302 764 1331 domorum
796 1301 826 1330 in
849 1300 972 1330 desertis
996 1300 1045 1330 ubi
1068 1301 1121 1330 soli
1145 1301 1202 1330 Deo

463 1355 576 1381 vacent.

501 1409 541 1430 tu.
565 1399 726 1430 Statuimus
749 1408 785 1428 ne
807 1398 857 1428 siat
873 1408 946 1428 nova
962 1403 1124 1428 conventus
1140 1398 1202 1428 fun-

462 1449 551 1486 datio,
567 1449 621 1477 nisi
638 1449 667 1478 in
684 1457 716 1477 eo
733 1457 872 1477 numerus
895 1448 1109 1486 religiosorum,
1127 1458 1140 1477 a
1158 1458 1204 1478 re-

461 1498 531 1536 gula
546 1498 646 1526 nostra
662 1496 819 1532 stabilitus⁷
837 1497 1003 1534 commode,
1021 1506 1087 1526 cum
1104 1496 1203 1526 obser-

462 1548 579 1584 vantia,
597 1551 624 1576 et
640 1547 702 1576 sine
717 1546 907 1575 distractione
930 1546 1087 1575 sustentari
1106 1550 1200 1585 queat.

502 1605 538 1625 tV.
564 1596 644 1625 Situs
667 1599 828 1625 conventus
851 1595 890 1633 (si
914 1594 976 1624 fieri
995 1595 1100 1634 possit)
1116 1595 1203 1633 eliga-

462 1650 509 1674 tur
541 1645 617 1674 intra
651 1645 798 1674 civitatem
831 1644 875 1673 vel
899 1644 1036 1683 oppidum
1056 1668 1063 1681 ,
1086 1644 1116 1673 in
1140 1644 1203 1674 loco

462 1698 560 1724 tamen
590 1694 624 1724 ad
648 1694 852 1731 religiosorum
875 1693 1003 1732 quietem
1026 1697 1201 1732 opportuno,

461 1748 490 1773 et
512 1743 541 1772 in
567 1752 624 1782 quo
659 1751 868 1781 permansurus
891 1741 938 1770 sit.
972 1741 1030 1770 Nec
1052 1741 1080 1771 in
1104 1751 1137 1772 eo
1160 1751 1205 1771 as-

462 1792 565 1821 sistant
599 1791 675 1820 ultra
708 1795 768 1820 tres
799 1790 844 1819 vel
876 1794 1001 1829 quatuor
1029 1790 1201 1829 religiosos,

461 1841 510 1880 qui
543 1841 578 1870 de
614 1839 725 1869 fabrica
757 1843 860 1868 curent
893 1839 985 1868 donec
1017 1839 1140 1869 ecclesia
1177 1844 1204 1869 et

461 1889 602 1919 habitatio
631 1898 697 1918 cum
727 1888 884 1918 sufficienti
913 1888 1050 1918 clausura
1072 1893 1204 1919 constru-

461 1944 505 1968 cta
530 1939 578 1967 sit.

501 1997 528 2017 v.
553 1987 608 2017 Pro
630 1988 706 2016 nova
729 1989 892 2016 conventus
922 1995 973 2016 seu
995 1987 1111 2024 collegii
1140 1987 1205 2017 fun-

462 2037 579 2066 datione
602 2036 737 2065 minister
759 2035 826 2073 eligi
850 2045 906 2065 non
927 2036 1028 2074 possit,
1046 2036 1116 2074 quin
1133 2040 1205 2066 tres-

463 2085 558 2115 decim
591 2085 649 2114 sint
681 2085 804 2118 fratres,
829 2093 902 2123 quos
931 2084 1030 2122 regula
1060 2085 1203 2123 exposcit.

464 2133 585 2163 Interim
610 2137 705 2162 tamen
726 2132 906 2171 gubernetur
923 2142 974 2172 per
990 2133 1203 2171 praesidentem

464 2192 478 2212 a
502 2183 654 2222 superiore
677 2182 806 2220 generali
840 2191 890 2211 seu
915 2182 1087 2221 provinciali
1112 2183 1205 2212 nomi-

464 2236 576 2261 natum.

506 2290 525 2310 1.
549 2280 711 2310 Statuimus
744 2289 780 2309 ne
814 2279 940 2309 alicuius
972 2284 1132 2309 conventus
1154 2289 1204 2309 seu

465 2329 580 2367 collegii
614 2328 721 2358 fabrica
754 2327 912 2366 incipiatur
944 2329 1015 2367 quin
1051 2329 1205 2367 praecedat

465 2379 544 2408 illius
577 2377 736 2416 descriptio
765 2386 816 2405 seu
849 2377 999 2415 exemplar
1028 2377 1204 2406 delineatum

465 2427 502 2457 ab
526 2427 685 2456 architecto
708 2426 805 2464 aliquo
828 2426 921 2455 nostri
943 2425 1072 2462 Ordinis,
1096 2426 1205 2455 exami-

465 2481 565 2506 natum
589 2485 603 2505 a
628 2475 779 2514 superiore
801 2474 941 2512 generali,
963 2475 1012 2513 qui
1035 2474 1205 2504 reformabit

467 2534 616 2562 excessus,
641 2524 663 2553 si
688 2524 737 2562 qui
761 2528 861 2553 contra
884 2523 1106 2553 constitutiones
1129 2524 1204 2552 infra

468 2572 618 2612 ponendas
651 2572 762 2602 inventi
796 2571 914 2601 suerint.
939 2571 1033 2601 Semel
1066 2576 1162 2601 autem
1189 2581 1204 2601 a

466 2621 614 2661 superiore
637 2620 768 2660 generali
791 2620 968 2659 examinato,
991 2620 1064 2650 nihil
1087 2620 1150 2651 sine
1172 2620 1205 2650 il-

1042 231 1224 256 BULLARIUM
1250 231 1408 256 ROMANUM

1245 280 1301 310 lius
1323 280 1441 310 licentia
1464 283 1564 310 contra
1587 280 1658 311 illud
1680 279 1748 318 fiat,
1778 280 1838 310 sive
1861 289 1910 320 per
1932 280 1980 310 ad-

1244 329 1396 366 ditionem,
1421 330 1482 359 sive
1505 338 1557 368 per
1580 329 1815 359 diminutionem.
1839 329 1893 365 Qui
1911 338 1979 360 vero

1244 378 1271 407 in
1298 382 1356 408 toto
1379 378 1422 407 vel
1447 379 1475 408 in
1499 382 1579 417 parte
1602 378 1670 408 huic
1693 377 1895 408 constitutioni
1912 387 1980 408 con-

1244 427 1403 456 travenerit
1428 427 1469 456 vel
1493 427 1696 456 contravenire
1721 422 1897 465 permiserit',
1916 435 1980 456 sus-

1243 485 1350 513 pensus
1373 476 1409 505 sit
1432 475 1466 504 ab
1490 475 1585 505 officio
1608 485 1679 513 suo,
1704 475 1783 505 iuxta
1807 475 1978 513 gravitatem

1244 525 1357 563 culpae.

1283 582 1312 602 tt.
1348 573 1493 603 Ecclesiae
1526 572 1649 602 latitudo
1682 572 1719 602 sit
1747 572 1848 602 saltem
1878 571 1980 610 viginti

1220 661 1222 668 Ι
1243 626 1367 660 quatuor
1390 622 1513 660 pedum,
1537 626 1565 651 et
1587 621 1622 650 ad
1645 630 1790 650 summum
1813 620 1916 658 viginti
1938 629 1982 650 se-

1244 674 1321 709 ptem
1335 681 1341 706 ;
1359 671 1405 700 cui
1428 670 1576 700 latitudini
1592 669 1817 708 correspondeat
1832 668 1981 707 longitudo

1244 723 1272 748 et
1295 719 1428 756 altitudo,
1450 719 1529 748 iuxta
1546 718 1662 756 regulas
1677 718 1900 753 architecturae3
1920 717 1982 757 pin-

1244 768 1381 797 naculum
1401 767 1471 796 item
1495 767 1556 796 sive
1578 767 1751 796 extremitas
1773 766 1901 804 capellae
1923 775 1983 796 ma-

1244 815 1314 845 ioris
1337 816 1457 845 humilis
1480 815 1529 852 sit3
1554 825 1606 845 nec
1629 819 1708 844 extra
1726 814 1878 844 ecclesiam
1895 823 1982 854 opera

1245 864 1353 893 affabre
1377 864 1522 894 elaborata
1546 868 1574 893 et
1596 864 1719 894 curiosis
1742 863 1850 893 crustis
1882 867 1982 893 ornata

1246 913 1326 942 fiant.
1351 912 1382 942 ln
1405 912 1532 942 sacrario
1557 921 1623 942 vero
1640 912 1766 951 aliquam
1786 912 1983 952 permittimus

1244 962 1359 999 faciem,
1378 966 1407 992 ut
1425 966 1538 992 vocant.

1285 1019 1324 1040 nt,
1351 1011 1532 1050 [te-pariete
1564 1011 1599 1040 ad
1631 1011 1769 1050 parietem
1802 1011 1922 1042 claustri
1953 1012 1983 1042 in

1246 1059 1428 1097 longitudine
1451 1060 1489 1089 sit
1506 1059 1608 1089 saltem
1625 1060 1752 1099 spatium
1770 1060 1983 1099 quinquaginta

1245 1112 1272 1137 et
1294 1108 1425 1147 quinque
1448 1108 1552 1147 pedum
1570 1133 1577 1143 ,
1601 1118 1659 1138 non
1683 1112 1780 1138 tamen
1802 1109 1878 1138 ultra
1901 1117 1985 1138 sexa-

1245 1157 1336 1195 ginta.
1372 1157 1524 1187 Transitus
1557 1162 1653 1187 autem
1683 1166 1734 1196 pro
1756 1157 1911 1187 latitudine
1933 1167 1985 1188 no-

1245 1214 1309 1235 vem
1331 1206 1375 1235 vel
1398 1206 1499 1235 decem
1523 1206 1610 1245 pedes
1632 1206 1738 1245 capiat.

1285 1263 1322 1284 tv.
1347 1255 1441 1285 Cellae
1464 1255 1590 1284 habeant
1612 1255 1747 1284 undecim
1765 1255 1853 1295 pedes
1869 1255 1899 1285 in
1915 1265 1986 1295 qua-

1245 1302 1339 1340 drato,
1354 1303 1468 1333 illarum
1485 1304 1641 1340 fenestrae,
1659 1304 1693 1333 ad
1709 1313 1867 1340 summum,
1884 1304 1984 1334 altitu-

1247 1351 1322 1380 dinis
1342 1356 1399 1381 tres
1414 1352 1500 1390 pedes
1512 1356 1540 1381 et
1553 1352 1658 1390 digitos
1671 1357 1805 1391 quatuor,
1820 1353 1984 1384 latitudinis

1247 1400 1333 1439 pedes
1369 1400 1443 1430 duos
1475 1405 1503 1429 et
1536 1401 1665 1440 quinque
1694 1401 1809 1440 digitos.
1833 1401 1985 1432 Transitus

1247 1454 1341 1480 autem
1374 1451 1535 1480 dormitorii
1568 1460 1616 1480 sex
1651 1451 1736 1490 pedes
1759 1451 1921 1481 latitudinis
1949 1461 1986 1482 ne

1246 1499 1378 1528 excedat.
1414 1499 1507 1528 Cellae
1541 1509 1608 1529 vero
1640 1500 1820 1530 infirmariae
1843 1505 1980 1540 poterunt

1247 1547 1353 1577 habere
1376 1548 1523 1577 sexdecim
1548 1548 1633 1587 pedes
1657 1548 1685 1577 in
1702 1548 1823 1588 quadro.

1285 1606 1312 1626 v.
1337 1596 1488 1634 Officiuae,
1505 1606 1579 1636 quae
1595 1597 1707 1627 suntin
1724 1599 1814 1636 terra,
1832 1598 1985 1629 duodecim

1246 1649 1360 1675 tantum
1384 1645 1472 1683 pedes
1494 1645 1658 1675 altitudinis
1680 1645 1818 1684 habeant,
1842 1646 1916 1676 itaut
1938 1657 1986 1686 pa-

1246 1694 1335 1724 rietes
1357 1697 1518 1723 conventus
1541 1703 1554 1723 a
1579 1694 1743 1733 pavimento
1758 1695 1878 1726 claustri
1894 1705 1986 1736 usque

1247 1743 1281 1772 ad
1304 1746 1414 1772 tectum
1437 1752 1493 1771 non
1517 1743 1661 1773 excedant
1679 1743 1864 1773 altitudinem
1882 1745 1985 1783 viginti

1247 1795 1275 1821 et
1298 1801 1347 1820 sex
1372 1791 1488 1830 pedum,
1513 1791 1570 1821 nisi
1586 1792 1614 1821 id
1631 1793 1728 1830 exigat
1743 1793 1879 1830 angustia
1901 1794 1985 1831 situs,

1247 1840 1292 1869 vel
1314 1849 1350 1869 ne
1372 1839 1501 1878 religiosi
1523 1840 1557 1869 de
1580 1840 1650 1870 foris
1681 1841 1844 1871 videantur.
1875 1841 1986 1873 Solaria

1247 1893 1344 1918 autem
1368 1893 1397 1919 et
1421 1893 1592 1928 prospectus
1624 1889 1703 1928 plani
1734 1890 1793 1920 sint
1827 1891 1935 1930 operis,
1959 1895 1987 1921 et

1248 1937 1346 1976 parvis
1369 1938 1505 1976 expensis
1528 1937 1719 1967 fabricentur.

1288 1994 1325 2015 vi.
1344 1985 1506 2016 Observata
1522 1986 1688 2025 subscripta
1703 1986 1902 2017 aedificiorum
1922 1996 1987 2027 pro-

1248 2035 1392 2074 portione,
1422 2035 1577 2064 interiores
1604 2035 1737 2065 officinae
1767 2039 1795 2065 et
1819 2036 1986 2067 mansiones

1247 2085 1440 2123 disponantur
1471 2080 1553 2114 iuxta
1581 2084 1734 2114 arbitrium
1765 2085 1916 2124 prudentis
1944 2095 1987 2117 ar-

1248 2134 1378 2163 chitecti.
1402 2133 1432 2162 ln
1457 2133 1613 2171 praedictis
1635 2138 1731 2163 autem
1754 2135 1911 2173 mensuris,
1937 2144 1988 2175 per

1249 2182 1349 2221 pedem
1382 2182 1573 2219 intelligimus
1604 2182 1717 2211 tertiam
1752 2186 1863 2221 partem
1899 2183 1986 2213 ulnae

1248 2231 1432 2260 castellanae.
1455 2230 1713 2270 Praecipimusque
1729 2231 1820 2261 dictas
1836 2240 1987 2262 mensuras

1248 2280 1399 2309 immutari
1422 2288 1479 2309 non
1505 2288 1589 2317 posse
1612 2279 1667 2308 nisi
1687 2289 1739 2318 per
1760 2280 1919 2319 capitulum
1941 2290 1987 2320 ge-

1248 2328 1358 2358 nerale.

1288 2387 1334 2407 vn.
1375 2377 1405 2407 ln
1442 2377 1609 2407 civitatibus
1645 2377 1816 2417 magnisque
1852 2379 1985 2418 oppidis,

1247 2426 1388 2455 ecclesiae
1403 2430 1430 2455 et
1446 2425 1570 2455 claustra
1587 2425 1728 2455 excedere
1751 2427 1904 2464 poterunt¹
1927 2426 1988 2457 lon·

1247 2475 1409 2513 gitudinem
1439 2474 1701 2514 latitudinemque,
1727 2475 1869 2505 modestia
1891 2480 1986 2506 tamen

1248 2525 1278 2554 in
1302 2524 1439 2554 omnibus
1461 2524 1636 2553 servata.1n
1661 2523 1822 2554 minoribus
1846 2533 1914 2554 vero
1937 2534 1988 2565 op-

1249 2572 1323 2612 pidis
1345 2582 1496 2612 nunquam
1518 2572 1660 2602 excedant
1695 2572 1837 2603 minorem
1871 2582 1987 2603 mensu-

1284 2628 1293 2652 1
1313 2625 1411 2653 Deesse
1428 2625 1532 2654 videtur
1547 2626 1691 2654 minorem
1707 2625 1750 2654 vel
1766 2625 1873 2654 dictam
1889 2629 1926 2661 (R.
1936 2626 1984 2661 12).

2176 54 2181 111 ἐ

2179 152 2182 198 i

1989 232 2039 260 An.
2054 232 2082 261 C.
2103 234 2165 265 ¹738
2182 254 2183 285 l
