<?xml version="1.0" encoding="UTF-8"?>
<!DOCTYPE html PUBLIC "-//W3C//DTD XHTML 1.0 Transitional//EN"
    "http://www.w3.org/TR/xhtml1/DTD/xhtml1-transitional.dtd">
<html xmlns="http://www.w3.org/1999/xhtml" xml:lang="en" lang="en">
 <head>
  <title>
</title>
<meta http-equiv="Content-Type" content="text/html;charset=utf-8" />
  <meta name='ocr-system' content='tesseract 3.04.00' />
  <meta name='ocr-capabilities' content='ocr_page ocr_carea ocr_par ocr_line ocrx_word'/>
</head>
<body>
  <div class='ocr_page' id='page_1' title='image "./bullarumdiplomat24cath_0668.png"; bbox 0 0 2232 3178; ppageno 0'>
   <div class='ocr_carea' id='block_1_1' title="bbox 285 210 581 247">
    <p class='ocr_par' dir='ltr' id='par_1_1' title="bbox 285 210 581 247">
     <span class='ocr_line' id='line_1_1' title="bbox 285 210 581 247; baseline -0.007 -2"><span class='ocrx_word' id='word_1_1' title='bbox 285 220 334 245; x_wconf 72' lang='lat' dir='ltr'>An.</span> <span class='ocrx_word' id='word_1_2' title='bbox 357 220 383 246; x_wconf 79' lang='lat' dir='ltr'>c.</span> <span class='ocrx_word' id='word_1_3' title='bbox 407 219 474 247; x_wconf 69' lang='lat'>1740</span> <span class='ocrx_word' id='word_1_4' title='bbox 519 210 581 244; x_wconf 74' lang='lat'>034</span> 
     </span>
    </p>
   </div>
   <div class='ocr_carea' id='block_1_2' title="bbox 285 1933 467 2033">
    <p class='ocr_par' dir='ltr' id='par_1_2' title="bbox 324 1933 423 1953">
     <span class='ocr_line' id='line_1_2' title="bbox 324 1933 423 1953; baseline 0 0"><span class='ocrx_word' id='word_1_5' title='bbox 324 1933 373 1953; x_wconf 52' lang='lat' dir='ltr'>Cir.</span> <span class='ocrx_word' id='word_1_6' title='bbox 390 1933 423 1953; x_wconf 80' lang='lat' dir='ltr'>Xl.</span> 
     </span>
    </p>

    <p class='ocr_par' dir='ltr' id='par_1_3' title="bbox 285 1959 467 2033">
     <span class='ocr_line' id='line_1_3' title="bbox 313 1959 466 1985; baseline 0 -6"><span class='ocrx_word' id='word_1_7' title='bbox 313 1959 340 1979; x_wconf 57' lang='lat' dir='ltr'>De</span> <span class='ocrx_word' id='word_1_8' title='bbox 358 1962 466 1985; x_wconf 56' lang='lat' dir='ltr'>praeiet-lo</span> 
     </span>
     <span class='ocr_line' id='line_1_4' title="bbox 285 1987 467 2012; baseline 0.011 -7"><span class='ocrx_word' id='word_1_9' title='bbox 285 1992 353 2006; x_wconf 78' lang='lat' dir='ltr'>rerum</span> <span class='ocrx_word' id='word_1_10' title='bbox 367 1987 467 2012; x_wconf 51' lang='lat' dir='ltr'>spirituat-</span> 
     </span>
     <span class='ocr_line' id='line_1_5' title="bbox 285 2013 343 2033; baseline -0.017 0"><span class='ocrx_word' id='word_1_11' title='bbox 285 2013 343 2033; x_wconf 80' lang='lat' dir='ltr'>lium,</span> 
     </span>
    </p>
   </div>
   <div class='ocr_carea' id='block_1_3' title="bbox 476 265 1222 2596">
    <p class='ocr_par' dir='ltr' id='par_1_4' title="bbox 480 265 1222 784">
     <span class='ocr_line' id='line_1_6' title="bbox 483 265 1222 306; baseline -0.003 -8"><span class='ocrx_word' id='word_1_12' title='bbox 483 269 564 298; x_wconf 82' lang='lat' dir='ltr'>dare.</span> <span class='ocrx_word' id='word_1_13' title='bbox 590 268 698 306; x_wconf 79' lang='lat' dir='ltr'>Legunt</span> <span class='ocrx_word' id='word_1_14' title='bbox 720 266 809 296; x_wconf 85' lang='lat' dir='ltr'>etiam</span> <span class='ocrx_word' id='word_1_15' title='bbox 832 265 1028 306; x_wconf 72' lang='lat' dir='ltr'>expositiones</span> <span class='ocrx_word' id='word_1_16' title='bbox 1052 271 1168 306; x_wconf 88' lang='lat' dir='ltr'>patrum</span> <span class='ocrx_word' id='word_1_17' title='bbox 1191 266 1222 296; x_wconf 92' lang='lat' dir='ltr'>in</span> 
     </span>
     <span class='ocr_line' id='line_1_7' title="bbox 483 315 1220 356; baseline -0.003 -9"><span class='ocrx_word' id='word_1_18' title='bbox 483 322 639 356; x_wconf 84' lang='lat' dir='ltr'>utrumqne</span> <span class='ocrx_word' id='word_1_19' title='bbox 673 319 897 352; x_wconf 84' lang='lat' dir='ltr'>testamentum,</span> <span class='ocrx_word' id='word_1_20' title='bbox 928 315 1000 345; x_wconf 91' lang='lat' dir='ltr'>vitas</span> <span class='ocrx_word' id='word_1_21' title='bbox 1034 320 1220 354; x_wconf 84' lang='lat' dir='ltr'>sanctorum,</span> 
     </span>
     <span class='ocr_line' id='line_1_8' title="bbox 483 363 1222 403; baseline -0.001 -8"><span class='ocrx_word' id='word_1_22' title='bbox 483 365 633 395; x_wconf 87' lang='lat' dir='ltr'>historiam</span> <span class='ocrx_word' id='word_1_23' title='bbox 656 363 897 402; x_wconf 81' lang='lat' dir='ltr'>ecclesiasticam,</span> <span class='ocrx_word' id='word_1_24' title='bbox 921 373 1008 402; x_wconf 85' lang='lat' dir='ltr'>opera</span> <span class='ocrx_word' id='word_1_25' title='bbox 1032 363 1155 393; x_wconf 88' lang='lat' dir='ltr'>ascetica</span> <span class='ocrx_word' id='word_1_26' title='bbox 1173 373 1222 403; x_wconf 88' lang='lat' dir='ltr'>pa-</span> 
     </span>
     <span class='ocr_line' id='line_1_9' title="bbox 482 411 1219 451; baseline -0.003 -8"><span class='ocrx_word' id='word_1_27' title='bbox 482 419 570 451; x_wconf 83' lang='lat' dir='ltr'>trum,</span> <span class='ocrx_word' id='word_1_28' title='bbox 583 412 748 449; x_wconf 80' lang='lat' dir='ltr'>conciones,</span> <span class='ocrx_word' id='word_1_29' title='bbox 764 412 898 441; x_wconf 91' lang='lat' dir='ltr'>homilias</span> <span class='ocrx_word' id='word_1_30' title='bbox 910 411 1063 441; x_wconf 85' lang='lat' dir='ltr'>doctorum</span> <span class='ocrx_word' id='word_1_31' title='bbox 1078 411 1219 450; x_wconf 87' lang='lat' dir='ltr'>virorum,</span> 
     </span>
     <span class='ocr_line' id='line_1_10' title="bbox 482 460 1220 500; baseline -0.004 -7"><span class='ocrx_word' id='word_1_32' title='bbox 482 468 510 493; x_wconf 77' lang='lat' dir='ltr'>et</span> <span class='ocrx_word' id='word_1_33' title='bbox 532 463 586 493; x_wconf 86' lang='lat' dir='ltr'>alia</span> <span class='ocrx_word' id='word_1_34' title='bbox 610 461 733 498; x_wconf 81' lang='lat' dir='ltr'>similia,</span> <span class='ocrx_word' id='word_1_35' title='bbox 758 460 864 500; x_wconf 89' lang='lat' dir='ltr'>quibus</span> <span class='ocrx_word' id='word_1_36' title='bbox 880 460 1048 490; x_wconf 88' lang='lat' dir='ltr'>evolvendis</span> <span class='ocrx_word' id='word_1_37' title='bbox 1071 460 1220 490; x_wconf 89' lang='lat' dir='ltr'>residuum</span> 
     </span>
     <span class='ocr_line' id='line_1_11' title="bbox 482 509 1221 550; baseline -0.004 -9"><span class='ocrx_word' id='word_1_38' title='bbox 482 511 637 550; x_wconf 83' lang='lat' dir='ltr'>temporis,</span> <span class='ocrx_word' id='word_1_39' title='bbox 665 510 740 549; x_wconf 83' lang='lat' dir='ltr'>quod</span> <span class='ocrx_word' id='word_1_40' title='bbox 773 510 809 539; x_wconf 88' lang='lat' dir='ltr'>ab</span> <span class='ocrx_word' id='word_1_41' title='bbox 841 509 938 539; x_wconf 84' lang='lat' dir='ltr'>officio</span> <span class='ocrx_word' id='word_1_42' title='bbox 970 509 1070 539; x_wconf 88' lang='lat' dir='ltr'>divino</span> <span class='ocrx_word' id='word_1_43' title='bbox 1098 509 1221 548; x_wconf 84' lang='lat' dir='ltr'>aliisque</span> 
     </span>
     <span class='ocr_line' id='line_1_12' title="bbox 481 558 1221 600; baseline -0.004 -10"><span class='ocrx_word' id='word_1_44' title='bbox 481 559 681 600; x_wconf 77' lang='lat' dir='ltr'>spiritualibus</span> <span class='ocrx_word' id='word_1_45' title='bbox 714 563 740 588; x_wconf 91' lang='lat' dir='ltr'>et</span> <span class='ocrx_word' id='word_1_46' title='bbox 768 558 970 597; x_wconf 78' lang='lat' dir='ltr'>corporalibus</span> <span class='ocrx_word' id='word_1_47' title='bbox 999 558 1150 588; x_wconf 84' lang='lat' dir='ltr'>exercitiis</span> <span class='ocrx_word' id='word_1_48' title='bbox 1177 567 1221 588; x_wconf 59' lang='lat' dir='ltr'>re&lt;</span> 
     </span>
     <span class='ocr_line' id='line_1_13' title="bbox 480 607 1220 647; baseline -0.001 -9"><span class='ocrx_word' id='word_1_49' title='bbox 480 609 631 644; x_wconf 80' lang='lat' dir='ltr'>manserit,</span> <span class='ocrx_word' id='word_1_50' title='bbox 651 608 834 647; x_wconf 87' lang='lat' dir='ltr'>impendant.</span> <span class='ocrx_word' id='word_1_51' title='bbox 852 608 961 637; x_wconf 87' lang='lat' dir='ltr'>Deinde</span> <span class='ocrx_word' id='word_1_52' title='bbox 984 617 1134 647; x_wconf 88' lang='lat' dir='ltr'>nunquam</span> <span class='ocrx_word' id='word_1_53' title='bbox 1158 607 1220 637; x_wconf 92' lang='lat' dir='ltr'>sine</span> 
     </span>
     <span class='ocr_line' id='line_1_14' title="bbox 481 656 1219 697; baseline 0.001 -12"><span class='ocrx_word' id='word_1_54' title='bbox 481 657 702 697; x_wconf 75' lang='lat' dir='ltr'>praeparatione</span> <span class='ocrx_word' id='word_1_55' title='bbox 725 657 895 686; x_wconf 85' lang='lat' dir='ltr'>concionem</span> <span class='ocrx_word' id='word_1_56' title='bbox 918 656 1044 695; x_wconf 83' lang='lat' dir='ltr'>faciant,</span> <span class='ocrx_word' id='word_1_57' title='bbox 1068 656 1117 686; x_wconf 86' lang='lat' dir='ltr'>sed</span> <span class='ocrx_word' id='word_1_58' title='bbox 1140 656 1219 686; x_wconf 88' lang='lat' dir='ltr'>illam</span> 
     </span>
     <span class='ocr_line' id='line_1_15' title="bbox 482 705 1220 746; baseline -0.001 -10"><span class='ocrx_word' id='word_1_59' title='bbox 482 707 562 746; x_wconf 85' lang='lat' dir='ltr'>prius</span> <span class='ocrx_word' id='word_1_60' title='bbox 594 706 757 745; x_wconf 83' lang='lat' dir='ltr'>scripturae</span> <span class='ocrx_word' id='word_1_61' title='bbox 793 705 1019 743; x_wconf 85' lang='lat' dir='ltr'>commendent,</span> <span class='ocrx_word' id='word_1_62' title='bbox 1055 709 1083 736; x_wconf 90' lang='lat' dir='ltr'>et</span> <span class='ocrx_word' id='word_1_63' title='bbox 1119 705 1220 736; x_wconf 89' lang='lat' dir='ltr'>sedulo</span> 
     </span>
     <span class='ocr_line' id='line_1_16' title="bbox 483 754 789 784; baseline 0 -1"><span class='ocrx_word' id='word_1_64' title='bbox 483 754 640 784; x_wconf 82' lang='lat' dir='ltr'>memoriae</span> <span class='ocrx_word' id='word_1_65' title='bbox 663 754 789 784; x_wconf 87' lang='lat' dir='ltr'>tradant.</span> 
     </span>
    </p>

    <p class='ocr_par' dir='ltr' id='par_1_5' title="bbox 478 801 1220 1375">
     <span class='ocr_line' id='line_1_17' title="bbox 518 801 1219 832; baseline -0.001 0"><span class='ocrx_word' id='word_1_66' title='bbox 518 811 558 832; x_wconf 89' lang='lat'>111.</span> <span class='ocrx_word' id='word_1_67' title='bbox 583 802 671 831; x_wconf 81' lang='lat' dir='ltr'>Extra</span> <span class='ocrx_word' id='word_1_68' title='bbox 695 802 905 832; x_wconf 87' lang='lat' dir='ltr'>monasterium</span> <span class='ocrx_word' id='word_1_69' title='bbox 928 801 1040 832; x_wconf 87' lang='lat' dir='ltr'>nemini</span> <span class='ocrx_word' id='word_1_70' title='bbox 1062 801 1219 832; x_wconf 88' lang='lat' dir='ltr'>monacho-</span> 
     </span>
     <span class='ocr_line' id='line_1_18' title="bbox 478 851 1220 889; baseline 0.001 -9"><span class='ocrx_word' id='word_1_71' title='bbox 478 860 544 881; x_wconf 90' lang='lat' dir='ltr'>rum</span> <span class='ocrx_word' id='word_1_72' title='bbox 568 851 610 881; x_wconf 85' lang='lat' dir='ltr'>sas</span> <span class='ocrx_word' id='word_1_73' title='bbox 639 851 695 881; x_wconf 88' lang='lat' dir='ltr'>erit</span> <span class='ocrx_word' id='word_1_74' title='bbox 724 851 909 889; x_wconf 88' lang='lat' dir='ltr'>concionari,</span> <span class='ocrx_word' id='word_1_75' title='bbox 944 855 993 881; x_wconf 87' lang='lat' dir='ltr'>aut</span> <span class='ocrx_word' id='word_1_76' title='bbox 1025 851 1144 889; x_wconf 87' lang='lat' dir='ltr'>docere,</span> <span class='ocrx_word' id='word_1_77' title='bbox 1171 855 1220 881; x_wconf 90' lang='lat' dir='ltr'>aut</span> 
     </span>
     <span class='ocr_line' id='line_1_19' title="bbox 479 899 1219 939; baseline 0 -10"><span class='ocrx_word' id='word_1_78' title='bbox 479 900 677 930; x_wconf 80' lang='lat' dir='ltr'>consessiones</span> <span class='ocrx_word' id='word_1_79' title='bbox 697 900 810 938; x_wconf 76' lang='lat' dir='ltr'>audire,</span> <span class='ocrx_word' id='word_1_80' title='bbox 834 900 896 929; x_wconf 88' lang='lat' dir='ltr'>sine</span> <span class='ocrx_word' id='word_1_81' title='bbox 919 900 1059 938; x_wconf 70' lang='lat' dir='ltr'>expressa</span> <span class='ocrx_word' id='word_1_82' title='bbox 1091 899 1219 939; x_wconf 87' lang='lat' dir='ltr'>episcopi</span> 
     </span>
     <span class='ocr_line' id='line_1_20' title="bbox 479 948 1219 988; baseline 0.001 -11"><span class='ocrx_word' id='word_1_83' title='bbox 479 948 622 979; x_wconf 84' lang='lat' dir='ltr'>ordinarii</span> <span class='ocrx_word' id='word_1_84' title='bbox 656 948 796 978; x_wconf 67' lang='lat' dir='ltr'>licentht:</span> <span class='ocrx_word' id='word_1_85' title='bbox 832 957 898 978; x_wconf 90' lang='lat' dir='ltr'>cum</span> <span class='ocrx_word' id='word_1_86' title='bbox 932 958 1000 978; x_wconf 92' lang='lat' dir='ltr'>vero</span> <span class='ocrx_word' id='word_1_87' title='bbox 1034 948 1069 978; x_wconf 89' lang='lat' dir='ltr'>ad</span> <span class='ocrx_word' id='word_1_88' title='bbox 1093 948 1219 988; x_wconf 70' lang='lat' dir='ltr'>[aliquod</span> 
     </span>
     <span class='ocr_line' id='line_1_21' title="bbox 479 997 1218 1037; baseline 0 -11"><span class='ocrx_word' id='word_1_89' title='bbox 479 997 617 1037; x_wconf 84' lang='lat' dir='ltr'>oppidum</span> <span class='ocrx_word' id='word_1_90' title='bbox 653 997 745 1026; x_wconf 87' lang='lat' dir='ltr'>vocati</span> <span class='ocrx_word' id='word_1_91' title='bbox 780 997 904 1035; x_wconf 84' lang='lat' dir='ltr'>fuerint,</span> <span class='ocrx_word' id='word_1_92' title='bbox 938 997 1050 1027; x_wconf 88' lang='lat' dir='ltr'>dabunt</span> <span class='ocrx_word' id='word_1_93' title='bbox 1081 1006 1218 1036; x_wconf 85' lang='lat' dir='ltr'>operam,</span> 
     </span>
     <span class='ocr_line' id='line_1_22' title="bbox 479 1046 1219 1085; baseline 0 -10"><span class='ocrx_word' id='word_1_94' title='bbox 479 1050 510 1075; x_wconf 91' lang='lat' dir='ltr'>ut</span> <span class='ocrx_word' id='word_1_95' title='bbox 527 1047 620 1085; x_wconf 88' lang='lat' dir='ltr'>primo</span> <span class='ocrx_word' id='word_1_96' title='bbox 637 1046 779 1085; x_wconf 82' lang='lat' dir='ltr'>episcopi,</span> <span class='ocrx_word' id='word_1_97' title='bbox 798 1046 1018 1085; x_wconf 86' lang='lat' dir='ltr'>chorepiscopi,</span> <span class='ocrx_word' id='word_1_98' title='bbox 1035 1050 1084 1076; x_wconf 90' lang='lat' dir='ltr'>aut</span> <span class='ocrx_word' id='word_1_99' title='bbox 1100 1046 1219 1085; x_wconf 81' lang='lat' dir='ltr'>parochi</span> 
     </span>
     <span class='ocr_line' id='line_1_23' title="bbox 480 1092 1219 1133; baseline 0 -10"><span class='ocrx_word' id='word_1_100' title='bbox 480 1094 712 1124; x_wconf 80' lang='lat' dir='ltr'>benevolentiam</span> <span class='ocrx_word' id='word_1_101' title='bbox 742 1092 795 1123; x_wconf 87' lang='lat' dir='ltr'>sibi</span> <span class='ocrx_word' id='word_1_102' title='bbox 825 1098 1011 1133; x_wconf 85' lang='lat' dir='ltr'>comparent:</span> <span class='ocrx_word' id='word_1_103' title='bbox 1045 1094 1150 1123; x_wconf 86' lang='lat' dir='ltr'>deinde</span> <span class='ocrx_word' id='word_1_104' title='bbox 1173 1103 1219 1123; x_wconf 87' lang='lat' dir='ltr'>ca-</span> 
     </span>
     <span class='ocr_line' id='line_1_24' title="bbox 479 1142 1219 1181; baseline 0.001 -10"><span class='ocrx_word' id='word_1_105' title='bbox 479 1147 565 1172; x_wconf 85' lang='lat' dir='ltr'>veant</span> <span class='ocrx_word' id='word_1_106' title='bbox 587 1142 753 1172; x_wconf 84' lang='lat' dir='ltr'>discursum</span> <span class='ocrx_word' id='word_1_107' title='bbox 785 1152 836 1181; x_wconf 91' lang='lat' dir='ltr'>per</span> <span class='ocrx_word' id='word_1_108' title='bbox 864 1142 985 1179; x_wconf 77' lang='lat' dir='ltr'>domos,</span> <span class='ocrx_word' id='word_1_109' title='bbox 1009 1142 1058 1172; x_wconf 85' lang='lat' dir='ltr'>sed</span> <span class='ocrx_word' id='word_1_110' title='bbox 1082 1142 1111 1172; x_wconf 91' lang='lat' dir='ltr'>in</span> <span class='ocrx_word' id='word_1_111' title='bbox 1134 1143 1219 1172; x_wconf 89' lang='lat' dir='ltr'>aedes</span> 
     </span>
     <span class='ocr_line' id='line_1_25' title="bbox 479 1191 1220 1230; baseline 0.003 -11"><span class='ocrx_word' id='word_1_112' title='bbox 479 1191 604 1220; x_wconf 83' lang='lat' dir='ltr'>alieuius</span> <span class='ocrx_word' id='word_1_113' title='bbox 636 1191 675 1230; x_wconf 91' lang='lat' dir='ltr'>pii</span> <span class='ocrx_word' id='word_1_114' title='bbox 707 1195 736 1220; x_wconf 90' lang='lat' dir='ltr'>et</span> <span class='ocrx_word' id='word_1_115' title='bbox 768 1191 944 1230; x_wconf 82' lang='lat' dir='ltr'>exemplaris</span> <span class='ocrx_word' id='word_1_116' title='bbox 967 1191 1160 1220; x_wconf 87' lang='lat' dir='ltr'>ecclesiastici</span> <span class='ocrx_word' id='word_1_117' title='bbox 1190 1200 1220 1221; x_wconf 91' lang='lat' dir='ltr'>se</span> 
     </span>
     <span class='ocr_line' id='line_1_26' title="bbox 478 1239 1218 1278; baseline -0.001 -9"><span class='ocrx_word' id='word_1_118' title='bbox 478 1239 640 1278; x_wconf 79' lang='lat' dir='ltr'>recipiant,</span> <span class='ocrx_word' id='word_1_119' title='bbox 658 1239 757 1278; x_wconf 86' lang='lat' dir='ltr'>ibique</span> <span class='ocrx_word' id='word_1_120' title='bbox 775 1243 976 1278; x_wconf 86' lang='lat' dir='ltr'>paupertatem</span> <span class='ocrx_word' id='word_1_121' title='bbox 1000 1239 1167 1277; x_wconf 81' lang='lat' dir='ltr'>religiosam</span> <span class='ocrx_word' id='word_1_122' title='bbox 1189 1239 1218 1269; x_wconf 91' lang='lat' dir='ltr'>in</span> 
     </span>
     <span class='ocr_line' id='line_1_27' title="bbox 479 1288 1220 1327; baseline 0 -10"><span class='ocrx_word' id='word_1_123' title='bbox 479 1288 560 1326; x_wconf 87' lang='lat' dir='ltr'>cibo,</span> <span class='ocrx_word' id='word_1_124' title='bbox 582 1293 651 1327; x_wconf 91' lang='lat' dir='ltr'>potu</span> <span class='ocrx_word' id='word_1_125' title='bbox 674 1292 702 1318; x_wconf 89' lang='lat' dir='ltr'>et</span> <span class='ocrx_word' id='word_1_126' title='bbox 724 1288 829 1317; x_wconf 88' lang='lat' dir='ltr'>ceteris</span> <span class='ocrx_word' id='word_1_127' title='bbox 850 1288 986 1318; x_wconf 87' lang='lat' dir='ltr'>omnibus</span> <span class='ocrx_word' id='word_1_128' title='bbox 1010 1291 1143 1325; x_wconf 89' lang='lat' dir='ltr'>servent,</span> <span class='ocrx_word' id='word_1_129' title='bbox 1161 1297 1220 1318; x_wconf 89' lang='lat' dir='ltr'>mo-</span> 
     </span>
     <span class='ocr_line' id='line_1_28' title="bbox 479 1337 1017 1375; baseline 0 -9"><span class='ocrx_word' id='word_1_130' title='bbox 479 1337 587 1367; x_wconf 84' lang='lat' dir='ltr'>destiae</span> <span class='ocrx_word' id='word_1_131' title='bbox 609 1341 637 1367; x_wconf 86' lang='lat' dir='ltr'>et</span> <span class='ocrx_word' id='word_1_132' title='bbox 660 1337 795 1375; x_wconf 77' lang='lat' dir='ltr'>gravitati</span> <span class='ocrx_word' id='word_1_133' title='bbox 819 1337 1017 1367; x_wconf 87' lang='lat' dir='ltr'>coniunctam.</span> 
     </span>
    </p>

    <p class='ocr_par' dir='ltr' id='par_1_6' title="bbox 477 1385 1220 1915">
     <span class='ocr_line' id='line_1_29' title="bbox 518 1385 1218 1425; baseline 0.001 -10"><span class='ocrx_word' id='word_1_134' title='bbox 518 1394 556 1416; x_wconf 80' lang='lat' dir='ltr'>iv.</span> <span class='ocrx_word' id='word_1_135' title='bbox 575 1386 667 1415; x_wconf 86' lang='lat' dir='ltr'>Media</span> <span class='ocrx_word' id='word_1_136' title='bbox 690 1389 786 1415; x_wconf 89' lang='lat' dir='ltr'>autem</span> <span class='ocrx_word' id='word_1_137' title='bbox 804 1386 980 1425; x_wconf 81' lang='lat' dir='ltr'>spiritualia,</span> <span class='ocrx_word' id='word_1_138' title='bbox 998 1385 1114 1425; x_wconf 72' lang='lat' dir='ltr'>quibuS,</span> <span class='ocrx_word' id='word_1_139' title='bbox 1138 1386 1218 1416; x_wconf 79' lang='lat' dir='ltr'>iuxta</span> 
     </span>
     <span class='ocr_line' id='line_1_30' title="bbox 478 1434 1217 1474; baseline 0 -9"><span class='ocrx_word' id='word_1_140' title='bbox 478 1439 610 1465; x_wconf 89' lang='lat' dir='ltr'>nostrum</span> <span class='ocrx_word' id='word_1_141' title='bbox 633 1434 800 1464; x_wconf 87' lang='lat' dir='ltr'>institutum</span> <span class='ocrx_word' id='word_1_142' title='bbox 817 1439 843 1464; x_wconf 93' lang='lat' dir='ltr'>et</span> <span class='ocrx_word' id='word_1_143' title='bbox 861 1434 973 1464; x_wconf 90' lang='lat' dir='ltr'>abbatis</span> <span class='ocrx_word' id='word_1_144' title='bbox 989 1434 1217 1474; x_wconf 84' lang='lat' dir='ltr'>beneplacitum,</span> 
     </span>
     <span class='ocr_line' id='line_1_31' title="bbox 479 1483 1218 1523; baseline 0.001 -10"><span class='ocrx_word' id='word_1_145' title='bbox 479 1484 540 1514; x_wconf 85' lang='lat' dir='ltr'>uti&#39;</span> <span class='ocrx_word' id='word_1_146' title='bbox 564 1488 715 1523; x_wconf 89' lang='lat' dir='ltr'>poterunt,</span> <span class='ocrx_word' id='word_1_147' title='bbox 740 1484 811 1513; x_wconf 86' lang='lat' dir='ltr'>haec</span> <span class='ocrx_word' id='word_1_148' title='bbox 835 1483 893 1513; x_wconf 85' lang='lat' dir='ltr'>fere</span> <span class='ocrx_word' id='word_1_149' title='bbox 917 1488 996 1514; x_wconf 86' lang='lat' dir='ltr'>sunt:</span> <span class='ocrx_word' id='word_1_150' title='bbox 1021 1484 1218 1514; x_wconf 87' lang='lat' dir='ltr'>ministerium</span> 
     </span>
     <span class='ocr_line' id='line_1_32' title="bbox 478 1532 1219 1572; baseline 0.003 -11"><span class='ocrx_word' id='word_1_151' title='bbox 478 1532 557 1562; x_wconf 79' lang='lat' dir='ltr'>verbi</span> <span class='ocrx_word' id='word_1_152' title='bbox 590 1532 639 1562; x_wconf 90' lang='lat' dir='ltr'>Dei</span> <span class='ocrx_word' id='word_1_153' title='bbox 669 1532 697 1562; x_wconf 91' lang='lat' dir='ltr'>in</span> <span class='ocrx_word' id='word_1_154' title='bbox 730 1532 1014 1571; x_wconf 82' lang='lat' dir='ltr'>praedicationibus,</span> <span class='ocrx_word' id='word_1_155' title='bbox 1039 1533 1219 1572; x_wconf 85' lang='lat' dir='ltr'>privatisque</span> 
     </span>
     <span class='ocr_line' id='line_1_33' title="bbox 477 1581 1218 1620; baseline 0 -10"><span class='ocrx_word' id='word_1_156' title='bbox 477 1581 730 1611; x_wconf 80' lang='lat' dir='ltr'>exhortationibus</span> <span class='ocrx_word' id='word_1_157' title='bbox 744 1585 771 1610; x_wconf 88' lang='lat' dir='ltr'>et</span> <span class='ocrx_word' id='word_1_158' title='bbox 783 1581 953 1620; x_wconf 86' lang='lat' dir='ltr'>colloquiis;</span> <span class='ocrx_word' id='word_1_159' title='bbox 967 1586 1218 1611; x_wconf 86' lang='lat' dir='ltr'>sacramentorum</span> 
     </span>
     <span class='ocr_line' id='line_1_34' title="bbox 477 1630 1217 1667; baseline -0.001 -7"><span class='ocrx_word' id='word_1_160' title='bbox 477 1631 672 1660; x_wconf 83' lang='lat' dir='ltr'>consessionis</span> <span class='ocrx_word' id='word_1_161' title='bbox 703 1635 732 1660; x_wconf 85' lang='lat' dir='ltr'>et</span> <span class='ocrx_word' id='word_1_162' title='bbox 759 1630 953 1660; x_wconf 79' lang='lat' dir='ltr'>eucharistiae</span> <span class='ocrx_word' id='word_1_163' title='bbox 986 1630 1217 1667; x_wconf 67' lang='lat' dir='ltr'>administratio,</span> 
     </span>
     <span class='ocr_line' id='line_1_35' title="bbox 478 1679 1219 1719; baseline 0 -10"><span class='ocrx_word' id='word_1_164' title='bbox 478 1680 688 1709; x_wconf 76' lang='lat' dir='ltr'>exercitiorum</span> <span class='ocrx_word' id='word_1_165' title='bbox 725 1679 924 1719; x_wconf 88' lang='lat' dir='ltr'>spiritualium</span> <span class='ocrx_word' id='word_1_166' title='bbox 961 1680 1100 1716; x_wconf 69' lang='lat' dir='ltr'>traditio,</span> <span class='ocrx_word' id='word_1_167' title='bbox 1134 1679 1219 1709; x_wconf 89' lang='lat' dir='ltr'>dissi-</span> 
     </span>
     <span class='ocr_line' id='line_1_36' title="bbox 478 1728 1219 1765; baseline -0.001 -7"><span class='ocrx_word' id='word_1_168' title='bbox 478 1729 611 1758; x_wconf 84' lang='lat' dir='ltr'>dentium</span> <span class='ocrx_word' id='word_1_169' title='bbox 633 1728 854 1765; x_wconf 87' lang='lat' dir='ltr'>reconciliatio;</span> <span class='ocrx_word' id='word_1_170' title='bbox 879 1737 999 1758; x_wconf 90' lang='lat' dir='ltr'>casuum</span> <span class='ocrx_word' id='word_1_171' title='bbox 1023 1729 1219 1759; x_wconf 83' lang='lat' dir='ltr'>conscientiae</span> 
     </span>
     <span class='ocr_line' id='line_1_37' title="bbox 478 1777 1220 1817; baseline -0.001 -9"><span class='ocrx_word' id='word_1_172' title='bbox 478 1783 506 1808; x_wconf 90' lang='lat' dir='ltr'>et</span> <span class='ocrx_word' id='word_1_173' title='bbox 528 1787 675 1808; x_wconf 89' lang='lat' dir='ltr'>sacrorum</span> <span class='ocrx_word' id='word_1_174' title='bbox 693 1778 803 1807; x_wconf 89' lang='lat' dir='ltr'>rituum</span> <span class='ocrx_word' id='word_1_175' title='bbox 820 1777 855 1807; x_wconf 91' lang='lat' dir='ltr'>ad</span> <span class='ocrx_word' id='word_1_176' title='bbox 873 1777 1088 1808; x_wconf 87' lang='lat' dir='ltr'>ecclesiasticos</span> <span class='ocrx_word' id='word_1_177' title='bbox 1105 1778 1220 1817; x_wconf 85' lang='lat' dir='ltr'>privata</span> 
     </span>
     <span class='ocr_line' id='line_1_38' title="bbox 479 1826 1219 1866; baseline 0 -9"><span class='ocrx_word' id='word_1_178' title='bbox 479 1827 649 1866; x_wconf 71' lang='lat' dir='ltr'>explicatio,</span> <span class='ocrx_word' id='word_1_179' title='bbox 673 1826 850 1856; x_wconf 90' lang='lat' dir='ltr'>christianae</span> <span class='ocrx_word' id='word_1_180' title='bbox 880 1826 1033 1856; x_wconf 87' lang='lat' dir='ltr'>doctrinae</span> <span class='ocrx_word' id='word_1_181' title='bbox 1056 1827 1090 1856; x_wconf 86' lang='lat' dir='ltr'>ad</span> <span class='ocrx_word' id='word_1_182' title='bbox 1114 1836 1219 1866; x_wconf 89' lang='lat' dir='ltr'>pueros</span> 
     </span>
     <span class='ocr_line' id='line_1_39' title="bbox 478 1875 1048 1915; baseline 0 -10"><span class='ocrx_word' id='word_1_183' title='bbox 478 1876 609 1915; x_wconf 81' lang='lat' dir='ltr'>aliosque</span> <span class='ocrx_word' id='word_1_184' title='bbox 630 1876 717 1905; x_wconf 89' lang='lat' dir='ltr'>rudes</span> <span class='ocrx_word' id='word_1_185' title='bbox 740 1875 855 1914; x_wconf 87' lang='lat' dir='ltr'>publica</span> <span class='ocrx_word' id='word_1_186' title='bbox 878 1875 1048 1905; x_wconf 81' lang='lat' dir='ltr'>declaratio.</span> 
     </span>
    </p>

    <p class='ocr_par' dir='ltr' id='par_1_7' title="bbox 477 1924 1219 2151">
     <span class='ocr_line' id='line_1_40' title="bbox 517 1924 1218 1963; baseline 0.003 -10"><span class='ocrx_word' id='word_1_187' title='bbox 517 1934 534 1954; x_wconf 93' lang='lat'>1.</span> <span class='ocrx_word' id='word_1_188' title='bbox 568 1925 600 1954; x_wconf 87' lang='lat' dir='ltr'>ln</span> <span class='ocrx_word' id='word_1_189' title='bbox 632 1924 768 1954; x_wconf 86' lang='lat' dir='ltr'>omnibus</span> <span class='ocrx_word' id='word_1_190' title='bbox 800 1924 985 1954; x_wconf 87' lang='lat' dir='ltr'>monasteriis</span> <span class='ocrx_word' id='word_1_191' title='bbox 1018 1924 1218 1963; x_wconf 84' lang='lat' dir='ltr'>designandus</span> 
     </span>
     <span class='ocr_line' id='line_1_41' title="bbox 477 1972 1218 2012; baseline 0.001 -9"><span class='ocrx_word' id='word_1_192' title='bbox 477 1973 532 2003; x_wconf 83' lang='lat' dir='ltr'>erit</span> <span class='ocrx_word' id='word_1_193' title='bbox 565 1973 727 2012; x_wconf 81' lang='lat' dir='ltr'>praefectus</span> <span class='ocrx_word' id='word_1_194' title='bbox 759 1982 859 2003; x_wconf 87' lang='lat' dir='ltr'>rerum</span> <span class='ocrx_word' id='word_1_195' title='bbox 892 1972 1110 2012; x_wconf 82' lang='lat' dir='ltr'>spiritualium,</span> <span class='ocrx_word' id='word_1_196' title='bbox 1134 1973 1218 2004; x_wconf 89' lang='lat' dir='ltr'>cuius</span> 
     </span>
     <span class='ocr_line' id='line_1_42' title="bbox 477 2022 1218 2053; baseline 0.001 -1"><span class='ocrx_word' id='word_1_197' title='bbox 477 2031 584 2052; x_wconf 87' lang='lat' dir='ltr'>munus</span> <span class='ocrx_word' id='word_1_198' title='bbox 614 2022 651 2052; x_wconf 87' lang='lat' dir='ltr'>sit</span> <span class='ocrx_word' id='word_1_199' title='bbox 683 2022 883 2052; x_wconf 86' lang='lat' dir='ltr'>confessiones</span> <span class='ocrx_word' id='word_1_200' title='bbox 906 2022 1118 2052; x_wconf 88' lang='lat' dir='ltr'>monachorum</span> <span class='ocrx_word' id='word_1_201' title='bbox 1140 2023 1218 2053; x_wconf 83' lang='lat' dir='ltr'>exci-</span> 
     </span>
     <span class='ocr_line' id='line_1_43' title="bbox 478 2071 1219 2111; baseline 0.001 -10"><span class='ocrx_word' id='word_1_202' title='bbox 478 2080 568 2111; x_wconf 90' lang='lat' dir='ltr'>pere,</span> <span class='ocrx_word' id='word_1_203' title='bbox 591 2080 750 2111; x_wconf 84' lang='lat' dir='ltr'>eorumque</span> <span class='ocrx_word' id='word_1_204' title='bbox 774 2071 936 2111; x_wconf 83' lang='lat' dir='ltr'>profectum</span> <span class='ocrx_word' id='word_1_205' title='bbox 970 2071 1000 2101; x_wconf 89' lang='lat' dir='ltr'>in</span> <span class='ocrx_word' id='word_1_206' title='bbox 1025 2071 1131 2111; x_wconf 87' lang='lat' dir='ltr'>spiritu</span> <span class='ocrx_word' id='word_1_207' title='bbox 1153 2081 1219 2111; x_wconf 92' lang='lat' dir='ltr'>pro-</span> 
     </span>
     <span class='ocr_line' id='line_1_44' title="bbox 477 2130 604 2151; baseline -0.016 0"><span class='ocrx_word' id='word_1_208' title='bbox 477 2130 604 2151; x_wconf 85' lang='lat' dir='ltr'>movere.</span> 
     </span>
    </p>

    <p class='ocr_par' dir='ltr' id='par_1_8' title="bbox 476 2168 1217 2498">
     <span class='ocr_line' id='line_1_45' title="bbox 517 2168 1215 2207; baseline 0.001 -9"><span class='ocrx_word' id='word_1_209' title='bbox 517 2179 547 2199; x_wconf 91' lang='lat'>11.</span> <span class='ocrx_word' id='word_1_210' title='bbox 572 2168 772 2207; x_wconf 76' lang='lat' dir='ltr'>Cognitionem</span> <span class='ocrx_word' id='word_1_211' title='bbox 804 2168 904 2207; x_wconf 84' lang='lat' dir='ltr'>itaque</span> <span class='ocrx_word' id='word_1_212' title='bbox 937 2168 1065 2198; x_wconf 88' lang='lat' dir='ltr'>instituti</span> <span class='ocrx_word' id='word_1_213' title='bbox 1094 2169 1215 2206; x_wconf 90' lang='lat' dir='ltr'>habeat,</span> 
     </span>
     <span class='ocr_line' id='line_1_46' title="bbox 476 2217 1216 2257; baseline 0 -9"><span class='ocrx_word' id='word_1_214' title='bbox 476 2224 504 2248; x_wconf 88' lang='lat' dir='ltr'>et</span> <span class='ocrx_word' id='word_1_215' title='bbox 532 2218 626 2248; x_wconf 89' lang='lat' dir='ltr'>zelum</span> <span class='ocrx_word' id='word_1_216' title='bbox 658 2217 726 2247; x_wconf 92' lang='lat' dir='ltr'>boni</span> <span class='ocrx_word' id='word_1_217' title='bbox 760 2226 932 2256; x_wconf 75' lang='lat' dir='ltr'>progressus</span> <span class='ocrx_word' id='word_1_218' title='bbox 964 2218 1105 2255; x_wconf 90' lang='lat' dir='ltr'>fratrum,</span> <span class='ocrx_word' id='word_1_219' title='bbox 1130 2227 1216 2257; x_wconf 86' lang='lat' dir='ltr'>quem</span> 
     </span>
     <span class='ocr_line' id='line_1_47' title="bbox 477 2265 1217 2306; baseline -0.001 -9"><span class='ocrx_word' id='word_1_220' title='bbox 477 2276 635 2306; x_wconf 84' lang='lat' dir='ltr'>procurare</span> <span class='ocrx_word' id='word_1_221' title='bbox 658 2266 743 2296; x_wconf 76' lang='lat' dir='ltr'>[lebet</span> <span class='ocrx_word' id='word_1_222' title='bbox 766 2265 855 2295; x_wconf 88' lang='lat' dir='ltr'>verbo</span> <span class='ocrx_word' id='word_1_223' title='bbox 878 2269 905 2295; x_wconf 92' lang='lat' dir='ltr'>et</span> <span class='ocrx_word' id='word_1_224' title='bbox 928 2266 1082 2304; x_wconf 88' lang='lat' dir='ltr'>exemplo:</span> <span class='ocrx_word' id='word_1_225' title='bbox 1107 2266 1217 2296; x_wconf 89' lang='lat' dir='ltr'>amabi-</span> 
     </span>
     <span class='ocr_line' id='line_1_48' title="bbox 476 2313 1216 2354; baseline -0.001 -10"><span class='ocrx_word' id='word_1_226' title='bbox 476 2315 533 2344; x_wconf 84' lang='lat' dir='ltr'>lem</span> <span class='ocrx_word' id='word_1_227' title='bbox 558 2319 706 2354; x_wconf 87' lang='lat' dir='ltr'>praeterea</span> <span class='ocrx_word' id='word_1_228' title='bbox 730 2323 760 2344; x_wconf 88' lang='lat' dir='ltr'>se</span> <span class='ocrx_word' id='word_1_229' title='bbox 782 2314 825 2343; x_wconf 89' lang='lat' dir='ltr'>eis</span> <span class='ocrx_word' id='word_1_230' title='bbox 847 2313 998 2351; x_wconf 86' lang='lat' dir='ltr'>exhibeat,</span> <span class='ocrx_word' id='word_1_231' title='bbox 1024 2318 1055 2343; x_wconf 92' lang='lat' dir='ltr'>ut</span> <span class='ocrx_word' id='word_1_232' title='bbox 1085 2314 1120 2343; x_wconf 91' lang='lat' dir='ltr'>ad</span> <span class='ocrx_word' id='word_1_233' title='bbox 1150 2323 1216 2344; x_wconf 83' lang='lat' dir='ltr'>enin</span> 
     </span>
     <span class='ocr_line' id='line_1_49' title="bbox 476 2362 1214 2401; baseline -0.001 -8"><span class='ocrx_word' id='word_1_234' title='bbox 476 2373 577 2393; x_wconf 87' lang='lat' dir='ltr'>omnes</span> <span class='ocrx_word' id='word_1_235' title='bbox 594 2363 777 2400; x_wconf 79' lang='lat' dir='ltr'>confugiant,</span> <span class='ocrx_word' id='word_1_236' title='bbox 794 2362 1033 2401; x_wconf 84' lang='lat' dir='ltr'>confidenterque</span> <span class='ocrx_word' id='word_1_237' title='bbox 1052 2371 1102 2392; x_wconf 90' lang='lat' dir='ltr'>sua</span> <span class='ocrx_word' id='word_1_238' title='bbox 1119 2364 1214 2393; x_wconf 87' lang='lat' dir='ltr'>omnia</span> 
     </span>
     <span class='ocr_line' id='line_1_50' title="bbox 476 2410 1216 2449; baseline -0.001 -8"><span class='ocrx_word' id='word_1_239' title='bbox 476 2412 629 2449; x_wconf 79' lang='lat' dir='ltr'>detegant,</span> <span class='ocrx_word' id='word_1_240' title='bbox 654 2416 682 2441; x_wconf 87' lang='lat' dir='ltr'>et</span> <span class='ocrx_word' id='word_1_241' title='bbox 708 2410 744 2440; x_wconf 89' lang='lat' dir='ltr'>ab</span> <span class='ocrx_word' id='word_1_242' title='bbox 772 2420 806 2440; x_wconf 90' lang='lat' dir='ltr'>eo</span> <span class='ocrx_word' id='word_1_243' title='bbox 833 2411 1063 2440; x_wconf 87' lang='lat' dir='ltr'>consolationem</span> <span class='ocrx_word' id='word_1_244' title='bbox 1086 2415 1114 2440; x_wconf 91' lang='lat' dir='ltr'>et</span> <span class='ocrx_word' id='word_1_245' title='bbox 1135 2411 1216 2441; x_wconf 83' lang='lat' dir='ltr'>auxi-</span> 
     </span>
     <span class='ocr_line' id='line_1_51' title="bbox 478 2459 901 2498; baseline -0.002 -9"><span class='ocrx_word' id='word_1_246' title='bbox 478 2460 548 2489; x_wconf 90' lang='lat' dir='ltr'>lium</span> <span class='ocrx_word' id='word_1_247' title='bbox 573 2464 693 2498; x_wconf 80' lang='lat' dir='ltr'>sperent</span> <span class='ocrx_word' id='word_1_248' title='bbox 715 2459 744 2488; x_wconf 92' lang='lat' dir='ltr'>in</span> <span class='ocrx_word' id='word_1_249' title='bbox 767 2459 901 2488; x_wconf 88' lang='lat' dir='ltr'>Domino.</span> 
     </span>
    </p>

    <p class='ocr_par' dir='ltr' id='par_1_9' title="bbox 479 2507 1214 2596">
     <span class='ocr_line' id='line_1_52' title="bbox 517 2507 1214 2547; baseline 0.001 -11"><span class='ocrx_word' id='word_1_250' title='bbox 517 2517 556 2537; x_wconf 91' lang='lat'>111.</span> <span class='ocrx_word' id='word_1_251' title='bbox 576 2507 703 2537; x_wconf 86' lang='lat' dir='ltr'>lnstrnat</span> <span class='ocrx_word' id='word_1_252' title='bbox 720 2508 876 2537; x_wconf 87' lang='lat' dir='ltr'>monachos</span> <span class='ocrx_word' id='word_1_253' title='bbox 894 2507 1042 2547; x_wconf 87' lang='lat' dir='ltr'>privatim,</span> <span class='ocrx_word' id='word_1_254' title='bbox 1055 2507 1214 2537; x_wconf 86' lang='lat' dir='ltr'>secundum</span> 
     </span>
     <span class='ocr_line' id='line_1_53' title="bbox 479 2556 1214 2596; baseline 0.001 -11"><span class='ocrx_word' id='word_1_255' title='bbox 479 2556 708 2596; x_wconf 84' lang='lat' dir='ltr'>uniuscuiusque</span> <span class='ocrx_word' id='word_1_256' title='bbox 724 2560 857 2596; x_wconf 83' lang='lat' dir='ltr'>captum:</span> <span class='ocrx_word' id='word_1_257' title='bbox 876 2556 1046 2596; x_wconf 85' lang='lat' dir='ltr'>praesertim</span> <span class='ocrx_word' id='word_1_258' title='bbox 1063 2561 1094 2586; x_wconf 91' lang='lat' dir='ltr'>ut</span> <span class='ocrx_word' id='word_1_259' title='bbox 1113 2565 1214 2596; x_wconf 86' lang='lat' dir='ltr'>puram</span> 
     </span>
    </p>
   </div>
   <div class='ocr_carea' id='block_1_4' title="bbox 514 2609 1107 2647">
    <p class='ocr_par' dir='ltr' id='par_1_10' title="bbox 514 2609 1107 2647">
     <span class='ocr_line' id='line_1_54' title="bbox 514 2609 1107 2647; baseline 0.002 -10"><span class='ocrx_word' id='word_1_260' title='bbox 514 2612 525 2637; x_wconf 93' lang='lat'>1</span> <span class='ocrx_word' id='word_1_261' title='bbox 547 2609 618 2642; x_wconf 83' lang='lat' dir='ltr'>Edit.</span> <span class='ocrx_word' id='word_1_262' title='bbox 639 2610 722 2638; x_wconf 86' lang='lat' dir='ltr'>Main.</span> <span class='ocrx_word' id='word_1_263' title='bbox 744 2610 809 2647; x_wconf 85' lang='lat' dir='ltr'>tegit</span> <span class='ocrx_word' id='word_1_264' title='bbox 827 2613 859 2640; x_wconf 73' lang='lat' dir='ltr'>ut</span> <span class='ocrx_word' id='word_1_265' title='bbox 878 2618 926 2646; x_wconf 89' lang='lat' dir='ltr'>pro</span> <span class='ocrx_word' id='word_1_266' title='bbox 946 2611 990 2639; x_wconf 77' lang='lat' dir='ltr'>uti</span> <span class='ocrx_word' id='word_1_267' title='bbox 1009 2611 1046 2646; x_wconf 78' lang='lat' dir='ltr'>(a.</span> <span class='ocrx_word' id='word_1_268' title='bbox 1059 2614 1107 2644; x_wconf 83' lang='lat' dir='ltr'>r.).</span> 
     </span>
    </p>
   </div>
   <div class='ocr_carea' id='block_1_5' title="bbox 1070 218 1431 243">
    <p class='ocr_par' dir='ltr' id='par_1_11' title="bbox 1070 218 1431 243">
     <span class='ocr_line' id='line_1_55' title="bbox 1070 218 1431 243; baseline 0.006 -2"><span class='ocrx_word' id='word_1_269' title='bbox 1070 218 1250 242; x_wconf 69' lang='lat' dir='ltr'>BULLAIUUM</span> <span class='ocrx_word' id='word_1_270' title='bbox 1274 218 1431 243; x_wconf 60' lang='lat' dir='ltr'>hommum</span> 
     </span>
    </p>
   </div>
   <div class='ocr_carea' id='block_1_6' title="bbox 1240 271 1246 2017">
    <p class='ocr_par' dir='ltr' id='par_1_12' title="bbox 1240 271 1246 2017">
     <span class='ocr_line' id='line_1_56' title="bbox 1240 271 1246 2017; baseline 0 0"><span class='ocrx_word' id='word_1_271' title='bbox 1240 271 1246 2017; x_wconf 95' lang='lat' dir='ltr'> </span> 
     </span>
    </p>
   </div>
   <div class='ocr_carea' id='block_1_7' title="bbox 1238 271 1246 2592">
    <p class='ocr_par' dir='ltr' id='par_1_13' title="bbox 1238 271 1246 2592">
     <span class='ocr_line' id='line_1_57' title="bbox 1238 271 1246 2592; baseline 0 0"><span class='ocrx_word' id='word_1_272' title='bbox 1238 271 1246 2592; x_wconf 95' lang='lat' dir='ltr'> </span> 
     </span>
    </p>
   </div>
   <div class='ocr_carea' id='block_1_8' title="bbox 1257 267 2004 2646">
    <p class='ocr_par' dir='ltr' id='par_1_14' title="bbox 1264 267 2004 395">
     <span class='ocr_line' id='line_1_58' title="bbox 1265 267 2004 301; baseline 0.005 -5"><span class='ocrx_word' id='word_1_273' title='bbox 1265 267 1457 297; x_wconf 88' lang='lat' dir='ltr'>intentionem</span> <span class='ocrx_word' id='word_1_274' title='bbox 1480 267 1572 298; x_wconf 89' lang='lat' dir='ltr'>divini</span> <span class='ocrx_word' id='word_1_275' title='bbox 1595 268 1708 299; x_wconf 85' lang='lat' dir='ltr'>servitii</span> <span class='ocrx_word' id='word_1_276' title='bbox 1724 269 1847 300; x_wconf 89' lang='lat' dir='ltr'>habeant</span> <span class='ocrx_word' id='word_1_277' title='bbox 1871 274 1900 301; x_wconf 88' lang='lat' dir='ltr'>et</span> <span class='ocrx_word' id='word_1_278' title='bbox 1922 270 2004 300; x_wconf 85' lang='lat' dir='ltr'>sami-</span> 
     </span>
     <span class='ocr_line' id='line_1_59' title="bbox 1264 315 2002 358; baseline 0.007 -13"><span class='ocrx_word' id='word_1_279' title='bbox 1264 315 1421 346; x_wconf 89' lang='lat' dir='ltr'>liaritatem</span> <span class='ocrx_word' id='word_1_280' title='bbox 1445 325 1510 347; x_wconf 87' lang='lat' dir='ltr'>cum</span> <span class='ocrx_word' id='word_1_281' title='bbox 1534 317 1591 347; x_wconf 91' lang='lat' dir='ltr'>Deo</span> <span class='ocrx_word' id='word_1_282' title='bbox 1622 317 1651 348; x_wconf 91' lang='lat' dir='ltr'>in</span> <span class='ocrx_word' id='word_1_283' title='bbox 1682 318 1887 358; x_wconf 88' lang='lat' dir='ltr'>spiritualibus</span> <span class='ocrx_word' id='word_1_284' title='bbox 1915 319 2002 350; x_wconf 87' lang='lat' dir='ltr'>devo-</span> 
     </span>
     <span class='ocr_line' id='line_1_60' title="bbox 1265 364 1536 395; baseline 0.004 -1"><span class='ocrx_word' id='word_1_285' title='bbox 1265 364 1354 394; x_wconf 87' lang='lat' dir='ltr'>tionis</span> <span class='ocrx_word' id='word_1_286' title='bbox 1375 365 1536 395; x_wconf 87' lang='lat' dir='ltr'>exercitiis.</span> 
     </span>
    </p>

    <p class='ocr_par' dir='ltr' id='par_1_15' title="bbox 1263 412 2004 792">
     <span class='ocr_line' id='line_1_61' title="bbox 1303 412 2000 453; baseline 0.004 -11"><span class='ocrx_word' id='word_1_287' title='bbox 1303 421 1342 442; x_wconf 81' lang='lat' dir='ltr'>iv.</span> <span class='ocrx_word' id='word_1_288' title='bbox 1371 412 1452 443; x_wconf 86' lang='lat' dir='ltr'>Petat</span> <span class='ocrx_word' id='word_1_289' title='bbox 1485 422 1571 453; x_wconf 86' lang='lat' dir='ltr'>quem</span> <span class='ocrx_word' id='word_1_290' title='bbox 1607 414 1783 453; x_wconf 86' lang='lat' dir='ltr'>procedendi</span> <span class='ocrx_word' id='word_1_291' title='bbox 1817 414 1934 445; x_wconf 87' lang='lat' dir='ltr'>modum</span> <span class='ocrx_word' id='word_1_292' title='bbox 1970 416 2000 446; x_wconf 91' lang='lat' dir='ltr'>in</span> 
     </span>
     <span class='ocr_line' id='line_1_62' title="bbox 1264 462 2002 501; baseline 0.004 -10"><span class='ocrx_word' id='word_1_293' title='bbox 1264 462 1395 492; x_wconf 86' lang='lat' dir='ltr'>oratione</span> <span class='ocrx_word' id='word_1_294' title='bbox 1418 462 1559 501; x_wconf 87' lang='lat' dir='ltr'>habeant,</span> <span class='ocrx_word' id='word_1_295' title='bbox 1575 467 1604 493; x_wconf 91' lang='lat' dir='ltr'>et</span> <span class='ocrx_word' id='word_1_296' title='bbox 1619 472 1654 493; x_wconf 92' lang='lat' dir='ltr'>an</span> <span class='ocrx_word' id='word_1_297' title='bbox 1671 467 1771 494; x_wconf 88' lang='lat' dir='ltr'>contra</span> <span class='ocrx_word' id='word_1_298' title='bbox 1788 472 1855 494; x_wconf 81' lang='lat' dir='ltr'>suos</span> <span class='ocrx_word' id='word_1_299' title='bbox 1873 464 2002 494; x_wconf 84' lang='lat' dir='ltr'>desectus</span> 
     </span>
     <span class='ocr_line' id='line_1_63' title="bbox 1264 511 2002 550; baseline 0.003 -11"><span class='ocrx_word' id='word_1_300' title='bbox 1264 519 1386 540; x_wconf 83' lang='lat' dir='ltr'>examen</span> <span class='ocrx_word' id='word_1_301' title='bbox 1412 511 1590 550; x_wconf 85' lang='lat' dir='ltr'>particulare</span> <span class='ocrx_word' id='word_1_302' title='bbox 1606 511 1772 549; x_wconf 89' lang='lat' dir='ltr'>observent,</span> <span class='ocrx_word' id='word_1_303' title='bbox 1790 515 1818 541; x_wconf 90' lang='lat' dir='ltr'>et</span> <span class='ocrx_word' id='word_1_304' title='bbox 1840 521 1876 541; x_wconf 90' lang='lat' dir='ltr'>an</span> <span class='ocrx_word' id='word_1_305' title='bbox 1900 517 2002 542; x_wconf 87' lang='lat' dir='ltr'>contra</span> 
     </span>
     <span class='ocr_line' id='line_1_64' title="bbox 1263 559 2004 599; baseline 0.003 -10"><span class='ocrx_word' id='word_1_306' title='bbox 1263 559 1447 590; x_wconf 87' lang='lat' dir='ltr'>inordinatos</span> <span class='ocrx_word' id='word_1_307' title='bbox 1479 560 1598 590; x_wconf 81' lang='lat' dir='ltr'>affectus</span> <span class='ocrx_word' id='word_1_308' title='bbox 1632 560 1747 599; x_wconf 91' lang='lat' dir='ltr'>propria</span> <span class='ocrx_word' id='word_1_309' title='bbox 1771 561 1897 590; x_wconf 86' lang='lat' dir='ltr'>remedia</span> <span class='ocrx_word' id='word_1_310' title='bbox 1920 560 2004 591; x_wconf 86' lang='lat' dir='ltr'>adhi-</span> 
     </span>
     <span class='ocr_line' id='line_1_65' title="bbox 1263 607 2001 648; baseline 0.003 -11"><span class='ocrx_word' id='word_1_311' title='bbox 1263 607 1368 645; x_wconf 79' lang='lat' dir='ltr'>beant,</span> <span class='ocrx_word' id='word_1_312' title='bbox 1392 612 1421 638; x_wconf 86' lang='lat' dir='ltr'>et</span> <span class='ocrx_word' id='word_1_313' title='bbox 1442 608 1472 638; x_wconf 89' lang='lat' dir='ltr'>in</span> <span class='ocrx_word' id='word_1_314' title='bbox 1495 609 1589 638; x_wconf 90' lang='lat' dir='ltr'>solitis</span> <span class='ocrx_word' id='word_1_315' title='bbox 1610 608 1770 639; x_wconf 87' lang='lat' dir='ltr'>virtutibus</span> <span class='ocrx_word' id='word_1_316' title='bbox 1793 609 1979 648; x_wconf 87' lang='lat' dir='ltr'>acquirendis</span> <span class='ocrx_word' id='word_1_317' title='bbox 1993 633 2001 648; x_wconf 90' lang='lat'>,</span> 
     </span>
     <span class='ocr_line' id='line_1_66' title="bbox 1264 654 2002 697; baseline 0.003 -12"><span class='ocrx_word' id='word_1_318' title='bbox 1264 654 1434 695; x_wconf 71' lang='lat' dir='ltr'>praesertim</span> <span class='ocrx_word' id='word_1_319' title='bbox 1450 656 1629 695; x_wconf 69' lang='lat' dir='ltr'>obedientia,</span> <span class='ocrx_word' id='word_1_320' title='bbox 1646 666 1743 687; x_wconf 89' lang='lat' dir='ltr'>amore</span> <span class='ocrx_word' id='word_1_321' title='bbox 1758 657 1808 687; x_wconf 88' lang='lat' dir='ltr'>Dei</span> <span class='ocrx_word' id='word_1_322' title='bbox 1823 662 1851 687; x_wconf 93' lang='lat' dir='ltr'>et</span> <span class='ocrx_word' id='word_1_323' title='bbox 1865 657 2002 697; x_wconf 86' lang='lat' dir='ltr'>proximi,</span> 
     </span>
     <span class='ocr_line' id='line_1_67' title="bbox 1263 704 2003 745; baseline 0.004 -11"><span class='ocrx_word' id='word_1_324' title='bbox 1263 704 1368 744; x_wconf 88' lang='lat' dir='ltr'>quibus</span> <span class='ocrx_word' id='word_1_325' title='bbox 1391 708 1511 735; x_wconf 88' lang='lat' dir='ltr'>utantur</span> <span class='ocrx_word' id='word_1_326' title='bbox 1534 705 1647 744; x_wconf 85' lang='lat' dir='ltr'>mediis,</span> <span class='ocrx_word' id='word_1_327' title='bbox 1672 710 1700 736; x_wconf 87' lang='lat' dir='ltr'>et</span> <span class='ocrx_word' id='word_1_328' title='bbox 1721 707 1756 736; x_wconf 84' lang='lat' dir='ltr'>de</span> <span class='ocrx_word' id='word_1_329' title='bbox 1772 706 1959 745; x_wconf 85' lang='lat' dir='ltr'>poenitentiis</span> <span class='ocrx_word' id='word_1_330' title='bbox 1974 711 2003 738; x_wconf 90' lang='lat' dir='ltr'>et</span> 
     </span>
     <span class='ocr_line' id='line_1_68' title="bbox 1263 753 1762 792; baseline 0.002 -9"><span class='ocrx_word' id='word_1_331' title='bbox 1263 753 1329 783; x_wconf 89' lang='lat' dir='ltr'>aliis</span> <span class='ocrx_word' id='word_1_332' title='bbox 1353 753 1469 792; x_wconf 88' lang='lat' dir='ltr'>pietatis</span> <span class='ocrx_word' id='word_1_333' title='bbox 1491 753 1762 785; x_wconf 82' lang='lat' dir='ltr'>exercitationibus.</span> 
     </span>
    </p>

    <p class='ocr_par' dir='ltr' id='par_1_16' title="bbox 1263 801 2003 940">
     <span class='ocr_line' id='line_1_69' title="bbox 1303 801 2002 842; baseline 0.004 -11"><span class='ocrx_word' id='word_1_334' title='bbox 1303 812 1332 831; x_wconf 91' lang='lat' dir='ltr'>v.</span> <span class='ocrx_word' id='word_1_335' title='bbox 1350 801 1503 832; x_wconf 87' lang='lat' dir='ltr'>Versatum</span> <span class='ocrx_word' id='word_1_336' title='bbox 1520 811 1586 832; x_wconf 89' lang='lat' dir='ltr'>eum</span> <span class='ocrx_word' id='word_1_337' title='bbox 1603 806 1717 842; x_wconf 87' lang='lat' dir='ltr'>oportet</span> <span class='ocrx_word' id='word_1_338' title='bbox 1739 811 1803 833; x_wconf 90' lang='lat' dir='ltr'>esse</span> <span class='ocrx_word' id='word_1_339' title='bbox 1824 803 1854 833; x_wconf 90' lang='lat' dir='ltr'>in</span> <span class='ocrx_word' id='word_1_340' title='bbox 1876 802 2002 834; x_wconf 85' lang='lat' dir='ltr'>lectione</span> 
     </span>
     <span class='ocr_line' id='line_1_70' title="bbox 1263 850 2003 891; baseline 0.004 -11"><span class='ocrx_word' id='word_1_341' title='bbox 1263 850 1406 880; x_wconf 82' lang='lat' dir='ltr'>librorum</span> <span class='ocrx_word' id='word_1_342' title='bbox 1422 851 1633 891; x_wconf 84' lang='lat' dir='ltr'>spiritualium,</span> <span class='ocrx_word' id='word_1_343' title='bbox 1647 855 1675 882; x_wconf 88' lang='lat' dir='ltr'>et</span> <span class='ocrx_word' id='word_1_344' title='bbox 1691 851 1849 891; x_wconf 85' lang='lat' dir='ltr'>unicuique</span> <span class='ocrx_word' id='word_1_345' title='bbox 1864 851 2003 883; x_wconf 87' lang='lat' dir='ltr'>decernat</span> 
     </span>
     <span class='ocr_line' id='line_1_71' title="bbox 1265 900 2000 940; baseline 0.003 -11"><span class='ocrx_word' id='word_1_346' title='bbox 1265 903 1381 939; x_wconf 91' lang='lat' dir='ltr'>tempus</span> <span class='ocrx_word' id='word_1_347' title='bbox 1404 904 1431 930; x_wconf 87' lang='lat' dir='ltr'>et</span> <span class='ocrx_word' id='word_1_348' title='bbox 1454 900 1571 930; x_wconf 86' lang='lat' dir='ltr'>modum</span> <span class='ocrx_word' id='word_1_349' title='bbox 1594 910 1661 930; x_wconf 89' lang='lat' dir='ltr'>cum</span> <span class='ocrx_word' id='word_1_350' title='bbox 1684 901 1780 931; x_wconf 86' lang='lat' dir='ltr'>fructu</span> <span class='ocrx_word' id='word_1_351' title='bbox 1803 910 1852 931; x_wconf 91' lang='lat' dir='ltr'>eos</span> <span class='ocrx_word' id='word_1_352' title='bbox 1873 901 2000 940; x_wconf 85' lang='lat' dir='ltr'>legendi.</span> 
     </span>
    </p>

    <p class='ocr_par' dir='ltr' id='par_1_17' title="bbox 1261 948 2004 1816">
     <span class='ocr_line' id='line_1_72' title="bbox 1305 948 2002 980; baseline 0.003 -2"><span class='ocrx_word' id='word_1_353' title='bbox 1305 957 1342 978; x_wconf 80' lang='lat' dir='ltr'>vl.</span> <span class='ocrx_word' id='word_1_354' title='bbox 1368 948 1549 979; x_wconf 73' lang='lat' dir='ltr'>peculiarem</span> <span class='ocrx_word' id='word_1_355' title='bbox 1577 959 1676 979; x_wconf 87' lang='lat' dir='ltr'>curam</span> <span class='ocrx_word' id='word_1_356' title='bbox 1704 949 1810 979; x_wconf 85' lang='lat' dir='ltr'>habeat</span> <span class='ocrx_word' id='word_1_357' title='bbox 1832 950 2002 980; x_wconf 86' lang='lat' dir='ltr'>consolandi</span> 
     </span>
     <span class='ocr_line' id='line_1_73' title="bbox 1263 997 2002 1038; baseline 0.003 -12"><span class='ocrx_word' id='word_1_358' title='bbox 1263 997 1399 1036; x_wconf 78' lang='lat' dir='ltr'>afflictos,</span> <span class='ocrx_word' id='word_1_359' title='bbox 1416 1002 1443 1028; x_wconf 93' lang='lat' dir='ltr'>et</span> <span class='ocrx_word' id='word_1_360' title='bbox 1460 998 1571 1037; x_wconf 89' lang='lat' dir='ltr'>tepidos</span> <span class='ocrx_word' id='word_1_361' title='bbox 1593 998 1781 1034; x_wconf 75' lang='lat' dir='ltr'>exhortandi,</span> <span class='ocrx_word' id='word_1_362' title='bbox 1801 999 1929 1028; x_wconf 82' lang='lat' dir='ltr'>remedia</span> <span class='ocrx_word' id='word_1_363' title='bbox 1948 1008 2002 1038; x_wconf 89' lang='lat' dir='ltr'>pro</span> 
     </span>
     <span class='ocr_line' id='line_1_74' title="bbox 1263 1045 2000 1086; baseline 0.003 -12"><span class='ocrx_word' id='word_1_364' title='bbox 1263 1045 1406 1084; x_wconf 89' lang='lat' dir='ltr'>cuiusque</span> <span class='ocrx_word' id='word_1_365' title='bbox 1423 1046 1598 1076; x_wconf 82' lang='lat' dir='ltr'>necessitate</span> <span class='ocrx_word' id='word_1_366' title='bbox 1614 1046 1790 1083; x_wconf 87' lang='lat' dir='ltr'>adhibendo,</span> <span class='ocrx_word' id='word_1_367' title='bbox 1808 1046 1905 1086; x_wconf 87' lang='lat' dir='ltr'>qualia</span> <span class='ocrx_word' id='word_1_368' title='bbox 1921 1051 2000 1077; x_wconf 88' lang='lat' dir='ltr'>sunt:</span> 
     </span>
     <span class='ocr_line' id='line_1_75' title="bbox 1263 1093 2004 1132; baseline 0.004 -10"><span class='ocrx_word' id='word_1_369' title='bbox 1263 1093 1445 1132; x_wconf 79' lang='lat' dir='ltr'>frequentius</span> <span class='ocrx_word' id='word_1_370' title='bbox 1467 1094 1664 1125; x_wconf 82' lang='lat' dir='ltr'>Consessionis</span> <span class='ocrx_word' id='word_1_371' title='bbox 1686 1099 1714 1125; x_wconf 89' lang='lat' dir='ltr'>et</span> <span class='ocrx_word' id='word_1_372' title='bbox 1735 1095 1936 1125; x_wconf 86' lang='lat' dir='ltr'>Eucharistiae</span> <span class='ocrx_word' id='word_1_373' title='bbox 1959 1105 2004 1125; x_wconf 91' lang='lat' dir='ltr'>sa-</span> 
     </span>
     <span class='ocr_line' id='line_1_76' title="bbox 1263 1142 2004 1183; baseline 0.004 -13"><span class='ocrx_word' id='word_1_374' title='bbox 1263 1146 1410 1172; x_wconf 88' lang='lat' dir='ltr'>cramenta</span> <span class='ocrx_word' id='word_1_375' title='bbox 1435 1142 1529 1181; x_wconf 84' lang='lat' dir='ltr'>obire,</span> <span class='ocrx_word' id='word_1_376' title='bbox 1553 1143 1619 1182; x_wconf 88' lang='lat' dir='ltr'>plns</span> <span class='ocrx_word' id='word_1_377' title='bbox 1642 1144 1781 1183; x_wconf 89' lang='lat' dir='ltr'>temporis</span> <span class='ocrx_word' id='word_1_378' title='bbox 1804 1143 1930 1173; x_wconf 88' lang='lat' dir='ltr'>orationi</span> <span class='ocrx_word' id='word_1_379' title='bbox 1950 1144 2004 1174; x_wconf 88' lang='lat' dir='ltr'>im-</span> 
     </span>
     <span class='ocr_line' id='line_1_77' title="bbox 1264 1189 2000 1230; baseline 0.005 -12"><span class='ocrx_word' id='word_1_380' title='bbox 1264 1189 1402 1228; x_wconf 86' lang='lat' dir='ltr'>pendere,</span> <span class='ocrx_word' id='word_1_381' title='bbox 1420 1190 1484 1230; x_wconf 89' lang='lat' dir='ltr'>plus</span> <span class='ocrx_word' id='word_1_382' title='bbox 1500 1191 1610 1230; x_wconf 90' lang='lat' dir='ltr'>aliquid</span> <span class='ocrx_word' id='word_1_383' title='bbox 1628 1192 1826 1230; x_wconf 88' lang='lat' dir='ltr'>poenitentiae</span> <span class='ocrx_word' id='word_1_384' title='bbox 1841 1201 2000 1229; x_wconf 87' lang='lat' dir='ltr'>assumere,</span> 
     </span>
     <span class='ocr_line' id='line_1_78' title="bbox 1263 1237 2000 1279; baseline 0.004 -11"><span class='ocrx_word' id='word_1_385' title='bbox 1263 1237 1354 1268; x_wconf 90' lang='lat' dir='ltr'>libros</span> <span class='ocrx_word' id='word_1_386' title='bbox 1376 1239 1490 1279; x_wconf 87' lang='lat' dir='ltr'>aliquos</span> <span class='ocrx_word' id='word_1_387' title='bbox 1513 1239 1681 1279; x_wconf 87' lang='lat' dir='ltr'>spirituales</span> <span class='ocrx_word' id='word_1_388' title='bbox 1704 1240 1812 1279; x_wconf 85' lang='lat' dir='ltr'>legere,</span> <span class='ocrx_word' id='word_1_389' title='bbox 1832 1244 1860 1271; x_wconf 88' lang='lat' dir='ltr'>et</span> <span class='ocrx_word' id='word_1_390' title='bbox 1882 1241 2000 1271; x_wconf 86' lang='lat' dir='ltr'>similia.</span> 
     </span>
     <span class='ocr_line' id='line_1_79' title="bbox 1263 1287 2004 1326; baseline 0.005 -10"><span class='ocrx_word' id='word_1_391' title='bbox 1263 1287 1455 1326; x_wconf 86' lang='lat' dir='ltr'>Praecipuam</span> <span class='ocrx_word' id='word_1_392' title='bbox 1478 1297 1547 1318; x_wconf 89' lang='lat' dir='ltr'>vero</span> <span class='ocrx_word' id='word_1_393' title='bbox 1569 1297 1669 1318; x_wconf 90' lang='lat' dir='ltr'>curam</span> <span class='ocrx_word' id='word_1_394' title='bbox 1686 1289 1825 1319; x_wconf 89' lang='lat' dir='ltr'>adhibeat</span> <span class='ocrx_word' id='word_1_395' title='bbox 1841 1289 1919 1320; x_wconf 89' lang='lat' dir='ltr'>circa</span> <span class='ocrx_word' id='word_1_396' title='bbox 1941 1299 2004 1320; x_wconf 92' lang='lat' dir='ltr'>mo-</span> 
     </span>
     <span class='ocr_line' id='line_1_80' title="bbox 1263 1336 2003 1377; baseline 0.005 -12"><span class='ocrx_word' id='word_1_397' title='bbox 1263 1336 1371 1367; x_wconf 88' lang='lat' dir='ltr'>nachos</span> <span class='ocrx_word' id='word_1_398' title='bbox 1387 1336 1488 1374; x_wconf 86' lang='lat' dir='ltr'>laicos,</span> <span class='ocrx_word' id='word_1_399' title='bbox 1508 1346 1599 1367; x_wconf 90' lang='lat' dir='ltr'>novos</span> <span class='ocrx_word' id='word_1_400' title='bbox 1615 1338 1787 1377; x_wconf 88' lang='lat' dir='ltr'>praesertim</span> <span class='ocrx_word' id='word_1_401' title='bbox 1810 1342 1838 1368; x_wconf 87' lang='lat' dir='ltr'>et</span> <span class='ocrx_word' id='word_1_402' title='bbox 1859 1338 2003 1369; x_wconf 83' lang='lat' dir='ltr'>infirmio-</span> 
     </span>
     <span class='ocr_line' id='line_1_81' title="bbox 1262 1386 2001 1426; baseline 0.004 -11"><span class='ocrx_word' id='word_1_403' title='bbox 1262 1395 1321 1424; x_wconf 89' lang='lat' dir='ltr'>res,</span> <span class='ocrx_word' id='word_1_404' title='bbox 1340 1391 1371 1416; x_wconf 89' lang='lat' dir='ltr'>ut</span> <span class='ocrx_word' id='word_1_405' title='bbox 1388 1386 1479 1426; x_wconf 87' lang='lat' dir='ltr'>quieti</span> <span class='ocrx_word' id='word_1_406' title='bbox 1496 1387 1554 1417; x_wconf 90' lang='lat' dir='ltr'>sint</span> <span class='ocrx_word' id='word_1_407' title='bbox 1570 1391 1598 1417; x_wconf 89' lang='lat' dir='ltr'>et</span> <span class='ocrx_word' id='word_1_408' title='bbox 1615 1392 1692 1417; x_wconf 89' lang='lat' dir='ltr'>sorte</span> <span class='ocrx_word' id='word_1_409' title='bbox 1710 1388 1839 1417; x_wconf 85' lang='lat' dir='ltr'>Marthae</span> <span class='ocrx_word' id='word_1_410' title='bbox 1854 1388 2001 1424; x_wconf 89' lang='lat' dir='ltr'>contenti,</span> 
     </span>
     <span class='ocr_line' id='line_1_82' title="bbox 1262 1435 2002 1476; baseline 0.003 -12"><span class='ocrx_word' id='word_1_411' title='bbox 1262 1435 1428 1474; x_wconf 79' lang='lat' dir='ltr'>dirigatque</span> <span class='ocrx_word' id='word_1_412' title='bbox 1450 1445 1499 1465; x_wconf 87' lang='lat' dir='ltr'>eos</span> <span class='ocrx_word' id='word_1_413' title='bbox 1523 1435 1572 1465; x_wconf 92' lang='lat' dir='ltr'>ubi</span> <span class='ocrx_word' id='word_1_414' title='bbox 1595 1445 1667 1476; x_wconf 89' lang='lat' dir='ltr'>opus</span> <span class='ocrx_word' id='word_1_415' title='bbox 1690 1436 1789 1466; x_wconf 84' lang='lat' dir='ltr'>fuerit.</span> <span class='ocrx_word' id='word_1_416' title='bbox 1810 1437 1931 1466; x_wconf 85' lang='lat' dir='ltr'>Praeter</span> <span class='ocrx_word' id='word_1_417' title='bbox 1952 1446 2002 1467; x_wconf 90' lang='lat' dir='ltr'>eos</span> 
     </span>
     <span class='ocr_line' id='line_1_83' title="bbox 1263 1484 2001 1527; baseline 0.003 -15"><span class='ocrx_word' id='word_1_418' title='bbox 1263 1493 1342 1522; x_wconf 87' lang='lat' dir='ltr'>vero,</span> <span class='ocrx_word' id='word_1_419' title='bbox 1360 1494 1433 1523; x_wconf 90' lang='lat' dir='ltr'>quos</span> <span class='ocrx_word' id='word_1_420' title='bbox 1448 1484 1518 1514; x_wconf 88' lang='lat' dir='ltr'>satis</span> <span class='ocrx_word' id='word_1_421' title='bbox 1537 1484 1695 1515; x_wconf 88' lang='lat' dir='ltr'>instructos</span> <span class='ocrx_word' id='word_1_422' title='bbox 1711 1485 1800 1515; x_wconf 86' lang='lat' dir='ltr'>abbas</span> <span class='ocrx_word' id='word_1_423' title='bbox 1817 1485 2001 1527; x_wconf 77' lang='lat' dir='ltr'>iudicaverit,</span> 
     </span>
     <span class='ocr_line' id='line_1_84' title="bbox 1262 1533 2002 1572; baseline 0.003 -11"><span class='ocrx_word' id='word_1_424' title='bbox 1262 1541 1327 1561; x_wconf 88' lang='lat' dir='ltr'>cum</span> <span class='ocrx_word' id='word_1_425' title='bbox 1347 1541 1523 1572; x_wconf 88' lang='lat' dir='ltr'>unoquoque</span> <span class='ocrx_word' id='word_1_426' title='bbox 1540 1542 1624 1571; x_wconf 85' lang='lat' dir='ltr'>agere</span> <span class='ocrx_word' id='word_1_427' title='bbox 1647 1533 1682 1563; x_wconf 90' lang='lat' dir='ltr'>de</span> <span class='ocrx_word' id='word_1_428' title='bbox 1705 1533 1750 1563; x_wconf 91' lang='lat' dir='ltr'>his</span> <span class='ocrx_word' id='word_1_429' title='bbox 1772 1533 1849 1563; x_wconf 89' lang='lat' dir='ltr'>ultra</span> <span class='ocrx_word' id='word_1_430' title='bbox 1872 1543 2002 1564; x_wconf 85' lang='lat' dir='ltr'>mensem</span> 
     </span>
     <span class='ocr_line' id='line_1_85' title="bbox 1262 1581 2002 1622; baseline 0.004 -12"><span class='ocrx_word' id='word_1_431' title='bbox 1262 1590 1320 1610; x_wconf 89' lang='lat' dir='ltr'>non</span> <span class='ocrx_word' id='word_1_432' title='bbox 1354 1581 1478 1611; x_wconf 79' lang='lat' dir='ltr'>differat.</span> <span class='ocrx_word' id='word_1_433' title='bbox 1502 1581 1593 1620; x_wconf 87' lang='lat' dir='ltr'>Saepe</span> <span class='ocrx_word' id='word_1_434' title='bbox 1615 1591 1683 1612; x_wconf 87' lang='lat' dir='ltr'>vero</span> <span class='ocrx_word' id='word_1_435' title='bbox 1705 1582 1891 1620; x_wconf 86' lang='lat' dir='ltr'>consideret,</span> <span class='ocrx_word' id='word_1_436' title='bbox 1915 1592 2002 1622; x_wconf 90' lang='lat' dir='ltr'>quem</span> 
     </span>
     <span class='ocr_line' id='line_1_86' title="bbox 1261 1630 2003 1670; baseline 0.004 -11"><span class='ocrx_word' id='word_1_437' title='bbox 1261 1630 1389 1660; x_wconf 77' lang='lat' dir='ltr'>fructum</span> <span class='ocrx_word' id='word_1_438' title='bbox 1424 1630 1566 1660; x_wconf 88' lang='lat' dir='ltr'>bonorum</span> <span class='ocrx_word' id='word_1_439' title='bbox 1599 1640 1718 1670; x_wconf 90' lang='lat' dir='ltr'>operum</span> <span class='ocrx_word' id='word_1_440' title='bbox 1752 1640 1789 1660; x_wconf 82' lang='lat' dir='ltr'>ex</span> <span class='ocrx_word' id='word_1_441' title='bbox 1821 1632 1952 1662; x_wconf 86' lang='lat' dir='ltr'>oratione</span> <span class='ocrx_word' id='word_1_442' title='bbox 1973 1636 2003 1662; x_wconf 89' lang='lat' dir='ltr'>et</span> 
     </span>
     <span class='ocr_line' id='line_1_87' title="bbox 1262 1679 2002 1720; baseline 0.004 -12"><span class='ocrx_word' id='word_1_443' title='bbox 1262 1679 1450 1709; x_wconf 88' lang='lat' dir='ltr'>meditatione</span> <span class='ocrx_word' id='word_1_444' title='bbox 1474 1684 1502 1709; x_wconf 91' lang='lat' dir='ltr'>et</span> <span class='ocrx_word' id='word_1_445' title='bbox 1525 1689 1559 1710; x_wconf 86' lang='lat' dir='ltr'>ex</span> <span class='ocrx_word' id='word_1_446' title='bbox 1581 1680 1704 1719; x_wconf 86' lang='lat' dir='ltr'>reliquis</span> <span class='ocrx_word' id='word_1_447' title='bbox 1727 1680 1815 1710; x_wconf 90' lang='lat' dir='ltr'>rebus</span> <span class='ocrx_word' id='word_1_448' title='bbox 1836 1680 2002 1720; x_wconf 87' lang='lat' dir='ltr'>spirituali-</span> 
     </span>
     <span class='ocr_line' id='line_1_88' title="bbox 1262 1727 2002 1767; baseline 0.003 -10"><span class='ocrx_word' id='word_1_449' title='bbox 1262 1727 1316 1757; x_wconf 90' lang='lat' dir='ltr'>bus</span> <span class='ocrx_word' id='word_1_450' title='bbox 1339 1727 1494 1766; x_wconf 83' lang='lat' dir='ltr'>colligant,</span> <span class='ocrx_word' id='word_1_451' title='bbox 1519 1732 1550 1758; x_wconf 89' lang='lat' dir='ltr'>ut</span> <span class='ocrx_word' id='word_1_452' title='bbox 1571 1727 1601 1758; x_wconf 93' lang='lat' dir='ltr'>in</span> <span class='ocrx_word' id='word_1_453' title='bbox 1624 1728 1686 1758; x_wconf 91' lang='lat' dir='ltr'>dies</span> <span class='ocrx_word' id='word_1_454' title='bbox 1714 1729 1806 1767; x_wconf 84' lang='lat' dir='ltr'>magis</span> <span class='ocrx_word' id='word_1_455' title='bbox 1828 1728 1857 1759; x_wconf 92' lang='lat' dir='ltr'>in</span> <span class='ocrx_word' id='word_1_456' title='bbox 1881 1729 2002 1760; x_wconf 89' lang='lat' dir='ltr'>Domino</span> 
     </span>
     <span class='ocr_line' id='line_1_89' title="bbox 1262 1776 1430 1816; baseline 0.006 -11"><span class='ocrx_word' id='word_1_457' title='bbox 1262 1776 1430 1816; x_wconf 85' lang='lat' dir='ltr'>proficiant.</span> 
     </span>
    </p>

    <p class='ocr_par' dir='ltr' id='par_1_18' title="bbox 1262 1824 2002 1953">
     <span class='ocr_line' id='line_1_90' title="bbox 1301 1824 2002 1863; baseline 0.004 -9"><span class='ocrx_word' id='word_1_458' title='bbox 1301 1834 1350 1855; x_wconf 90' lang='lat' dir='ltr'>vn.</span> <span class='ocrx_word' id='word_1_459' title='bbox 1375 1825 1407 1855; x_wconf 92' lang='lat' dir='ltr'>In</span> <span class='ocrx_word' id='word_1_460' title='bbox 1429 1825 1475 1855; x_wconf 90' lang='lat' dir='ltr'>his</span> <span class='ocrx_word' id='word_1_461' title='bbox 1497 1824 1633 1855; x_wconf 90' lang='lat' dir='ltr'>omnibus</span> <span class='ocrx_word' id='word_1_462' title='bbox 1656 1825 1763 1863; x_wconf 85' lang='lat' dir='ltr'>videat,</span> <span class='ocrx_word' id='word_1_463' title='bbox 1786 1835 1824 1856; x_wconf 88' lang='lat' dir='ltr'>ne</span> <span class='ocrx_word' id='word_1_464' title='bbox 1845 1826 1914 1857; x_wconf 88' lang='lat' dir='ltr'>ordo</span> <span class='ocrx_word' id='word_1_465' title='bbox 1936 1827 2002 1857; x_wconf 92' lang='lat' dir='ltr'>uni-</span> 
     </span>
     <span class='ocr_line' id='line_1_91' title="bbox 1262 1874 2002 1914; baseline 0.003 -10"><span class='ocrx_word' id='word_1_466' title='bbox 1262 1874 1369 1913; x_wconf 85' lang='lat' dir='ltr'>cuique</span> <span class='ocrx_word' id='word_1_467' title='bbox 1402 1874 1602 1914; x_wconf 88' lang='lat' dir='ltr'>praescriptus</span> <span class='ocrx_word' id='word_1_468' title='bbox 1633 1874 1820 1914; x_wconf 90' lang='lat' dir='ltr'>impediatur,</span> <span class='ocrx_word' id='word_1_469' title='bbox 1848 1875 1905 1906; x_wconf 89' lang='lat' dir='ltr'>nisi</span> <span class='ocrx_word' id='word_1_470' title='bbox 1934 1885 2002 1906; x_wconf 89' lang='lat' dir='ltr'>cum</span> 
     </span>
     <span class='ocr_line' id='line_1_92' title="bbox 1262 1921 1666 1953; baseline 0 -1"><span class='ocrx_word' id='word_1_471' title='bbox 1262 1921 1352 1952; x_wconf 88' lang='lat' dir='ltr'>abbas</span> <span class='ocrx_word' id='word_1_472' title='bbox 1374 1923 1460 1952; x_wconf 85' lang='lat' dir='ltr'>aliter</span> <span class='ocrx_word' id='word_1_473' title='bbox 1481 1922 1666 1953; x_wconf 87' lang='lat' dir='ltr'>iudicaverit.</span> 
     </span>
    </p>

    <p class='ocr_par' dir='ltr' id='par_1_19' title="bbox 1261 1971 2002 2207">
     <span class='ocr_line' id='line_1_93' title="bbox 1303 1971 2002 2013; baseline 0.004 -12"><span class='ocrx_word' id='word_1_474' title='bbox 1303 1981 1361 2002; x_wconf 84' lang='grc' dir='ltr'>νιιι.</span> <span class='ocrx_word' id='word_1_475' title='bbox 1382 1972 1485 2002; x_wconf 88' lang='lat' dir='ltr'>Curam</span> <span class='ocrx_word' id='word_1_476' title='bbox 1510 1971 1614 2002; x_wconf 89' lang='lat' dir='ltr'>habeat</span> <span class='ocrx_word' id='word_1_477' title='bbox 1635 1972 1829 2010; x_wconf 89' lang='lat' dir='ltr'>novitiorum,</span> <span class='ocrx_word' id='word_1_478' title='bbox 1853 1973 1876 2003; x_wconf 90' lang='lat' dir='ltr'>si</span> <span class='ocrx_word' id='word_1_479' title='bbox 1900 1973 1949 2013; x_wconf 88' lang='lat' dir='ltr'>qui</span> <span class='ocrx_word' id='word_1_480' title='bbox 1971 1974 2002 2004; x_wconf 91' lang='lat' dir='ltr'>in</span> 
     </span>
     <span class='ocr_line' id='line_1_94' title="bbox 1263 2021 2002 2061; baseline 0.003 -10"><span class='ocrx_word' id='word_1_481' title='bbox 1263 2021 1439 2051; x_wconf 88' lang='lat' dir='ltr'>monasterio</span> <span class='ocrx_word' id='word_1_482' title='bbox 1462 2022 1587 2061; x_wconf 82' lang='lat' dir='ltr'>fuerint,</span> <span class='ocrx_word' id='word_1_483' title='bbox 1611 2022 1668 2051; x_wconf 91' lang='lat' dir='ltr'>nisi</span> <span class='ocrx_word' id='word_1_484' title='bbox 1690 2021 1726 2052; x_wconf 88' lang='lat' dir='ltr'>ab</span> <span class='ocrx_word' id='word_1_485' title='bbox 1748 2021 1852 2052; x_wconf 87' lang='lat' dir='ltr'>abbate</span> <span class='ocrx_word' id='word_1_486' title='bbox 1884 2022 2002 2054; x_wconf 87' lang='lat' dir='ltr'>aliunde</span> 
     </span>
     <span class='ocr_line' id='line_1_95' title="bbox 1262 2070 2002 2110; baseline 0.003 -11"><span class='ocrx_word' id='word_1_487' title='bbox 1262 2073 1447 2110; x_wconf 89' lang='lat' dir='ltr'>prospectum</span> <span class='ocrx_word' id='word_1_488' title='bbox 1471 2070 1523 2107; x_wconf 83' lang='lat' dir='ltr'>sit3</span> <span class='ocrx_word' id='word_1_489' title='bbox 1548 2074 1576 2101; x_wconf 86' lang='lat' dir='ltr'>et</span> <span class='ocrx_word' id='word_1_490' title='bbox 1598 2079 1666 2109; x_wconf 81' lang='lat' dir='ltr'>erga</span> <span class='ocrx_word' id='word_1_491' title='bbox 1690 2080 1738 2100; x_wconf 90' lang='lat' dir='ltr'>eos</span> <span class='ocrx_word' id='word_1_492' title='bbox 1760 2071 1917 2102; x_wconf 89' lang='lat' dir='ltr'>observare</span> <span class='ocrx_word' id='word_1_493' title='bbox 1940 2075 2002 2102; x_wconf 86' lang='lat' dir='ltr'>stu-</span> 
     </span>
     <span class='ocr_line' id='line_1_96' title="bbox 1261 2119 2000 2158; baseline 0.005 -10"><span class='ocrx_word' id='word_1_494' title='bbox 1261 2119 1326 2149; x_wconf 88' lang='lat' dir='ltr'>deat</span> <span class='ocrx_word' id='word_1_495' title='bbox 1341 2129 1414 2158; x_wconf 89' lang='lat' dir='ltr'>quae</span> <span class='ocrx_word' id='word_1_496' title='bbox 1430 2119 1510 2149; x_wconf 82' lang='lat' dir='ltr'>iuxta</span> <span class='ocrx_word' id='word_1_497' title='bbox 1533 2120 1649 2158; x_wconf 82' lang='lat' dir='ltr'>regulas</span> <span class='ocrx_word' id='word_1_498' title='bbox 1673 2120 1806 2158; x_wconf 86' lang='lat' dir='ltr'>magistri</span> <span class='ocrx_word' id='word_1_499' title='bbox 1824 2121 2000 2152; x_wconf 89' lang='lat' dir='ltr'>novitiorum</span> 
     </span>
     <span class='ocr_line' id='line_1_97' title="bbox 1261 2167 1753 2207; baseline 0.002 -10"><span class='ocrx_word' id='word_1_500' title='bbox 1261 2167 1409 2197; x_wconf 86' lang='lat' dir='ltr'>observari</span> <span class='ocrx_word' id='word_1_501' title='bbox 1432 2168 1582 2197; x_wconf 89' lang='lat' dir='ltr'>commode</span> <span class='ocrx_word' id='word_1_502' title='bbox 1604 2172 1753 2207; x_wconf 86' lang='lat' dir='ltr'>poterunt.</span> 
     </span>
    </p>

    <p class='ocr_par' dir='ltr' id='par_1_20' title="bbox 1259 2216 2002 2442">
     <span class='ocr_line' id='line_1_98' title="bbox 1299 2216 1998 2257; baseline 0.004 -11"><span class='ocrx_word' id='word_1_503' title='bbox 1299 2226 1337 2246; x_wconf 78' lang='lat' dir='ltr'>rx.</span> <span class='ocrx_word' id='word_1_504' title='bbox 1359 2216 1560 2247; x_wconf 80' lang='lat' dir='ltr'>Confessiones</span> <span class='ocrx_word' id='word_1_505' title='bbox 1583 2218 1792 2248; x_wconf 86' lang='lat' dir='ltr'>monachorum</span> <span class='ocrx_word' id='word_1_506' title='bbox 1814 2219 1928 2256; x_wconf 89' lang='lat' dir='ltr'>audiet;</span> <span class='ocrx_word' id='word_1_507' title='bbox 1951 2223 1998 2257; x_wconf 90' lang='lat' dir='ltr'>et,</span> 
     </span>
     <span class='ocr_line' id='line_1_99' title="bbox 1260 2265 2002 2298; baseline 0.005 -4"><span class='ocrx_word' id='word_1_508' title='bbox 1260 2265 1284 2294; x_wconf 93' lang='lat' dir='ltr'>si</span> <span class='ocrx_word' id='word_1_509' title='bbox 1307 2265 1395 2294; x_wconf 88' lang='lat' dir='ltr'>abbas</span> <span class='ocrx_word' id='word_1_510' title='bbox 1418 2265 1593 2295; x_wconf 84' lang='lat' dir='ltr'>indicaverit</span> <span class='ocrx_word' id='word_1_511' title='bbox 1621 2266 1716 2296; x_wconf 90' lang='lat' dir='ltr'>eidem</span> <span class='ocrx_word' id='word_1_512' title='bbox 1745 2266 1835 2296; x_wconf 87' lang='lat' dir='ltr'>alium</span> <span class='ocrx_word' id='word_1_513' title='bbox 1866 2267 1910 2296; x_wconf 91' lang='lat' dir='ltr'>vel</span> <span class='ocrx_word' id='word_1_514' title='bbox 1929 2267 2002 2298; x_wconf 89' lang='lat' dir='ltr'>alios</span> 
     </span>
     <span class='ocr_line' id='line_1_100' title="bbox 1260 2314 1999 2355; baseline 0.003 -12"><span class='ocrx_word' id='word_1_515' title='bbox 1260 2314 1430 2352; x_wconf 85' lang='lat' dir='ltr'>adiungere,</span> <span class='ocrx_word' id='word_1_516' title='bbox 1449 2314 1568 2354; x_wconf 87' lang='lat' dir='ltr'>poterit,</span> <span class='ocrx_word' id='word_1_517' title='bbox 1592 2323 1651 2344; x_wconf 88' lang='lat' dir='ltr'>non</span> <span class='ocrx_word' id='word_1_518' title='bbox 1669 2319 1766 2344; x_wconf 87' lang='lat' dir='ltr'>autem</span> <span class='ocrx_word' id='word_1_519' title='bbox 1790 2315 1888 2354; x_wconf 86' lang='lat' dir='ltr'>plures</span> <span class='ocrx_word' id='word_1_520' title='bbox 1911 2325 1999 2355; x_wconf 89' lang='lat' dir='ltr'>quam</span> 
     </span>
     <span class='ocr_line' id='line_1_101' title="bbox 1259 2362 2001 2402; baseline 0.004 -11"><span class='ocrx_word' id='word_1_521' title='bbox 1259 2367 1394 2401; x_wconf 86' lang='lat' dir='ltr'>quatuor,</span> <span class='ocrx_word' id='word_1_522' title='bbox 1420 2367 1448 2392; x_wconf 90' lang='lat' dir='ltr'>et</span> <span class='ocrx_word' id='word_1_523' title='bbox 1470 2363 1588 2402; x_wconf 88' lang='lat' dir='ltr'>quidem</span> <span class='ocrx_word' id='word_1_524' title='bbox 1610 2362 1640 2392; x_wconf 92' lang='lat' dir='ltr'>in</span> <span class='ocrx_word' id='word_1_525' title='bbox 1668 2363 1916 2402; x_wconf 79' lang='lat' dir='ltr'>frequentioribus</span> <span class='ocrx_word' id='word_1_526' title='bbox 1939 2374 2001 2394; x_wconf 86' lang='lat' dir='ltr'>mo-</span> 
     </span>
     <span class='ocr_line' id='line_1_102' title="bbox 1260 2412 1543 2442; baseline -0.007 0"><span class='ocrx_word' id='word_1_527' title='bbox 1260 2412 1395 2442; x_wconf 88' lang='lat' dir='ltr'>nasteriis</span> <span class='ocrx_word' id='word_1_528' title='bbox 1418 2416 1543 2441; x_wconf 88' lang='lat' dir='ltr'>tantum.</span> 
     </span>
    </p>

    <p class='ocr_par' dir='ltr' id='par_1_21' title="bbox 1257 2459 1999 2646">
     <span class='ocr_line' id='line_1_103' title="bbox 1298 2459 1999 2491; baseline 0.001 -1"><span class='ocrx_word' id='word_1_529' title='bbox 1298 2470 1317 2490; x_wconf 93' lang='lat'>1.</span> <span class='ocrx_word' id='word_1_530' title='bbox 1343 2460 1509 2490; x_wconf 80' lang='lat' dir='ltr'>Praefectus</span> <span class='ocrx_word' id='word_1_531' title='bbox 1531 2460 1673 2490; x_wconf 82' lang='lat' dir='ltr'>ecclesiae</span> <span class='ocrx_word' id='word_1_532' title='bbox 1694 2459 1730 2490; x_wconf 94' lang='lat' dir='ltr'>ab</span> <span class='ocrx_word' id='word_1_533' title='bbox 1760 2460 1864 2490; x_wconf 87' lang='lat' dir='ltr'>abbate</span> <span class='ocrx_word' id='word_1_534' title='bbox 1893 2461 1999 2491; x_wconf 89' lang='lat' dir='ltr'>consti-</span> 
     </span>
     <span class='ocr_line' id='line_1_104' title="bbox 1259 2508 1999 2546; baseline 0.003 -8"><span class='ocrx_word' id='word_1_535' title='bbox 1259 2509 1351 2539; x_wconf 90' lang='lat' dir='ltr'>tuitur</span> <span class='ocrx_word' id='word_1_536' title='bbox 1368 2532 1375 2546; x_wconf 97' lang='lat'>,</span> <span class='ocrx_word' id='word_1_537' title='bbox 1408 2509 1492 2539; x_wconf 89' lang='lat' dir='ltr'>cuius</span> <span class='ocrx_word' id='word_1_538' title='bbox 1514 2508 1642 2538; x_wconf 82' lang='lat' dir='ltr'>osticium</span> <span class='ocrx_word' id='word_1_539' title='bbox 1667 2513 1710 2538; x_wconf 92' lang='lat' dir='ltr'>est</span> <span class='ocrx_word' id='word_1_540' title='bbox 1731 2518 1777 2539; x_wconf 90' lang='lat' dir='ltr'>res</span> <span class='ocrx_word' id='word_1_541' title='bbox 1799 2509 1939 2539; x_wconf 88' lang='lat' dir='ltr'>ecclesiae</span> <span class='ocrx_word' id='word_1_542' title='bbox 1971 2514 1999 2540; x_wconf 92' lang='lat' dir='ltr'>et</span> 
     </span>
     <span class='ocr_line' id='line_1_105' title="bbox 1258 2558 1997 2597; baseline 0 -9"><span class='ocrx_word' id='word_1_543' title='bbox 1258 2558 1339 2588; x_wconf 88' lang='lat' dir='ltr'>chori</span> <span class='ocrx_word' id='word_1_544' title='bbox 1362 2558 1528 2597; x_wconf 89' lang='lat' dir='ltr'>custodire,</span> <span class='ocrx_word' id='word_1_545' title='bbox 1553 2562 1580 2588; x_wconf 91' lang='lat' dir='ltr'>et</span> <span class='ocrx_word' id='word_1_546' title='bbox 1602 2567 1704 2588; x_wconf 85' lang='lat' dir='ltr'>curare</span> <span class='ocrx_word' id='word_1_547' title='bbox 1727 2562 1759 2588; x_wconf 92' lang='lat' dir='ltr'>ut</span> <span class='ocrx_word' id='word_1_548' title='bbox 1781 2558 1879 2588; x_wconf 88' lang='lat' dir='ltr'>divina</span> <span class='ocrx_word' id='word_1_549' title='bbox 1902 2558 1997 2589; x_wconf 84' lang='lat' dir='ltr'>officia</span> 
     </span>
     <span class='ocr_line' id='line_1_106' title="bbox 1257 2606 1900 2646; baseline 0.002 -10"><span class='ocrx_word' id='word_1_550' title='bbox 1257 2615 1310 2637; x_wconf 91' lang='lat' dir='ltr'>suo</span> <span class='ocrx_word' id='word_1_551' title='bbox 1333 2611 1463 2646; x_wconf 89' lang='lat' dir='ltr'>tempore</span> <span class='ocrx_word' id='word_1_552' title='bbox 1486 2606 1623 2637; x_wconf 87' lang='lat' dir='ltr'>decenter</span> <span class='ocrx_word' id='word_1_553' title='bbox 1645 2616 1678 2637; x_wconf 90' lang='lat' dir='ltr'>ac</span> <span class='ocrx_word' id='word_1_554' title='bbox 1700 2606 1797 2637; x_wconf 85' lang='lat' dir='ltr'>debite</span> <span class='ocrx_word' id='word_1_555' title='bbox 1820 2606 1900 2637; x_wconf 86' lang='lat' dir='ltr'>fiant.</span> 
     </span>
    </p>
   </div>
   <div class='ocr_carea' id='block_1_9' title="bbox 2005 222 2194 252">
    <p class='ocr_par' dir='ltr' id='par_1_22' title="bbox 2005 222 2194 252">
     <span class='ocr_line' id='line_1_107' title="bbox 2005 222 2194 252; baseline 0.021 -4"><span class='ocrx_word' id='word_1_556' title='bbox 2005 222 2058 249; x_wconf 75' lang='lat' dir='ltr'>An.</span> <span class='ocrx_word' id='word_1_557' title='bbox 2074 223 2103 250; x_wconf 87' lang='lat' dir='ltr'>C.</span> <span class='ocrx_word' id='word_1_558' title='bbox 2129 223 2194 252; x_wconf 70' lang='lat'>¹7⁴0</span> 
     </span>
    </p>
   </div>
   <div class='ocr_carea' id='block_1_10' title="bbox 2010 2474 2186 2549">
    <p class='ocr_par' dir='ltr' id='par_1_23' title="bbox 2010 2474 2186 2549">
     <span class='ocr_line' id='line_1_108' title="bbox 2048 2474 2153 2495; baseline 0 0"><span class='ocrx_word' id='word_1_559' title='bbox 2048 2474 2096 2495; x_wconf 64' lang='lat' dir='ltr'>Cn.</span> <span class='ocrx_word' id='word_1_560' title='bbox 2113 2474 2153 2495; x_wconf 81' lang='grc' dir='ltr'><strong>ΧΙΙ.</strong></span> 
     </span>
     <span class='ocr_line' id='line_1_109' title="bbox 2038 2500 2186 2526; baseline 0.007 -6"><span class='ocrx_word' id='word_1_561' title='bbox 2038 2501 2065 2521; x_wconf 78' lang='lat' dir='ltr'>De</span> <span class='ocrx_word' id='word_1_562' title='bbox 2083 2500 2186 2526; x_wconf 68' lang='lat' dir='ltr'>praetacto</span> 
     </span>
     <span class='ocr_line' id='line_1_110' title="bbox 2010 2528 2121 2549; baseline 0.018 -2"><span class='ocrx_word' id='word_1_563' title='bbox 2010 2528 2121 2549; x_wconf 69' lang='lat' dir='ltr'>ecclcsiae.</span> 
     </span>
    </p>
   </div>
  </div>
 </body>
</html>
