2232 3178
265 212 363 238 mc,
386 211 453 239 ¹738
501 202 566 237 384

264 275 322 294 mem
354 271 553 294 uberali-suum
578 261 666 295 bulla
685 261 780 293 aurea
797 260 966 300 bullatum,
985 259 1016 292 in
1038 270 1101 303 quo
1124 269 1199 302 pro-

264 300 530 357 Lffiffidfslwo-prio
554 315 734 347 iuramento
768 314 908 345 fateatur
933 318 964 345 et
988 318 1199 355 recognoscat

458 377 608 410 expresse
630 376 765 407 regnum
787 365 913 399 Siciliae
932 370 963 398 et
982 365 1196 403 Hierusalem,

458 430 494 452 ac
519 424 615 452 totam
643 424 761 452 terram
786 428 898 451 eorum
936 428 1019 461 quae
1045 423 1094 450 est
1118 418 1199 450 citra

460 473 597 505 Pharum
639 483 742 514 usque
779 472 818 504 ad
855 471 997 504 confinia
1037 477 1196 504 terrarum

457 525 557 568 ipsius
583 524 746 557 Ecclesiae
772 524 955 563 Romanae,
982 524 1127 566 exceptis
1153 523 1198 556 ei-

456 577 552 610 vitate
590 577 818 610 Beneventana
844 581 874 610 et
898 578 970 610 loco
996 576 1196 609 Pontiscurvi

457 641 530 663 cum
548 629 634 663 illius
654 630 836 670 territoriis,
860 630 1060 663 districtibus
1078 634 1109 662 et
1126 639 1196 672 per-

458 683 623 722 tinentiis,
650 693 732 726 quae
762 683 867 715 eidem
901 682 1063 715 Ecclesiae
1088 692 1193 714 rema-

458 741 577 776 neant,
602 736 772 779 praedicto
808 736 921 769 Carolo
957 735 1026 778 regi
1063 735 1195 778 suisque

458 788 656 822 haeredibus
678 794 709 822 et
734 788 977 822 successoribus
1003 788 1077 821 dicti
1104 788 1194 830 regni

456 841 583 874 Siciliae
608 841 739 884 regibus
765 852 801 874 ex
827 843 897 875 sola
921 841 1025 883 gratia
1050 846 1082 874 et
1107 843 1197 873 mera

457 894 654 928 liberalitate
678 894 772 928 Sedis
797 894 1003 938 Apostolicae
1030 899 1061 927 et
1087 895 1196 926 nostra

457 947 556 980 fuisse
581 957 746 988 concessa,
763 957 884 990 eosque
910 947 1074 990 recepisse
1101 952 1133 979 et
1154 951 1197 979 te-

457 1010 536 1033 nere
562 1010 698 1042 regnum
724 999 849 1033 Siciliae
883 1004 914 1032 et
939 1004 1059 1032 terram
1087 999 1197 1032 liuius-

457 1053 545 1087 modi
572 1064 589 1086 a
614 1053 706 1086 nobis
726 1058 757 1086 et
779 1053 862 1086 dicia
886 1052 1030 1086 Romana
1054 1052 1196 1085 Ecclesia

458 1106 518 1139 sub
543 1106 666 1149 pactis,
693 1106 796 1139 modis
822 1110 853 1138 et
877 1104 1121 1138 conditionibus
1146 1114 1196 1136 su-

455 1159 631 1203 pradictis,
661 1159 755 1192 nobis
785 1169 840 1192 seu
869 1159 1016 1191 Romano
1049 1157 1194 1191 Pontifici

456 1223 515 1257 pro
542 1218 689 1256 tempore
723 1212 872 1246 existenti
910 1212 986 1245 dare
1011 1215 1043 1244 et
1069 1211 1194 1244 tradere

458 1270 620 1299 teneatur.

501 1319 516 1362 ἓ
541 1318 592 1352 12.
622 1318 684 1351 Per
716 1318 892 1362 praemissa
925 1323 1032 1351 autem
1064 1327 1129 1350 non
1150 1317 1196 1349 in-

458 1371 621 1405 tendimus
647 1371 771 1404 iuribus
796 1371 1056 1415 quibuscumque
1081 1370 1113 1403 in
1139 1369 1196 1403 ali-

457 1435 521 1468 quo
547 1424 783 1467 praeiudicare.

263 1484 446 1531 caf'ffldmm'*
501 1478 516 1522 ἓ
540 1477 591 1511 13.
617 1478 761 1518 Demum‚
780 1483 814 1510 ut
834 1477 919 1510 idem
938 1476 1068 1510 Carolus
1087 1486 1139 1509 rex
1158 1486 1195 1509 eo

263 1543 339 1584 3¹52ss
354 1517 445 1585 ffiffiss‘ssi
457 1530 560 1573 magis
586 1530 625 1563 ad
651 1530 799 1563 sincerae
835 1530 921 1564 illius
958 1540 1055 1573 quam
1079 1530 1112 1562 in
1137 1539 1195 1561 nos

420 1580 424 1584 ’
459 1589 492 1617 et
516 1584 601 1617 hanc
625 1583 774 1617 Sanctam
799 1583 914 1616 Sedem
948 1583 1119 1626 profitetur
1145 1583 1197 1615 de-

457 1637 596 1670 votionis
622 1642 654 1669 et
688 1636 914 1669 observantiae
951 1636 1060 1669 debita
1095 1646 1192 1677 argu-

457 1695 567 1723 menta
591 1690 685 1723 nobis
711 1695 742 1723 et
766 1690 871 1723 eidem
903 1689 978 1723 Sedi
1011 1689 1195 1723 exhibenda

458 1745 628 1784 excitetur,
654 1754 718 1787 quo
742 1754 801 1776 nos
828 1748 859 1776 et
883 1743 1028 1776 Romana
1052 1741 1197 1775 Ecclesia

457 1796 489 1829 in
508 1807 579 1830 eum
601 1797 837 1840 propensiores
863 1801 894 1829 et
917 1794 1196 1828 munificentiores

456 1849 629 1890 invenerit,
655 1850 789 1882 scientia
813 1855 843 1882 et
867 1848 1035 1892 potestatis
1059 1847 1196 1892 plenitu-

457 1902 533 1935 dine
558 1903 699 1946 paribus,
718 1902 778 1946 ipsi
799 1902 913 1936 Carclo
937 1902 1007 1944 regi
1033 1910 1146 1935 omnes
1165 1906 1196 1933 et

457 1955 602 1998 singulos
620 1965 737 1989 census
757 1955 885 1988 ratione
908 1954 1083 1998 supradicti
1103 1954 1193 1997 regni

456 2009 614 2042 hactenus
639 2009 813 2049 decursos,
839 2015 871 2042 et
896 2019 960 2042 non
985 2009 1131 2048 solutos,
1157 2018 1193 2040 ex

456 2061 590 2105 speciali
617 2062 704 2095 dono
739 2062 860 2104 gratiae
884 2061 1062 2095 liberaliter
1086 2060 1195 2094 remit-

458 2115 554 2148 timus
579 2119 612 2147 et
634 2115 868 2154 condonamus,
882 2115 1053 2158 ipsumque
1071 2115 1110 2147 de
1131 2114 1194 2147 illis

456 2168 664 2207 absolvimus,
686 2167 865 2211 quictamus
892 2174 923 2201 et
948 2167 1094 2210 plenarie
1113 2167 1194 2200 libe-

457 2231 574 2261 ramus,
601 2226 632 2253 et
657 2231 693 2253 ex
720 2222 816 2253 causa
849 2221 1007 2253 dictorum
1040 2230 1193 2254 censuum

456 2274 625 2317 hucusque
640 2274 850 2306 decursorum
869 2283 886 2305 a
907 2284 1111 2317 quocumque
1125 2274 1194 2306 nul-

455 2327 583 2360 latenus
621 2326 790 2359 molestari
829 2336 924 2369 posse
961 2326 1191 2366 decernimus,

457 2379 636 2413 dummodo
652 2384 757 2412 tamen
776 2380 808 2412 in
823 2379 970 2422 proximo
990 2380 1070 2413 sesto
1089 2380 1120 2414 S.
1138 2380 1194 2413 Pe-

456 2433 519 2474 tri,
546 2437 577 2465 et
603 2432 649 2465 sic
684 2432 885 2473 successive,
911 2433 1077 2476 perpetuis
1102 2434 1190 2466 sutu-

455 2486 499 2520 ris
525 2486 741 2530 temporibus,
767 2486 903 2529 singulis
929 2486 1021 2519 annis
1047 2486 1117 2530 ipse
1138 2487 1194 2520 Ca-

455 2540 544 2573 rolus
570 2549 645 2579 rex,
671 2539 806 2583 eiusque
831 2539 989 2573 haeredes
1015 2545 1047 2573 et
1069 2550 1194 2574 succes-

457 2603 558 2635 sores,
573 2593 693 2637 aliique
712 2593 824 2635 vocati,
839 2593 1042 2637 praedictum
1059 2603 1191 2628 censum

276 1325 403 1355 Reservatfo
416 1326 446 1345 tn·

262 1358 316 1372 rium
347 1358 448 1378 quorum-

263 1384 363 1405 cumque.

1055 210 1234 235 BULLARIUM
1259 210 1414 236 ROMANUM

1984 212 2032 239 An.
2050 211 2078 239 C.
2102 211 2166 242 ¹73⁸
2194 210 2196 243 i

1241 258 1333 291 nohis
1361 264 1390 291 et
1416 259 1659 292 successoribus
1684 259 1802 293 nostris
1828 270 1899 293 cum
1926 270 1977 293 so-
2194 255 2210 276 Ὺ

1242 311 1304 344 litis
1330 311 1593 345 solemnitatibus
1628 312 1755 355 integre
1789 314 1977 356 persolvere

1240 365 1372 398 omnino
1398 365 1552 398 debeant.

1284 420 1298 461 ᾖ
1322 417 1372 450 lli..
1399 418 1514 451 Forma
1532 424 1638 452 autem
1660 419 1830 452 iuramenti
1855 429 1913 462 per
1935 419 1978 452 di·
2015 432 2092 463 Forma
2115 435 2169 456 im.

1240 475 1326 502 ctum
1342 471 1538 504 cardinalem
1553 472 1698 514 praestiti
1717 472 1787 504 talis
1803 477 1862 504 est:
1884 484 1896 503 <i
1911 471 1976 514 Ego
1988 462 2169 517 Teii'r'dissssigniii
2194 472 2195 513 Ῠ

1240 524 1393 556 Troianus
1431 524 1603 557 cardinalis
1629 525 1668 557 de
1695 524 1895 567 Acquaviva,
1920 534 1974 557 sc·
1988 514 2118 539 “qmwu'

1242 577 1401 609 reuissiuii
1439 578 1563 610 domini
1602 578 1704 611 Caroli
1745 577 1977 621 Hispaniarum

1240 630 1371 662 lusantis
1404 635 1436 663 et
1467 630 1521 663 Dei
1549 631 1650 673 gratia
1682 631 1767 673 regis
1792 631 1920 664 Siciliae
1945 636 1979 665 et

1240 682 1438 716 Hierusalem
1456 694 1529 716 cum
1551 686 1616 716 tota
1634 686 1717 717 terra
1735 683 1815 716 eitra
1835 683 1977 717 Pharum

1239 741 1433 778 procurator
1468 736 1504 768 ad
1543 737 1624 769 haec
1656 736 1763 769 omnia
1789 736 1978 779 specialiter

1240 789 1436 822 constitutus
1463 790 1595 833 speciali
1614 791 1765 823 mandato
1783 800 1841 833 per
1859 788 1978 822 dictum

1239 841 1387 874 Carolum
1412 852 1522 884 regem
1541 843 1600 875 sub
1619 842 1670 875 die
1696 852 1733 875 111
1758 841 1878 875 mensis
1903 841 1976 874 maii

1240 894 1397 927 currentis
1415 895 1490 927 anui
1507 895 1702 938 subscripto,
1721 895 1854 938 plenum
1871 894 1979 927 homa·

1239 946 1325 988 giam
1343 973 1350 986 ,
1378 947 1491 989 ligium
1524 951 1556 979 et
1579 947 1805 989 vassallagium
1842 945 1976 979 nomine

1240 999 1315 1032 dicti
1341 994 1446 1033 Carcli
1470 1000 1555 1042 regis
1579 1000 1760 1033 faciendum
1787 999 1877 1032 vobis
1901 998 1979 1031 bea-

1241 1051 1365 1085 tissimo
1404 1052 1537 1085 domino
1581 1057 1692 1085 nostro
1732 1051 1864 1084 domino
1900 1050 1975 1084 Cle-

1239 1105 1338 1138 menti
1366 1105 1419 1138 XII
1456 1110 1487 1138 et
1521 1105 1684 1138 Ecclesiae
1721 1104 1884 1137 Romanae
1917 1113 1977 1147 pro

1239 1169 1340 1201 regno
1378 1158 1504 1191 Siciliae
1542 1163 1573 1191 et
1608 1158 1812 1191 Hierusalem
1847 1167 1882 1190 ac
1913 1158 1979 1191 tota

1241 1214 1325 1245 terra
1351 1222 1432 1255 quae
1458 1216 1506 1245 est
1530 1211 1609 1244 citra
1644 1211 1783 1244 Pharum
1809 1221 1913 1254 usque
1938 1211 1978 1244 ad

1240 1265 1375 1298 confinia
1398 1270 1557 1298 terrarum
1578 1264 1678 1308 ipsius
1698 1263 1869 1305 Ecclesiae,
1888 1274 1979 1297 exce-

1240 1321 1293 1362 pta
1318 1319 1447 1352 civitate
1478 1319 1708 1352 Beneventana
1737 1323 1769 1351 et
1793 1322 1859 1351 toto
1885 1317 1979 1351 terri-

1241 1372 1322 1406 torio
1354 1378 1385 1405 et
1415 1372 1566 1405 omnibus
1600 1371 1799 1404 districtibus
1825 1376 1857 1404 et
1880 1371 1978 1414 perti-

1240 1426 1358 1459 nentiis
1371 1426 1546 1459 secundum
1563 1425 1712 1468 antiquos
1727 1423 1808 1457 fines
1824 1424 1978 1458 territorii

1240 1483 1271 1512 et
1295 1478 1565 1522 pertinentiarum
1598 1483 1629 1511 et
1653 1477 1816 1510 districtus
1840 1477 1976 1511 civitatis

1241 1531 1387 1564 eiusdem
1401 1541 1461 1575 per
1479 1531 1641 1564 Romanos
1659 1529 1830 1563 Pontifices
1862 1530 1977 1563 distin-

1240 1589 1317 1624 ctos,
1345 1589 1376 1617 et
1408 1584 1440 1616 in
1466 1589 1631 1627 posterum
1657 1583 1918 1626 distinguendos,
1943 1585 1976 1616 in

1240 1638 1347 1670 anima
1368 1637 1443 1670 dicti
1469 1637 1668 1669 serenissimi
1687 1636 1771 1678 regis
1787 1635 1976 1680 principalis

1241 1691 1302 1724 mei
1329 1690 1412 1730 iuro,
1438 1690 1525 1733 qnod
1551 1689 1638 1722 idem
1664 1688 1891 1722 serenissimus
1919 1689 1976 1723 do-

1240 1745 1346 1778 miuus
1371 1745 1502 1778 Carolus
1526 1745 1565 1789 ab
1592 1744 1651 1776 hac
1674 1743 1754 1776 hora
1774 1743 1807 1776 in
1832 1748 1927 1776 antea
1945 1743 1976 1776 fi-

1240 1799 1321 1832 delis
1347 1804 1378 1831 et
1402 1797 1556 1831 obediens
1576 1797 1636 1830 erit
1653 1797 1688 1830 B.
1707 1797 1815 1835 Petro,
1831 1801 1863 1830 et
1883 1795 1974 1830 vobis

1240 1852 1372 1885 domino
1390 1850 1546 1884 Clementi
1566 1850 1634 1890 XII,
1653 1849 1833 1892 vestrisque
1850 1860 1977 1883 succes-

1239 1905 1366 1938 soribus
1379 1903 1532 1937 Romanis
1542 1903 1751 1937 Pontificibus
1763 1903 1918 1936 canonice
1930 1903 1976 1937 in·

1239 1957 1412 1997 trantibus,
1430 1961 1624 1999 sanctaeque
1641 1955 1679 1988 R.
1698 1955 1732 1988 E.
1749 1955 1973 1999 Apostolicae;

1238 2021 1303 2044 non
1330 2011 1391 2043 erit
1415 2010 1447 2042 in
1468 2009 1615 2049 consilio,
1634 2018 1795 2041 consensu
1819 2009 1868 2041 vel
1893 2008 1975 2042 sacto

1237 2069 1271 2096 ut
1289 2063 1382 2096 vitam
1405 2061 1547 2106 perdatis
1564 2072 1621 2095 seu
1640 2061 1789 2104 perdant,
1806 2067 1860 2094 aut
1876 2072 1976 2095 mem-

1237 2117 1344 2157 brum,
1362 2126 1417 2149 seu
1434 2114 1606 2158 capiamini
1627 2115 1676 2148 vel
1702 2114 1871 2158 capiantur
1891 2115 1976 2148 mala

1237 2170 1404 2213 captione;
1426 2169 1598 2201 consilium
1615 2178 1700 2209 vero,
1720 2168 1806 2211 quod
1827 2168 1887 2201 sibi
1906 2178 1975 2201 cre-

1238 2222 1335 2255 dituri
1354 2222 1429 2256 estis
1449 2232 1508 2265 per
1533 2231 1588 2255 vos
1613 2226 1666 2254 aut
1690 2221 1825 2254 nuncios
1851 2225 1974 2255 vestros

1236 2277 1286 2309 vel
1311 2286 1370 2319 per
1394 2275 1528 2315 litteras,
1554 2274 1594 2308 ad
1620 2279 1762 2308 vestrum
1789 2275 1838 2307 vel
1863 2285 1973 2308 eorum

1237 2329 1387 2362 damnum
1413 2328 1556 2361 scienter
1580 2327 1702 2360 nemini
1727 2327 1865 2371 pandet;
1891 2331 1923 2361 et
1946 2327 1974 2361 si

1237 2381 1367 2416 sciverit
1397 2381 1466 2414 sieri
1493 2381 1543 2414 vel
1569 2380 1698 2414 tractari
1723 2391 1779 2414 seu
1804 2381 1974 2424 procurari

1236 2435 1358 2478 aliquid
1379 2435 1466 2478 quod
1491 2434 1524 2467 in
1550 2440 1691 2468 vestrum
1717 2435 1764 2467 vel
1790 2444 1900 2467 eorum
1918 2434 1974 2468 da-

1237 2499 1347 2521 mnum
1372 2488 1476 2528 cedat,
1496 2488 1575 2521 illud
1601 2498 1660 2531 pro
1686 2497 1782 2531 posse
1803 2487 1970 2531 impediet,

1236 2547 1267 2575 et
1286 2541 1312 2575 si
1331 2542 1394 2575 hoc
1409 2541 1569 2584 impedire
1591 2551 1659 2575 non
1678 2540 1807 2585 poterit,
1824 2540 1904 2574 illud
1922 2551 1974 2575 vo-

1234 2594 1283 2629 bis
1308 2595 1359 2629 vcl
1382 2594 1427 2629 eis
1453 2594 1636 2639 significare
1655 2594 1793 2636 curabit;
1816 2594 1972 2640 Papatum
