2232 3178
258 230 307 256 Αη.
323 229 351 258 c.
378 229 445 256 ¹740
490 221 553 255 636

450 279 595 313 nasteriis,
619 279 665 309 cui
689 279 764 309 vices
787 288 854 309 suas
888 280 917 310 in
949 279 1038 310 rebus
1067 279 1188 310 minoris

450 327 589 357 momenti
612 328 794 366 committet,
818 328 885 358 dum
909 328 971 368 ipse
993 329 1022 358 in
1045 329 1187 367 graviori-

449 374 503 405 bus
525 380 696 415 occupatur.

488 433 506 453 1.
531 424 561 453 ln
586 424 744 454 maioribus
779 426 966 456 monasteriis
988 427 1187 465 designandus

1032 231 1217 256 BULLARtUM
1244 232 1403 257 ROMANUM

1231 280 1260 309 in
1284 281 1356 310 cella
1379 282 1433 311 sua
1455 281 1611 320 diligenter
1633 282 1778 314 custodiat
1810 293 1875 314 curn
1897 282 1969 314 ima-

1230 328 1318 367 gine,
1342 329 1365 359 si
1389 329 1451 360 fieri
1476 334 1587 369 potest,
1612 331 1704 361 sancti
1736 332 1826 371 patris
1848 331 1968 362 Antonii

1231 378 1341 416 magni,
1366 382 1416 408 aut
1440 378 1612 409 emblemate
1635 380 1758 418 figuram
1779 381 1835 410 Tau
1854 390 1968 420 reprae-

1230 431 1374 465 sentante,
1398 431 1427 457 et
1449 437 1514 457 cum
1538 428 1729 467 inscriptione
1752 429 1840 459 officii
1862 439 1919 468 quo
1938 439 1968 459 u-

1981 236 2030 262 Λιι.
2045 235 2073 262 C.
2096 235 2163 264 ¹7⁴0

285 444 335 464 cst.
353 443 403 464 xni.

255 471 437 518 biffl2·offi·c·]gf'0
449 472 504 500 erit
527 472 687 502 monachus
709 473 866 509 sacerdOS,
891 474 940 513 qui
974 474 1115 505 librorum
1138 485 1188 506 cu—
1230 475 1411 514 nusquisque
1438 476 1585 514 fungitur,
1610 477 1762 507 videlicet:
1786 494 1823 499 —
1845 478 1968 516 sigillum

449 528 510 550 ram
533 520 645 550 habeat.
1229 524 1331 553 abbatis·
1350 524 1488 562 generalis
1508 523 1621 554 Ordinis
1642 527 1729 555 sancti
1755 526 1871 556 Antonii
1897 526 1967 557 Con-

488 577 518 597 n.
542 568 676 598 Omnium
710 570 808 609 itaque
841 570 982 601 librorum
1017 573 1185 603 monasterii
1227 574 1394 611 yreyationis
1415 572 1442 602 S.
1470 572 1580 602 Isaiae:
1603 574 1780 612 —siyillum
1799 575 1887 613 primi
1909 574 1966 613 (vel

449 617 611 655 catalogum
635 618 797 655 describat;
822 624 910 659 utque
926 620 992 650 libri
1015 621 1103 651 unius
1126 631 1187 651 mo·
1229 622 1351 657 secundi,
1368 621 1413 650 vel
1429 622 1514 656 tertii,
1532 622 1576 651 vel
1595 623 1701 661 quarti)
1724 623 1867 661 hegumeni
1887 622 1967 653 Ordi-

448 666 569 696 nasterii
599 666 634 696 ab
667 667 732 696 aliis
764 668 994 706 distinguantur,
1029 669 1059 699 in
1092 671 1185 709 primo
1229 670 1272 698 nis
1300 670 1388 699 sancti
1416 669 1530 699 Antonii
1556 670 1778 709 Conqreyationis
1807 670 1837 701 S.
1863 671 1966 705 Isaiae,-

448 714 576 744 cuiusvis
603 714 672 745 libri
701 715 769 745 solio
798 716 869 746 haec
901 717 986 747 verba
1015 722 1109 748 notet:
1133 718 1186 748 Hic
1228 733 1266 739 —
1289 718 1412 757 sigillum
1431 719 1592 757 prot-inciae
1613 718 1647 749 N.
1667 718 1779 749 Ordinis
1800 721 1887 750 sancti
1908 720 1966 749 An-

448 761 516 792 liber
538 768 576 793 est
597 765 756 793 monasterii·
777 764 812 794 N.
831 764 944 795 Ordinis
965 767 1053 796 sancti
1070 767 1185 797 Antonii
1229 767 1297 796 lonii
1328 767 1550 806 C07197·eyati0nis
1582 767 1611 798 S.
1644 768 1750 803 lsaiae,-
1777 785 1816 790 —
1844 769 1965 807 sigillum

449 810 671 850 C07197*eyali011is
692 812 722 843 S.
748 813 845 843 Isaiae.
1228 817 1389 845 monasterii
1411 815 1446 845 N.
1468 815 1581 845 Ordinis
1602 818 1689 846 sancti
1710 816 1827 847 Antonii
1850 816 1966 856 Congre-

486 869 525 890 111.
543 860 662 891 Nullum
679 861 786 891 librum
806 872 841 892 ex
857 862 1035 894 bibliotheca
1057 864 1183 904 cuipiam
1226 863 1345 901 gationis
1366 862 1396 893 S.
1414 863 1515 894 Isaiae.
1539 863 1628 904 ldque
1643 864 1749 904 duplex
1766 865 1823 902 sit;
1843 865 1966 895 alterum

446 910 655 940 monachorum
691 911 771 941 dabit
807 912 869 942 sine
901 912 1014 942 abbatis
1047 912 1182 951 licentia,
1229 911 1332 950 maius,
1357 913 1440 942 cuius
1462 922 1532 942 usus
1554 913 1609 943 erit
1632 913 1661 942 in
1684 912 1771 943 rebus
1790 913 1887 952 magni
1906 923 1966 944 mo-

445 967 540 997 neque
563 963 683 989 externo
705 960 832 999 cuipiam
849 961 911 991 sine
927 961 1046 991 licentia
1061 971 1183 1001 congre·
1228 961 1329 998 menti,
1354 966 1382 991 et
1401 961 1527 991 alterum
1544 961 1652 1000 minus,
1669 971 1725 1001 quo
1741 962 1771 991 in
1787 961 1875 991 rebus
1890 971 1967 992 com-

445 1007 570 1043 gationis
593 1009 819 1047 monachoruin3
844 1014 871 1040 et
893 1010 1036 1047 advertat,
1061 1020 1096 1041 ne
1118 1012 1183 1051 quis
1228 1008 1366 1038 munibus
1389 1014 1520 1039 utentur·

445 1055 563 1093 librum,
587 1057 674 1086 etiam
697 1067 764 1087 cum
787 1058 916 1096 licentia,
941 1068 971 1089 se
995 1059 1087 1089 inscio
1110 1060 1184 1089 acci·
1267 1066 1307 1087 111.
1330 1057 1433 1087 Nullus
1456 1059 1616 1089 monachus
1638 1059 1752 1089 litteras
1767 1068 1834 1089 suas
1856 1059 1912 1090 alio
1930 1060 1966 1090 si-

445 1104 514 1142 piat.
534 1105 653 1135 Fratres
669 1110 778 1143 autem,
795 1107 902 1146 quibus
925 1107 1052 1147 aliquem
1076 1108 1182 1138 librum
1227 1107 1296 1145 gillo
1320 1106 1457 1141 firmabit,
1482 1116 1568 1146 quam
1591 1107 1704 1138 abbatis
1727 1109 1908 1138 monasterii.

445 1153 557 1192 tradet,
588 1155 708 1193 propria
734 1165 822 1185 manu
852 1155 982 1186 scribant
1009 1157 1039 1186 in
1064 1157 1181 1196 codice,
1267 1164 1303 1184 iv.
1321 1155 1362 1185 Ad
1381 1156 1507 1185 officium
1530 1156 1600 1186 socii
1622 1161 1650 1186 et
1672 1157 1820 1186 secretarii
1842 1157 1964 1194 electus,

444 1212 501 1241 quo
516 1203 563 1232 die
585 1208 612 1233 et
634 1213 720 1243 quem
736 1204 842 1234 librum
863 1206 1040 1244 acceperint:
1058 1216 1183 1246 cumque
1227 1213 1429 1244 quaecumque
1448 1205 1585 1243 audierit,
1610 1204 1714 1243 legerit
1736 1210 1785 1235 aut
1806 1205 1965 1245 scripserit,

443 1250 527 1281 illum
556 1252 756 1290 restituerint,
791 1259 888 1284 notam
921 1255 1055 1293 deleant,
1089 1260 1139 1285 aut
1168 1265 1183 1286 e
1227 1253 1311 1283 debet
1343 1253 1489 1292 profundo
1521 1254 1639 1284 silentio
1661 1254 1775 1293 celare,
1807 1264 1882 1294 nec,
1906 1255 1964 1285 nisi

444 1300 563 1338 regione
585 1301 731 1331 restitutio
754 1303 817 1333 eius
839 1307 967 1333 notetur.
985 1303 1065 1339 Quod
1088 1304 1112 1333 si
1131 1314 1183 1334 ex—
1226 1306 1349 1340 urgente
1370 1302 1556 1341 necessitate,
1569 1311 1583 1332 a
1601 1302 1806 1333 communibus
1822 1307 1965 1334 monaste-

444 1349 535 1378 ternis
558 1349 665 1380 librum
685 1360 719 1381 ex
738 1351 868 1391 licentia,
886 1356 917 1382 ut
940 1362 1040 1392 supra,
1057 1352 1180 1391 dederit,
1227 1350 1263 1379 rii
1288 1350 1393 1380 Officiis
1413 1360 1527 1380 vacare.

442 1397 505 1436 ipse
528 1397 768 1430 bibliothecarius
790 1400 820 1430 in
843 1393 944 1431 codice
960 1400 1070 1431 notabit
1092 1401 1180 1440 diem,
1266 1408 1284 1428 1.
1310 1398 1340 1428 ln
1374 1399 1498 1437 singulis
1531 1400 1715 1430 monasteriis
1744 1400 1965 1431 constituendus
2012 1409 2062 1441 cip.
2077 1410 2133 1441 xv.-

443 1455 597 1484 personam
630 1452 658 1478 et
692 1452 821 1488 tempus,
846 1459 903 1489 quo
932 1449 1006 1479 liber
1035 1450 1072 1480 sit
1098 1451 1182 1481 resti·
1226 1447 1280 1477 erit
1301 1448 1482 1478 infirmarius
1499 1471 1506 1485 ‚
1531 1449 1575 1478 vir
1598 1449 1662 1488 pius
1697 1453 1725 1479 et
1747 1449 1860 1489 patiens
1878 1474 1885 1488 ‚
1915 1449 1965 1489 qui
1989 1437 2019 1458 ⁰³
2035 1438 2157 1459 marmano.

429 1496 580 1536 tuendus.
1225 1505 1325 1526 curam
1350 1496 1470 1527 habebit
1493 1497 1698 1527 infirmorum:
1723 1507 1847 1537 quorum
1871 1498 1966 1537 aegri-

482 1553 521 1573 ιν.
547 1544 703 1576 Monachos
732 1546 767 1576 ad
800 1546 1006 1577 bibliothecam
1040 1557 1098 1578 non
1131 1548 1181 1577 ad·
1225 1545 1293 1575 tudo
1316 1545 1402 1575 simul
1426 1549 1512 1584 atque
1534 1546 1559 1575 ei
1583 1546 1709 1576 indicata
1733 1546 1830 1585 fuerit,
1851 1547 1875 1577 si
1899 1556 1965 1577 cen-

442 1592 540 1623 mittat
563 1593 626 1623 sine
649 1594 780 1633 licentia,
800 1595 892 1625 multo
914 1596 1010 1625 minus
1032 1600 1179 1626 externos.
1225 1594 1317 1624 suerit
1340 1603 1400 1624 rem
1424 1603 1486 1624 esse
1508 1594 1633 1625 alicuius
1656 1595 1805 1632 momenti,
1830 1595 1964 1626 abbatem

483 1650 508 1670 v.
532 1641 675 1672 Abbatem
706 1648 837 1681 moneat,
861 1644 885 1673 si
915 1653 987 1683 quos
1015 1644 1107 1675 libros
1130 1654 1181 1684 pro
1224 1647 1273 1672 aut
1296 1642 1438 1672 vicarium
1461 1642 1625 1673 admoneat.

443 1691 621 1721 monasterio
644 1701 762 1722 necesse
791 1692 829 1722 sit
857 1701 1043 1731 comparare:
1068 1693 1180 1724 nullum
1264 1700 1294 1721 n.
1326 1691 1463 1727 Student,
1495 1695 1539 1725 ut,
1571 1701 1645 1730 quae
1675 1693 1838 1731 aegrotanti
1871 1692 1964 1724 danda

442 1742 539 1768 autem
562 1739 668 1769 librum
688 1740 808 1778 donare,
826 1741 951 1771 vendere
974 1742 1018 1772 vel
1041 1742 1182 1781 oppigno-
1224 1743 1310 1773 sunt,
1333 1749 1364 1769 ea
1398 1744 1426 1769 et
1458 1745 1623 1779 Opportune
1655 1745 1801 1779 emantur,
1832 1746 1860 1771 et
1889 1741 1965 1772 bona

442 1796 507 1816 rare
543 1788 648 1827 poterit
680 1789 743 1818 sine
776 1791 916 1828 expressa
947 1790 1181 1828 congregationis
1224 1788 1299 1827 sint,
1323 1792 1351 1818 et
1374 1788 1447 1818 bene
1471 1792 1641 1828 praeparata
1667 1789 1881 1819 ministrentur.

442 1837 651 1867 monachorum
675 1837 805 1868 licentia.
1264 1846 1304 1866 ni.
1333 1838 1423 1866 Curet
1455 1841 1486 1866 ut
1518 1841 1702 1875 aegrotorum
1735 1837 1870 1868 cubicula
1903 1838 1964 1868 sint

482 1893 520 1914 vi.
544 1885 630 1916 Curet
643 1890 673 1916 ut
688 1886 863 1917 bibliotheca
884 1887 991 1917 munda
1008 1887 1045 1918 sit
1060 1892 1088 1918 et
1103 1897 1182 1918 com-
1224 1885 1308 1914 valde
1332 1885 1450 1920 munda,
1475 1888 1504 1915 et
1526 1885 1593 1915 lecti
1616 1885 1759 1915 concinne
1781 1889 1962 1916 sternantur.

443 1934 556 1973 posita,
580 1945 667 1974 quam
689 1936 777 1966 semel
806 1936 836 1966 in
866 1936 1048 1967 hebdomada
1069 1942 1179 1975 verret,
1263 1942 1301 1963 lv·
1326 1933 1476 1972 AEgrotum
1500 1934 1647 1964 consolari
1669 1939 1697 1965 et
1719 1934 1884 1965 exhilarare
1903 1939 1964 1965 stu-

443 1986 471 2012 et
487 1992 524 2012 ex
540 1983 623 2013 libris
639 1984 788 2023 pulverem
804 1985 943 2015 excutiet.
960 1985 1064 2016 Caveat
1080 1986 1178 2023 etiam,
1223 1982 1289 2012 defit
1322 1982 1420 2012 verbis
1450 1983 1653 2022 spiritualibus
1685 1987 1713 2014 et
1735 1983 1830 2013 laetis.
1853 1983 1964 2014 Habeat

442 2039 478 2060 ne
501 2031 568 2062 libri
591 2032 763 2063 humiditate
786 2038 835 2064 aut
857 2034 916 2064 alia
937 2044 968 2064 re
990 2035 1154 2065 laedantur.
1224 2031 1693 2071 etiamlihros,quorumlectione
1706 2032 1818 2070 aegroti
1834 2032 1962 2063 recreari

483 2087 532 2109 vn.
567 2080 662 2111 Semel
695 2081 725 2111 in
758 2091 834 2112 anno
863 2082 1005 2113 librorum
1037 2083 1179 2113 rationem
1223 2085 1251 2111 et
1266 2081 1360 2111 iuvari
1375 2082 1404 2111 in
1421 2081 1524 2120 spiritu
1542 2081 1663 2120 possint.

442 2127 523 2158 dabit
542 2128 638 2159 abbati
655 2129 732 2160 iuxta
750 2130 946 2160 inventarium
969 2131 1178 2161 bibliothecae:
1262 2139 1290 2159 v.
1313 2130 1519 2170 Quaecumque
1541 2130 1752 2169 aegrotantium
1777 2131 1842 2162 usui
1864 2140 1964 2162 neces-

442 2177 519 2216 quod
543 2182 571 2208 et
594 2177 763 2218 praestabit,
781 2188 847 2209 eum
870 2179 943 2209 alter
958 2179 987 2209 in
1004 2179 1066 2210 eius
1084 2179 1179 2210 locum
1222 2180 1297 2210 saria
1322 2189 1384 2210 esse
1402 2180 1553 2219 iudicabit,
1574 2179 1681 2211 habere
1697 2184 1791 2218 curet,
1808 2185 1836 2212 et
1853 2181 1883 2212 in
1899 2181 1963 2211 loco

442 2225 599 2255 succcedit.
1222 2229 1408 2259 convenienti
1430 2230 1589 2260 custodire.

280 2294 329 2316 cw.
345 2294 399 2316 MV-
480 2283 501 2304 1.
525 2273 622 2304 Abbas
643 2275 802 2313 generalis,
826 2276 981 2314 hegumeni
1013 2281 1041 2306 et
1061 2276 1179 2306 abbates
1262 2285 1300 2307 vi.
1325 2277 1346 2307 A
1371 2277 1483 2307 medico
1506 2279 1684 2318 praescripta
1717 2283 1817 2309 exacte
1849 2283 1960 2310 servet:

246 2321 608 2371 81έῇῗοδζῗιξῆῐξὸῑρΐονῐιιοίᾶο
640 2334 673 2355 ac
705 2326 876 2356 monasterii
909 2325 1037 2364 deligant
1068 2325 1123 2355 sibi
1146 2335 1180 2355 ex

246 2373 590 2424 {fissfgssssssir³„21,‚hss{mOUaChiS
618 2374 757 2412 professis
789 2375 922 2412 socium,
947 2374 996 2414 qui
1029 2374 1178 2404 secretarii

246 2426 331 2455 abbans
345 2428 545 2452 provin-munus
568 2426 660 2460 gerat,
685 2422 821 2462 ipsosque
842 2423 872 2453 in
896 2423 1001 2454 litteris
1017 2422 1179 2453 scribendis

245 2455 573 2509 itiizissssssssfw‘adiuvot,
599 2475 798 2511 exeuntesque
820 2481 835 2502 e
858 2472 1038 2503 monasterio
1060 2471 1179 2502 comite-

440 2525 498 2550 tur.

479 2578 508 2599 n.
543 2569 750 2610 Unusquisque
783 2580 817 2601 ex
848 2570 934 2601 dictis
966 2569 1118 2601 abbatibus
1150 2574 1178 2600 et

439 2619 612 2659 hegumenis
634 2619 763 2658 sigillum
786 2620 940 2660 proprium
962 2619 1080 2658 habeat,
1100 2619 1177 2660 quod

1222 2327 1283 2356 dies
1306 2326 1513 2364 aegrotationis
1536 2331 1565 2357 et
1586 2327 1687 2357 horam
1711 2327 1799 2358 febris
1818 2328 1959 2367 advertat,

1222 2379 1282 2405 tum
1306 2379 1336 2405 ut
1359 2375 1505 2405 medicum
1527 2380 1556 2405 et
1578 2376 1760 2415 superiorem
1793 2376 1960 2415 admoneat,

1222 2428 1282 2455 tum
1306 2428 1337 2454 ut
1359 2424 1457 2455 cibum
1480 2424 1651 2464 tempestive
1675 2424 1823 2464 praebeat.

1261 2482 1309 2503 vn.
1333 2473 1362 2504 Si
1385 2473 1505 2504 morbus
1537 2474 1574 2504 sit
1596 2474 1802 2513 contagiosus,
1826 2474 1961 2514 supellex

1221 2522 1352 2562 separari
1374 2521 1472 2561 dehet,
1495 2532 1531 2552 ne
1554 2523 1689 2562 cuiquam
1711 2527 1824 2554 noceat.

1260 2570 1580 2601 v111.Convalescentes
1612 2581 1627 2601 e
1649 2571 1724 2602 lecto
1752 2580 1871 2610 surgere
1903 2580 1961 2602 non

1221 2619 1385 2659 permittat,
1399 2619 1568 2660 priusquam
1582 2619 1610 2650 id
1625 2620 1755 2651 medicus
1767 2619 1957 2651 concesserih
