2232 3178
263 248 312 274 An.
330 248 359 275 c.
383 248 449 276 ¹739
495 239 559 272 5⁶24

459 297 511 326 lioc
545 297 662 327 extendi
694 297 828 336 ampliari
863 306 915 327 seu
947 297 975 327 in
1009 299 1193 336 grandiorem

459 345 579 374 sormam
603 354 655 374 nec
677 345 771 374 extrui
794 354 848 374 nec
869 346 960 384 redigi
985 347 1087 385 possit.

499 403 529 423 11.
547 393 742 423 AEdisicabunt
759 394 876 432 pariter,
895 395 1030 433 expensis
1046 400 1076 425 ut
1093 405 1193 435 supra,

458 442 596 470 sacellum
620 441 663 470 vel
687 441 838 470 ecclesiam
862 442 896 471 ad
920 443 984 481 plns
1007 443 1101 473 tribus
1123 445 1195 474 alta-

458 489 540 518 ribus
574 489 717 526 provisam
750 489 938 519 Beatissimae
960 491 1096 528 Virgini¹
1130 493 1194 521 sine

458 537 522 566 labe
538 541 694 575 conceptae
716 537 880 573 dicandam,
900 543 1014 577 praeter
1030 540 1192 569 sacristiam

458 585 625 614 necessaria
640 586 835 624 suppellectili
853 586 991 616 decenter
1006 588 1191 626 instructam,

458 635 569 662 summa
593 634 769 663 florenorum
793 639 835 664 ter
858 635 937 664 mille
959 636 1125 666 dotandam.

497 691 537 711 in.
561 682 764 712 Sustentandis
786 688 910 722 quatuor
932 684 1064 723 patribus
1081 685 1194 716 missio-

456 730 558 767 uariis,
575 731 736 769 horumque
752 731 884 770 famulis,
908 732 1098 770 assignabunt
1115 734 1194 772 capi-

456 778 513 808 tale
535 779 712 808 florenorum
746 779 865 817 triginta
899 781 1023 810 millium
1046 782 1105 811 una
1127 791 1191 811 cum

455 826 595 856 ccclesiae
618 828 683 857 dote
706 837 771 857 mox
787 828 877 866 dicta,
895 838 983 868 penes
1000 834 1060 860 tuta
1078 830 1140 860 loca
1158 830 1193 860 ad

455 875 635 913 quincunces
658 885 778 914 usuras,
802 877 825 906 si
849 876 947 907 haberi
974 882 1132 917 poterunt,
1163 879 1192 908 in

454 935 558 955 census
591 927 780 965 elocandum,
805 926 840 956 ab
873 928 952 958 omni
986 928 1191 966 decimatione,

454 976 563 1013 stema,
581 975 674 1005 aliove
693 985 877 1015 quocumque
896 977 1080 1015 excogitabili
1105 987 1193 1007 onere

453 1023 536 1061 reali,
560 1024 706 1063 personali
729 1025 772 1054 vel
790 1025 892 1064 mixto,
910 1035 1025 1065 semper
1042 1031 1070 1056 et
1085 1025 1192 1065 ubique

453 1072 595 1102 immune.

492 1129 530 1150 iv.
555 1121 699 1152 Numerus
732 1122 984 1152 missionariorum
1018 1123 1055 1153 sit
1077 1132 1193 1162 semper

454 1174 481 1199 et
503 1170 653 1209 perpetuis
685 1171 790 1200 suturis
815 1171 994 1210 temporibus
1018 1176 1189 1210 quaternus,

453 1228 487 1248 ex
521 1219 627 1258 quibus
661 1219 818 1258 saepedicti
862 1220 1042 1249 venerabiles
1074 1220 1192 1250 abbates

452 1276 542 1297 unum
571 1277 622 1306 pro
644 1268 729 1298 domo
752 1272 779 1298 et
812 1269 960 1298 missionis
989 1269 1189 1308 superiorem,

453 1316 544 1345 modis
567 1320 594 1346 et
623 1316 723 1346 formis
750 1316 857 1356 quibus
887 1317 1025 1347 hactenus
1048 1318 1076 1347 in
1101 1318 1192 1348 nomi-

452 1364 557 1393 nandis
580 1364 791 1403 professoribus
814 1365 901 1395 huius
920 1365 1123 1396 universitatis
1141 1376 1191 1396 no-

453 1416 529 1441 strae
551 1412 678 1450 legitime
694 1413 739 1443 usi
756 1417 834 1450 sunt,
852 1422 968 1452 semper
983 1414 1188 1452 designabunt3

453 1459 636 1498 designatum
660 1470 739 1498 vero,
757 1466 823 1491 ante
841 1462 962 1492 triennii
979 1462 1102 1501 lapsum,
1120 1473 1192 1493 non-

452 1508 507 1537 nisi
531 1508 613 1538 nobis
632 1509 677 1539 vel
693 1509 910 1539 successoribus
932 1511 1039 1540 nostris
1061 1521 1192 1541 annuen-

452 1556 530 1586 tibus
552 1557 748 1595 amovebunt,
773 1563 800 1587 et
833 1558 883 1597 qui
911 1559 1115 1598 quaternarius
1138 1569 1192 1589 nu-

452 1613 550 1635 merus
572 1606 634 1635 sine
657 1615 796 1645 expresso
813 1611 913 1637 nostro
930 1616 1190 1647 successorumque

451 1657 619 1683 nostrorum
636 1663 668 1683 ac
685 1654 861 1684 venerabilis
877 1656 998 1694 capituli
1015 1656 1105 1686 nostri
1123 1666 1192 1686 con-

451 1711 539 1732 sensu
556 1702 644 1732 nullis
666 1711 794 1742 unquam
819 1703 999 1743 temporibus
1022 1705 1122 1743 augeri
1137 1714 1191 1735 nec

451 1750 544 1780 minui
567 1752 667 1790 possit.

490 1808 519 1829 v.
543 1800 634 1831 Erunt
656 1811 724 1831 vero
743 1806 868 1841 quatuor
889 1802 931 1833 illi
949 1802 1127 1833 missionarii
1145 1803 1189 1834 vel

451 1859 465 1879 a
489 1858 602 1880 summo
630 1850 771 1881 Pontifice
801 1851 845 1881 vel
874 1861 890 1881 a
917 1852 1002 1882 sacre
1023 1853 1188 1891 Congrega-

451 1900 529 1928 tione
551 1899 585 1928 de
613 1899 806 1938 Propaganda
827 1900 898 1930 Fide
919 1900 1091 1940 approbati,
1115 1901 1190 1931 idest

450 1948 625 1977 necessariis
643 1948 677 1977 ad
700 1948 855 1978 missiones
876 1949 1050 1988 apostolicas
1072 1950 1191 1989 privile-

450 1995 506 2032 giis
527 2005 542 2025 a
564 1997 672 2025 Sancta
686 1996 768 2033 Sede,
783 1997 827 2027 vel
843 1997 879 2027 ab
892 2006 936 2036 eo,
954 1997 1001 2028 cui
1023 1998 1089 2028 talis
1111 1998 1188 2029 dele-

451 2043 568 2081 gabitur
591 2045 721 2082 facultas,
745 2045 893 2076 instructi.

490 2101 529 2122 vi.
553 2093 821 2124 Praesentabuntur
836 2099 931 2125 autem
948 2095 1031 2125 nobis
1050 2105 1115 2126 cum
1132 2096 1190 2135 pri-

451 2142 503 2177 mi,
527 2151 591 2171 cum
615 2148 642 2171 et
665 2143 710 2172 liis
734 2144 906 2173 successivis
928 2144 1107 2183 temporibus
1122 2144 1188 2174 sub-

451 2190 589 2228 rogandi,
613 2191 706 2220 sorma
735 2201 800 2221 mox
830 2201 916 2231 supra
940 2193 1063 2223 articulo
1086 2197 1188 2232 quarto

452 2239 642 2278 praescripta,
660 2244 689 2269 et
711 2240 760 2269 ubi
783 2241 871 2270 semel
894 2241 1002 2271 suerint
1023 2241 1057 2270 ad
1075 2241 1189 2271 missio-

451 2297 503 2317 nes
526 2292 639 2317 nostras
671 2288 907 2327 Salisburgenses
938 2290 1041 2319 delecti
1064 2294 1091 2319 et
1113 2289 1189 2320 able-

450 2336 522 2374 gati,
546 2340 632 2375 atque
656 2346 671 2366 a
694 2337 777 2367 nobis
814 2338 923 2377 recepti
953 2343 981 2368 et
1014 2338 1186 2378 approbati,

450 2385 596 2423 integrum
633 2386 799 2415 memoratis
832 2386 984 2416 abbatibus
1017 2387 1094 2416 baud
1127 2392 1187 2417 esto

450 2433 511 2463 sive
534 2443 634 2464 omnes
656 2435 716 2464 sive
738 2435 868 2473 singulos
891 2444 906 2464 a
929 2435 1078 2465 missionis
1101 2435 1188 2465 domo

450 2485 480 2511 et
501 2482 596 2512 officio
629 2492 778 2513 removere
793 2506 800 2520 ‚
825 2484 880 2513 nisi
907 2483 957 2513 ubi
980 2484 1067 2523 primi
1091 2488 1188 2523 patres

451 2531 578 2570 primum
603 2532 761 2563 triennium
784 2543 818 2564 ex
841 2534 954 2572 integro
988 2534 1186 2571 absolverint3

487 2635 498 2659 1
521 2633 591 2661 Edit.
614 2635 695 2662 Main.
718 2634 781 2670 legit
804 2635 934 2670 Virqinis
954 2636 994 2671 (n.
1011 2636 1059 2671 τ.).

1027 250 1211 275 BULLARIUM
1235 251 1393 276 ROMANUM

1238 300 1383 329 secuturis
1406 309 1473 330 vero
1495 300 1602 338 annis,
1626 301 1747 341 quilibet
1770 301 1974 333 missionarius

1238 347 1266 376 in
1291 347 1442 378 individuo
1464 348 1613 379 licentiam
1636 348 1760 380 abeundi
1783 359 1798 380 a
1821 350 1905 381 nobis
1935 351 1976 381 fa-

1237 396 1291 426 cile
1314 396 1466 433 obtinebit,
1484 397 1521 427 ita
1545 402 1653 436 tamen,
1679 403 1711 429 ut
1733 399 1901 438 subrogatio
1917 401 1977 430 sin-

1237 445 1313 482 gulis
1336 445 1420 475 annis
1442 445 1630 483 singulariter
1646 447 1706 484 fiat,
1722 456 1756 477 eo
1774 448 1912 478 nimirum
1929 458 1976 479 or-

1237 493 1305 522 dine
1328 493 1481 523 observato
1504 499 1535 523 ut
1557 503 1671 534 semper
1699 496 1743 525 vel
1773 505 1849 526 unus
1870 497 1973 527 saltem

1237 541 1323 578 adsit,
1340 541 1389 580 qui
1409 541 1464 571 iam
1490 551 1540 581 per
1561 543 1706 581 integrum
1730 544 1887 574 triennium
1905 545 1976 574 mis-

1236 589 1357 618 sionarii
1372 590 1401 619 in
1415 589 1500 620 domo
1514 591 1659 629 praedicta
1668 591 1880 622 Schwazzachii
1893 602 1976 623 exer-

1237 639 1329 667 cuerit
1352 647 1470 677 munus,
1493 643 1576 669 notos
1592 639 1696 670 habeat
1711 640 1891 671 subditorum
1915 650 1976 671 mo-

1236 695 1292 723 res,
1308 685 1345 716 sit
1367 686 1397 715 in
1420 696 1451 716 re
1468 687 1640 717 missionum
1663 689 1818 727 practicuS,
1841 689 1975 730 potisque

1237 734 1380 765 instruere
1403 736 1516 765 noviter
1538 736 1735 767 advenientes.

1276 792 1325 812 vn.
1363 783 1454 814 Erunt
1488 794 1574 823 porro
1602 785 1631 815 in
1662 795 1747 816 omne
1779 795 1882 816 aevum
1912 791 1973 817 tum

1236 831 1412 861 missionarii
1424 855 1431 869 ,
1448 842 1512 862 cum
1536 837 1564 863 et
1585 833 1688 863 domus
1703 834 1862 872 missionis,
1880 835 1974 874 quoad

1236 888 1268 909 ea
1291 889 1364 919 qnae
1395 881 1543 911 missionis
1576 891 1682 912 munus
1704 887 1896 922 concernunt,
1920 883 1974 914 im-

1237 929 1361 959 mediate
1380 934 1406 959 et
1429 930 1514 959 unice
1537 931 1645 960 nostris
1668 936 1893 971 nostrorumque
1909 941 1974 962 suc-

1235 987 1385 1008 cessorum
1409 978 1564 1016 mandatiS,
1589 979 1682 1018 quoad
1706 980 1890 1019 disciplinam
1913 989 1975 1010 mo-

1236 1027 1376 1056 nasticam
1411 1036 1479 1056 vero
1511 1032 1599 1067 atque
1633 1029 1735 1058 domus
1757 1029 1972 1060 oeconomicam

1236 1075 1426 1105 directionem
1442 1100 1449 1113 ‚
1474 1076 1561 1106 huius
1590 1086 1642 1116 pro
1665 1082 1794 1117 tempore
1827 1078 1973 1118 superiori

1235 1123 1384 1162 subiecti,
1415 1124 1581 1154 visitatione
1614 1126 1693 1155 illins
1727 1130 1822 1156 tamen
1863 1127 1976 1157 antedi-

1235 1172 1290 1201 ctis
1323 1171 1489 1209 abbatibus,
1513 1173 1605 1202 modis
1625 1178 1653 1204 et
1675 1174 1775 1204 formis
1794 1173 1901 1214 quibus
1924 1175 1975 1204 ha-

1234 1225 1336 1250 ctenus
1368 1221 1397 1250 in
1433 1222 1577 1251 visitanda
1612 1222 1665 1252 hac
1698 1224 1798 1253 nostra
1830 1223 1972 1254 universi-

1234 1273 1292 1299 tate
1315 1269 1444 1307 legitime
1468 1270 1513 1299 usi
1529 1275 1617 1307 sunt,
1646 1273 1806 1310 concessa,
1834 1271 1917 1302 nobis
1938 1272 1974 1302 de

1234 1323 1330 1348 cetero
1366 1323 1393 1348 et
1432 1319 1649 1350 successoribus
1681 1320 1789 1350 nostris
1820 1322 1883 1350 sine
1911 1321 1974 1360 ,ulla

1234 1367 1465 1397 contradictione
1481 1372 1663 1407 praestantes
1679 1373 1706 1398 et
1722 1369 1816 1399 omnia
1833 1379 1864 1399 ea
1881 1369 1972 1399 adim-

1234 1415 1364 1454 plenteS,
1388 1415 1422 1445 ad
1445 1425 1519 1456 quae
1542 1417 1703 1455 regulares,
1727 1417 1806 1447 iuxta
1831 1417 1974 1457 praescri-

1235 1466 1317 1502 ptum
1347 1463 1422 1493 sacri
1451 1464 1571 1494 Concilii
1604 1464 1769 1495 Tridentini
1791 1469 1974 1496 nostrarum-

1234 1521 1290 1550 que
1321 1512 1564 1542 constitutionum
1597 1513 1778 1552 synodalium
1802 1518 1829 1544 et
1856 1515 1974 1554 provin-

1234 1559 1363 1597 cialium,
1387 1558 1550 1590 Ordinariis
1572 1560 1702 1591 locorum
1725 1562 1796 1591 alias
1818 1566 1968 1602 tenentur,

1233 1608 1334 1647 sicque
1355 1609 1436 1638 salva
1458 1609 1488 1638 in
1512 1608 1565 1639 bac
1581 1610 1730 1640 missionis
1745 1610 1830 1640 domo
1846 1611 1886 1641 et¹
1902 1611 1973 1641 mis-

1234 1657 1381 1687 sionarios
1413 1657 1521 1687 ibidem
1551 1658 1710 1689 existentes
1742 1658 1917 1690 dioecesana
1944 1665 1973 1691 et

1234 1705 1385 1735 ordinaria
1417 1707 1517 1736 nostra
1539 1706 1752 1743 iurisdictione,
1769 1716 1882 1738 necnon
1906 1708 1971 1739 iure

1234 1755 1415 1794 principatus
1447 1758 1541 1784 terrae
1573 1759 1601 1785 et
1630 1755 1819 1793 advocatiae,
1848 1757 1890 1786 sic
1921 1766 1970 1787 ve-

1233 1807 1399 1833 rumtamen
1432 1808 1463 1833 ut
1492 1803 1576 1833 nobis
1609 1808 1637 1834 et
1669 1804 1888 1835 successoribus
1920 1815 1973 1836 no-

1233 1852 1300 1881 stris
1323 1852 1483 1888 dumtaxat,
1504 1853 1590 1882 etiam
1615 1853 1710 1892 quoad
1732 1853 1799 1891 ista,
1822 1854 1865 1883 uti
1889 1863 1970 1893 prae-

1234 1901 1366 1939 missum,
1384 1905 1412 1931 et
1433 1902 1519 1931 unice
1541 1906 1569 1932 et
1590 1901 1757 1932 immediate
1775 1911 1890 1942 semper
1905 1902 1973 1933 suh-

1232 1949 1357 1980 iaceant.

1271 2007 1331 2028 vin.
1355 1998 1546 2037 Designamus
1568 2002 1664 2029 autem
1686 1998 1759 2038 ipsis
1777 1998 1918 2038 privative
1936 1999 1972 2030 ad

1233 2047 1430 2086 peragendum
1447 2047 1594 2077 missionis
1610 2047 1784 2087 apostolicae
1806 2057 1913 2078 munus
1928 2048 1973 2078 in-

1232 2099 1329 2133 tegras
1345 2095 1543 2135 praefecturas
1558 2095 1594 2125 ad
1611 2097 1641 2125 S.
1662 2095 1810 2133 Ioannem,
1827 2096 1862 2126 ad
1877 2096 1907 2127 S.
1924 2096 1970 2128 Vi-

1232 2147 1305 2181 tum,
1322 2148 1350 2173 et
1365 2143 1492 2182 Doldegg
1507 2152 1573 2173 cum
1586 2144 1730 2183 praeturis
1753 2144 1882 2181 Gastein,
1899 2145 1971 2176 Gro-

1231 2192 1289 2222 sarl
1311 2196 1339 2222 et
1360 2192 1512 2231 Wagrain,
1529 2194 1587 2231 qua
1609 2192 1662 2223 liae
1684 2202 1785 2223 omnes
1801 2194 1857 2224 late
1873 2198 1972 2234 patent

1231 2241 1325 2280 quoad
1348 2242 1538 2281 temporalem
1572 2251 1622 2280 per
1651 2251 1703 2272 nos
1725 2242 1797 2282 ipsis
1818 2243 1970 2282 praesectis

1231 2291 1340 2320 nostris
1362 2291 1523 2329 delegatam
1546 2291 1789 2322 iurisdictionem.

1270 2347 1309 2368 ix.
1334 2339 1367 2369 Et
1390 2339 1419 2369 in
1442 2339 1548 2379 quibus
1570 2340 1701 2379 ipsorum
1717 2340 1969 2371 missionariorum

1230 2387 1371 2426 osticium,
1389 2388 1466 2425 finis,
1483 2393 1511 2419 et
1534 2389 1700 2429 praecipua,
1717 2390 1775 2420 imo
1791 2389 1876 2420 unica
1899 2398 1970 2420 cura

1231 2436 1297 2474 erit,
1314 2437 1497 2467 incessanter
1513 2438 1547 2467 de
1563 2438 1627 2468 loco
1643 2438 1678 2468 ad
1693 2438 1800 2477 locum,
1821 2443 1860 2477 et,
1877 2438 1902 2468 si
1921 2447 1970 2468 ne-

1232 2494 1311 2515 cesse
1335 2486 1422 2516 suerit
1444 2487 1536 2517 visum
1551 2511 1559 2525 ,
1584 2487 1671 2517 etiam
1701 2488 1736 2517 de
1758 2487 1843 2517 domo
1861 2487 1899 2517 >ad
1922 2487 1970 2517 do-

1231 2544 1310 2564 mum
1334 2535 1515 2567 excurrendo
1547 2539 1576 2566 et
1608 2536 1834 2574 catechizando,
1858 2536 1968 2567 missio-

1267 2640 1277 2663 1
1302 2637 1396 2666 Potius
1415 2639 1475 2674 lege
1491 2646 1546 2673 per
1568 2639 1608 2666 vel
1629 2639 1725 2674 quoad
1743 2640 1784 2676 (a.
1801 2643 1849 2672 iz).

1984 255 2032 283 Αη.
2053 256 2164 289 c.t·139
2208 274 2211 279 -
