2232 3178
276 224 464 253 An.c.1736
510 215 573 250 186

472 274 518 307 eis
544 274 725 318 respective
751 272 982 307 inviolabiliter
1015 271 1211 311 observari,

472 328 584 371 sicque
610 328 642 360 in
676 326 862 370 praemissis
897 336 958 370 per
992 335 1213 369 quoscumque

472 380 594 414 iudices
620 380 806 414 ordinarios
831 384 863 412 et
888 379 1053 421 delegatos
1073 406 1080 419 ,
1117 378 1212 410 etiam

472 444 639 467 causarum
676 433 788 477 palatii
825 432 995 476 apostolici
1032 432 1212 471 auditores,

473 487 607 520 iudicari
633 492 664 520 et
689 485 816 519 definiri
842 486 963 519 debere
984 513 991 525 ,
1022 496 1058 518 ac
1083 485 1212 517 irritum

472 547 504 575 et
529 541 624 574 inane
649 540 673 572 si
693 550 786 573 secus
804 550 903 582 super
921 539 974 571 his
997 549 1014 571 a
1031 549 1214 582 quoquam,

472 595 581 638 quavis
607 593 813 633 auctoritate,
833 592 974 625 scienter
992 592 1041 625 vel
1060 592 1214 634 ignoran-

472 654 531 688 ter,
557 646 731 689 eontigerit
753 645 916 679 attentari.

515 702 529 745 ς
554 700 585 734 [11.
615 700 684 734 Non
711 700 916 733 obstantibus
944 698 1151 742 praemissis,
1179 708 1214 730 ac

471 754 756 789 constitutionibus
787 759 818 786 et
848 753 1108 786 ordinationibus
1137 762 1216 795 apo-

471 808 602 847 stolicis,
620 817 749 840 necnon
775 806 904 839 Ordinis
927 811 957 838 et
974 804 1214 848 provinciarum

472 860 668 900 huiusmodi,
689 859 827 902 aliisque
853 858 1032 902 quibusviS,
1050 857 1146 890 etiam
1171 857 1215 889 iu·

471 919 619 947 ramento
640 940 647 953 ,
678 911 925 946 confirmatione
951 910 1136 953 apostolica,
1164 910 1214 942 vel

471 966 581 1010 quavis
610 966 760 998 firmitate
785 964 849 997 alia
874 963 1034 997 roboratis
1051 990 1058 1002 ‚
1090 962 1215 995 statutis

472 1025 503 1052 et
526 1018 829 1057 consuetudinibus,
854 1016 1033 1060 privilegiis
1060 1025 1189 1059 quoque
1205 1041 1212 1055 ‚

472 1072 603 1105 indultis
631 1076 662 1104 et
687 1070 804 1104 litteris
829 1069 1020 1113 apostolicis
1037 1068 1070 1100 in
1091 1073 1214 1100 contra-

472 1127 553 1158 rium
584 1124 835 1169 praemissorum
863 1122 1111 1166 quomodolibet
1140 1131 1216 1154 eon-

472 1179 583 1218 cessis,
610 1177 805 1211 contirmatis
823 1182 854 1209 et
886 1176 1071 1216 innovatis;
1097 1175 1216 1218 quibus

471 1232 622 1266 omnibus
658 1236 690 1264 et
728 1230 890 1273 singulis,
916 1229 1047 1262 illorum
1085 1234 1215 1261 tenores

471 1284 698 1329 praesentibus
734 1294 793 1327 pro
826 1284 921 1326 plene
958 1287 989 1315 et
1018 1281 1217 1314 sufficienter

473 1338 633 1382 expressis
659 1349 696 1371 ac
722 1337 761 1370 de
785 1336 883 1369 verbo
902 1336 940 1368 ad
958 1336 1091 1368 verbum
1118 1335 1217 1367 inser-

473 1393 512 1425 tis
538 1392 712 1432 habentes,
738 1391 802 1424 illis
833 1391 911 1423 alias
946 1390 978 1422 in
1004 1400 1063 1422 suo
1096 1389 1216 1422 robore

473 1445 696 1489 permansuris
712 1472 720 1485 ,
758 1445 796 1477 ad
841 1444 1097 1487 praemissorum
1134 1442 1216 1475 effe-

473 1504 573 1539 ctum,
593 1499 653 1531 hac
679 1498 745 1531 viee
772 1497 951 1536 dumtaxat,
977 1496 1161 1539 specialiter
1186 1501 1216 1528 et

473 1563 623 1595 expresse
650 1551 845 1593 derogamus
862 1561 869 1590 3
889 1549 1070 1592 ceterisque
1088 1554 1216 1582 contra-

472 1606 529 1639 riis
555 1605 827 1648 quibuscumque.

517 1659 632 1691 Datum
654 1658 784 1696 Romae,
810 1657 894 1700 apud
916 1656 948 1690 S.
968 1656 1097 1689 Mariam
1118 1655 1216 1689 Maio-

473 1723 551 1752 rem,
567 1712 624 1745 sub
639 1712 760 1744 annulo
776 1710 958 1749 Psseatoris,
975 1711 1027 1743 die
1042 1720 1090 1742 xV1
1105 1710 1215 1753 aprilis

473 1774 673 1805 MDccxxxvt,
697 1764 904 1808 pontificatus
922 1763 1026 1796 nostri
1045 1774 1129 1796 anno
1148 1773 1190 1796 vt.

509 1828 567 1855 Dat.
590 1828 633 1855 die
657 1829 686 1855 16
707 1827 801 1862 aprilis
824 1827 907 1861 ¹736,
929 1826 1024 1861 pontis.
1046 1834 1115 1852 anuo
1136 1833 1172 1852 vi.

808 1881 842 1914 F.
870 1880 960 1913 card.
987 1880 1167 1914 Omvsntus.

326 709 459 729 (Jliztnntium

278 735 396 761 derogatio.

755 2033 937 2068 CLXXVIII.

476 2105 687 2149 Confirmatio
708 2105 979 2138 constitutiommz
1006 2114 1061 2136 seu
1086 2103 1216 2147 regula-

518 2170 594 2193 rum
630 2158 759 2202 colleyi‘z'
795 2169 850 2190 seu
874 2158 1054 2190 Seminarii
1091 2156 1217 2191 Corsini

518 2214 703 2256 nuncupati
727 2211 1029 2245 Italo-Graecorum
1054 2211 1218 2244 Albanen-

518 2267 605 2299 sium
620 2267 655 2298 in
673 2265 789 2310 oppido
808 2265 840 2298 S.
857 2264 1027 2297 Benedicti
1046 2263 1084 2296 cle
1099 2264 1217 2297 Ullano

519 2319 764 2352 Bisinianensis
790 2318 940 2350 dioecesis
965 2317 1070 2350 erecti.

685 2398 822 2425 clemens
843 2398 922 2431 Papa
942 2397 1007 2430 XII,

595 2445 631 2472 ad
654 2447 833 2478 perpetuam
852 2442 895 2471 rei
916 2442 1099 2470 memoriam.

309 2524 451 2545 Prooemium.

520 2517 562 2550 Ex
588 2516 735 2548 iniuncto
761 2515 856 2548 nobis
874 2514 1028 2548 divinitus
1046 2513 1218 2557 pastoralis

477 2569 704 2603 sollicitudinis
730 2579 866 2601 munere
883 2595 890 2609 ‚
916 2578 952 2601 ea
980 2578 1062 2611 quae
1089 2577 1148 2610 pro
1174 2567 1219 2599 se-

476 2623 528 2657 lici
555 2622 765 2665 collegiorum
791 2632 846 2655 seu
871 2620 1121 2655 seminariorum
1140 2630 1219 2663 quo-

1056 222 1239 248 BULLARIUM
1263 222 1419 247 ROMANUM

1254 1939 1337 1968 >venti
1360 1939 1407 1968 nel
1430 1938 1486 1968 rito
1505 1947 1600 1976 greco⁷
1615 1946 1629 1967 e
1652 1937 1680 1967 di
1703 1946 1788 1967 avere
1810 1937 2002 1968 ecclesiastici

2008 222 2058 249 An.
2073 221 2101 250 C.
2119 223 2183 254 173⁶
2219 238 2220 242 ¹

1256 281 1469 315 rumcumque
1495 272 1533 305 ad
1559 275 1681 305 rectam
1706 270 1859 305 iuvenum
1883 270 1998 305 educa-

1258 323 1378 357 tionem
1404 335 1440 357 ac
1458 324 1696 358 institutionem
1711 330 1860 358 recenter
1873 329 1998 358 erecto-

1257 388 1328 410 rum
1347 377 1505 420 regimine
1531 377 1666 420 provide
1692 382 1810 410 statuta
1829 382 1928 421 atque
1945 387 1998 410 or-

1257 431 1365 464 dinata
1391 441 1462 464 esse
1487 436 1676 471 noscuntur,
1695 436 1730 464 ut
1753 430 1844 464 firma
1869 440 1998 474 semper

1257 495 1293 517 ac
1314 484 1511 518 inviolabilia
1535 484 1721 528 persistant,
1741 484 1912 528 apostolici
1929 494 1999 516 mu-

1258 538 1388 570 niminis
1407 537 1509 570 nostri
1535 537 1698 581 praesidio
1717 537 1858 571 libenter
1875 542 1998 570 consta-

1257 590 1400 624 bilImus.

1302 645 1316 687 ᾗ
1341 644 1372 677 1.
1393 644 1468 678 Cum
1487 645 1607 688 itaque,
1626 644 1710 677 sicut
1727 644 1919 687 accepimus,
1937 654 1998 688 pro
2048 656 2087 677 pm
2102 657 2186 684 connato

1258 698 1380 731 salubri
1399 698 1529 740 collegii
1549 708 1604 731 seu
1624 697 1787 730 seminarii
1806 683 2186 734 Italo-Grae-l'ff.¹‚31'n‘{l32⁰'¹1¹3

1259 761 1370 784 corum
1399 750 1640 790 Albanensium,
1660 751 1746 794 quod
1764 761 1868 793 nuper
1893 750 1926 783 in
1947 737 2079 794 op-⁸¹'¹³⁹'

1258 805 1335 847 pido
1350 804 1378 837 S.
1396 805 1562 838 Benedicti
1582 804 1621 837 de
1639 804 1754 837 Ullano
1768 803 2000 837 Bisinianensis

1259 857 1419 891 dioecesis
1445 858 1661 897 instituimus,
1688 868 1705 890 a
1730 857 1834 900 gentis
1869 862 2000 890 nostrae

1259 911 1390 944 nomine
1424 911 1553 945 Corsz'ni
1588 910 1765 954 nuncupati
1783 938 1790 952 ,
1823 910 1997 953 gubernio,

1260 965 1482 1008 prosperaque
1517 964 1603 997 illius
1628 965 1831 997 alumnorum
1857 974 1943 997 nune
1968 969 2001 997 et

1259 1028 1317 1060 pro
1344 1023 1491 1060 tempore
1516 1017 1723 1050 existentium
1742 1017 1773 1049 in
1794 1017 1845 1050 via
1868 1017 2002 1050 manda-

1261 1076 1365 1104 torum
1392 1071 1517 1104 Domini
1545 1070 1735 1110 directione,
1753 1070 1898 1104 diversae
1924 1080 2002 1103 con-

1260 1124 1446 1157 stitutiones
1467 1135 1522 1157 seu
1543 1125 1675 1166 regulae
1694 1124 1843 1156 conditae
1861 1134 1896 1156 ac
1912 1133 2002 1166 prae-

1260 1179 1398 1220 scriptae
1431 1177 1573 1217 fuerint,
1602 1176 1725 1210 tenoris
1751 1176 1806 1220 qui
1842 1176 2001 1220 sequitur,

1260 1231 1425 1264 videlicet:

2034 1324 2103 1344 Tener
2113 1324 2191 1350 regula·

1399 1314 1648 1346 COSTITUZIONI
1671 1315 1693 1346 O
1716 1314 1858 1346 REGOLE
2012 1357 2056 1372 rum

1260 1383 1287 1413 da
1309 1383 1428 1413 osservarsi
1450 1382 1510 1422 daqli
1531 1382 1606 1412 alanni
1627 1382 1661 1411 del
1683 1382 1775 1421 collegio
1795 1381 1904 1422 pontificio
1919 1381 2003 1414 Cossini

1452 1432 1473 1461 di
1495 1431 1515 1461 S.
1539 1431 1653 1461 Benedetto
1675 1430 1704 1460 da
1725 1430 1808 1460 Uttano.

1531 1520 1605 1541 CAPO
1628 1518 1729 1542 PRIMO.

1260 1579 1329 1609 Fine
1350 1579 1536 1615 dell'istituto,
1557 1589 1571 1608 e
1593 1579 1669 1618 quali
1700 1579 1854 1608 condiztoni
1886 1579 2002 1609 debbano

1299 1638 1381 1658 avere
1401 1628 1441 1667 gli
1462 1628 1561 1658 alanni
1582 1628 1616 1657 da
1637 1628 1769 1657 ric-eversi
1789 1628 1819 1658 in
1840 1627 1961 1666 collegio.

1300 1695 1409 1725 Perche
1433 1694 1458 1724 la
1482 1695 1527 1734 pia
1551 1694 1717 1724 intenzione
1739 1694 1773 1724 ed
1796 1694 1817 1724 il
1836 1694 1893 1724 tine
1914 1698 2002 1725 avuto

1260 1743 1467 1774 nell'erezione
1490 1743 1517 1773 (Ii
1541 1747 1643 1782 questo
1675 1742 1797 1781 collegio
1820 1743 1897 1773 dalla
1919 1747 2001 1773 santa

1260 1796 1356 1822 mente
1384 1792 1430 1822 del
1454 1791 1605 1821 sondatore
1631 1791 1780 1822 Clemente
1802 1791 1852 1821 XII
1883 1792 1898 1821 e
1926 1795 2000 1822 stata
2229 1796 2232 1812 ¹

1259 1840 1287 1870 di
1312 1840 1490 1879 provvedere
1512 1840 1538 1870 ai
1561 1840 1676 1878 bisogni
1699 1840 1845 1879 spirituali
1861 1840 1936 1879 degli
1953 1840 2002 1870 Al·
2229 1854 2232 1867 ι

1259 1889 1361 1919 banesi
1385 1889 1578 1919 commoranti
1601 1889 1648 1919 nel
1670 1898 1760 1927 regno
1784 1889 1812 1919 di
1827 1889 1942 1928 Napoli,
1959 1889 2002 1920 vi-

1259 1987 1355 2017 idonei
1389 1996 1441 2027 per
1464 1987 1490 2017 la
1513 1995 1580 2016 cura
1615 1986 1644 2016 di
1679 1986 1774 2025 quelle
1803 1986 1910 2025 anime,
1935 1996 1950 2017 e
1972 1987 2002 2017 di

1260 2037 1317 2066 tale
1340 2036 1505 2075 persezione
1529 2036 1582 2065 che
1605 2044 1659 2064 con
1675 2035 1702 2065 la
1719 2035 1777 2064 vita
1794 2044 1809 2065 e
1828 2035 1889 2065 loro
1911 2034 2002 2066 buoni

1260 2085 1383 2115 costumi
1411 2094 1469 2114 non
1498 2084 1559 2114 solo
1588 2084 1744 2123 procurino
1776 2083 1805 2113 di
1838 2084 2002 2114 assicurare

1260 2135 1285 2164 la
1310 2134 1424 2173 propria
1448 2137 1547 2163 eterna
1571 2133 1664 2163 salute
1679 2156 1686 2169 ‚
1710 2142 1756 2162 ma
1779 2142 1860 2162 come
1883 2133 2002 2163 lucerne

1261 2187 1343 2222 poste
1376 2191 1460 2221 sopra
1484 2181 1644 2211 candelieri
1668 2190 1792 2211 servano
1814 2182 1843 2211 di
1866 2181 1952 2220 guida
1975 2182 2002 2212 ai
2220 2179 2232 2213 ἰ

1262 2231 1369 2271 popoli,
1406 2230 1432 2260 ai
1467 2230 1626 2269 peccatori,
1652 2239 1666 2259 e
1690 2230 1925 2260 massimamente
1953 2230 2003 2260 alli

1262 2280 1433 2316 scismatici,
1453 2280 1578 2309 astinelie
1594 2279 1739 2310 ritornino
1761 2279 1837 2310 nella
1861 2279 1905 2309 via
1928 2279 2003 2310 della

1262 2330 1352 2359 verita
1376 2339 1391 2359 e
1414 2329 1488 2359 della
1512 2329 1663 2367 giustizia3

1303 2378 1324 2408 A
1351 2378 1406 2408 tale
1431 2378 1528 2407 effetto
1545 2382 1678 2417 pertanto
1698 2377 1862 2408 s'ineariea
1885 2386 1899 2407 a
1923 2386 2003 2408 mon-

1262 2429 1361 2466 signor
1385 2427 1551 2467 presidente
1571 2437 1623 2466 pro
1647 2431 1766 2467 tempore
1794 2427 1821 2456 di
1846 2426 1925 2457 detto
1947 2427 2004 2457 eol-

1263 2477 1350 2515 legio,
1367 2477 1396 2506 di
1412 2485 1469 2506 non
1487 2479 1658 2506 ammettere
1682 2475 1839 2514 ne’luoghi
1855 2475 1883 2505 di
1900 2475 2003 2505 alunni

1262 2535 1293 2555 se
1318 2535 1375 2555 non
1399 2525 1466 2565 quei
1489 2525 1542 2554 ebe
1566 2534 1624 2554 non
1647 2524 1744 2554 hanno
1773 2525 1809 2554 ne
1837 2524 1885 2564 piu
1907 2524 1935 2554 (li
1958 2534 2003 2554 se-

1262 2574 1318 2604 dici
1341 2574 1376 2603 ne
1399 2583 1484 2603 meno
1507 2572 1534 2603 (li
1558 2573 1653 2603 dodici
1676 2572 1745 2603 anni
1768 2572 1856 2609 d’eta,
1881 2572 2004 2602 l'indole

1262 2623 1391 2663 de’quali
1414 2622 1523 2653 sembri
1538 2621 1588 2662 piu
1609 2621 1685 2660 degli
1708 2621 1775 2652 altri
1797 2621 1925 2661 disposta
1947 2621 2003 2652 alla
