2232 3178
18 213 66 241 An.
85 211 112 238 C.
129 209 194 237 ¹738

825 211 968 236 CLEMENS
993 212 1038 236 x11
1062 213 1110 237 Pr.

242 265 289 287 vn.
309 256 424 287 Primae
441 261 469 287 et
484 258 628 288 secundae
644 268 782 313 vesperae
799 264 943 290 canantur

986 265 1095 291 attento
1119 262 1203 293 unius
1208 263 1349 302 cuiusque
1366 263 1464 294 labore
1480 268 1509 294 et
1524 264 1727 303 occupatione,

203 306 231 336 in
247 305 382 336 omnibus
402 306 609 337 festivitatibus
628 307 739 347 primae
755 313 780 337 et
799 309 965 341 secundme
986 314 1011 339 et
1035 310 1098 340 loco
1120 311 1207 340 officii
1230 312 1342 349 divini,
1366 312 1476 350 singuli
1499 313 1622 342 recitent
1645 314 1730 352 quin-

203 354 313 391 classis,
331 364 405 394 quae
428 355 462 385 ad
481 356 634 386 colendum
654 358 897 396 pronunciantur,
915 344 965 388 et

202 403 331 433 eiusdem
355 404 440 441 litus,
458 406 591 443 quamvis
614 415 671 435 non
688 406 829 439 colantur,
849 406 876 435 in
898 406 943 435 his

202 461 274 491 quae
297 452 404 482 suerint
422 453 528 483 Christi
551 454 660 483 domini
683 455 804 493 eiusque
821 455 944 483 sanctis·
963 455 965 460 ’

202 501 292 530 simae
310 501 420 538 Matris,
439 506 608 532 sanctorum
633 503 867 541 patriarcharum
893 512 943 531 no-

202 554 339 583 strorum,
359 549 487 579 titularis
510 550 633 580 alicuius
656 551 794 587 familiae,
828 551 944 589 provin-

201 598 275 635 ciae,
298 603 459 628 conventus
476 599 519 628 vel
543 599 669 637 collegii,
693 603 780 638 atque
804 602 832 629 S.
851 600 943 637 Agne-

201 647 237 676 tis
260 647 407 683 secundm
442 647 471 677 in
500 648 623 687 reliquis
646 658 714 677 vero
736 648 942 678 festivitatibus
963 662 965 667 v

201 694 319 726 Ordinis
346 696 456 735 primae
487 701 598 726 tantuin
627 707 765 736 vesperae
786 702 940 733 canantur,

200 753 339 783 vesperae
355 748 451 774 autem
468 745 612 775 secundae
628 750 794 775 sanctorum
812 746 941 775 omnium

200 793 335 823 dicantur
357 793 420 822 sine
444 798 542 829 cantu,
567 800 594 824 et
617 796 658 824 eis
681 795 770 824 finitis
800 798 943 824 canantur

201 851 338 881 vesperae
373 842 599 872 defunctorum.
637 843 667 873 si
704 848 799 872 tamen
837 844 940 873 festum

200 891 335 922 Omnium
359 891 532 921 Sanctorum
556 892 723 922 celebretur
746 893 775 921 in
799 891 940 930 sabbato,

202 949 303 971 eorum
320 940 464 970 secundae
487 950 626 980 vesperae
643 945 711 971 tunc
731 946 899 979 cantentur,
913 942 941 971 in

200 990 246 1019 die
261 989 407 1019 dominica
423 990 557 1028 sequenti
575 999 712 1029 vesperae
725 990 940 1020 defunctorum.

199 1038 231 1068 In
255 1038 391 1068 omnibus
418 1043 512 1068 autem
546 1039 676 1077 vesperis
707 1039 860 1068 cantandis
883 1043 942 1069 tres

200 1087 377 1127 quadrantes
393 1087 481 1117 horae
497 1092 721 1124 consumentur3
740 1088 767 1117 in
784 1087 942 1117 recitandis

200 1146 280 1175 vero,
297 1136 357 1166 sere
373 1136 492 1166 dimidia
508 1137 590 1166 liora.
608 1136 747 1175 Superior
769 1137 817 1175 qui
841 1145 943 1175 supra-

200 1185 274 1215 dicta
298 1185 423 1214 celerius
445 1185 558 1215 cantari
589 1185 633 1214 vel
666 1185 782 1214 recitari
806 1185 943 1224 permise-

199 1234 250 1272 rit,
274 1243 373 1264 severe
397 1233 544 1273 puniatur.

238 1291 298 1313 vlu.
323 1283 486 1318 Praedicta,
512 1283 630 1322 quaein
647 1282 854 1312 festivitatibus
878 1283 943 1312 cani

200 1332 328 1370 dehent,
362 1341 420 1361 non
453 1332 666 1361 concionantur
699 1332 815 1371 quando
848 1332 943 1362 dictae

200 1380 373 1411 festivitates
391 1380 622 1418 transferuntur,
641 1380 690 1409 sed
715 1385 828 1409 tantum
852 1390 944 1419 quan-

200 1429 236 1459 do
258 1429 288 1459 in
312 1429 437 1469 propriis
459 1428 562 1458 dicbus
585 1428 619 1458 ab
636 1429 767 1458 Ecclesia
783 1429 943 1467 designatis

201 1478 398 1514 celebrentur3
415 1487 472 1508 non
490 1482 585 1508 tamen
600 1482 755 1517 propterea
770 1478 941 1515 omittenda,

201 1528 249 1558 sed
273 1528 416 1558 cantanda
440 1532 483 1557 est
509 1528 597 1557 missa
628 1528 657 1557 in
688 1537 873 1567 quocumque
896 1528 943 1557 die

200 1577 315 1616 feriato,
332 1577 466 1616 quamvis
484 1577 518 1607 (le
535 1577 608 1607 sesto
633 1577 712 1607 illius
734 1577 790 1607 diei
814 1577 942 1606 officium

200 1637 258 1657 non
275 1627 339 1664 fiat,
356 1635 409 1656 nec
425 1626 568 1656 cantanda
585 1630 652 1656 sunt
669 1625 836 1665 supradicta
853 1635 944 1665 quan-

200 1676 236 1707 do
258 1676 288 1706 in
312 1676 399 1706 choro
422 1685 479 1705 non
503 1676 562 1705 sint
596 1676 698 1705 saltem
731 1685 780 1705 sex
814 1676 943 1714 religiosi

201 1725 249 1764 qui
273 1733 378 1754 canere
403 1724 524 1763 possint.
543 1724 627 1754 Missa
651 1734 718 1754 vero
741 1728 768 1754 et
791 1724 846 1753 alia
870 1734 944 1763 quae

200 1774 313 1805 ratione
335 1774 501 1804 donationis
534 1774 576 1804 vel
611 1774 817 1812 eleemosynae
845 1778 944 1804 essent

201 1823 330 1853 canenda
364 1832 429 1853 cum
454 1822 654 1862 paucioribus,
678 1827 706 1852 et
728 1823 815 1852 etiam
840 1823 864 1852 si
886 1824 944 1852 sint

202 1873 399 1903 solemnitates
419 1873 588 1909 translatae,
614 1873 679 1902 cani
701 1871 819 1901 debent.

239 1931 280 1952 lx.
303 1921 419 1959 Totum,
438 1922 514 1960 quod
531 1921 561 1950 in
578 1921 673 1950 osticio
689 1920 788 1950 divino
811 1925 839 1950 et
854 1921 944 1950 missit

201 1975 348 2009 cantatur,
373 1971 410 2000 sit
433 1975 500 2000 tono
533 1970 631 2009 plano,
651 1969 778 2008 aequali,
803 1969 884 2008 gravi
917 1974 944 1999 ct

201 2019 314 2056 devoto,
331 2019 441 2059 absque
457 2019 654 2048 modulatione
677 2022 705 2048 et
727 2018 872 2055 armoni-21,
890 2019 943 2048 sub

201 2069 296 2108 poena
318 2068 419 2107 culpae
442 2068 537 2106 gravis
560 2067 806 2105 contravenienti,
831 2071 859 2097 et
881 2077 944 2097 sus-

202 2116 350 2156 pensionis
382 2115 417 2145 ab
446 2116 542 2145 officio
569 2116 715 2155 superiori
746 2116 941 2155 permittenti.

202 2163 279 2200 Quae
302 2168 397 2194 autem
422 2164 597 2201 recitantur,
630 2173 696 2194 curn
726 2164 879 2194 devotione
901 2164 945 2194 di-

202 2217 306 2243 cantur
327 2217 355 2243 et
377 2214 549 2252 pausatione
572 2214 750 2253 competenti
781 2223 833 2252 pro
864 2213 943 2243 insu-

203 2262 305 2293 mendo
328 2263 421 2302 spatio
445 2263 584 2302 temporis
606 2263 768 2301 designato.

243 2321 270 2341 x.
293 2311 428 2342 Officium
461 2321 583 2350 parvum
616 2312 647 2341 B.
678 2311 806 2349 Vir-ginis
839 2311 945 2341 Mariae

202 2360 232 2390 in
264 2360 398 2390 omnibus
440 2360 631 2389 conventibus
672 2361 812 2390 recitetur
843 2359 945 2390 diebus

203 2408 233 2439 in
251 2409 395 2439 breviario
411 2409 578 2447 assignatis,
599 2414 626 2439 et
643 2410 776 2448 quamvis
792 2419 849 2439 non
866 2412 946 2439 tanta

204 2458 385 2496 pausatione,
409 2459 519 2497 quantit
542 2458 648 2494 maius,
678 2468 735 2488 non
765 2463 861 2488 tamen
892 2458 946 2488 nii-

203 2507 269 2537 nori
291 2507 456 2537 devotione.

245 2565 282 2586 xl.
306 2556 423 2586 Fratres
445 2556 512 2586 laici
534 2556 673 2586 assistant
700 2556 804 2586 officiis
826 2556 944 2595 divinis,

205 2604 286 2636 iuxta
317 2605 490 2645 prudentem
524 2605 684 2645 superioris
713 2605 945 2644 dispositionem,

963 369 1061 403 quag
1067 360 1107 389 ies
1141 361 1304 390 oiationem
1329 335 1529 399 dominicam,
1552 366 1580 392 et
1610 363 1728 392 totidem

963 409 1100 451 virilius
1122 410 1326 440 salutationem
1353 411 1524 449 angelicam,
1549 421 1653 451 nempe
1678 422 1729 451 pro

987 458 1127 487 Matutino
1160 459 1348 498 quindecies,
1380 469 1431 499 pro
1465 460 1610 490 Laudibus
1642 461 1729 500 quin-

986 505 1085 544 quies,
1109 511 1136 535 et
1159 516 1211 545 pro
1234 510 1410 547 unaquaque
1434 509 1511 538 llora
1534 509 1621 539 etiam
1645 509 1731 548 quin-

988 564 1084 593 quies.

1026 612 1075 632 xit.
1100 603 1276 641 Rcligiosus,
1294 605 1342 644 qui
1359 605 1502 636 Matutino
1525 606 1651 636 abfuerit
1667 607 1730 637 sine

987 652 1118 688 licentia,
1144 658 1280 682 vescatur
1308 654 1336 682 in
1370 657 1449 683 terra
1475 656 1538 685 sine
1566 656 1674 695 capitio
1700 657 1729 686 id

963 701 1063 739 ,quod
1096 701 1202 731 ceteris
1236 702 1430 738 ministratur,
1457 708 1573 743 praeter
1608 705 1729 744 piscem,

987 749 1031 779 vel
1059 750 1133 789 quod
1162 750 1224 779 eius
1253 750 1315 779 loco
1344 757 1520 789 praestatur.
1550 753 1578 782 Si
1603 762 1669 782 vero
1692 754 1731 783 al-

987 798 1039 827 tori
1064 800 1238 837 cuicumque
1256 799 1348 828 llorae
1364 801 1521 830 canonicae
1538 810 1595 830 non
1612 801 1730 831 adstite-

987 847 1034 883 rit,
1059 845 1180 876 arbitrio
1203 847 1364 885 superioris
1388 849 1539 887 puniatur.

1027 903 1088 923 xni.
1112 894 1253 934 Tempore
1284 895 1450 926 divinorum
1477 897 1641 928 officiorum
1668 899 1731 928 nul-

987 943 1031 972 lus
1053 943 1116 972 sine
1139 944 1255 981 urgenti
1279 945 1452 974 necessitate
1481 946 1657 984 praesidenti
1680 957 1730 976 ex-

989 992 1142 1030 primenda
1158 1016 1164 1027 ‚
1194 998 1221 1022 et
1244 1003 1309 1022 cum
1334 994 1414 1023 illius
1441 994 1581 1031 licentia,
1606 1005 1619 1024 a
1643 996 1731 1026 choro

986 1045 1083 1079 exeat,
1108 1042 1165 1071 nisi
1189 1042 1222 1071 ad
1244 1052 1304 1071 rem
1330 1042 1384 1081 ipsi
1409 1043 1498 1072 choro
1514 1048 1541 1073 et
1557 1044 1653 1073 officio
1669 1053 1732 1082 per-

987 1090 1140 1119 tinentem.
1165 1091 1331 1130 Eademque
1355 1101 1440 1121 causa
1458 1096 1486 1121 et
1507 1092 1625 1122 licentia
1649 1102 1732 1132 prae-

987 1139 1081 1177 cedat,
1116 1140 1359 1179 quotiescumque
1392 1141 1499 1180 aliquis
1532 1141 1688 1179 religiosus
1715 1151 1731 1171 a

987 1188 1117 1227 quolibet
1139 1194 1205 1218 actu
1229 1189 1378 1219 communi
1402 1199 1574 1227 egressurus
1597 1191 1696 1220 suerit.

1026 1245 1045 1266 1.
1070 1237 1178 1267 Omnes
1208 1238 1300 1267 nosui
1329 1238 1497 1268 sacerdotes
1526 1239 1650 1277 singulis
1672 1239 1732 1269 die-

987 1286 1040 1315 bus
1073 1296 1155 1316 sacra
1183 1287 1305 1323 ficiant,
1330 1287 1463 1326 exceptis
1497 1288 1571 1317 teria
1604 1297 1631 1325 v,
1655 1298 1682 1318 vt
1704 1293 1733 1319 et
1770 1285 1856 1305 ⁰⁸⁰¹¹
1860 1292 1881 1306 ⁵³
1907 1288 1928 1305 Η

1743 1318 1861 1332 ΕϋΠΙΠΙΙΙΠΙΓ)
1865 1320 1888 1333 nd
1897 1319 1927 1333 FB*

1550 1342 1578 1368 Εἰ
1615 1339 1733 1378 quando
1744 1339 1874 1365 ligiosorutn.

987 1335 1105 1365 sabbato
1138 1336 1258 1366 maioris
1291 1336 1461 1366 hebdomad
1457 1347 1511 1375 ne

987 1385 1103 1423 urgenti
1133 1387 1218 1415 causa
1242 1385 1377 1424 impediti
1402 1386 1532 1416 suerint:
1564 1387 1594 1416 in
1617 1387 1671 1417 hoc
1693 1392 1734 1417 ta-

987 1443 1053 1463 men
1078 1444 1146 1463 casu
1171 1444 1236 1463 cum
1259 1434 1380 1464 licentia
1402 1435 1535 1465 omittent
1558 1436 1731 1475 superioris.

986 1482 1041 1518 Qui
1065 1486 1162 1512 autem
1185 1483 1295 1521 absque
1323 1484 1386 1513 istis
1415 1484 1647 1514 &remurmurans
1670 1495 1731 1514 rein

986 1541 1098 1561 sacram
1124 1532 1217 1561 facere
1242 1532 1384 1569 omiserit,
1420 1542 1493 1571 pane
1517 1537 1630 1562 tantum
1654 1537 1681 1563 et
1703 1543 1733 1563 a-

987 1582 1041 1619 qua
1064 1580 1109 1610 (lic
1134 1582 1189 1609 una
1215 1585 1359 1610 vescatur.

1027 1638 1058 1659 ιι.
1083 1629 1268 1659 Sacrificium
1291 1629 1395 1659 missae
1413 1639 1550 1669 peragere
1573 1630 1680 1660 debent
1703 1631 1732 1661 in

989 1677 1113 1717 propriis
1137 1677 1342 1715 conventibus,
1368 1678 1424 1707 nisi
1448 1679 1594 1718 superior,
1615 1680 1732 1718 urgenti

986 1727 1087 1764 causa,
1111 1731 1139 1756 et
1161 1735 1238 1762 raro,
1256 1727 1404 1756 licentiam
1429 1728 1579 1762 concedat,
1604 1733 1635 1758 ut
1658 1737 1730 1758 non-

987 1775 1085 1804 nullus
1108 1779 1189 1804 extra
1215 1775 1362 1815 propriam
1385 1776 1538 1805 ecclesiam
1571 1777 1729 1807 sacrificet.

1028 1833 1067 1853 111.
1092 1824 1176 1853 Feria
1199 1832 1214 1853 v
1238 1824 1266 1853 in
1290 1824 1387 1854 Coena
1405 1825 1517 1855 Domini
1541 1835 1642 1855 omnes
1664 1826 1732 1855 reli-

986 1873 1059 1910 giosi
1081 1873 1227 1911 recipiant
1249 1882 1359 1903 sacram
1380 1874 1590 1904 Eucliaristiam
1614 1875 1649 1904 de
1673 1884 1733 1904 ma-

987 1931 1025 1951 uu
1049 1922 1094 1951 sui
1118 1922 1252 1961 praelati.
1287 1922 1341 1957 Qui
1372 1923 1537 1953 sacerdotes
1560 1933 1618 1953 non
1642 1928 1730 1961 sunt,

986 1971 1105 2000 caelesti
1128 1981 1158 2001 se
1181 1981 1255 2010 pane
1273 1972 1405 2001 reticiaut
1424 1972 1561 2002 omnibus
1577 1972 1732 2003 dominicis

986 2019 1089 2049 diebus
1112 2024 1139 2049 et
1163 2020 1242 2049 seriis
1264 2029 1281 2049 v
1305 2020 1393 2050 totius
1416 2021 1497 2050 anni.
1515 2021 1612 2050 Potest
1635 2025 1731 2051 tamen

986 2068 1095 2098 functio
1118 2069 1170 2099 ista
1195 2070 1333 2108 anteponi
1369 2070 1412 2099 vel
1447 2070 1579 2109 postponi
1613 2074 1734 2109 propter

987 2117 1101 2156 aliquod
1119 2118 1247 2147 solemne
1262 2118 1378 2147 festum.
1394 2118 1592 2157 Praecipimus
1609 2118 1731 2158 insuper

988 2166 1124 2205 praefatis
1154 2166 1290 2196 omuibus
1319 2166 1458 2196 fratribus
1488 2176 1545 2196 non
1575 2167 1732 2197 sacerdoti-

988 2215 1063 2252 bus,
1092 2216 1169 2255 quod
1193 2216 1324 2255 quotidie
1348 2216 1452 2245 missae
1475 2216 1619 2246 sacrificio
1643 2217 1733 2246 inter-

988 2264 1068 2303 sint,
1092 2264 1145 2294 sub
1173 2266 1264 2304 poena
1294 2264 1396 2294 ieiunii
1420 2264 1448 2294 in
1474 2274 1546 2304 pane
1569 2269 1681 2294 tantum
1705 2269 1733 2294 et

989 2315 1077 2352 aqua.

1029 2371 1066 2391 iv.
1092 2362 1221 2399 Magistri
1245 2363 1423 2392 novitiorum
1446 2367 1473 2393 et
1491 2364 1686 2403 professorum
1703 2363 1732 2393 in

988 2410 1090 2440 diebus
1114 2411 1225 2440 seriatis
1248 2420 1328 2440 sacra
1352 2411 1460 2440 saciant
1483 2412 1512 2440 in
1536 2412 1678 2447 ecclesi2⁴13
1703 2412 1732 2441 in

989 2460 1053 2489 aliis
1080 2459 1184 2489 diebus
1210 2459 1239 2489 in
1266 2460 1391 2489 oratorio
1421 2468 1473 2489 suo
1500 2460 1648 2490 celebrare
1681 2470 1731 2500 po-

990 2512 1096 2538 terunt.

1029 2565 1055 2585 v.
1079 2556 1237 2586 societates
1268 2560 1296 2585 et
1324 2557 1578 2587 confraternitates
1601 2558 1731 2588 saecula-

989 2605 1064 2635 rium
1089 2605 1197 2645 absque
1221 2605 1379 2635 definitorii
1404 2606 1524 2636 licentia
1545 2616 1602 2637 non
1626 2607 1733 2638 admit-

1627 205 1691 239 407
1737 215 1786 241 An.
1809 215 1835 241 c.
1856 215 1922 241 1738
