2232 3178
259 232 307 257 An.
327 230 357 259 C.
384 229 450 256 1736

497 219 559 252 ‘llll¹

453 278 673 317 expressandos,
692 277 777 307 suerit
800 276 835 305 ab
858 275 966 305 eisdem
984 273 1190 305 illustrissimis

453 337 485 357 ac
501 326 754 356 reverendissimis
776 324 901 355 dominis
923 323 1144 363 archiepiscopo
1162 325 1190 352 et

453 375 679 405 archimandrita
696 373 942 411 Messanensibus,
968 382 1019 412 pro
1042 381 1112 411 pace
1131 381 1191 400 mn-

454 426 560 463 tufique
584 422 788 452 benevolentia
810 422 887 451 inter
915 431 964 451 eos
991 421 1019 450 in
1050 424 1191 460 perpetuo

453 472 672 506 conservanda,
696 470 890 509 omnibusque
913 470 1057 499 scandalis
1078 478 1191 508 compe-

453 521 579 557 scendis,
597 520 715 549 remissa
734 520 824 549 l'orma
841 519 1014 548 concordiae
1037 518 1191 547 admodum

454 569 614 598 reverendo
650 568 747 597 abbati
783 568 936 607 utriusque
971 568 1044 597 iuris
1067 567 1193 597 doctoris

454 619 484 648 D.
510 618 611 656 loseph
636 617 737 655 Duglio
759 621 893 656 exparte
909 617 979 646 dicti
1003 616 1192 646 illustrissimi

454 677 485 696 ac
510 665 744 696 reverendissimi
762 666 870 696 domini
887 665 1098 704 archiepiscopi
1122 665 1194 694 Mes-

453 716 600 751 sanensis,
625 720 654 745 et
677 725 711 744 ex
736 720 816 754 parte
838 714 1031 745 illustrissimi
1059 718 1087 743 et
1114 723 1194 743 reve-

453 764 623 794 rendissimi
660 764 770 793 (lumini
802 763 1070 798 archimandritae,
1095 763 1193 793 itidem

453 812 659 850 Messanensis,
684 812 837 852 utriusque
860 812 933 842 iuris
955 813 1065 842 doctori
1088 813 1119 842 D.
1138 813 1195 842 An-

454 862 540 891 dreae
559 861 715 899 Monrliola,
734 866 761 891 et
777 871 828 901 pro
846 863 970 901 utraque
989 865 1072 901 parte
1087 861 1196 891 utrius-

453 920 509 949 qne
544 909 616 939 iuris
650 909 760 939 doctori
784 910 816 939 D.
841 910 997 939 Francisco
1020 910 1194 949 Campagna,

454 963 481 988 et
504 959 605 988 ultimo
631 958 747 988 tandem
778 958 980 988 illustrissimo
1010 962 1038 988 et
1060 968 1196 988 reveren-

454 1008 574 1037 dissimo
606 1008 725 1037 domino
757 1008 838 1038 fratri
872 1008 974 1047 Ioseph
1004 1008 1092 1037 Maria
1118 1008 1197 1038 Peri-

455 1057 543 1086 mezzi
559 1058 695 1095 episcopo
711 1057 868 1096 Oppidensi
886 1057 914 1087 in
933 1058 1057 1096 utraque
1072 1059 1197 1087 censura

455 1105 688 1143 praeclarissimo
704 1106 838 1135 consulto
863 1106 911 1135 llic
935 1106 1083 1136 Messanae
1106 1116 1195 1146 quae-

455 1155 519 1184 dam
539 1155 601 1184 eius
624 1164 711 1193 opera
737 1155 814 1194 typis
837 1156 1000 1185 excudendi
1031 1157 1121 1185 causa
1149 1156 1198 1185 de-

455 1203 545 1241 genti,
560 1208 587 1232 et
599 1203 634 1232 ab
650 1213 695 1241 eo,
710 1204 816 1233 auditis
833 1204 944 1243 pluries
960 1204 1073 1234 iuribus
1089 1205 1198 1234 utrius-

455 1262 510 1290 que
533 1252 633 1291 partis,
658 1261 690 1281 ac
713 1253 790 1281 serio
812 1252 854 1281 eis
879 1253 1043 1291 perpensis,
1067 1253 1197 1293 visisque

458 1300 600 1337 ·.idcndis,
619 1300 812 1330 consideratis
828 1301 1060 1337 considerandis,
1078 1311 1198 1331 concor-

456 1349 531 1385 diae,
551 1349 759 1378 transactionis
781 1353 809 1379 et
832 1349 1055 1388 compositionis
1078 1360 1112 1379 ac
1133 1359 1199 1379 con-

459 1397 603 1426 ventionis
631 1397 796 1436 exemplum
828 1407 999 1436 expressum
1030 1398 1128 1433 suerit,
1152 1408 1199 1428 eo-

457 1455 513 1485 que
535 1445 609 1475 bene
632 1450 659 1475 et
681 1450 792 1476 attente
822 1456 855 1476 ac
885 1451 997 1477 mature
1020 1447 1148 1487 perlecto
1171 1452 1199 1476 et

459 1495 642 1524 considerato
659 1504 673 1524 a
698 1495 868 1525 memoratis
885 1495 1093 1525 illustrissimis
1111 1500 1138 1526 et
1154 1506 1197 1525 re-

458 1543 678 1572 verendissimis
700 1543 825 1573 dominis
847 1543 1069 1583 archiepiscopo
1099 1548 1127 1574 et
1157 1553 1200 1572 ar-

459 1592 652 1622 chimandrita
678 1592 914 1622 Messanensibus
934 1593 1021 1623 suerit
1042 1594 1199 1623 deventum

458 1641 492 1671 ad
529 1641 696 1670 huiusmodi
729 1642 920 1679 concordiae,
946 1642 1150 1672 transactionis
1173 1646 1201 1672 et

460 1691 663 1722 conventionis
700 1690 914 1720 conficiendum
950 1691 1199 1728 instrumentum,

461 1741 590 1770 adhibito
610 1740 643 1769 ad
662 1740 715 1769 hoc
739 1749 789 1779 pro
811 1744 892 1778 parte
915 1740 985 1769 dicti
1006 1739 1200 1770 illustrissimi

460 1800 493 1819 ac
517 1789 752 1819 reverendissimi
768 1789 877 1818 domini
898 1789 1113 1828 archiepiscopi
1130 1789 1202 1818 Mes-

461 1838 612 1876 sanensis,
636 1847 780 1867 consensu
809 1837 963 1867 admodum
994 1837 1202 1867 reverendissi-

460 1897 574 1917 morum
605 1887 788 1916 dominorum
818 1887 994 1924 dignitatum
1028 1896 1061 1916 ac
1083 1887 1203 1916 canoni-

462 1945 562 1965 corum
596 1936 683 1965 huius
715 1939 831 1965 sanctae
859 1936 1202 1975 proto-metropolitanae

463 1984 657 2014 Messanensis
690 1984 830 2013 ecclesiae
862 1984 1002 2013 maiorem
1033 1988 1143 2022 partem
1176 1989 1204 2014 et

465 2037 556 2062 totum
579 2042 685 2072 corpus
707 2032 945 2062 reverendissimi
977 2032 1097 2072 capituli
1130 2033 1205 2062 eius-

464 2082 527 2111 dem
562 2081 902 2121 proto-metropolitanae
930 2080 1126 2110 Messanensis
1160 2090 1205 2110 ec-

464 2131 569 2161 clesiae
592 2130 895 2169 rappresentantium3
917 2130 1001 2160 cuius
1023 2130 1139 2170 quidem
1163 2130 1207 2159 in-

462 2183 660 2209 strumentum
675 2179 777 2216 forma,
791 2178 900 2217 absque
914 2178 1030 2218 publica
1043 2182 1070 2208 et
1083 2178 1205 2208 solemni
1227 2191 1228 2197 ¹

465 2229 668 2267 stipulatione,
692 2227 747 2256 nisi
777 2227 895 2256 obtento
918 2227 999 2266 prius
1021 2227 1206 2266 beneplacito

466 2277 627 2316 apostolico
650 2286 664 2305 a
689 2277 796 2305 Sancta
818 2276 891 2306 Sede
923 2281 951 2306 et
982 2286 995 2306 a
1027 2278 1113 2306 sacra.
1134 2277 1208 2306 Con-

466 2327 636 2364 gregatione
654 2325 953 2355 eminentissimorum
976 2330 1004 2355 et
1026 2326 1209 2356 reverendis-

462 2377 607 2405 simorum
641 2375 670 2404 S.
703 2375 736 2403 ll.
768 2374 799 2403 E.
830 2374 1022 2403 cardinalium
1050 2374 1084 2403 ad
1121 2384 1206 2413 quam

467 2428 591 2462 spectat,
609 2421 811 2461 subsequenti
837 2426 937 2451 tenore
961 2432 993 2451 ae
1017 2422 1138 2461 pleniori
1163 2432 1206 2452 se-

467 2483 509 2502 ire
534 2472 706 2511 perlegitur,
732 2470 890 2500 videlicet:
914 2470 998 2507 Iesus,
1014 2475 1070 2500 etc.
1089 2471 1208 2500 Cunctis

464 2525 564 2560 pateat
587 2520 706 2559 ubique,
727 2524 755 2549 ct
774 2519 925 2549 evidenter
947 2519 984 2548 sit
1000 2523 1114 2556 notum,
1132 2520 1207 2558 quod

463 2570 492 2599 in
510 2571 611 2598 nostra
631 2568 735 2598 notarii
754 2568 930 2607 testiumque
952 2567 1208 2606 infrascriptorum

464 2618 637 2658 praesentia
659 2617 851 2657 personaliter
873 2616 1040 2647 constitutis
1072 2616 1210 2646 illustris-

1039 224 1222 249 BULLARIUM
1249 223 1405 248 ROMANUM

1233 272 1306 302 simo
1340 276 1368 303 et
1399 272 1645 302 reverendissimo
1674 271 1791 303 domino
1813 271 1845 302 D.
1869 271 1973 311 Ioseph

1234 321 1407 360 Migliaccio,
1426 321 1476 351 Dei
1499 325 1527 351 et
1550 325 1666 351 sanctae
1688 321 1770 351 Sedis
1789 320 1974 360 Apostolicae

1234 370 1329 408 gratia
1357 370 1494 410 episcopo
1524 369 1700 399 Messanensi
1715 394 1722 404 ,
1745 369 1851 399 comite
1873 368 1974 407 Regal-

1234 421 1325 459 hruti,
1343 420 1459 450 domino
1475 420 1607 449 Alcariae
1623 418 1731 448 barone
1750 419 1822 457 Boii,
1837 418 1975 457 regioque

1234 469 1415 506 consiliario,
1433 473 1487 498 etr.
1506 469 1585 507 (cum
1608 477 1750 498 consensu
1774 471 1868 497 tamen
1888 467 1975 496 infra-

1239 519 1417 558 scriptarum
1445 517 1600 547 admodum
1627 516 1853 546 reverendorum
1883 515 1977 553 digni-

1239 571 1334 597 tatum
1359 571 1387 596 et
1410 566 1616 596 canonicorum
1635 565 1721 595 huius
1743 568 1860 594 sanctae
1882 568 1978 603 proto-

1238 616 1480 655 metropolitanae
1494 614 1687 644 Messanensis
1703 614 1856 650 ecclesiae,
1867 613 1978 643 scilicet

1239 665 1394 703 utriusque
1418 664 1492 693 iuris
1514 663 1641 693 doctoris
1668 663 1700 692 Ι).
1724 662 1853 693 Caietani
1876 661 1978 700 Buglio

1238 713 1341 742 decani
1360 717 1388 742 et
1410 712 1542 742 canonici
1567 712 1721 751 utriusque
1744 711 1817 740 iuris
1839 710 1977 745 doctoris,

1238 762 1269 792 D.
1294 761 1511 792 Bartholomaei
1532 761 1656 791 Castello
1679 760 1807 790 cantoris
1836 763 1865 789 et
1893 768 1980 791 cano-

1240 811 1296 840 nici
1312 834 1319 847 ,
1342 811 1498 850 utriusque
1530 810 1605 840 iuris
1637 813 1665 840 et
1696 818 1795 839 sacrae
1818 808 1980 847 theologiae

1239 860 1376 896 doctoris,
1401 860 1431 889 D.
1454 859 1587 897 Gregorii
1610 858 1686 888 Milia
1721 856 1919 888 archidiaconi
1951 860 1980 887 et

1240 908 1385 945 canonici,
1412 908 1565 947 utriusque
1586 907 1659 937 iuris
1681 907 1823 945 doctoris,
1840 907 1872 936 D.
1890 906 1981 936 Anto-

1240 958 1302 987 nini
1319 957 1437 987 Galletti
1459 956 1613 996 utriusque
1635 956 1708 985 iuris
1724 956 1865 993 doctoris,
1885 955 1917 985 D.
1936 955 1982 985 Di-

1240 1006 1303 1035 daci
1326 1005 1507 1043 Migliorino,
1531 1005 1563 1035 D.
1587 1005 1705 1034 loannis
1727 1004 1847 1035 Antonii
1878 1006 1980 1041 Muno,

1241 1054 1272 1084 D.
1290 1054 1436 1084 Vincentii
1460 1053 1538 1089 Feri,
1555 1054 1585 1083 D.
1601 1053 1743 1083 Dominici
1767 1053 1864 1089 Rizzo,
1879 1053 1912 1082 D.
1926 1052 1982 1082 An-

1243 1103 1334 1132 tonini
1358 1103 1496 1137 Granuta,
1521 1102 1553 1132 D.
1577 1102 1718 1132 Antonini
1742 1101 1842 1135 Colita,
1866 1101 1897 1130 D.
1915 1101 1984 1131 Cae-

1242 1151 1317 1180 saris
1335 1151 1464 1187 Castelli,
1488 1151 1520 1181 D.
1544 1151 1693 1181 Francisci
1718 1151 1869 1185 Brancato,
1891 1150 1923 1180 D.
1941 1150 1984 1179 Io-

1242 1200 1327 1229 annis
1345 1200 1466 1237 Marino,
1484 1200 1516 1229 D.
1534 1200 1669 1239 Gasparis
1685 1199 1830 1237 Calcagni,
1853 1199 1884 1229 D.
1902 1199 1984 1237 lgna-

1244 1249 1275 1278 tii
1298 1249 1382 1279 Caeta
1405 1254 1433 1278 et
1452 1249 1484 1279 D.
1509 1249 1652 1279 Friderici
1669 1249 1818 1286 Moneada,
1842 1249 1983 1278 maiorem

1243 1302 1354 1336 partem
1378 1302 1405 1327 et
1428 1302 1521 1327 totum
1544 1307 1650 1336 corpus
1677 1297 1913 1327 reverendissimi
1937 1306 1985 1326 ca-

1243 1347 1327 1386 pituli
1350 1347 1480 1377 eiusdem
1505 1346 1847 1386 proto-metropolitanae
1879 1346 1986 1376 Messa-

1243 1396 1343 1427 nensis
1365 1396 1505 1426 ecclesiae
1526 1395 1841 1435 rappresentantium),
1867 1404 1985 1424 necnon

1244 1444 1444 1475 illustrissimo
1455 1448 1483 1474 et
1498 1444 1742 1474 reverendissimo
1755 1443 1873 1473 domino
1886 1443 1917 1473 D.
1931 1443 1987 1474 Sil-

1245 1495 1290 1524 vio
1318 1494 1431 1525 Valenti
1466 1494 1598 1532 Gonzaga
1631 1493 1857 1523 archimandrita
1880 1493 1987 1523 Messa-

1245 1543 1338 1581 nensi,
1364 1547 1392 1573 et
1415 1543 1449 1573 ad
1474 1543 1544 1573 haec
1567 1542 1664 1572 omnia
1689 1541 1874 1581 infrascripta
1898 1551 1987 1580 agen-

1246 1592 1324 1622 tibus
1351 1596 1378 1621 et
1401 1590 1646 1627 devenientibus,
1671 1600 1774 1629 nempe
1806 1590 1885 1620 dicto
1919 1590 1985 1620 illu-

1245 1640 1388 1670 strissimo
1412 1644 1440 1669 et
1464 1639 1710 1669 reverendissimo
1741 1638 1857 1668 domino
1879 1637 1914 1668 de
1937 1638 1987 1668 Mi-

1245 1689 1367 1728 gliaccio
1396 1689 1437 1719 uti
1464 1688 1684 1727 archiepiscopo
1708 1687 1897 1725 Messanensi,
1920 1697 1985 1717 cum

1246 1748 1402 1775 consensu,
1421 1742 1451 1768 ut
1470 1747 1570 1777 supra,
1587 1737 1656 1767 dicti
1680 1737 1917 1767 reverendissimi
1940 1746 1988 1767 ca-

1247 1786 1351 1826 pituli,
1375 1790 1403 1816 et
1438 1795 1489 1825 pro
1511 1795 1542 1816 se
1566 1796 1597 1815 ac
1621 1786 1738 1815 nomine
1769 1789 1796 1815 et
1825 1795 1876 1825 pro
1905 1790 1987 1825 parte

1247 1835 1513 1865 illustrissimorum
1548 1839 1576 1864 et
1608 1834 1919 1864 reverendissimorum
1941 1843 1988 1865 ar-

1247 1884 1501 1923 chiepiscoporum
1525 1883 1754 1913 Messanensium
1782 1892 1832 1922 pro
1857 1887 1988 1922 tempore

1247 1936 1275 1961 et
1297 1932 1324 1960 in
1348 1936 1519 1970 perpetuum
1536 1931 1735 1969 existentium,
1754 1935 1834 1970 parte
1858 1941 1892 1961 ex
1917 1933 1986 1966 una,

1248 1980 1384 2020 dictoque
1408 1980 1607 2010 illustrissimo
1626 1985 1654 2010 et
1670 1980 1916 2010 reverendissimo
1938 1980 1989 2010 do-

1250 2030 1327 2059 mino
1350 2029 1385 2059 de
1409 2030 1520 2059 Valenti
1537 2029 1668 2067 Gonzaga
1692 2029 1734 2059 uti
1756 2029 1988 2059 archimandrita

1250 2078 1445 2116 Messanensi,
1470 2088 1502 2108 ac
1525 2087 1577 2117 pro
1600 2087 1630 2107 se
1653 2082 1680 2107 et
1702 2077 1832 2115 nomine,
1857 2079 1988 2117 proque¹

1252 2132 1330 2167 parte
1347 2128 1614 2157 illustrissimorum
1631 2131 1658 2157 et
1673 2127 1988 2157 reverendissimorum

1251 2178 1414 2206 futurorum
1431 2176 1725 2206 archimandritarum
1742 2175 1989 2213 Messanensium,

1253 2230 1333 2264 parte
1349 2235 1383 2254 ex
1400 2225 1501 2260 altera,
1519 2224 1589 2254 mihi
1607 2224 1720 2254 notario
1744 2223 1829 2262 plene
1851 2223 1989 2261 cognitiS,

1253 2275 1306 2303 t'uit
1330 2284 1380 2314 pro
1402 2274 1584 2303 deveniendo
1610 2273 1644 2302 ad
1675 2273 1893 2312 infrascriptam
1922 2282 1991 2302 con-

1252 2325 1429 2358 ventionem,
1465 2322 1723 2360 compositionem,
1760 2321 1989 2351 transactionem

1252 2376 1280 2402 et
1299 2371 1484 2401 concordiam
1500 2371 1666 2410 expositum
1683 2379 1781 2400 coram
1797 2369 1892 2407 nobis,
1910 2369 1987 2408 quod

1253 2421 1327 2450 infra
1352 2421 1524 2459 perlegitur,
1549 2419 1703 2449 videlicet:
1737 2419 1822 2448 Anno
1854 2418 1993 2448 lucarna-

1253 2470 1342 2499 tionis
1357 2469 1519 2499 dominicae
1534 2477 1623 2498 chv1
1642 2467 1786 2505 Rogerius
1802 2476 1853 2496 rex
1872 2475 1993 2505 magnae

1253 2518 1437 2548 celsitudinis
1459 2522 1487 2547 et
1508 2517 1679 2546 recolendae
1695 2516 1854 2546 memoriae
1876 2515 1904 2545 in
1929 2524 1993 2555 pro-

1254 2566 1348 2596 vincia
1371 2571 1398 2596 et
1422 2565 1548 2596 dioecesi
1580 2564 1758 2595 Messanensi
1781 2563 1990 2593 monasterium

1292 2620 1299 2646 1
1325 2619 1373 2646 Ed.
1386 2618 1465 2646 Main.
1479 2618 1542 2654 legit
1556 2626 1607 2653 pro
1624 2626 1681 2653 qua
1697 2616 1753 2644 vice
1765 2624 1876 2652 proque
1894 2622 1931 2652 tn.
1943 2617 1994 2651 τ.),

1987 223 2035 249 An.
2049 223 2077 250 C.
2104 222 2166 252 1786
