2232 3178
44 173 97 201 An.
111 171 140 199 G.
162 170 231 200 1740

85 1021 178 1041 Clemens
194 1021 219 1042 lx

37 1047 157 1068 huiusmodi
170 1054 218 1068 cou-

36 1080 154 1094 cessiunem
185 1081 218 1095 ex-
230 1066 353 1098 moriae
379 1066 524 1107 Clemens
551 1067 636 1110 Papa
660 1067 713 1106 tx,
735 1067 846 1099 itidem
873 1076 970 1108 prae-

38 1101 102 1120 tendit
112 1101 138 1121 ad
149 1107 219 1121 omnia

37 1118 382 1175 ffiffiffisscssssffffi'decessor
406 1125 527 1158 noster,
546 1118 681 1152 tirmiter
701 1120 732 1152 in
751 1119 886 1152 Domino
905 1128 974 1160 spe-

854 169 995 194 CLEMENS
1019 169 1065 193 ml
1090 169 1139 193 1¹1⁸.

235 229 398 253 canonum
425 219 678 263 dispositionem
703 220 838 254 idoneas
863 218 901 252 ad
926 229 977 251 ca-

237 272 400 305 thedrales
433 272 587 305 ecclesias
619 273 790 313 llletensiS,
815 271 976 305 Tullcnsis

235 330 266 357 et
289 324 501 358 Virdunensis
526 326 706 370 respective
731 325 908 366 civitatum,
937 324 975 356 ab

234 377 305 420 ipso
330 378 491 411 Ludovico
518 389 593 421 rege
621 384 699 412 tunc
725 378 881 421 temporis
906 388 976 420 pos-

233 440 407 470 sessarum,
435 431 563 474 quoties
588 432 658 464 illas
684 431 849 474 quibusvis
872 430 975 463 modis

233 489 265 515 et
290 493 326 515 ex
353 494 635 527 quorumcumque
661 484 808 527 personis
827 484 913 525 (non
933 487 975 514 ta-

232 546 307 568 men
332 546 392 579 per
416 536 539 569 obitum
565 537 651 579 apud
676 536 759 569 hanc
783 536 814 568 S.
834 535 973 577 Sedem)

232 599 343 621 vacare
369 590 576 632 contigisset,
595 600 654 633 per
670 590 818 622 eumdem
836 589 974 620 Alexan-

233 642 324 674 drum
350 642 637 686 praedecessorem
674 652 812 685 suosque
848 650 974 673 succes-

231 705 322 728 sores
348 695 532 738 praedictos
558 696 595 728 ad
615 695 871 728 nominationem
885 704 975 737 prae-

232 747 384 781 ficiendas
416 754 659 788 reservaverat,
699 752 906 781 concesserat
943 751 974 779 et

231 800 471 844 assignaverat;
499 805 530 834 et
555 802 647 841 alias,
678 807 776 844 prout
801 800 834 833 in
869 799 973 844 ipsius

231 854 406 887 Alexandri
420 855 683 898 praedecessoris
697 854 813 887 litteris
833 854 974 896 desuper

231 907 261 940 in
289 907 386 940 simili
405 908 507 940 forma
524 908 575 941 die
588 918 619 941 xl
636 907 817 941 decembris
831 917 974 941 nncmv

231 961 391 1003 expeditis
408 972 415 993 :

275 1014 289 1056 g
314 1014 345 1046 ΕΞ.
372 1013 516 1047 Subinde
540 1025 618 1047 vero
645 1014 747 1047 felicis
773 1014 869 1046 etiam
908 1024 972 1046 me-

230 1182 306 1204 rans
332 1173 413 1213 sore,
443 1178 477 1205 ut
501 1178 563 1205 tam
590 1173 659 1216 ipse
678 1172 857 1205 Ludovicus
876 1182 971 1215 quam

230 1235 435 1259 successores
452 1236 546 1269 reges
565 1225 836 1262 christianissimi,
854 1225 973 1268 glorio-

229 1278 272 1311 sis
298 1285 538 1313 antecessorum
563 1289 676 1322 regum
702 1279 846 1322 vestigiis
865 1278 973 1311 inhae-

228 1336 350 1372 rentes,
374 1332 568 1375 religionem
594 1332 807 1365 christianam
827 1335 858 1364 et
875 1330 971 1364 fidem

230 1385 422 1418 catholicam
451 1386 532 1419 tueri
560 1391 591 1418 et
617 1396 820 1429 propagare,
854 1385 973 1418 dictae-

230 1450 293 1482 que
319 1438 409 1472 Sedis
435 1438 638 1482 Apostolicae
664 1439 825 1473 honorem
851 1444 882 1471 et
918 1450 972 1471 au-

229 1492 411 1525 ctoritatem
438 1493 469 1524 in
494 1491 652 1524 universis
678 1493 745 1525 suis
770 1498 802 1525 et
826 1492 970 1535 ipsorum

229 1555 342 1588 regum
379 1555 604 1578 successorum
639 1545 792 1578 dominiis
830 1545 971 1578 illibatas

228 1608 423 1631 conservare
447 1598 535 1630 omni
561 1598 668 1631 studio
694 1599 849 1638 curaturi,
874 1604 971 1642 atque

227 1652 260 1684 in
286 1651 496 1684 nominandis
518 1652 556 1684 ad
582 1651 789 1694 infrascripta
813 1651 971 1685 beneficia

226 1705 377 1748 personis
396 1731 403 1744 ,
430 1715 511 1747 quae
537 1705 620 1737 vitae
652 1705 863 1748 integritate,
896 1705 972 1738 reli-

227 1758 349 1800 gione,
387 1757 450 1790 fide
487 1763 519 1790 et
557 1757 704 1790 doctrina
740 1763 968 1801 praestarent,

226 1820 387 1843 summum
414 1811 553 1843 studium
580 1820 806 1854 summamque
836 1811 971 1854 diligen·

227 1866 301 1898 tiam
328 1874 460 1908 semper
484 1863 680 1903 adhibituri,
707 1874 767 1897 nec
799 1874 887 1896 suam
925 1864 970 1907 ip-

226 1928 334 1951 sorum
360 1917 591 1950 conscientiam
618 1919 655 1951 ea
680 1917 711 1949 in
735 1928 767 1949 re
786 1917 853 1950 ullo
872 1917 968 1950 modo

226 1971 309 2004 laedi
337 1971 441 2004 forent
464 1971 605 2015 passuri,
630 1971 889 2014 amplioremque
907 1970 968 2014 ipsi

226 2024 391 2058 Ludovico
433 2024 501 2067 regi
546 2024 681 2068 eiusque
725 2023 969 2057 successoribus

227 2078 428 2111 exercendae
453 2088 530 2120 erga
555 2088 710 2121 personas
749 2077 969 2110 benemeritas

226 2131 335 2174 regiae
360 2131 610 2164 beneficientiae
637 2131 821 2164 facultatem
843 2137 969 2174 aposto-

225 2185 288 2218 lica
312 2183 516 2226 benignitate
550 2185 674 2217 ducens
709 2184 966 2223 concedendam,

226 2238 333 2271 eidem
359 2237 520 2270 Ludovico
547 2237 614 2280 regi
641 2237 775 2280 eiusque
804 2247 969 2270 successo-

225 2290 313 2323 ribus
330 2289 462 2332 regibus
481 2290 775 2330 christianissimis,
796 2290 827 2322 in
845 2291 969 2323 unitate

226 2344 404 2390 catholicae
444 2343 518 2376 fidei
559 2354 593 2376 ac
631 2343 722 2376 Sedis
762 2343 968 2386 Apostolicae

225 2397 407 2441 praedictae
428 2396 613 2429 obedientia
630 2397 899 2439 perseveraturis,
919 2397 967 2430 ius

226 2449 416 2483 nominandi
450 2449 511 2492 ipsi
537 2449 695 2483 Clementi
721 2449 968 2493 praedecessori

227 2509 260 2537 et
283 2513 342 2547 pro
378 2508 524 2546 tempore
562 2502 777 2535 existentibus
813 2502 967 2536 Romanis

227 2555 434 2590 Pontificibus
459 2556 703 2590 successoribus
725 2556 790 2589 suis
811 2566 968 2599 personas

296 2618 379 2648 Butl.
392 2619 477 2649 Rom.
493 2634 526 2640 -
547 2619 608 2648 Vol.
625 2619 737 2648 XXIV.
883 2619 915 2646 76

1657 159 1716 193 601
1766 171 1819 196 An.
1842 171 1868 196 c.
1892 171 1957 197 tato

1019 218 1172 261 probatas
1195 217 1357 251 bonorum
1384 217 1527 251 nominis
1548 223 1579 251 et
1597 217 1708 259 famae,
1728 228 1764 251 ac

1019 271 1197 304 secundum
1223 282 1390 305 sacrorum
1423 282 1585 305 canonum
1623 272 1764 315 disposi-

1019 335 1094 357 nem
1121 325 1265 364 idoneas,
1287 325 1326 357 ad
1353 336 1576 368 quaecumque
1601 325 1763 358 beneficia

1019 378 1217 418 saecularia,
1246 383 1277 410 et
1310 380 1498 421 quorumvis
1528 378 1684 411 ordinum
1717 390 1762 411 re-

1018 431 1159 471 gularia,
1186 431 1216 462 in
1245 432 1419 474 praedictis
1445 431 1592 472 Metensi,
1618 432 1761 465 Tullensi

1019 489 1050 515 et
1074 483 1267 516 Virdunensi
1294 484 1487 524 civitatibus,
1505 495 1681 528 earumque
1699 491 1762 518 ter-

1018 536 1150 577 ritoriis,
1167 537 1282 569 ditioni
1311 542 1342 569 et
1363 537 1506 571 dominio
1525 538 1761 581 temporalibus

1019 594 1092 621 tunc
1118 591 1274 632 temporis
1297 590 1402 623 eidem
1420 591 1582 624 Ludovico
1601 592 1669 634 regi
1690 592 1762 624 sub-

1017 642 1127 681 iectis,
1155 643 1386 682 consistentia,
1414 654 1496 687 quae
1535 649 1625 677 extra
1650 644 1761 677 Roma-

1017 704 1090 726 nam
1126 694 1252 728 Curiam
1298 696 1465 738 quibusvis
1508 696 1612 729 modis
1653 702 1683 729 et
1722 707 1760 729 ex

1018 757 1297 791 quorumcumque
1323 748 1471 791 personis
1509 759 1621 781 vacare
1657 749 1760 782 conti-

1017 800 1132 841 gisset,
1161 805 1193 833 et
1218 811 1357 844 quorum
1383 801 1524 841 collatio,
1551 801 1697 844 provisio
1729 807 1761 834 et

1017 853 1205 886 omnimoda
1231 853 1402 897 dispositio
1429 854 1533 887 eidem
1555 854 1709 887 Clementi
1729 860 1761 887 et

1016 905 1170 938 Romanis
1185 905 1399 939 Pontificibus
1413 907 1654 939 successorihus
1671 917 1760 950 prae-

1017 957 1109 991 dictis
1136 964 1167 991 et
1192 959 1296 992 dictae
1315 959 1386 992 Sedi
1406 959 1653 1003 quomodolibet
1679 959 1759 1002 (non

1017 1017 1124 1045 tamen
1149 1012 1274 1046 ratione
1299 1012 1404 1046 obitus
1429 1013 1513 1056 apud
1540 1013 1656 1046 Sedem
1679 1023 1759 1045 eam-

1016 1065 1110 1107 dem>
1130 1071 1292 1098 reservata
1311 1065 1472 1105 existeret,
1492 1077 1552 1109 per
1567 1067 1672 1109 ipsum
1690 1066 1759 1099 Cle-

1015 1122 1156 1151 mentem
1172 1119 1457 1161 praedecessorem
1480 1120 1614 1162 eiusque
1632 1129 1760 1152 succes-

1015 1182 1121 1204 sorem
1162 1171 1323 1204 Romanos
1364 1172 1535 1205 Pontifices
1571 1172 1758 1215 praedictos

1015 1224 1269 1267 praeficiendas,
1295 1231 1324 1258 et
1357 1225 1475 1269 quibus
1500 1225 1658 1258 beneficia
1692 1226 1755 1258 hu-

1015 1275 1153 1309 iusmodi
1179 1278 1357 1320 respective
1383 1288 1442 1320 per
1466 1277 1584 1311 dictum
1610 1278 1756 1310 Clemen-

1015 1334 1080 1362 tem
1104 1331 1394 1374 praedecessorem
1422 1341 1564 1374 suosque
1593 1330 1757 1364 Romanos

1016 1383 1189 1417 Pontifices
1222 1394 1428 1417 successores
1464 1383 1647 1428 praedictos
1681 1395 1758 1417 con-

1017 1437 1091 1470 ferri
1118 1437 1322 1477 debuissent,
1348 1443 1436 1470 motu
1463 1437 1548 1481 pari,
1576 1438 1634 1470 sub
1660 1438 1757 1471 certis

1016 1491 1113 1524 modo
1139 1497 1169 1524 et
1195 1492 1297 1524 forma
1323 1497 1398 1524 tunc
1419 1491 1596 1535 expressis,
1616 1502 1757 1525 reserva·

1015 1544 1075 1577 vit:
1114 1549 1145 1577 et
1179 1545 1273 1584 alias,
1311 1550 1409 1587 prout
1447 1545 1566 1577 tamin
1601 1545 1757 1588 praefatis

1015 1597 1162 1630 eiusdem
1188 1597 1363 1630 Alexandri
1389 1608 1485 1640 quani
1512 1598 1543 1630 in
1575 1598 1650 1630 dicti
1680 1597 1754 1631 Cle-

1014 1650 1131 1683 mentis
1156 1651 1419 1693 praedecessoris
1445 1650 1562 1683 litteris
1595 1651 1646 1683 die
1681 1661 1757 1684 xxm

1014 1703 1119 1736 martii
1144 1713 1312 1737 MDCvaut
1339 1704 1480 1746 desuper
1506 1704 1538 1735 in
1563 1703 1663 1736 simili
1701 1715 1757 1747 pa-

1014 1757 1093 1789 riter
1126 1757 1227 1790 forma
1249 1756 1366 1799 {Brevis
1402 1757 1582 1799 expeditis,
1621 1768 1756 1800 quarum

1015 1811 1110 1843 etiam
1138 1816 1265 1844 tenores
1288 1810 1515 1853 praesentibus
1534 1821 1591 1853 pro
1608 1811 1706 1853 plene
1726 1816 1757 1844 et

1014 1864 1215 1897 sufficienter
1240 1864 1402 1908 expressis
1435 1864 1550 1897 haberi
1585 1865 1752 1905 volumus,

1014 1917 1147 1951 uberius
1173 1917 1369 1951 continetur.

1056 1972 1071 2015 ἓ
1095 1972 1125 2004 3.
1143 1971 1207 2005 Nos
1234 1971 1344 2013 etiam,
1365 1972 1553 2005 eorumdem
1581 1972 1754 2005 Alexandri
1802 1982 1949 2017 cum-enexu

1013 2029 1045 2058 et
1069 2025 1246 2059 Clementis
1265 2025 1552 2068 praedecessorum
1572 2014 1821 2068 praedicto-Filii„
1833 2009 1894 2065 ‘'iiii''
1904 2011 1951 2055 ³2¹1:ss

1014 2089 1084 2110 rum
1111 2078 1256 2121 vestigiis
1283 2078 1484 2119 insistentes,
1504 2090 1541 2111 ac
1555 2063 1951 2123 maiestatomllfltis{Italis-2231

1015 2136 1098 2163 tuam
1122 2131 1280 2164 maiorum
1306 2136 1434 2164 tuorum
1461 2142 1573 2174 regum
1610 2122 1813 2164 christia-³¹³⁰
1830 2119 1850 2136 “i
1866 2117 1931 2136 ''⁴¹¹''

1013 2183 1222 2216 nissimorum
1249 2184 1382 2217 virtutes
1402 2185 1630 2224 aemulantem,
1649 2184 1755 2227 deque

1014 2236 1106 2269 nobis
1131 2242 1226 2280 atque
1253 2237 1322 2280 ipsa
1347 2236 1376 2269 S.
1402 2237 1484 2269 Sede
1510 2237 1677 2280 praeclare
1695 2248 1755 2269 me-

1013 2291 1077 2323 reri
1104 2297 1306 2334 pergentem,
1327 2293 1462 2333 paterna
1487 2290 1642 2323 charitate
1669 2301 1755 2323 com-

1012 2345 1218 2386 plectentes,
1247 2349 1332 2376 motu
1360 2343 1517 2386 proprio,
1543 2353 1579 2375 ac
1608 2354 1643 2376 ex
1671 2344 1756 2376 certa

1012 2397 1150 2430 scientia
1174 2397 1310 2435 nostris,
1337 2397 1443 2440 deque
1477 2397 1677 2440 apostolicae
1703 2408 1755 2440 po·

1013 2450 1132 2483 testatis
1151 2450 1366 2494 plenitudine,
1379 2450 1484 2482 eidem
1499 2450 1654 2483 maiestati
1671 2455 1753 2490 tuae,

1012 2514 1047 2536 ac
1072 2503 1314 2536 successoribus
1334 2503 1393 2535 tuis
1411 2503 1608 2535 Francorum
1624 2504 1755 2546 regibus

1012 2555 1291 2590 christianissimis
1318 2555 1348 2588 in
1375 2556 1497 2589 unitate
1523 2556 1701 2591 catholicae
1719 2556 1754 2590 st-
