2232 3178
35 211 85 237 An.
101 208 130 236 C.
154 207 220 235 1739

65 1916 211 1943 'si-:insumptis

29 1944 98 1966 danda
113 1943 173 1965 tides.

846 206 989 232 CLEMENS
1015 206 1062 229 XII
1086 206 1136 230 1³1³.

225 257 336 289 sertim
378 257 493 300 quibus
539 258 672 291 facultas
707 255 893 290 absolvendi
934 254 965 287 in

224 309 317 342 certis
342 315 417 343 tunc
442 311 598 354 expressis
623 310 748 344 casibus
765 310 805 342 ita
824 310 966 342 Romano

224 362 367 396 Pontifici
393 374 451 406 pro
476 369 623 407 tempore
650 363 797 397 existenti
825 372 966 395 reserva-

225 421 287 455 tur,
311 421 346 448 ut
368 426 427 449 nec
453 417 549 449 etiam
574 416 697 450 similes
722 417 772 449 vel
791 414 965 448 dissimiles

223 468 498 511 indulgentiarum
517 475 548 502 et
564 470 750 502 facultatum
777 467 964 500 huiusmodi

223 522 460 562 concessiones,
485 523 547 555 nisi
565 523 605 556 de
626 522 690 555 illis
708 531 861 564 expressa
876 531 965 553 men-

224 574 268 607 tio
294 580 348 607 aut
368 575 518 618 specialis
539 575 709 618 derogatio
729 574 791 614 fiat,
815 574 964 617 cuiquam

223 627 391 670 suffragari
416 634 548 671 queant,
574 637 700 661 necnon
724 627 834 670 regula
854 629 963 660 nostra

224 680 264 713 de
288 691 351 714 non
376 681 591 715 concedendis
616 679 824 723 indulgentiis
849 679 888 712 ad
922 679 965 711 in-

223 739 300 775 star,
338 745 616 778 quorumcumque
644 734 799 767 Ordinum
825 738 856 766 et
890 743 964 766 con·

223 788 456 830 gregationum,
492 787 556 821 sive
580 787 801 820 institutorum
838 787 964 828 regula-

222 841 319 882 rium,
347 842 444 875 etiam
481 841 683 880 iuramento,
715 839 963 872 confirmatione

223 895 411 938 apostolica,
433 895 484 929 vel
510 893 621 938 quavis
646 893 799 926 firmitate
824 893 887 926 alia
912 903 963 926 ro-

222 947 367 988 boratiS,
411 947 537 981 statutis
578 952 610 980 et
649 945 963 986 consuetudinibus,

223 1000 404 1044 privilegiis
437 1010 586 1044 quoque,
619 998 754 1032 indultis
785 1003 816 1031 et
846 997 963 1030 litteris

222 1053 419 1097 apostolicis,
439 1053 559 1086 eisdem
583 1052 768 1092 Ordinibus,
790 1061 964 1094 congrega-

223 1106 362 1140 tionibus
386 1112 416 1139 et
440 1106 591 1139 institutis
616 1106 820 1149 ‚illorumque
851 1114 963 1147 perso-

221 1159 270 1193 nis
294 1159 540 1203 quomodolibet
564 1159 741 1199 concessis,
777 1157 963 1201 approbatis

222 1217 253 1245 et
268 1212 447 1252 innovatis;
467 1211 580 1255 quibus
596 1211 746 1244 omnibus
766 1216 798 1243 et
814 1210 962 1252 singulis,

222 1265 349 1299 etiamsi
367 1266 406 1298 de
422 1265 486 1299 illis
507 1275 683 1308 eorumque
701 1264 774 1298 totis
796 1263 963 1296 tenoribus

222 1319 380 1363 specialis,
417 1318 578 1362 specifica,
618 1327 768 1361 expressa
790 1322 820 1349 et
854 1316 964 1349 indivi-

223 1373 296 1413 dua,
322 1383 388 1406 non
412 1378 518 1405 autem
535 1382 593 1416 per
611 1373 773 1405 clausulas
799 1371 963 1414 generales

221 1427 306 1460 idem
336 1427 564 1471 importantes,
600 1426 720 1459 mentio
746 1436 802 1459 seu
832 1424 963 1468 quaevis

221 1480 282 1513 alia
305 1481 470 1523 expressio
497 1479 646 1513 habenda
677 1483 730 1512 aut
765 1478 873 1522 aliqua
903 1477 964 1510 alia

221 1533 378 1576 exquisita
402 1533 508 1566 forma
531 1533 571 1566 ad
604 1533 666 1566 hoc
692 1532 849 1565 servanda
874 1531 962 1571 soret,

222 1586 354 1620 illorum
387 1592 518 1620 tenores
544 1586 774 1630 praesentibus
796 1595 857 1628 pro
883 1584 964 1617 suffi-

224 1640 351 1674 cienter
367 1640 532 1684 expressis
555 1649 591 1672 ac
612 1639 747 1672 sormam
777 1638 809 1670 in
833 1637 879 1671 eis
904 1642 965 1670 tra-

222 1693 323 1727 ditam
357 1704 417 1737 pro
453 1695 578 1726 servata
608 1692 776 1732 habentes,
802 1692 862 1724 hac
897 1690 965 1724 vice

221 1747 424 1791 specialiter,
457 1746 648 1780 nominatim
673 1751 704 1779 et
728 1755 900 1789 expresse,
925 1745 964 1777 ad

221 1799 373 1834 effectum
388 1800 658 1844 praemissorum,
679 1799 876 1842 derogamus
890 1810 898 1839 ;
914 1809 965 1832 ce-

222 1854 365 1898 terisque
386 1853 559 1887 contrariis
587 1853 858 1897 quibuscumque.

265 1908 281 1951 5
305 1907 358 1940 11.
387 1907 427 1940 Ut
451 1913 559 1941 autem
594 1912 784 1950 praesentes
810 1910 942 1939 nostrae
957 1933 964 1946 ‚

221 1970 304 2004 quae
329 1960 369 1993 ad
394 1960 523 2003 singula
555 1960 629 1993 loca
653 1959 774 1993 deferri
800 1969 867 1992 non
891 1969 966 2002 pos-

220 2019 304 2055 sunt,
329 2014 368 2047 ad
386 2014 532 2047 omnium
550 2013 699 2047 notitiam
723 2013 851 2046 facilius
869 2013 965 2046 deve-

220 2067 325 2108 niant,
355 2068 504 2100 volumus
529 2072 565 2099 ut
588 2067 776 2100 earumdem
812 2076 965 2110 praesen-

222 2121 301 2154 tium
331 2121 559 2164 transumptis,
585 2121 636 2153 vel
662 2121 832 2164 exemplis,
867 2121 964 2153 etiam

221 2174 397 2217 impressis,
416 2184 513 2207 manu
534 2173 670 2207 alicuius
695 2173 815 2207 notarii
839 2174 964 2218 publici

221 2227 433 2271 subscriptis,
460 2231 491 2262 et
516 2227 625 2270 sigillo
659 2237 823 2270 personae
855 2227 889 2260 in
915 2228 964 2261 di-

222 2282 344 2324 gnitate
363 2281 586 2315 ecelesiastica
604 2280 800 2314 constitutae
818 2281 965 2322 munitis,

223 2335 345 2378 ubique
371 2336 534 2375 locorum,
558 2339 594 2366 ut
625 2334 820 2377 praefertur,
852 2334 964 2368 eadem

222 2399 357 2432 prorsus
383 2388 463 2421 sides
491 2387 663 2427 habeatur,
683 2397 767 2430 quae
786 2387 966 2421 haberetur

222 2441 301 2484 ipsis
332 2440 563 2485 praesentibus
600 2440 627 2473 si
663 2440 771 2473 forent
798 2440 964 2474 exhibitae

221 2494 272 2527 vel
298 2498 461 2527 ostensae.

1650 195 1713 229 555
1762 206 1810 232 An.
1827 206 1855 232 C.
1878 206 1944 233 1739

1010 254 1121 297 aprilis
1162 263 1343 288 Moccxxxlx
1361 281 1368 295 ‚
1403 253 1608 297 pontificatus
1645 253 1750 286 nostri

1009 318 1094 341 anno
1117 318 1160 341 1x.

1044 370 1102 397 Dat.
1125 370 1168 397 die
1187 370 1221 398 25
1241 370 1335 405 aprilis
1357 370 1440 405 1739,
1463 370 1558 405 pontis.
1580 377 1649 395 anuo
1670 376 1705 396 ix.

1318 424 1353 456 D.
1382 424 1468 457 card.
1497 424 1704 457 Passiosnrs.

1312 575 1448 609 CCLt‘H.

1010 645 1200 678 Commissio
1224 645 1466 688 archiepiscopo
1492 645 1660 678 Maricam)
1679 672 1686 684 ,
1715 649 1751 677 ut

1052 699 1193 732 cleclaret
1228 699 1405 732 Terlinrios
1439 699 1574 732 Ordinis
1608 700 1751 741 fratrum,

1052 753 1092 786 B.
1119 752 1249 785 Mariae
1273 752 1311 785 <Ie
1335 752 1442 785 Monte
1460 753 1605 786 Carmeli)
1631 752 1751 784 Diserti·

1053 810 1215 838 cealorum
1242 809 1506 848 mmcupulorum
1527 804 1752 846 Cotiyyv'eyiili'o-

1051 859 1101 890 m's
1126 858 1311 901 Hispaniae
1330 858 1409 890 aliis
1428 857 1606 891 Ordinibus
1630 857 1752 889 adscri-

1049 917 1131 955 ptos,
1159 912 1305 944 omnium
1325 911 1490 946 Ordinum
1505 912 1688 955 promiscue
1705 911 1751 944 in-

1053 965 1233 1008 dutqentz‘is
1257 965 1309 997 uti
1332 975 1434 1008 posse.

1216 1045 1352 1072 Clemens
1373 1045 1452 1078 Papa
1472 1045 1542 1075 XII,

1144 1089 1182 1116 ad
1203 1089 1338 1116 futuram
1358 1089 1404 1116 rei
1425 1088 1615 1116 memoriam.

1051 1160 1066 1203 g
1091 1160 1123 1192 1.
1151 1159 1259 1203 Nuper
1284 1170 1344 1202 pro
1363 1164 1455 1202 parte
1474 1160 1583 1192 dilecti
1605 1159 1660 1192 filii
1679 1159 1751 1191 vin·
1776 1168 1796 1189 in
1812 1168 1947 1205 indissimu-

1008 1214 1107 1247 centii
1144 1223 1161 1246 a
1198 1213 1418 1256 Conceptione
1455 1212 1560 1245 fratris
1596 1198 1820 1255 expressebufflz
1843 1195 1946 1243 cmiii}

1006 1266 1148 1309 professi
1182 1276 1218 1298 ac
1254 1265 1481 1309 procuratoris
1507 1266 1670 1308 generalis
1695 1248 1946 1298 01=-²023'1¹0”m.2?.¹⁵⁶“¹'

1007 1319 1094 1352 dinis
1120 1319 1155 1351 B.
1175 1318 1292 1351 Mariae
1318 1319 1358 1351 de
1384 1318 1491 1351 Monte
1510 1318 1658 1352 Carmelo
1683 1319 1752 1352 Dis-

1007 1373 1229 1405 calceatorum
1270 1378 1530 1415 nuncupatorum
1570 1372 1752 1415 Congrcga·

1008 1426 1105 1459 tionis
1131 1425 1306 1469 Hispaniae
1339 1425 1435 1458 nobis
1461 1425 1642 1468 expositum
1669 1425 1750 1466 suit,

1007 1479 1094 1523 quod
1120 1479 1152 1511 in
1178 1478 1430 1522 quamplurimis
1463 1489 1499 1511 ex
1536 1479 1750 1511 conventibus

1007 1531 1137 1565 Ordinis
1158 1537 1188 1565 et
1212 1531 1480 1574 Congregationis
1506 1531 1693 1564 huiusmodi
1719 1531 1751 1564 in

1008 1585 1106 1618 Indiis
1132 1585 1347 1618 existentibus
1365 1585 1397 1617 in
1418 1585 1479 1617 vim
1505 1584 1750 1627 privilegiorum

1008 1640 1113 1673 eidem
1139 1638 1251 1671 Ordini
1273 1649 1291 1671 a
1316 1638 1419 1671 felicis
1444 1638 1680 1671 recordationis
1697 1638 1752 1670 Ni-

1009 1693 1101 1726 colao
1122 1692 1145 1724 V
1163 1697 1196 1725 et
1220 1691 1387 1725 Bonisacio
1415 1691 1476 1724 VIII
1502 1701 1749 1731 concessorum,

1009 1752 1040 1779 et
1065 1756 1082 1778 a
1107 1745 1195 1779 Sixto
1221 1745 1258 1777 lv
1290 1750 1322 1778 et
1346 1744 1512 1778 Clemente
1550 1745 1661 1777 itidem
1688 1744 1751 1777 VIII

1008 1799 1159 1832 Romanis
1197 1797 1406 1831 Pontificibus
1443 1797 1752 1841 praedecessoribus

1009 1853 1130 1886 nostris
1170 1851 1462 1892 confirmatorum,
1504 1851 1630 1884 Tertius
1665 1850 1750 1883 Ordo

1010 1906 1156 1939 eiusdem
1174 1906 1209 1938 B.
1230 1905 1350 1938 Mariae
1372 1909 1500 1938 erectus
1527 1909 1559 1937 et
1583 1903 1750 1936 institutus

1009 1960 1189 2003 reperitur.

1053 2014 1067 2056 ἓ
1092 2012 1123 2045 ⁶2.
1144 2012 1277 2053 Verum,
1295 2012 1370 2055 quia
1387 2022 1454 2044 non
1472 2011 1568 2054 pauci
1591 2021 1626 2043 ex
1648 2009 1816 2043 tertia-Huic
1831 2022 1852 2038 se
1864 2015 1944 2037 adseri·

1762 2049 1822 2068 psore
1852 2044 1945 2064 nonnulli

1009 2066 1064 2099 riis
1090 2065 1266 2110 praedictiS
1282 2065 1389 2098 Tertio
1406 2064 1516 2097 Ordini
1543 2064 1677 2096 fratrum
1696 2063 1852 2099 Mi-tqruarii
1884 2070 1946 2090 Orm-

1762 2103 1793 2116 ηις
1817 2097 1839 2117 S.
1860 2097 1946 2117 Franci-

1010 2130 1127 2153 norum
1142 2119 1242 2152 sancti
1257 2117 1420 2151 Francisci
1433 2117 1586 2160 adscripti
1601 2117 1749 2155 existunt,
1763 2124 1800 2148 sci,
1811 2129 1909 2149 'iuncum
1922 2129 1946 2143 ex

1763 2150 1802 2169 hor
1816 2151 1895 2170 Ordine
1911 2156 1947 2170 ex-

1010 2174 1042 2206 in
1068 2173 1191 2216 oppido
1217 2172 1346 2205 civitate
1373 2173 1559 2214 nuncupata
1577 2170 1616 2203 de
1634 2170 1752 2203 Toluca
1764 2177 1833 2202 runem
1858 2176 1947 2205 ‚svrent

1764 2210 1775 2222 a
1792 2204 1946 2228 superioribus,

1009 2226 1192 2259 Mexicanae
1218 2224 1381 2258 dioecesis
1417 2224 1551 2256 dubium
1578 2224 1870 2256 cxcitatumrecursum
1908 2229 1947 2249 ha-

1008 2280 1089 2320 suit,
1117 2289 1157 2311 an
1184 2278 1318 2311 tertiarii
1344 2278 1516 2319 utriusque
1540 2276 1669 2308 Ordinis
1695 2256 1945 2308 1111-¹'0¹¹11³52“i1”÷}„3‚3112³„“

1009 2333 1146 2366 jusmodi
1168 2331 1378 2375 indulgentiis
1403 2330 1581 2374 gratiisque
1602 2309 1902 2373 spiritua-Mfflfflnum'

1009 2388 1093 2421 libus
1118 2387 1304 2430 promiscue
1331 2385 1392 2417 srui
1419 2389 1575 2426 possent·,
1603 2388 1650 2423 ct,
1676 2383 1752 2415 licet

1008 2439 1195 2484 primodicti
1221 2437 1347 2471 Ordinis
1370 2442 1401 2470 ct
1420 2436 1687 2479 Congrcgationis
1705 2446 1752 2468 su-

1009 2493 1157 2537 periores
1182 2492 1303 2524 nullam
1330 2490 1362 2522 in
1389 2491 1450 2522 hac
1474 2500 1508 2522 re
1528 2489 1750 2521 difficultatem

266 2547 381 2580 Datum
409 2547 545 2588 Romae,
568 2546 655 2590 apud
673 2546 705 2580 S.
725 2546 855 2579 Mariam
873 2546 965 2580 Maio·
1008 2546 1185 2585 haberent,
1204 2544 1418 2577 nihilominus
1438 2542 1574 2575 tertiarii
1600 2542 1749 2575 ciusdem

221 2612 312 2643 rem,
342 2601 402 2635 sub
437 2601 558 2635 annulo
592 2599 792 2641 Piscatoris,
829 2600 880 2634 dic
906 2610 964 2635 xxv
1008 2599 1109 2634 sancti
1129 2598 1290 2631 Francisci
1310 2597 1433 2640 absque
1453 2596 1516 2629 ulla
1535 2596 1659 2629 ratione
1686 2605 1749 2629 non
