2232 3178
301 202 353 229 An.
368 202 399 230 c.
417 201 485 231 1736
531 192 595 227 20⁶2

354 1644 477 1664 Huiusmodi

295 1671 413 1690 declaratio
430 1677 478 1690 cun-

295 1698 388 1717 firmatur
404 1703 416 1718 a
433 1698 477 1718 Gle-

294 1726 372 1744 mente.

494 252 628 286 dubium
654 257 879 293 revocaretur,
907 253 1009 286 felicis
1035 251 1235 286 recordatio-

494 306 543 338 nis
569 306 764 339 Benedictus
789 306 874 350 Papa
905 306 970 339 Xlll
1003 306 1235 349 praedecessor

494 364 614 397 noster,
630 370 689 402 per
707 359 861 402 quasdam
876 371 949 393 suas
968 360 998 392 in
1016 359 1112 392 simili
1132 359 1234 392 forma

493 411 602 444 Brevis
630 413 680 445 die
704 422 802 445 xxvui
828 413 909 445 iunii
935 422 1082 446 Moccxxv
1106 412 1235 455 expedi-

493 470 540 498 tas
566 465 700 504 linei-as,
725 466 917 499 auctoritate
937 466 1115 509 apostolica
1135 465 1234 498 edixit

493 529 529 551 ac
555 518 727 550 declaravit
745 518 921 561 praefatam
940 518 1231 561 Congregationem

494 571 710 613 Portugalliae
747 571 786 604 ad
823 571 1038 604 monasticum
1079 571 1231 604 Ordinem

492 635 548 657 seu
576 624 758 656 institutum
784 624 974 667 pertinere,
1002 624 1154 668 illiusque
1181 635 1232 658 re-

491 678 625 719 ligiosos
651 677 736 709 inter
760 677 939 711 monachos
963 688 1036 710 vere
1056 683 1086 710 et
1102 678 1231 720 proprie

491 731 712 763 recensendos
748 741 843 770 esse,
877 732 990 764 volens
1025 731 1163 773 proinde
1196 742 1232 763 ac

490 784 658 823 mandans,
677 789 726 823 ut,
746 784 798 827 qui
819 784 930 817 Ordini
949 784 1094 827 praefato
1109 795 1230 817 nomen

491 836 678 876 dedissent,
706 837 864 879 illumque
902 847 1054 880 expresse
1090 837 1229 879 professi

491 890 639 929 fuissent,
654 900 713 932 pro
730 890 812 922 veris
832 890 999 922 monachis
1016 890 1228 929 haberentur,

490 949 684 986 cunctasque
711 943 749 975 de
775 943 956 976 monachali
983 943 1128 976 eiusdem
1155 942 1230 977 Con-

489 996 689 1039 gregationis
722 996 941 1038 portugalliae
978 996 1130 1040 illiusque
1163 999 1230 1030 alu-

490 1060 640 1082 mnorum
656 1049 877 1092 appellatione
892 1060 928 1082 ac
942 1049 1087 1082 instituto
1106 1056 1231 1083 contro-

489 1103 618 1142 versias,
645 1103 670 1135 si
697 1113 779 1145 quae
806 1103 962 1135 excitatae
981 1108 1096 1142 essent,
1122 1113 1230 1146 ampu-

490 1156 568 1188 tavit
593 1161 623 1189 et
655 1156 815 1196 removit,
842 1156 987 1189 districte
1024 1156 1231 1200 praecipiens

489 1219 530 1242 ne
557 1209 629 1252 quis
654 1208 856 1251 inposterum
883 1219 982 1252 super
1008 1209 1067 1241 hac
1103 1220 1138 1242 re
1168 1209 1230 1242 illis

489 1262 655 1304 negotium
680 1262 856 1294 facesseret
881 1267 934 1294 aut
959 1262 1048 1294 litem
1082 1263 1230 1295 intende-

489 1314 568 1354 ret¹,
594 1326 628 1347 ac
654 1315 746 1354 alias,
773 1320 869 1358 prout
895 1316 926 1347 in
953 1315 1147 1357 supradictis
1177 1317 1231 1349 Be-

489 1369 609 1401 nedicti
636 1369 896 1411 praedecessoris
921 1369 1035 1401 litteris
1052 1396 1059 1409 ,
1095 1380 1230 1412 quarmn

490 1427 637 1455 tenorem
663 1422 888 1465 praesentibus
914 1433 973 1465 pro
1001 1424 1096 1466 plene
1122 1424 1231 1455 etsuf-

489 1475 638 1508 licienter
654 1485 807 1517 expresso
823 1475 907 1508 etde
926 1476 1024 1508 verbo
1040 1476 1077 1508 ad
1096 1477 1230 1509 verbum

489 1529 613 1561 inserto
640 1527 753 1561 haberi
778 1529 949 1568 volumus,
974 1528 1104 1562 uberius
1131 1530 1232 1562 conti-

490 1587 597 1615 netur.

533 1636 547 1678 §3
573 1635 603 1668 Ξ.
632 1634 709 1668 Cum
735 1640 865 1676 autem,
890 1635 974 1668 sicut
1000 1636 1112 1668 cadem
1134 1647 1232 1679 expo-

490 1688 565 1721 sitio
584 1688 808 1731 subiungebat,
829 1689 896 1731 ipse
914 1688 1114 1732 Hyacinthus
1133 1689 1231 1722 abbas

489 1741 651 1784 generalis
678 1742 864 1784 praemissa,
892 1753 955 1785 quo
982 1742 1102 1775 firmius
1128 1743 1232 1776 subsi-

488 1800 574 1828 stant
599 1806 635 1828 ae
660 1800 832 1827 serventur
857 1795 1006 1835 exactius
1030 1796 1231 1838 apostolicae

490 1847 745 1881 confirmationis
775 1853 906 1881 nostrae
944 1848 1107 1891 praesidio
1144 1859 1232 1882 com-

489 1902 606 1934 muniri
633 1911 843 1944 summopere
863 1901 1044 1934 desideret:
1072 1912 1140 1942 nos,
1160 1913 1232 1945 spe-

489 1954 603 1987 cialem
631 1953 737 1987 eidem
763 1954 946 1997 Hyacintho
962 1954 1069 1987 abbati
1087 1955 1230 1997 generali

490 2007 626 2050 gratiam
653 2007 757 2039 faeere
782 2007 937 2047 volentes,
968 2018 1108 2051 eumque
1125 2020 1142 2041 a
1165 2008 1234 2052 qui-

488 2060 598 2092 busvis
623 2060 977 2100 excommunicationis,
1004 2062 1231 2104 suspensionis

489 2119 521 2146 et
545 2113 722 2152 interdicti,
748 2113 885 2156 aliisque
912 2114 1143 2147 ecclesiasticis
1161 2125 1233 2147 sen-

489 2166 611 2205 tentiis,
635 2165 780 2198 censuris
795 2171 826 2198 et
843 2166 968 2208 poenis,
987 2177 1004 2198 a
1025 2167 1093 2199 iure
1118 2168 1167 2200 vel
1193 2168 1232 2199 ab

489 2218 643 2258 homine,
668 2218 779 2261 quavis
804 2219 978 2251 occasione
1005 2221 1054 2252 vel
1081 2223 1175 2252 causa
1193 2222 1233 2253 la-

489 2272 540 2310 tis,
570 2271 594 2304 si
622 2272 739 2314 quibus
775 2272 1025 2314 quomodolibet
1056 2272 1233 2305 innodatus

489 2324 616 2364 existit,
655 2325 694 2357 ad
720 2323 868 2357 effectum
894 2325 1116 2368 praesentium
1143 2327 1233 2359 dum-

490 2383 574 2410 taxat
593 2379 871 2420 consequendum,
888 2379 1001 2410 harum
1020 2379 1103 2411 serie
1130 2379 1232 2412 absol-

488 2437 598 2464 ventes
633 2436 665 2463 et
699 2432 883 2463 ahsolutum
922 2432 991 2464 sore
1031 2437 1201 2465 censentes
1223 2459 1230 2472 ,

488 2483 780 2526 supplicationibus
794 2484 862 2516 eius
879 2485 1010 2517 nomine
1026 2484 1119 2517 nobis
1134 2496 1232 2527 super

489 2537 553 2570 hoc
573 2538 742 2570 humiliter
767 2539 927 2581 porrectis
953 2538 1123 2580 inclinati,
1142 2550 1232 2582 prae-

494 2626 510 2630 „
527 2602 536 2626 1
561 2599 654 2627 Potius
674 2600 764 2628 forsan
784 2601 945 2629 intentaret
965 2606 1005 2636 (n.
1022 2604 1070 2630 τ.).

1064 201 1249 227 BULLARIUM

1275 200 1434 226 ROMANUM

1278 250 1358 283 satas
1392 250 1558 284 Benedicti
1595 250 1857 294 praedecessoris
1894 251 2018 286 litteras

1278 303 1367 336 cum¹
1387 304 1540 338 omnibus
1563 310 1595 337 et
1614 305 1750 348 singulis
1777 306 1809 338 in
1828 305 1874 339 eis
1892 311 2018 340 conten-

1278 357 1317 390 tis
1336 358 1419 390 dicta
1442 358 1643 397 auctoritate,
1663 359 1778 391 harum
1797 359 1882 392 serie
1901 358 2018 392 confir-

1278 421 1417 450 mamus,
1443 411 1573 454 illisque
1599 410 1797 445 inviolabilis
1822 412 2018 455 apostolicae

1278 464 1435 497 firmitatis
1462 463 1563 497 robur
1588 464 1770 497 adiicimus.

1321 518 1335 561 ᾗ
1365 517 1396 551 3.
1432 518 1669 559 DecernenteS,
1697 518 1825 552 easdem
1853 519 2018 553 Benedicti

1277 571 1540 614 praedecessoris
1584 582 1620 604 ac
1658 577 1851 615 praesentes
1893 573 2018 606 litteras

1276 635 1407 667 semper
1424 623 1542 664 sirmas,
1567 624 1691 657 validas
1717 630 1749 657 et
1778 625 1925 658 efficaces
1952 625 2019 659 exi-

1276 684 1362 710 stere
1388 683 1418 710 et
1443 679 1523 717 fore,
1552 688 1694 721 suosque
1719 678 1885 721 plenarios
1911 684 1942 712 et
1970 679 2019 712 in-

1276 736 1385 774 tegros
1411 730 1541 764 effectus
1567 731 1677 764 sortiri
1709 736 1739 764 et
1774 731 1922 766 obtinere
1942 759 1950 774 ‚
1981 744 2019 767 ao

1275 784 1339 817 illis
1361 811 1368 824 ‚
1397 784 1436 817 ad
1463 795 1545 828 quos
1571 790 1695 827 spectat
1727 790 1758 818 et
1790 796 1849 828 pro
1871 791 2018 829 tempore

1275 837 1546 880 quandocumque
1572 838 1748 881 spectabit,
1770 837 1801 870 in
1823 838 1975 872 omnibus
1988 845 2020 872 et

1275 900 1332 932 per
1343 890 1451 923 omnia
1469 891 1657 933 plenissime
1675 890 1856 933 suffragari,
1873 897 1904 925 et
1918 893 1958 926 ab
1972 892 2018 926 eis

1274 943 1453 986 respective
1470 943 1702 976 inviolabiliter
1716 944 1892 985 observari,
1908 944 2018 990 sicque

1274 1000 1304 1027 et
1328 1006 1393 1028 non
1419 995 1514 1028 aliter
1539 995 1571 1028 in
1605 996 1790 1039 praemissis
1825 1007 1884 1039 per
1921 1008 2018 1041 quos-

1274 1059 1412 1092 cumque
1438 1048 1563 1081 iudices
1586 1044 1774 1082 ordinarios
1789 1054 1821 1082 et
1838 1050 2018 1093 delegatos,

1274 1102 1370 1134 etiam
1397 1112 1566 1134 causarum
1592 1102 1706 1145 palatii
1732 1102 1902 1145 apostolici
1928 1103 2018 1136 audi-

1275 1160 1372 1194 toreS,
1397 1154 1552 1198 Sedisque
1578 1154 1785 1198 Apostolicae
1809 1155 1953 1196 nuntios,
1974 1156 2018 1189 iu-

1273 1208 1372 1241 dicari
1403 1213 1435 1240 et
1462 1208 1588 1240 definiri
1615 1208 1756 1249 debere,
1785 1218 1820 1241 ac
1839 1208 1965 1242 irritum
1987 1214 2018 1243 et

1274 1262 1368 1293 inane
1401 1260 1426 1294 si
1453 1271 1546 1295 secus
1579 1271 1677 1304 super
1708 1261 1760 1294 his
1793 1271 1810 1294 a
1834 1272 2016 1305 quoquam,

1274 1314 1384 1357 quavis
1420 1314 1635 1354 auctoritate,
1670 1314 1811 1347 scienter
1846 1315 1893 1347 vel
1927 1316 2017 1358 igno-

1274 1372 1403 1406 ranter,
1430 1367 1604 1409 contigerit
1629 1367 1791 1400 attentari.
1824 1367 1859 1400 ln
1889 1373 2017 1401 contra-

1275 1420 1358 1452 rium
1384 1420 1577 1453 facientibus
1602 1430 1667 1453 non
1698 1420 1904 1454 obstantibus
1938 1421 2016 1465 qui-

1275 1473 1493 1516 buscumque.

1319 1525 1432 1557 Datum
1454 1525 1586 1565 Romae,
1609 1525 1696 1568 apud
1717 1525 1749 1559 S.
1770 1525 1901 1560 Mariam
1920 1526 2016 1560 Maio-

1275 1588 1352 1618 rem,
1375 1579 1436 1611 sub
1464 1580 1588 1611 annulo
1616 1579 1802 1619 Piscatoris,
1827 1580 1880 1612 die
1908 1591 1926 1614 x
1958 1591 2016 1613 no-

1275 1631 1413 1664 vembris
1437 1641 1618 1666 Moccxxxw
1637 1659 1644 1673 ,
1674 1632 1884 1675 pontificatus
1909 1633 2017 1666 nostri

1275 1695 1361 1717 anno
1386 1694 1442 1718 vn.

1311 1746 1368 1773 Dat.
1385 1746 1430 1772 die
1448 1746 1480 1773 10
1494 1746 1652 1773 decembris
1670 1746 1747 1781 1736,
1765 1747 1867 1782 pontif.
1884 1755 1954 1775 anno
1969 1754 2016 1775 vu.

1606 1801 1640 1833 F.
1668 1801 1759 1834 card.
1786 1800 1969 1836 Offlvmnus.

1552 1951 1737 1985 CLXXXVI.

1274 2023 1442 2057 statutum
1466 2024 1551 2056 circa
1570 2023 1806 2067 appellationes
1823 2028 1851 2057 et
1868 2035 2017 2058 recursus

1318 2076 1547 2120 reliqiosorum
1577 2077 1844 2120 Conqreyatiom's
1880 2078 2014 2111 clerico-

1319 2140 1393 2160 rum
1407 2129 1613 2172 requlurinm
1625 2129 1815 2174 Pauperzcm
1828 2130 1944 2163 Macris
1957 2131 2018 2165 Dei

1319 2182 1513 2215 Sclaolarum
1531 2183 1686 2215 Piorum.

1487 2262 1623 2289 Clemens
1644 2262 1723 2296 Papa
1742 2263 1807 2296 xil,

1413 2308 1450 2334 ad
1468 2308 1604 2335 futuram
1623 2308 1670 2335 rei
1689 2308 1877 2336 memoriam.

1319 2379 1333 2421 ἓ
1358 2378 1390 2411 i.
1417 2379 1503 2417 Cum,
1523 2379 1606 2412 sicut
1625 2379 1760 2412 dilectus
1776 2380 1862 2413 filius
1881 2380 2199 2442 Ioannesngrrffiofssffij

1276 2431 1361 2464 Felix
1390 2443 1406 2464 a
1432 2432 1707 2473 praesentatione,
1735 2434 1942 2477 praepositus
1961 2442 2091 2476 gewatio.

1276 2485 1396 2517 neralis
1422 2485 1691 2528 Congrcgationis
1710 2487 1900 2520 clericorum
1924 2498 2017 2531 regu-

1277 2539 1391 2572 larium
1414 2538 1594 2582 Pauperum
1620 2539 1727 2572 Matris
1750 2540 1804 2573 Dei
1822 2540 2015 2575 Scholarum

1313 2602 1322 2627 1
1348 2599 1496 2636 Praeposit.
1517 2609 1580 2629 cum
1600 2609 1649 2629 nos
1668 2601 1792 2630 addimus
1811 2601 1851 2637 (R.
1868 2604 1916 2635 T.)-

2028 205 2081 233 An.
2098 206 2125 235 c.
2141 207 2204 245 1⁷³⁴}
2231 210 2232 214 ¹

2057 535 2173 559 clausulae.
