2232 3178
49 230 102 258 An.
121 228 150 256 C.
169 228 237 256 1737

237 278 255 314 ,ἒ-

237 329 255 362 7..

318 431 384 459 Loco
406 431 423 465 †
443 428 562 469 plumbi.

444 488 480 520 A.
508 488 597 520 card.
625 487 844 531 prodatarius.

446 541 506 574 Pro
532 540 664 574 domino
691 540 781 573 card.
809 540 965 573 Omvssmo

533 594 713 629 Cumanus
738 594 876 627 Anares.

314 656 380 683 Visa
401 655 432 682 de
454 656 560 684 Curia:

638 695 672 728 N.
699 696 922 729 ANTosELLrs.

309 758 376 791 neg.
400 757 427 784 in
448 757 549 784 Seeret.
573 757 710 785 Brevium.

550 899 662 933 CCvn.

239 979 445 1021 Beatificatio
465 979 549 1012 servi
568 979 629 1012 Dei
645 979 775 1022 Ioseplii
795 990 814 1011 a
831 978 986 1011 Leonissa

284 1032 458 1066 sacerdotis
494 1043 639 1076 expresse
676 1032 813 1075 professi
850 1032 986 1066 Ordinis

284 1086 427 1128 fratrum
467 1085 635 1118 Minorem
674 1086 780 1118 suncti
815 1085 987 1118 Francisca·

287 1138 560 1184 Capuccinorum.

455 1219 593 1245 Clemens
614 1219 692 1252 Papa
712 1219 774 1251 ΧΠ,

353 1263 391 1289 ad
407 1266 590 1297 perpetuam
615 1263 661 1290 rei
681 1263 871 1290 memoriam.

77 1345 196 1368 Exordium.
287 1334 453 1368 Pastorum
479 1334 632 1378 princeps
650 1334 741 1367 Iesus
760 1334 917 1374 Christus,
936 1345 989 1367 eu-

245 1388 293 1421 ius
330 1387 415 1421 vices
452 1387 484 1419 in
522 1387 616 1420 terris
653 1389 752 1432 plane
778 1388 988 1421 immerentes

245 1441 401 1486 gerimus,
418 1441 692 1484 quemadmodum
712 1452 792 1474 nova
811 1452 940 1485 semper
958 1441 988 1473 in

245 1495 388 1529 Ecclesia
413 1496 468 1527 sua
488 1495 645 1528 instaurat
664 1496 810 1538 exempla
826 1495 988 1535 virtutum,

246 1553 277 1582 et
303 1548 341 1581 de
369 1548 453 1580 terra
479 1549 590 1580 nostra
625 1557 725 1581 novos
758 1547 818 1580 sibi
857 1547 991 1580 suscitat

247 1608 279 1635 et
310 1601 408 1644 erigit
443 1611 574 1640 servos,
600 1606 635 1633 ut
660 1602 801 1634 collocet
838 1611 892 1633 eos
918 1611 989 1633 cum

245 1653 451 1698 principibus
469 1653 579 1697 populi
606 1654 664 1693 sui,
682 1659 713 1687 et
728 1654 847 1687 solium
870 1653 991 1697 gloriae

249 1713 383 1742 teneant
419 1707 450 1740 in
488 1707 601 1747 caelis,
626 1718 663 1740 ae
689 1712 840 1751 tanquam
878 1708 990 1740 stellae

248 1761 410 1804 fulgentes
427 1761 459 1792 in
479 1766 652 1803 perpetuas
685 1760 894 1793 aeternitates
920 1759 992 1793 illu-

247 1814 372 1847 minent
398 1813 448 1846 liis
466 1813 519 1857 qui
546 1813 576 1845 in
605 1813 746 1847 tenebris
765 1818 793 1846 et
822 1813 853 1846 in
879 1813 992 1845 umbra

247 1867 361 1900 mortis
384 1867 501 1900 sedent
522 1867 560 1899 ad
588 1866 778 1909 dirigendos
806 1866 905 1909 pedes
935 1877 993 1899 no-

249 1926 333 1954 stros
371 1920 402 1952 in
440 1919 521 1952 viam
546 1919 648 1963 pacis.
676 1920 720 1952 lta
756 1929 816 1953 nos
846 1919 992 1952 debitum

249 1974 446 2007 sacrosancti
473 1974 675 2017 apostolatus
713 1973 813 2006 nostri
852 1973 992 2006 officium

251 2027 416 2069 ducimus,
443 2032 475 2059 et
500 2026 682 2060 catholicae
716 2026 865 2068 religioni
894 2026 995 2069 magis

250 2080 460 2123 adaugendae
488 2086 520 2113 et
544 2079 813 2112 christifidelibus
852 2080 891 2113 ad
929 2080 995 2123 pie-

253 2139 348 2167 tatem
372 2134 510 2177 amplius
535 2133 714 2167 excitandis
740 2133 771 2165 in
794 2133 852 2166 liac
871 2139 996 2177 tempo-

252 2198 321 2220 rum
348 2186 538 2220 conditione
563 2187 655 2219 valde
681 2192 921 2230 opportunum,
946 2191 994 2228 ut,

252 2240 487 2283 benignitatem
525 2239 581 2272 Dei
619 2239 721 2272 nostri
749 2245 780 2272 et
805 2240 995 2273 memoriam

252 2293 430 2327 sanctitatis
455 2293 525 2326 eius
550 2293 581 2326 in
609 2293 779 2326 virtutibus
812 2303 847 2326 ac
872 2293 996 2326 meritis

253 2357 421 2380 servorum
447 2357 578 2379 suorum
610 2347 801 2380 extollentes
837 2356 872 2379 ac
904 2357 997 2389 prae-

254 2402 411 2441 dicantes,
438 2411 547 2434 corum
575 2400 765 2444 praesertim
792 2400 919 2434 debitae
945 2411 997 2433 ve-

254 2455 432 2488 nerationis
461 2455 580 2488 cultum
596 2464 786 2496 promovere
806 2457 994 2496 satagamus,

254 2508 321 2552 qni,
341 2512 512 2552 postquam
531 2506 691 2540 lubricum
717 2506 801 2539 inter
826 2507 997 2540 blandien-

255 2561 296 2594 tis
322 2560 431 2593 mundi
459 2559 633 2593 illecebras
649 2559 808 2603 pueritiae
835 2559 896 2593 iter
916 2559 998 2594 mira

256 2625 327 2648 eum
349 2624 474 2647 morum
499 2612 688 2647 innocentia
708 2612 931 2655 confecissent,
950 2624 998 2646 ar-

861 226 1003 252 CLEMENS
1029 225 1047 250 X
1054 226 1076 250 ll
1101 226 1151 251 PP.

1662 217 1726 252 ⁶287
1772 227 1825 254 An.
1847 229 1876 256 c.
1896 228 1963 256 t737

1025 276 1122 309 duum
1147 276 1358 320 perfeetionis
1384 277 1580 311 curriculum
1602 275 1660 309 sub
1679 286 1769 310 seve-

1025 328 1120 361 rioris
1146 329 1339 373 disciplinae
1358 330 1505 364 instituto
1523 330 1687 369 ineuntes,
1704 339 1769 363 non

1025 381 1129 414 solum
1155 382 1271 425 dignos
1289 383 1321 415 in
1338 383 1468 426 pietatis
1493 388 1524 416 et
1548 383 1769 416 doctrinarum

1024 435 1186 477 palaestra
1224 445 1416 478 progressus
1452 436 1620 476 fecerunt,
1658 446 1770 468 verum

1026 487 1143 527 etiam,
1168 489 1265 521 verbo
1292 494 1322 521 et
1348 490 1496 532 exemplo
1522 490 1624 522 facem
1651 489 1770 522 ceteris

1027 541 1268 584 praeferentes,
1294 542 1376 575 adeo
1413 543 1599 576 incredibili
1641 542 1771 576 divinae

1027 594 1152 637 gloriae
1179 600 1210 627 et
1235 595 1414 628 animarum
1445 596 1558 628 salutis
1594 605 1772 640 procuran-

1027 647 1086 680 dae
1111 647 1182 680 zelo
1209 653 1411 688 exarserunt,
1433 653 1485 687 ut,
1504 659 1614 681 omnes
1640 648 1772 681 Christo

1027 699 1250 733 lucrifaciendi
1287 701 1402 740 causa,
1437 700 1580 740 labores,
1619 700 1772 742 ludibria,

1026 753 1185 792 verbera,
1222 752 1382 785 cruciatus
1418 762 1454 784 ae
1492 757 1631 785 mortem
1669 753 1771 796 ipsam

1028 805 1206 839 christiana
1225 805 1415 838 fortitudine
1433 810 1690 846 contemnentes,
1709 811 1774 838 tan-

1029 859 1101 891 dem
1121 859 1294 891 evolarunt
1312 859 1351 891 ad
1370 869 1525 891 eoronam
1546 858 1691 901 legitime
1710 868 1775 891 cer-

1030 911 1172 944 tantibus
1197 911 1375 954 repositam
1395 911 1425 943 in
1445 911 1543 944 caelis
1568 922 1585 944 a
1610 911 1773 944 bonorum

1029 964 1173 997 omnium
1209 964 1364 1006 largitore
1401 964 1487 1004 Deo,
1516 964 1570 1008 qui
1608 975 1775 997 servorum

1029 1027 1161 1050 suorum
1186 1028 1306 1060 agones
1331 1028 1367 1050 ae
1393 1019 1534 1058 labores,
1568 1018 1776 1051 laudabiliter

1030 1081 1090 1113 pro
1107 1069 1154 1102 sui
1174 1070 1314 1103 nominis
1333 1070 1438 1113 gloria
1457 1071 1649 1113 completos
1674 1071 1775 1113 signis

1031 1123 1126 1156 etiam
1141 1129 1172 1156 et
1189 1123 1354 1157 miraculis
1369 1124 1534 1157 illustrare
1551 1124 1700 1166 dignatus
1716 1129 1775 1157 est.

1075 1177 1090 1220 ἓ
1115 1178 1147 1209 t.
1175 1176 1253 1209 Cum
1281 1177 1401 1221 itaque,
1424 1183 1547 1210 mature
1582 1177 1776 1220 diligenter·
1808 1189 1972 1211 sacr-*rumm-

1790 1220 1845 1237 tuum
1854 1217 1972 1239 Congrega-

1032 1240 1094 1273 que
1122 1229 1276 1262 discussis
1301 1235 1398 1273 atque
1425 1230 1597 1274 perpensis
1623 1241 1683 1274 per
1701 1230 1818 1264 Con-110
1832 1243 1924 1288 die‘i'd‘*
1940 1249 1974 1261 w-

1790 1275 1905 1289 nemnem
1929 1275 1973 1288 ΒΕΓ·

1033 1283 1259 1325 gregationem
1286 1283 1523 1316 venerabilium
1557 1284 1693 1315 fratrum
1721 1294 1837 1316 nonum
1857 1296 1894 1316 lte·
1918 1295 1973 1315 10⁴¹·-

1033 1341 1171 1368 strorum
1198 1335 1229 1368 S.
1250 1336 1287 1368 R.
1310 1336 1344 1369 E.
1371 1335 1584 1369 cardinalium
1611 1336 1711 1369 sacris
1737 1323 1974 1369 ri-t'f'fflsslff'h'lli

1035 1388 1121 1421 tibus
1141 1389 1400 1432 praepositorum
1418 1389 1627 1432 processibus
1647 1389 1685 1422 de
1700 1381 1861 1432 Apo·¹'⁰⁵'‘³'

1034 1441 1168 1474 stolicae
1195 1441 1287 1475 Sedis
1324 1441 1459 1475 licentia
1490 1441 1646 1475 confectis
1681 1453 1781 1485 super

1035 1495 1116 1528 vitae
1142 1495 1314 1527 sanctitate
1340 1499 1371 1527 et
1394 1494 1564 1527 virtutibus
1597 1500 1659 1528 tam
1688 1496 1781 1528 tlieo-

1036 1548 1150 1590 logicis
1166 1558 1260 1590 qnam
1275 1547 1454 1580 moralibus
1470 1548 1500 1580 in
1517 1548 1618 1590 gradu
1635 1548 1780 1589 heroico,

1036 1601 1154 1645 quibus
1171 1611 1297 1634 servum
1316 1600 1371 1633 Dei
1395 1600 1568 1644 loseplium
1588 1612 1604 1633 a
1620 1601 1780 1641 Leonissa,

1037 1654 1262 1698 presbyterum
1283 1664 1436 1697 expresse
1455 1654 1637 1697 professum
1652 1654 1781 1687 Ordinis

1037 1708 1170 1740 fratrum
1195 1706 1355 1740 Minorum
1393 1707 1495 1740 saneti
1528 1706 1690 1740 Francisci
1718 1707 1781 1740 Ca-

1037 1760 1248 1804 puceinorum
1270 1765 1543 1802 nuncupatorum,
1558 1759 1783 1803 multipliciter

1037 1812 1213 1852 claruisse,
1253 1822 1380 1845 necnon
1418 1812 1583 1845 miraculis
1623 1823 1704 1856 quae
1742 1813 1781 1846 ad

1038 1866 1107 1899 eius
1125 1865 1394 1899 intercessionem
1409 1870 1439 1897 et
1455 1865 1492 1898 ad
1508 1866 1780 1898 manifestandam

1038 1919 1229 1953 hominibus
1252 1918 1352 1962 ipsius
1378 1919 1581 1952 sanctitatem
1601 1930 1618 1952 a
1635 1920 1700 1953 Deo
1727 1931 1782 1963 pa-

1039 1976 1120 2006 trata
1146 1972 1246 2005 fuisse
1273 1972 1450 2012 asserebat,
1470 1973 1584 2005 eadem
1602 1972 1782 2016 Congrega·

1040 2026 1083 2059 tio
1102 2036 1212 2058 coram
1232 2025 1325 2057 nobis
1344 2025 1531 2065 constituta,
1549 2025 1669 2058 auditis
1688 2026 1782 2058 etiam

1039 2079 1264 2112 consultorum
1283 2077 1457 2120 suffragiis,
1478 2089 1542 2111 uno
1561 2078 1690 2121 spiritu,
1708 2080 1785 2112 una-

1040 2144 1101 2176 que
1117 2142 1192 2165 voce
1208 2131 1381 2171 censuerit,
1393 2142 1501 2175 posse,
1513 2132 1783 2175 quandocumque

1040 2185 1133 2218 nobis
1159 2185 1334 2224 videretur,
1355 2184 1555 2227 praedictum
1574 2195 1701 2217 servum
1728 2185 1782 2218 Dei

1040 2239 1171 2271 Beatum
1188 2237 1344 2271 declarari
1364 2247 1436 2270 cum
1453 2237 1616 2270 consuetis
1636 2237 1783 2271 indultis:

1085 2293 1099 2335 g
1125 2291 1156 2324 ΕΞ.
1184 2291 1264 2324 llinc
1290 2296 1337 2324 est
1373 2291 1460 2334 quod
1499 2302 1576 2329 nos,
1603 2291 1663 2333 piis
1688 2296 1783 2334 atquc
1819 2299 1917 2335 nnumin-n
1934 2300 1975 2319 con

1042 2345 1145 2380 enixis
1181 2345 1416 2378 nonnullorum
1455 2345 1688 2377 venerabilium
1722 2326 1976 2377 ΓιΊι-ἷῖῗέἶιῗειιῗωᾶω

1042 2404 1126 2431 trum
1163 2397 1365 2436 antistitum,
1392 2396 1627 2430 catholicorum
1666 2397 1783 2439 prinei·

1041 2462 1140 2495 pum,
1176 2455 1206 2483 ct
1238 2449 1502 2489 universitatum,
1531 2460 1657 2482 necnon
1686 2450 1783 2482 totius

1043 2503 1211 2537 memorati
1231 2501 1358 2535 Ordinis
1384 2501 1515 2533 fratrum
1534 2501 1691 2535 Minorum
1711 2513 1783 2535 san-

1042 2559 1084 2592 eti
1109 2557 1271 2590 Francisei
1297 2555 1560 2599 Capite-cinerum,
1588 2561 1619 2590 ct
1643 2556 1784 2590 nomina·

1043 2613 1098 2646 tim
1113 2611 1259 2654 Gregorii
1280 2621 1296 2643 a
1311 2610 1410 2643 Roma
1429 2609 1572 2642 ciusdem
1588 2608 1716 2644 Ordinis
1733 2620 1783 2644 sa-
