2232 3178
44 213 94 243 Aa,
113 211 142 240 C.
159 208 226 238 1738

229 353 324 384 ctione
345 351 434 382 fuerit
456 361 514 381 nox
536 350 728 380 recreationis
746 360 753 387 ς
789 354 858 379 tunc
892 348 970 378 enim

229 401 395 432 immediate
424 404 489 439 post
517 398 745 438 Completorium
767 397 919 434 recitetur,
943 400 972 426 et

228 449 364 480 recitatio
380 449 443 479 eius
457 449 542 478 duret
557 449 616 478 sere
633 457 684 487 per
700 447 812 477 horam.
833 446 972 476 Cantetur

229 503 327 529 autem
352 506 418 528 cum
441 497 578 527 laudibus
602 497 764 536 (tempore,
783 500 811 525 et
833 494 972 524 solemni-

230 645 301 675 ioris
323 644 534 682 hebdomadae,
551 648 579 674 et
601 644 632 674 in
648 644 721 673 sesto
737 642 873 682 Corporis
889 641 972 671 Chri-

230 694 266 724 sti
293 693 340 732 (si
363 693 442 723 istud
465 692 648 723 venerationi
671 692 835 731 expositum
859 690 972 728 suerit)

231 751 282 781 per
304 745 394 772 totam
418 741 481 772 eius
504 745 645 778 octavam,
662 741 691 770 id
709 740 812 770 eadem
835 738 972 769 solemni-

230 794 289 820 tate
311 794 445 829 canatur,
475 790 553 830 quod
574 790 639 819 cani
662 789 749 819 debet
770 788 800 818 in
823 787 973 817 conventi-

229 839 295 870 buS.
318 838 355 869 At
377 848 447 869 vero
469 838 500 868 in
522 839 596 868 sesto
618 837 667 868 SS.
687 836 841 867 Trinitatis
863 840 891 865 et
913 835 972 874 pri-

231 896 295 917 mae
316 886 375 917 diei
397 887 594 923 Pentecostes,
612 890 640 916 et
656 890 826 916 sanctorum
849 884 972 923 patriar-

230 936 350 966 charum
364 940 533 966 nostrorum
545 935 663 965 Ioannis
679 938 706 965 et
718 934 824 964 Felicis
836 936 972 963 cantetur
993 953 994 957 ,

230 985 319 1015 etiam
336 985 512 1015 matutinum
537 994 604 1015 cum
620 983 758 1014 laudibus
776 983 849 1013 hora
867 982 973 1022 quinta
993 1000 994 1005 ,

231 1038 296 1073 post
321 1033 485 1064 meridiem.

269 1090 320 1112 xn.
345 1081 429 1112 Circa
451 1081 658 1120 religiosorum
680 1089 838 1112 numerum
861 1079 911 1119 qui
927 1088 973 1109 re-

229 1130 360 1170 quiritur
381 1130 417 1160 ad
449 1130 614 1160 canendum
645 1129 742 1159 omnia
772 1128 919 1168 praedicta
942 1127 971 1157 iu

230 1178 488 1216 solemnitatibuS,
513 1182 540 1208 et
572 1178 642 1218 quid
673 1177 789 1217 quando
821 1176 972 1206 celebran-

230 1231 278 1257 tur
313 1236 371 1257 non
407 1227 438 1256 in
473 1227 599 1266 propriis
631 1227 735 1257 dlebus
753 1250 761 1264 ,
801 1226 973 1255 observetur
994 1248 996 1272 i
1016 1230 1159 1270 praelati,
1183 1235 1211 1261 et
1238 1231 1276 1260 sit
1298 1240 1415 1270 quoque
1437 1231 1467 1261 in
1490 1231 1556 1270 ipsa
1582 1231 1761 1261 bibliotheca

230 1277 306 1318 quod
332 1277 441 1307 dictum
468 1281 512 1306 est
536 1276 571 1306 de
597 1276 807 1314 conventibus,
835 1286 900 1316 cap.
926 1286 972 1314 xi,

229 1328 243 1366 ξ
266 1328 294 1366 1,
312 1337 340 1357 n.
365 1335 427 1357 7111.

270 1386 331 1407 xui.
360 1377 482 1416 Insuper
509 1377 707 1416 praecipimus
735 1377 812 1416 quod
842 1377 871 1406 in
903 1386 974 1416 qua-

230 1431 297 1458 tuor
318 1426 388 1456 anni
406 1426 617 1456 anniversariis
633 1426 774 1456 recitetur
791 1426 820 1455 in
837 1425 973 1456 omnibus

231 1475 339 1505 nostris
371 1475 504 1513 collegiis
535 1475 683 1513 integrum
716 1475 845 1504 officium
869 1475 972 1505 defun-

230 1530 355 1562 ctorum,
379 1525 455 1555 sicut
477 1525 507 1554 in
530 1525 736 1555 conventibus.
754 1525 887 1563 Collegae
909 1525 973 1564 phi-

230 1574 378 1614 losophiae
402 1574 528 1604 recitare
551 1578 689 1604 tenentur
711 1583 809 1604 coram
832 1575 863 1604 B.
882 1575 916 1604 V.
934 1575 970 1604 M.

230 1624 259 1655 in
283 1634 335 1655 suo
358 1623 487 1654 oratorio
506 1632 572 1653 cum
598 1633 650 1653 suo
674 1623 816 1662 magistro
839 1628 903 1662 post.
922 1633 974 1653 an-

231 1674 382 1714 tiphonam
399 1673 569 1710 Benedicta,
595 1673 786 1703 scholasticae
810 1673 972 1712 theologiae

230 1723 382 1754 studentes
404 1723 435 1752 in
457 1723 558 1759 choro,
592 1726 620 1752 et
652 1732 753 1752 omnes
779 1723 971 1761 collegiorum

230 1773 362 1812 religiosi
391 1772 452 1803 sive
481 1772 609 1811 collegae
631 1772 755 1809 biennii,
780 1772 841 1802 sive
864 1773 972 1812 Propa-

230 1822 342 1861 gandae
365 1821 426 1851 sive
449 1821 660 1851 conventuales
678 1821 749 1857 sint,
767 1821 815 1860 qui
839 1821 971 1851 eamdem

230 1881 287 1902 non
305 1870 494 1901 recitaverint
516 1870 546 1900 in
570 1870 731 1909 communi,
749 1870 828 1900 illam
848 1871 973 1901 recitent

231 1920 378 1961 privatim.

270 1979 328 2000 xlv.
358 1969 391 1999 In
413 1967 648 1999 recreationibus
680 1969 854 2007 nocturnis,
883 1978 898 1999 a
921 1969 973 1999 Pa-

230 2019 330 2050 schate
352 2028 446 2058 usque
467 2017 502 2048 ad
532 2017 747 2054 pentecostem,
775 2019 870 2048 solum
896 2023 974 2059 pote-

230 2072 300 2099 runt
332 2076 520 2108 perseverare
541 2076 635 2107 usque
668 2067 703 2097 ad
736 2067 868 2107 Nonam,
893 2073 921 2098 et
943 2069 972 2099 in

230 2118 348 2149 residuo
371 2122 501 2157 tempore
523 2117 634 2147 aestivo
656 2117 691 2146 ad
713 2126 861 2147 summum
882 2127 973 2157 usque

231 2167 266 2197 ad
288 2166 438 2197 dimidiam
471 2169 535 2205 post
567 2165 689 2195 Nonam.
721 2166 843 2205 Semper
876 2171 972 2197 tamen

231 2216 381 2247 studentes
410 2216 439 2246 in
462 2215 673 2245 communitate
699 2225 764 2245 cum
794 2221 975 2247 conventua-

231 2266 308 2296 libus
331 2269 547 2304 congregentur
569 2264 604 2294 ad
627 2265 725 2295 minus
747 2275 798 2305 per
821 2275 908 2295 unam
925 2267 975 2297 ho-

231 2324 312 2353 ram,
335 2315 392 2345 nisi
416 2315 526 2345 suerint
548 2314 675 2353 collegae
691 2314 904 2354 philosophiae,
924 2316 974 2355 qui

232 2365 405 2404 congregari
428 2363 536 2394 debent
559 2373 625 2394 cum
648 2373 701 2394 suo
724 2365 877 2402 magistro.

272 2423 318 2444 xv.
342 2414 404 2444 Non
428 2413 621 2443 admittantur
642 2413 672 2442 in
702 2413 835 2451 collegiis
864 2414 974 2445 nostris

232 2462 457 2494 universitatum
480 2465 619 2492 externae
643 2471 785 2501 personae
817 2463 852 2492 ad
875 2463 974 2494 lectio-

231 2521 295 2551 nes,
327 2511 530 2542 conclusiones
558 2511 603 2540 vel
632 2511 688 2540 alia
721 2511 862 2541 litteraria
892 2521 975 2542 exer-

232 2561 312 2592 citia.
345 2560 403 2591 Nec
436 2560 566 2599 religiosi
596 2560 690 2590 nostri
722 2565 804 2590 extra
842 2562 975 2601 proprias

232 2611 331 2643 domos
361 2609 478 2650 publice
511 2613 637 2648 arguant
670 2609 714 2640 vel
737 2610 904 2642 defendant.
938 2611 976 2642 At

304 2670 384 2699 Bull.
404 2670 490 2699 Rom.
511 2685 543 2689 —
568 2670 630 2700 Vol.
649 2670 752 2698 XXIV.
894 2669 930 2698 55

842 201 985 228 CLEMENS
1008 202 1054 227 xn
1079 203 1128 228 ΓΡ.

268 263 308 286 xi.
325 252 500 285 Matutinum
515 252 656 284 recitetur
671 251 882 284 inviolabiliter
896 251 970 283 hore
991 251 993 262 ¹

229 304 322 334 noctis
344 303 446 333 octava
469 311 535 332 cum
557 302 696 338 dimidia,
723 301 780 331 nisi
803 310 835 330 ex
860 300 971 330 instru-
992 313 993 319 1

992 341 994 375 ἶ
1014 349 1140 379 suetudo
1165 349 1288 378 oleverit
1310 348 1339 378 in
1363 348 1556 387 contrarium,
1585 348 1661 378 idem
1692 348 1761 377 lice-

1012 259 1080 282 vero
1102 251 1133 282 in
1156 249 1348 289 regionibus¹
1381 250 1452 286 illis,
1490 249 1519 281 in
1543 249 1651 290 quibus
1683 249 1759 290 apud

1013 300 1087 330 alias
1111 299 1270 338 religiones
1306 299 1443 329 similiter
1477 299 1658 329 excalceatas
1691 308 1759 328 con-

1013 397 1056 427 bit
1079 398 1200 428 nostris.
1224 398 1381 428 Vitandum
1405 403 1501 428 tamen
1525 398 1591 433 erit,
1616 401 1759 437 quantum

1014 447 1152 486 possibile
1175 447 1222 482 sit,
1247 447 1455 477 commercium
1479 447 1675 477 saecularium
1693 455 1760 476 oum

993 528 994 533 ¹
1015 496 1123 525 nostris
1139 496 1337 534 studentibus,
1356 496 1527 535 praesertim
1545 496 1580 525 ad
1605 495 1757 525 lectiones.

230 552 308 585 tate,
332 556 364 577 ac
387 547 416 577 in
439 546 657 584 conventibus)
682 546 710 575 in
734 545 781 575 die
803 543 971 574 Nativitatis
993 579 994 586 ἵ

230 601 258 627 et
280 595 515 626 Resurrectionis
538 595 663 631 Domini,
687 603 720 624 ac
743 594 772 623 in
797 593 893 623 triduo
913 601 972 622 ma-
993 626 995 641 ἰ

1014 544 1068 579 Qui
1091 549 1188 574 autem
1205 544 1411 575 constitutioni
1427 545 1476 574 isti
1493 545 1612 574 omuino
1632 545 1677 574 vel
1695 554 1761 583 par-

1015 594 1066 622 tim
1087 593 1316 631 contravenerit,
1340 593 1472 632 privatus
1488 594 1526 623 sit
1544 603 1612 623 voce
1632 598 1659 623 et
1681 594 1757 629 loco,

1014 641 1094 671 iuxta
1117 641 1290 679 gravitatem
1313 642 1425 681 culpae.

1054 700 1073 720 1.
1107 690 1139 720 In
1171 700 1358 730 quocumque
1391 695 1536 721 conventu
1570 700 1603 721 ac
1637 691 1760 729 collegio

993 765 994 770 ,
1015 744 1115 770 nostro
1139 740 1176 770 sit
1198 740 1361 770 communis
1389 739 1578 778 bibliotheca,
1609 741 1693 770 cuius
1717 741 1761 769 in-

993 814 995 827 ,
1014 794 1197 820 crementum
1220 799 1253 819 ac
1274 789 1305 819 in
1328 790 1390 819 dies
1419 794 1609 827 augmentum
1633 789 1760 819 ministri

1015 843 1183 878 procurent.
1209 839 1240 869 In
1264 839 1299 868 ea
1321 838 1380 868 sint
1408 838 1476 868 libri
1504 838 1538 868 ad
1569 838 1665 868 studia
1692 838 1760 867 reli-

1014 889 1185 926 giosorum,
1210 888 1394 928 spiritualem
1418 888 1549 927 ipsorum
1574 887 1735 926 profectum
1751 911 1759 925 ,

1014 940 1043 967 et
1075 937 1278 976 proximorum
1312 937 1448 967 salutem.
1483 936 1526 967 Sit
1557 937 1713 975 deputatus
1745 946 1760 965 a

1015 986 1189 1025 provinciali
1216 987 1372 1024 religiosus
1401 986 1452 1026 qui
1483 986 1562 1016 illam
1591 985 1760 1015 mundatam

1015 1035 1204 1074 clausamque
1237 1034 1365 1071 habeat,
1395 1038 1422 1064 et
1453 1034 1544 1064 libros
1575 1043 1628 1064 suo
1657 1033 1761 1063 ordine

1014 1083 1097 1113 iuxta
1118 1083 1251 1123 ipsorum
1274 1083 1405 1113 diversas
1421 1083 1575 1113 facultates
1590 1082 1758 1122 dispositos.

1015 1132 1069 1168 Qui
1091 1137 1119 1163 et
1148 1133 1236 1163 etiam
1267 1132 1448 1163 necessarios
1478 1132 1626 1172 religiosis
1655 1132 1690 1162 ad
1721 1132 1762 1162 le-

1015 1182 1141 1211 ctionem
1161 1182 1352 1221 studiumque
1371 1181 1529 1212 distribuat
1551 1191 1616 1212 cum
1640 1182 1762 1211 licentia.

1015 1280 1213 1310 inventarium
1230 1284 1310 1310 recto
1324 1280 1427 1310 ordine
1439 1280 1623 1319 alphabetico
1640 1279 1761 1318 disposi-

1017 1333 1077 1359 tum
1091 1329 1222 1359 omnium
1238 1328 1382 1358 librorum
1395 1333 1558 1358 conventus
1572 1328 1615 1358 vel
1632 1328 1759 1367 collegii.

1054 1387 1085 1408 11.
1110 1378 1146 1408 Ut
1168 1383 1267 1408 autem
1294 1377 1362 1408 libri
1390 1387 1447 1407 non
1475 1378 1680 1407 diminuantur
1706 1387 1761 1408 nec

1015 1426 1175 1463 deficiant,
1210 1426 1407 1466 praeprimus
1445 1427 1475 1456 in
1513 1427 1620 1457 virtute
1642 1431 1761 1457 sanctae

1016 1476 1201 1506 obedientiae
1225 1476 1364 1506 omnibus
1393 1480 1421 1506 et
1449 1476 1574 1514 singulis
1602 1476 1758 1514 religiosis,

1017 1535 1052 1555 ne
1077 1525 1248 1564 praebeant,
1272 1534 1327 1555 nec
1355 1525 1498 1562 alienent,
1531 1535 1585 1555 nec
1607 1525 1641 1554 ad
1671 1525 1759 1555 alium

1015 1579 1192 1604 conventum
1216 1583 1269 1604 nec
1292 1574 1449 1612 collegium
1477 1578 1594 1614 portent
1618 1574 1660 1603 vel
1694 1574 1761 1604 mit-

1016 1627 1078 1653 tant
1100 1623 1209 1653 librum
1233 1623 1373 1662 aliquem,
1399 1623 1602 1662 quinternum,
1627 1622 1760 1652 codicem

1015 1676 1064 1702 aut
1097 1673 1212 1702 codices
1227 1696 1234 1710 ,
1258 1672 1351 1701 aliave
1384 1672 1582 1711 manuscripta
1606 1671 1761 1702 existentia

1015 1722 1044 1752 iu
1067 1721 1245 1751 bibliotheca
1261 1721 1382 1751 alterius
1401 1726 1563 1751 conventus
1585 1721 1630 1751 vel
1646 1721 1761 1759 collegii

1015 1770 1076 1800 sive
1094 1771 1129 1800 ad
1152 1770 1200 1800 illa
1224 1770 1413 1809 pertinentia,
1437 1770 1525 1800 etiam
1556 1770 1616 1807 illa,
1650 1769 1696 1798 vel
1725 1778 1760 1799 ex

1015 1819 1073 1849 illis
1100 1819 1196 1858 libris,
1221 1819 1400 1859 quinternis,
1434 1819 1584 1849 codicibus
1615 1828 1667 1848 seu
1699 1827 1761 1848 ma·

1015 1869 1189 1908 nuscriptis‚
1213 1877 1287 1907 quae
1310 1868 1440 1906 religiosi
1464 1867 1573 1897 habent
1601 1867 1631 1897 in
1654 1867 1758 1904 cellis,

1016 1918 1060 1948 vel
1083 1918 1139 1947 alio
1162 1917 1192 1947 in
1216 1917 1278 1947 loco
1302 1917 1336 1947 ad
1360 1917 1502 1954 studium,
1527 1916 1682 1947 lectionem
1715 1916 1759 1946 vel

1016 1975 1099 1997 usum
1122 1975 1220 2005 suum,
1238 1975 1293 1996 nec
1309 1966 1445 1996 similiter
1468 1966 1655 1996 commodent
1677 1975 1761 2005 prae-

1016 2017 1108 2047 dictos
1127 2016 1228 2054 libros,
1253 2015 1379 2052 codices,
1404 2016 1572 2055 quinterna,
1597 2015 1760 2046 manuscri-

1017 2070 1076 2105 pta,
1100 2068 1150 2095 aut
1172 2069 1288 2104 portent
1321 2068 1401 2094 extra
1431 2067 1609 2094 conventum
1633 2064 1678 2094 vel
1701 2063 1762 2094 col-

1017 2115 1136 2154 legium,
1161 2114 1195 2144 ad
1228 2114 1304 2153 quod
1328 2114 1488 2153 pertinent.
1523 2113 1657 2143 Minister
1692 2123 1759 2143 vero

1017 2164 1124 2204 poterit
1146 2163 1279 2193 libellum
1311 2162 1439 2202 aliquem
1468 2162 1651 2202 spiritualem
1677 2171 1761 2202 prae-

1017 2213 1086 2243 bere
1101 2212 1189 2243 alicui
1206 2221 1348 2252 personae
1363 2212 1484 2242 devotae
1500 2221 1551 2241 seu
1568 2210 1758 2241 benefactori.

1017 2263 1128 2293 Poterit
1150 2262 1238 2292 etiam
1266 2261 1380 2300 aliquos
1410 2261 1501 2291 libros
1529 2261 1574 2291 sui
1600 2265 1760 2290 conventus

1017 2313 1062 2343 vel
1085 2312 1200 2350 collegii
1229 2311 1415 2341 commodare
1441 2310 1591 2349 aliquibus
1615 2310 1759 2349 personis,

1019 2366 1104 2401 prout
1133 2361 1274 2400 expedire
1307 2360 1422 2390 viderit.
1456 2359 1578 2398 Semper
1605 2363 1701 2388 tamen
1729 2358 1760 2388 in

1018 2411 1194 2442 bibliotheca
1227 2414 1398 2441 remaneant
1432 2409 1534 2448 scripti
1565 2418 1579 2438 a
1603 2408 1760 2439 bibliothe-

1018 2461 1115 2492 cario²
1137 2461 1217 2498 libri,
1242 2460 1304 2500 qui,
1328 2463 1356 2489 et
1379 2468 1532 2498 personae,
1553 2457 1659 2497 quibus
1682 2467 1761 2488 com-

1054 2526 1066 2551 1
1089 2523 1212 2551 Pessime
1231 2522 1296 2550 edit.
1314 2521 1396 2549 Μαίη.
1418 2521 1483 2556 legit
1503 2520 1693 2556 reliqz'onz'bus
1713 2529 1761 2557 pro

1016 2569 1187 2605 reqionibns
1205 2570 1244 2602 (a.
1259 2569 1309 2601 τ.).

1053 2615 1068 2641 2
1088 2613 1159 2641 Edit.
1181 2613 1261 2641 Malu.
1282 2611 1347 2648 legit
1367 2612 1583 2641 bibliothecarii
1603 2611 1641 2648 (a.
1657 2610 1705 2647 τ.).

1648 190 1714 227 483
1759 199 1811 228 An.
1833 199 1862 227 c.
1883 199 1954 227 2738

1773 725 1801 745 ἶῚΥἸ
1815 710 1955 745 ὺιῐῖ1ι;»’[ᾘῡςῖὶ,
