2232 3178
245 241 292 267 An.
315 242 343 268 C.
366 242 434 268 1735

261 1423 351 1443 thbet
367 1430 420 1444 nmo

239 1449 336 1470 Pontifici
354 1450 420 1470 bitan-

238 1475 292 1495 eimu
320 1482 420 1502 expensa-

239 1507 283 1521 rum
312 1504 421 1527 praetr-riti

239 1534 346 1551 femininis
381 1533 420 1550 tra-

239 1555 295 1575 duic.

480 233 520 265 56

437 292 535 325 ralem
562 293 680 336 scripto
707 293 851 336 protinus
879 291 996 324 deferri
1022 289 1174 334 praecipi-

438 356 508 377 mus
533 350 564 379 et
590 346 792 385 ruandamus,
820 350 852 378 ut
872 350 968 377 totam
986 342 1173 387 patrimonii

437 409 473 430 ac
507 399 622 432 aerarii
659 398 817 442 pontificii
854 396 1172 430 administrationem

437 453 638 495 explanatam
678 462 715 484 ac
749 450 980 494 compendiose
1019 455 1050 482 et
1086 450 1173 482 lucu-

436 505 542 538 lenter
567 505 761 547 descriptam
787 504 968 546 inspicere,
994 508 1025 535 et
1054 503 1079 534 si
1118 501 1171 545 qui

437 557 554 589 fuerint
573 567 721 589 excessus
741 557 774 589 in
795 567 902 589 annuo
925 555 1009 589 exitu
1029 554 1174 588 animad-

436 615 571 647 testere,
596 615 808 652 cunctamque
837 619 904 641 rom
931 607 1172 641 oeconomicam

436 662 585 705 prudenti
612 662 856 706 dispensatione
883 673 919 695 ac
952 671 1055 705 aequo
1091 671 1173 704 pon-

435 717 510 749 dere
536 721 567 749 et
598 718 750 748 mensura
782 715 943 749 moderari
981 715 1143 748 valeamus
1163 741 1170 754 ‚

435 769 575 812 dictique
601 779 804 802 successores
829 768 932 802 nostri
959 769 1112 801 valcant:
1140 766 1172 799 in

434 833 496 865 qua
520 823 776 866 Congregatione
801 822 1019 866 praecipimus
1041 831 1172 865 qnoque

433 876 593 918 integrum
616 886 651 908 ac
676 877 862 918 generalem
889 880 1008 908 statum
1026 873 1172 907 omnium

435 928 531 962 totins
556 929 630 962 anni
658 929 864 962 residuorum
889 928 1089 962 creditorum
1119 927 1172 960 Ca-

433 992 540 1015 inerae
577 982 740 1026 praefatae
777 982 919 1022 referri,
957 981 1171 1024 geminosque

433 1035 520 1068 illius
541 1034 681 1069 indices*
708 1035 769 1079 ipsi
796 1035 999 1068 thesaurario
1025 1033 1170 1076 generali

434 1089 536 1129 tradi,
563 1099 700 1132 quorum
727 1099 828 1121 unum
865 1088 958 1121 nohis
990 1098 1045 1121 sen
1083 1088 1170 1120 dicto

433 1141 579 1175 Pontifici
607 1142 780 1181 exhibeat,
808 1147 839 1175 et
861 1143 1000 1175 alterum
1026 1141 1110 1184 apud
1137 1150 1171 1173 sc

433 1197 591 1236 retineat,
618 1196 711 1229 sicuti
738 1196 844 1239 quoad
871 1195 951 1228 alios
975 1194 1097 1228 similes
1123 1194 1170 1226 in-

433 1248 540 1283 dices²
559 1250 765 1283 residuorum
786 1249 984 1282 creditorum
1006 1248 1171 1292 praefato-

433 1314 503 1336 rum
528 1303 676 1347 quolibet
702 1303 853 1336 trimestri
880 1301 1042 1335 faciendos
1073 1311 1171 1344 snpra

434 1357 666 1400 disposuimus.

477 1410 491 1453 ᾗ
516 1409 568 1442 15.
596 1409 865 1453 Quandoquidem
891 1419 927 1442 ex
961 1408 1087 1442 annalis
1117 1407 1171 1440 ad-

432 1460 680 1493 ministrationis
707 1465 859 1503 eomputo
876 1487 883 1500 ,
912 1459 994 1492 sicut
1019 1459 1171 1502 praemit-

434 1513 509 1545 titur
530 1518 671 1557 peracto,
695 1513 786 1546 facile
805 1513 918 1546 resciri
938 1512 1057 1556 poterit
1079 1511 1171 1545 initio

433 1566 571 1599 cuiusvis
597 1565 813 1609 pontificatus,
835 1565 887 1608 qui
915 1565 1009 1598 fuerit
1033 1564 1170 1598 anteacti

433 1619 600 1662 regiminis
636 1624 737 1652 status
772 1619 1027 1652 oeconomicus:
1063 1629 1171 1661 quam-

433 1673 558 1713 obrem,
575 1672 682 1705 statim
705 1683 740 1705 ac
763 1672 923 1705 Romanus
946 1671 1087 1705 Pontifex
1110 1681 1170 1714 pro

434 1731 580 1770 tempore
598 1726 738 1759 existens
752 1725 837 1759 diem
851 1725 967 1759 obierit
981 1731 1168 1765 extremum,

434 1780 508 1813 dicti
527 1779 837 1823 superintendentes
856 1779 962 1823 ipsum
977 1779 1095 1812 librum
1110 1789 1170 1812 ma·

433 1834 536 1867 iorem
569 1833 703 1866 omnino
739 1833 914 1873 claudant,
953 1832 1102 1876 nihilque
1138 1833 1170 1864 in

433 1898 505 1920 cum
531 1887 671 1931 amplius
697 1886 861 1927 referant,
888 1897 923 1919 ae
959 1897 1075 1919 novum
1110 1897 1170 1930 pro

435 1942 541 1974 futuro
566 1940 758 1983 pontificatu
787 1939 926 1972 similem
964 1939 1079 1973 librum
1116 1950 1171 1983 pa-

434 1999 505 2027 rcnt
529 2005 565 2026 ac
591 1993 783 2036 disponant:
808 1993 885 2026 item
904 1994 1039 2036 praefati
1061 2004 1170 2037 snper-

434 2048 638 2081 intendentes
663 2048 702 2080 de
729 2047 823 2080 totius
850 2047 1075 2090 praecedentis
1090 2058 1171 2090 pon-

434 2101 572 2135 titicatus
587 2100 779 2134 oeconomia
792 2100 884 2133 fidele
902 2100 1072 2133 conficiant
1086 2111 1172 2134 com-

433 2160 544 2198 putum
570 2165 624 2187 seu
660 2153 860 2194 bilancinm,
900 2164 935 2187 ex
972 2165 1036 2197 quo
1070 2159 1169 2187 status

433 2207 584 2241 Gamerae
611 2207 797 2250 praefatae,
826 2217 861 2239 ac
886 2207 990 2240 omnis
1015 2208 1047 2240 in
1084 2208 1169 2241 dicto

432 2260 618 2305 pontificatu
636 2260 883 2299 administratio,
902 2266 964 2293 tam
983 2261 1088 2303 quoad
1104 2262 1170 2294 exi-

434 2321 510 2354 tum,
536 2324 631 2358 quam
658 2313 764 2356 quoad
790 2313 971 2354 introitum,
991 2324 1170 2358 eorumque

433 2378 544 2401 causas
571 2372 634 2399 tum
661 2366 842 2399 ordinarias
870 2372 934 2399 tum
953 2364 1171 2400 extraordina-

433 2421 504 2461 rias,
523 2420 692 2453 manifeste
710 2424 830 2463 pateat;
847 2419 998 2463 dictoque
1017 2426 1170 2464 computo

433 2483 487 2506 seu
513 2472 652 2506 bilancio
678 2472 756 2505 illud
783 2471 878 2505 etiam
906 2473 969 2505 dati
996 2478 1028 2505 et
1046 2474 1168 2518 accepti

434 2532 580 2569 tempore
607 2536 670 2569 quo
700 2525 799 2559 Sedes
824 2525 1008 2568 Apostolica
1040 2537 1168 2560 vacave-

471 2599 479 2624 1
505 2596 576 2623 Edit.
597 2596 677 2623 Main.
699 2596 763 2631 legit
782 2596 892 2624 Iudices
912 2600 950 2629 (R.
966 2598 1014 2630 Τ.).
1030 2600 1036 2605 ’

468 2644 482 2667 2
503 2641 573 2668 Edit.
596 2640 673 2668 llain.
696 2641 759 2676 legit
779 2641 890 2670 Indices
910 2644 947 2677 (fl.
964 2642 1014 2676 Τ.),

1023 240 1211 265 BULLAfflt’M
1238 240 1396 265 ROMA-NCM

1216 288 1258 321 rit
1289 293 1321 322 et
1345 289 1513 324 Conclavis
1545 292 1718 334 separatim
1751 292 1888 331 addant,
1915 291 1958 324 di-

1217 347 1302 375 etum
1314 354 1387 376 vero
1406 349 1591 387 computum
1610 355 1665 378 seu
1680 345 1854 379 bilancium
1874 356 1957 379 novo

1218 395 1374 436 Pontifici,
1397 397 1479 430 infra
1500 397 1582 430 duos
1608 408 1736 432 menses
1762 409 1779 431 a
1804 399 1855 432 die
1880 409 1956 432 suae

1217 449 1390 482 creationis
1424 451 1684 494 computandos,
1711 462 1768 495 per
1805 453 1957 486 eumdem

1194 514 1195 521 ¹
1219 502 1416 535 thesaurium
1443 505 1631 545 generalem
1657 504 1779 548 pariter
1806 506 1955 539 exhihea-

1218 560 1294 595 tur,
1322 560 1357 587 ut
1381 565 1504 589 annuns
1530 562 1704 600 proventus
1728 563 1759 590 et
1784 558 1898 598 exitus,
1920 569 1956 592 ac

1217 607 1358 652 deniqne
1399 609 1569 642 universus
1605 609 1756 643 Gamerae
1793 612 1958 654 praefatae

1216 666 1316 694 status
1341 661 1369 694 ei
1395 662 1536 695 dilucide
1563 662 1768 696 innotescat:
1795 664 1881 696 unde
1912 665 1958 697 fu-

1218 718 1326 746 turum
1351 714 1544 747 arbitramur
1575 720 1610 747 ut
1645 715 1816 759 pontifices
1833 715 1958 749 noviter

1217 767 1390 810 assumpti,
1417 768 1621 811 superiorum
1650 774 1832 812 temporum
1859 769 1959 802 admi-

1217 820 1408 853 nistratione
1423 831 1500 864 prae
1513 821 1615 854 oculis
1634 821 1753 862 habita,
1773 822 1959 855 necessaria

1217 878 1248 906 et
1273 874 1457 906 salubriora
1482 873 1564 906 inire
1591 874 1714 917 possint
1729 874 1875 914 consilia,
1893 877 1959 919 qui·

1216 926 1274 959 bns
1300 927 1515 970 apostolicum
1537 928 1697 961 aerarium
1716 927 1800 961 hene
1820 928 1958 971 diligen-

1218 985 1329 1023 terque
1357 985 1487 1022 regatur
1512 991 1548 1013 ac
1574 985 1775 1023 procuretur.

1259 1033 1274 1075 ξ
1300 1032 1351 1065 16.
1370 1033 1544 1076 Speramus
1561 1033 1673 1067 itidem
1689 1043 1752 1066 non
1772 1034 1869 1067 modo
1888 1044 1957 1067 eos-
1981 1051 2063 1076 swan
2079 1051 2152 1072 camo.

1216 1086 1289 1119 dem
1315 1086 1638 1129 superintendentes,
1664 1096 1774 1119 verum
1792 1087 1888 1120 etiam
1910 1078 2152 1125 ce-ssss’neniiiiim'ai'ti

1984 1131 2137 1155 suggerendum

1217 1145 1304 1172 teros
1331 1150 1442 1173 omnes
1476 1145 1507 1172 et
1542 1139 1688 1182 singulos
1724 1139 1890 1173 ministros
1926 1145 1993 1177 etea
2008 1158 2152 1182 pumfficnms,

1968 1189 2023 1207 quau
2057 1183 2151 1204 eiusdem

1215 1193 1368 1226 officiales
1394 1192 1498 1226 dietae
1523 1192 1695 1233 Gamerae,
1720 1193 1759 1225 ad
1786 1203 1865 1236 quos
1891 1193 1957 1227 dis·
1968 1210 2069 1241 canter-„te
2121 1211 2151 1231 mi

1215 1245 1319 1289 posita
1359 1246 1391 1278 in
1436 1246 1599 1289 praesenti
1639 1245 1871 1279 constitutione
1911 1238 2151 1289 re-{issi‘e'tiirwmw

1215 1298 1358 1342 spective
1384 1304 1549 1342 spectant,
1577 1299 1665 1332 omni
1698 1298 1872 1333 sedulitate
1911 1305 1958 1333 at-

1216 1363 1277 1396 que
1303 1362 1339 1384 ex
1365 1352 1463 1385 animi
1489 1352 1590 1385 nostri
1611 1352 1773 1385 sententia
1792 1352 1887 1385 officii
1907 1353 1956 1386 sui

1214 1411 1322 1449 partes
1348 1407 1549 1449 expleturos,
1575 1416 1630 1439 eos
1664 1406 1800 1449 insuper
1824 1416 1958 1439 monen-

1216 1463 1282 1499 tes,
1312 1460 1420 1502 quod,
1454 1459 1479 1492 si
1513 1459 1545 1492 in
1583 1459 1699 1493 actuali
1727 1460 1869 1493 muneris
1906 1460 1956 1493 sni

1215 1512 1367 1545 exercitio
1393 1512 1514 1556 aliquid
1549 1512 1831 1555 deprehenderint
1867 1513 1957 1556 quod

1215 1564 1302 1597 iuxta
1328 1574 1437 1597 rernm
1463 1575 1499 1597 ac
1517 1571 1701 1608 temporum
1720 1564 1956 1600 vicissitudines

1216 1617 1309 1650 nohis
1335 1619 1384 1651 vel
1407 1618 1650 1650 suecessoribus
1667 1617 1784 1650 nostris
1799 1628 1957 1652 novarum

1215 1672 1324 1714 legum
1350 1676 1381 1704 et
1405 1670 1646 1704 ordinationum
1673 1681 1729 1704 sen
1748 1671 1956 1715 antiquarum

1215 1723 1437 1767 explicationis
1463 1729 1494 1756 et
1519 1723 1748 1757 declarationis
1773 1734 1901 1758 causam
1925 1731 1957 1758 et

1215 1777 1430 1817 occasionem,
1450 1786 1509 1821 pro
1529 1776 1656 1811 meliori
1683 1777 1885 1822 felicioriqne
1913 1779 1957 1812 di—

1214 1830 1254 1863 cti
1281 1830 1395 1864 aerarii
1428 1830 1609 1874 regimine,
1644 1831 1759 1864 merito
1793 1832 1954 1874 praebere

1214 1888 1336 1926 posset,
1365 1883 1445 1916 illud
1470 1883 1564 1916 nobis
1589 1889 1620 1917 et
1640 1883 1787 1917 Romano
1806 1884 1955 1918 Pontifici

1214 1947 1273 1980 pro
1300 1942 1447 1980 tempore
1473 1937 1620 1970 existenti
1645 1937 1748 1970 libere
1781 1942 1812 1970 et
1844 1942 1956 1980 aperte

1214 1989 1407 2023 renunciare
1432 2000 1469 2022 ae
1493 1999 1670 2032 suggerere
1701 1989 1788 2022 haud
1814 1994 1957 2033 praeter-

1214 2043 1356 2076 mittant.

1258 2096 1272 2139 g
1297 2096 1350 2128 17.
1378 2095 1532 2135 Demum,
1557 2102 1592 2129 nt
1617 2096 1699 2130 haec
1732 2101 1845 2130 nostra
1879 2107 1956 2132 con·
1981 2110 2149 2140 Quonbetanuo

1214 2148 1337 2182 stitutio
1363 2154 1395 2182 et
1419 2149 1450 2181 in
1475 2151 1511 2182 ea
1536 2149 1694 2201 disposita
1719 2150 1887 2194 perpetuis
1906 2137 2150 2189 fu-flfi'tiiiiissifiiiss'giid

1215 2202 1293 2236 turis
1320 2203 1519 2246 temporibus
1544 2203 1682 2236 exactius
1708 2209 1899 2245 serventur,
1919 2204 1953 2238 il·
1966 2195 2101 2236 ἷῖἑῗὲὲἓὲεῗῗο
2116 2196 2150 2210 “a‘

1215 2257 1387 2300 lorumque
1412 2257 1567 2290 memoria
1592 2267 1607 2290 e
1634 2256 1797 2290 mentibus
1811 2257 1954 2291 omnium

1214 2316 1247 2343 ct
1271 2310 1484 2354 singulorum,
1509 2320 1591 2354 qnos
1608 2310 1856 2354 quomodolibet
1880 2321 1955 2345 con-

1214 2369 1365 2404 cernunt,
1386 2373 1552 2408 nunqnam
1570 2364 1709 2405 excidat,
1733 2364 1902 2398 statuimus
1921 2370 1955 2398 ut

1214 2418 1307 2451 initio
1333 2417 1537 2462 supradictae
1557 2417 1824 2461 Congregationis
1849 2429 1951 2461 gene-

1213 2471 1299 2512 ralis,
1320 2481 1429 2505 mense
1447 2471 1642 2514 septembris
1672 2471 1846 2505 cuiuslibet
1867 2471 1953 2512 anni,

1213 2526 1296 2558 sicut
1329 2524 1573 2568 praemittitur,
1610 2524 1802 2568 habendae,
1839 2524 1952 2558 eadem

1214 2578 1402 2612 constitutio
1438 2579 1543 2622 palam
1581 2582 1612 2610 et
1647 2577 1798 2611 distincte
1831 2577 1953 2612 ibidem

1214 2633 1388 2673 recitetur,
1416 2643 1451 2665 ac
1476 2632 1617 2676 primum
1643 2631 1785 2666 omnium
1805 2631 1952 2667 districte

1968 243 2016 268 An.
2039 242 2067 267 C.
2088 241 2155 269 1735

2216 2458 2219 2479 i
2228 2443 2232 2482 i
