2232 3178
484 228 548 262 534

444 285 505 317 bus
531 285 599 318 eius
624 285 753 318 nomine
786 285 881 318 nobis
912 295 1009 328 super
1040 285 1102 319 hoc
1126 285 1185 318 hu-

444 338 564 371 militer
589 338 750 380 porrectis
776 338 937 378 inclinati,
976 339 1014 372 de
1040 338 1184 371 eiusdem

445 390 711 432 Congregationis
730 390 942 423 cardinalium
960 391 1107 431 consilio,
1120 401 1184 423 non

444 444 548 475 solum
574 443 810 475 institutionem
836 443 1027 477 missionum
1053 445 1092 476 ab
1114 444 1184 487 ipso

445 495 611 538 Leopoldo
637 496 886 539 archiepiscopo
912 503 1092 540 susceptam
1122 502 1185 529 sta-

446 554 619 591 tutamque,
645 548 721 581 vero
748 548 843 581 etiam
871 550 1069 592 praeinserta
1096 550 1182 592 capi-

446 601 532 640 tula,
570 601 701 643 regulas
738 607 770 634 ct
805 603 918 645 leges,
945 612 981 634 ac
1017 603 1184 645 signanter

444 664 558 686 omnes
585 658 616 686 et
641 653 784 696 singulas
810 654 1048 697 assignationes
1067 655 1106 687 ab
1131 665 1184 688 eo-

445 706 517 738 dem
544 706 709 749 Leopoldo
735 707 984 751 archiepiscopo
1020 718 1078 751 pro
1112 708 1183 740 mis-

444 758 569 792 sionum
595 759 780 792 huiusmodi
806 762 1053 794 manutentione
1071 761 1182 800 saetas,

445 817 477 844 ut
503 812 697 855 praefertur,
723 818 753 846 ct
778 813 816 846 ab
841 813 1098 857 archiepiscopis
1127 814 1182 847 Sa-

444 865 702 908 lisburgensibus
727 867 970 900 successoribus
1008 867 1072 899 suis
1109 877 1182 911 per-

444 918 552 961 petuis
577 919 691 951 suturis
720 920 921 963 temporibus
953 919 1086 953 omnino
1117 931 1183 953 ser-

444 970 572 1011 vandas,
610 972 802 1005 auctoritate
838 973 1028 1016 apostolica,
1067 978 1181 1006 tenore

442 1025 661 1067 praesentium
679 1052 686 1066 ‚
714 1031 875 1068 perpetuo
905 1026 1123 1069 approbamus
1149 1031 1181 1059 et

441 1077 681 1118 confirmamus,
707 1078 838 1121 illisque
875 1079 1071 1112 inviolabilis
1103 1089 1181 1122 apo-

440 1130 577 1164 stolicae
607 1129 768 1164 firmitatis
804 1131 905 1164 robur
941 1131 1122 1172 adiicimus‚
1146 1142 1181 1165 ο-

439 1194 596 1227 mnesque
622 1188 653 1216 et
678 1184 825 1226 singulos
862 1184 940 1216 iuris
977 1189 1009 1217 et
1040 1184 1111 1218 sacti
1144 1194 1181 1218 ac

438 1237 693 1270 solemnitatum*
711 1247 989 1281 quarumcumque
1022 1238 1178 1280 defectus,

437 1291 462 1322 si
495 1289 548 1333 qui
587 1290 729 1333 desuper
765 1289 798 1322 in
828 1290 893 1323 illis
929 1290 1180 1333 quomodolibet

436 1342 685 1382 intervenerint,
713 1343 796 1376 dicta
821 1344 1013 1377 auctoritate
1045 1344 1178 1387 supple-

436 1406 506 1429 mus
532 1400 564 1429 et
588 1406 751 1429 sanamus.

254 1461 424 1492 ,aianeoane
478 1448 549 1492 55.
587 1449 722 1492 Insuper
754 1449 997 1490 missionarios,
1035 1454 1097 1482 tam
1135 1450 1175 1482 ab

242 1490 504 1545 Z¹2⁰⁶E⁵53252nfflilssipso
530 1502 696 1545 Leopoldo
721 1502 974 1546 archiepiscopo
1000 1503 1063 1535 iam
1090 1503 1176 1536 desi-

241 1542 330 1562 aliorum
342 1543 422 1562 missio-

241 1569 347 1599 „mosum
363 1574 422 1594 pm·-
434 1560 548 1597 gnatos
570 1560 601 1588 et
625 1555 818 1596 nominatos,
838 1566 935 1599 quam
953 1555 1019 1588 sive
1046 1555 1085 1588 ab
1103 1555 1174 1598 ipso

240 1597 351 1647 ‚lifffill‘g‘ssss
371 1597 531 1642 eiaifetiam
557 1608 622 1641 sive
641 1607 674 1641 a¹
692 1608 758 1642 suis
784 1609 1031 1642 successoribus
1058 1609 1090 1641 in
1116 1619 1172 1651 po-

241 1650 304 1673 “stus'
434 1667 552 1694 sterum
578 1661 667 1694 iuxta
690 1662 843 1705 capitula,
870 1662 1001 1704 regulas
1027 1667 1059 1695 et
1082 1663 1172 1704 leges

433 1714 652 1757 praeinsertas
667 1715 886 1757 designandos
904 1720 935 1748 et
948 1716 1172 1755 nominandos,

433 1778 566 1811 semper
597 1769 795 1811 apostolicos
831 1769 1055 1802 missionarios
1093 1769 1173 1810 dici,

432 1822 539 1855 vocari
559 1827 591 1855 et
615 1832 695 1862 esse,
718 1822 832 1855 eadem
853 1822 1045 1855 auctoritate
1064 1823 1173 1855 decer-

432 1874 539 1907 nimus
558 1879 590 1907 et
607 1875 825 1915 declaramus3
844 1875 1034 1918 eisdemque
1051 1874 1175 1908 missio-

432 1928 544 1968 nariis,
559 1933 592 1960 ut
610 1928 762 1961 omnibus
780 1933 812 1961 et
829 1928 964 1971 singulis
980 1928 1172 1972 privilegiis,

432 1980 627 2023 honoribus,
645 1981 881 2024 praerogativis
907 1987 939 2014 et
963 1982 1173 2025 exemptioni-

430 2034 505 2075 bus,
533 2035 650 2077 quibus
675 2035 864 2068 huiusmodi
899 2035 1070 2078 apostolici
1102 2036 1174 2068 mis-

430 2087 579 2129 sionarii,
607 2094 668 2121 tam
695 2089 734 2122 de
759 2088 838 2129 iure,
863 2099 925 2122 usu
950 2094 982 2122 et
1001 2095 1173 2123 consuetu-

432 2140 520 2182 dine,
541 2151 636 2184 quam
654 2141 734 2175 alias
753 2142 1010 2185 quomodolibet,
1026 2147 1171 2183 utuntur,

432 2194 585 2227 fruuntur
620 2200 653 2227 et
688 2196 854 2237 gaudent,
891 2195 1021 2236 acuti,
1055 2196 1116 2228 frui
1142 2201 1174 2229 et

432 2247 574 2289 gaudere
592 2253 730 2290 possunt
748 2253 779 2281 et
797 2253 951 2291 poterunt
967 2248 1000 2281 in
1018 2249 1173 2289 futurum,

431 2300 502 2342 pari
526 2300 623 2333 modo
648 2300 705 2341 uti,
731 2300 793 2333 srui
827 2305 859 2334 et
890 2301 1034 2343 gaudere
1068 2301 1173 2334 libere

432 2358 465 2385 et
486 2353 573 2386 licite
599 2353 730 2396 possint
755 2359 786 2386 et
810 2354 947 2394 valeant,
982 2355 1174 2387 auctoritate

431 2406 597 2449 praedicta
623 2407 832 2440 concedimus
852 2413 884 2440 et
908 2407 1126 2450 indulgemus.

251 2463 419 2502 tte-directioni,
474 2460 489 2502 ἓ
522 2459 554 2492 6.
591 2459 745 2493 Volumus
775 2470 907 2504 quoque
940 2465 974 2493 ut
1009 2461 1175 2494 missiona-

239 2496 260 2512 et
278 2496 419 2518 supet-tortian
450 2512 468 2518 ,,

238 2519 469 2567 sffihiissiiii'm'm'
491 2512 536 2546 sie
558 2518 594 2546 ut
618 2513 836 2557 praemittitur
859 2514 1007 2555 instituti,
1030 2524 1066 2548 ac
1084 2514 1175 2547 dein-

253 238 300 263 An.
318 237 346 262 C.
372 235 438 263 ¹739

472 2630 481 2657 l
503 2629 656 2665 Praeposit.
679 2638 696 2658 a
716 2637 766 2658 nos
785 2628 908 2658 addimus
927 2630 965 2665 (a.
981 2631 1030 2665 72).

1029 237 1214 261 BULLARIUM
1239 238 1397 263 Romanu

1229 296 1305 329 ceps
1332 286 1363 319 in
1388 287 1554 330 praedicta
1587 287 1731 322 dioecesi
1756 288 1968 330 instituendi,

1230 344 1292 372 tam
1329 339 1434 373 cidem
1471 340 1636 384 Leopoldo
1675 342 1834 376 moderno
1870 353 1968 386 quam

1229 402 1286 433 pro
1312 397 1460 435 tempore
1479 393 1692 427 existentibus
1711 395 1968 439 archiepiscopis

1228 443 1543 487 Salisburgensibus¹
1562 446 1710 488 regimini
1729 452 1760 480 et
1784 447 1968 489 directioni,

1229 495 1259 527 in
1277 496 1315 528 iis
1332 507 1415 539 quae
1433 498 1471 530 ad
1490 498 1678 531 exercitium
1703 499 1868 532 missionis
1893 510 1967 543 per-

1229 549 1358 589 tinent,
1380 550 1568 590 subiacere,
1599 551 1713 595 eisque
1745 552 1878 586 omnino
1910 562 1968 596 pa-

1228 612 1300 635 rere
1327 603 1484 642 debeant,
1510 614 1547 636 ae
1572 604 1769 637 necessarias
1795 605 1966 638 facultates

1227 655 1266 687 ad
1293 655 1463 689 missiones
1486 657 1668 699 praedictas
1705 658 1902 691 exercendas
1927 659 1966 691 ab

1228 708 1350 741 eisdem
1375 709 1646 753 archiepiscopis,
1670 711 1757 743 iuxta
1789 711 1835 743 eis
1865 711 1967 743 tribu-

1228 766 1291 794 tam
1316 767 1348 795 et
1372 762 1528 806 deinceps
1564 764 1698 806 singulis
1734 764 1966 808 quinquenniis

1226 825 1284 858 per
1300 825 1458 858 organum
1477 822 1674 850 memoratae
1693 816 1965 860 Congregationis

1226 868 1439 902 cardinalium
1464 869 1702 903 renovanda1n²
1719 870 1882 904 mediante
1901 870 1966 904 sor-

1226 923 1313 955 mula
1338 922 1435 954 tertia
1454 922 1674 965 praefatarum
1700 923 1888 957 facultatum
1915 934 1967 956 au-

1225 974 1418 1014 ctoritatem,
1435 974 1466 1007 iu
1486 981 1586 1008 totum
1606 976 1656 1009 vel
1675 976 1708 1008 in
1725 982 1863 1019 partem,
1881 976 1966 1010 sicut

1225 1027 1348 1060 eisdem
1374 1027 1631 1072 archiepiscopis
1648 1029 1750 1071 magis
1774 1028 1807 1061 in
1825 1028 1963 1062 Domino

1226 1080 1380 1123 expedire
1412 1080 1594 1121 videbitur,
1626 1081 1801 1124 recipiant:
1838 1082 1965 1115 servata

1225 1143 1354 1177 semper
1391 1135 1579 1167 eorumdem
1612 1135 1962 1178 archiepiscoporum,

1225 1191 1288 1219 tam
1313 1187 1398 1220 circa
1424 1187 1599 1227 facultates,
1619 1198 1714 1231 quam
1735 1188 1820 1221 circa
1836 1189 1907 1221 loca
1932 1193 1965 1221 et

1224 1245 1349 1283 tempus
1368 1240 1495 1274 casdem
1515 1241 1699 1282 exercendi⁷
1719 1241 1963 1275 moderatione:

1224 1294 1314 1326 nullo
1339 1304 1417 1326 vero
1443 1293 1540 1326 modo
1572 1299 1662 1327 extra
1697 1293 1777 1327 sines
1809 1304 1886 1327 suae
1912 1305 1960 1327 re-

1222 1346 1362 1390 spective
1377 1346 1539 1379 missionis
1554 1346 1592 1379 iis
1605 1347 1650 1379 uti
1667 1352 1798 1390 queant,
1814 1347 1852 1380 ad
1868 1357 1964 1391 quam

1223 1399 1324 1432 donec
1360 1404 1392 1432 et
1427 1409 1597 1443 quousque
1633 1400 1844 1443 pervenerint
1873 1400 1965 1434 nulla

1221 1463 1355 1495 prorsus
1382 1452 1591 1496 exemptione
1618 1458 1650 1486 et
1674 1453 1852 1497 privilegio
1886 1464 1963 1497 gau-

1221 1506 1299 1539 dere
1324 1506 1466 1549 possint.

1263 1559 1278 1601 5
1310 1557 1341 1591 7.
1380 1559 1555 1592 Hortamur
1586 1559 1717 1592 demum
1749 1564 1887 1603 paterne
1920 1559 1963 1592 si-

1219 1612 1283 1644 mul
1301 1617 1332 1644 et
1348 1611 1521 1645 efficaciter
1535 1613 1668 1645 eosdem
1683 1613 1960 1656 archiepiscopOS,

1218 1675 1258 1698 ne
1272 1671 1447 1707 graventur
1461 1666 1607 1708 quolibet
1621 1666 1857 1710 quinquennio,
1872 1676 1962 1699 nem·

1218 1728 1258 1760 pe
1283 1728 1355 1752 cum
1379 1719 1529 1751 renovari
1548 1719 1609 1751 sibi
1629 1719 1815 1762 praedictae
1841 1719 1963 1752 sormu-

1219 1772 1268 1804 lae
1295 1770 1408 1804 tertiae
1434 1771 1623 1804 facultates³
1649 1772 1882 1815 postulabunt,
1902 1781 1962 1805 nos

1218 1834 1276 1857 seu
1301 1824 1480 1857 Romanum
1506 1824 1697 1858 Pontificem
1723 1836 1782 1869 pro
1810 1831 1960 1868 tempore

1219 1877 1409 1910 existent-ern
1436 1888 1494 1921 per
1518 1888 1676 1921 organum
1708 1878 1853 1912 eiusdem
1879 1878 1962 1912 Con·

1218 1930 1416 1973 gregationis
1443 1931 1482 1963 de
1507 1931 1612 1963 fructu
1647 1935 1679 1964 et
1710 1941 1888 1974 progressu
1914 1930 1962 1964 di-

1218 1988 1341 2017 ctarum
1366 1983 1555 2017 missionum
1581 1984 1773 2018 certiorare.
1796 1983 1888 2017 Salva
1914 1988 1961 2017 ta-

1217 2047 1290 2070 men
1326 2047 1457 2080 semper
1493 2036 1524 2069 in
1557 2036 1744 2081 praemissis
1769 2036 1961 2070 auctoritate

1217 2090 1485 2133 Congregationis
1507 2090 1693 2124 eorumdem
1713 2090 1937 2123 cardinalium.

1260 2144 1275 2186 g
1299 2143 1330 2176 8.
1350 2144 1587 2185 Decernentes‚
1613 2144 1743 2177 easdem
1768 2149 1960 2188 praesentes

1216 2197 1340 2230 litteras
1365 2207 1496 2240 semper
1520 2197 1641 2238 firmas,
1655 2196 1777 2230 validas
1801 2202 1833 2230 et
1857 2197 1961 2230 effica-

1217 2259 1268 2283 ces
1293 2249 1434 2284 existere
1460 2255 1492 2283 et
1516 2250 1597 2291 fore,
1625 2260 1766 2294 suosque
1791 2250 1959 2294 plenarios

1217 2308 1249 2337 et
1275 2302 1420 2346 integros
1445 2303 1576 2337 effectus
1601 2303 1710 2337 sortiri
1735 2308 1768 2336 et
1799 2303 1959 2344 obtinere,

1254 2409 1263 2435 1
1288 2409 1381 2435 Potius
1409 2408 1546 2443 legeretur
1575 2411 1635 2436 tam
1664 2408 1792 2436 eiusdem
1821 2408 1960 2444 Leopoldi

1217 2453 1353 2481 moderni
1372 2461 1460 2487 quam
1483 2461 1539 2487 pro
1555 2456 1682 2488 ternpore
1701 2454 1893 2482 existentium
1912 2462 1959 2480 ar·

1216 2498 1463 2532 chiepiscoporum
1483 2498 1762 2532 salisburyz'ensium
1782 2499 1820 2533 (R.
1837 2498 1886 2531 Τ.).

1252 2542 1268 2568 2
1284 2541 1352 2569 Male
1368 2541 1432 2569 edit.
1449 2541 1529 2569 nain.
1547 2541 1611 2577 legit
1626 2542 1829 2570 removendam
1849 2550 1898 2577 pro
1914 2549 1958 2572 re-

1216 2586 1383 2613 novandam
1398 2587 1438 2620 (R.
1454 2587 1503 2616 TA.

1252 2632 1268 2658 3
1289 2630 1412 2659 Pessime
1431 2630 1474 2658 ed.
1492 2629 1572 2659 Maia.
1594 2630 1659 2666 legit
1676 2630 1846 2666 facultatum
1862 2631 1955 2667 (axin).

1974 242 2025 268 An.
2040 242 2068 270 C.
2090 243 2153 273 ¹73⁹

1986 1568 2154 1597 Archiepisnopis

1975 1600 2027 1616 onus
2069 1597 2155 1623 iniunxit
2207 1610 2209 1615 ¹

1975 1623 2086 1643 certiorem
2107 1623 2154 1644 red·

1973 1648 2037 1669 dendl
2078 1649 2154 1671 dictam

1973 1680 2056 1696 sacram
2067 1676 2154 1701 Congre-

1974 1702 2079 1727 gationem
2128 1702 2153 1723 de

1973 1733 2086 1754 progressu
2107 1729 2153 1750 mis-

1973 1755 2065 1776 sianum.

2008 2152 2148 2173 Praei-nntium

1970 2178 2086 2208 litterarum
2117 2179 2151 2199 tir-

1970 2207 2041 2227 mutas.
