2232 3178
865 165 961 191 INDEX
987 166 1187 193 RUBRICARUM

351 216 485 250 chorum
521 217 646 251 Ordinis
679 218 708 250 S.

350 270 547 311 monachale,
574 269 647 303 201.

262 324 445 357 CLXXXVI.
471 324 627 357 Statutum
659 323 743 357 cirea
775 325 1005 368 appellationes

350 382 379 410 et
403 386 553 409 recursus
578 376 802 419 religiosorum
829 378 1005 420 Congrega

350 429 443 463 tionis
475 430 666 463 clericorum
699 430 896 473 regularium
930 431 1005 463 Pau-

350 493 461 526 perum
498 482 605 516 Matris
636 483 690 515 Dei
723 483 909 516 Scholarum
935 483 1003 516 Pia-

348 546 431 576 rum,
456 535 532 569 202.

263 589 458 624 CLXXXVII.
492 589 697 623 Confirmatio
729 589 821 623 edicti
852 589 1002 633 publicati

350 642 389 675 ab
416 642 713 685 eminentissimimo
740 641 868 675 domino
900 642 1002 674 cardi-

347 695 410 728 nali
449 695 604 737 Corsino,
645 697 826 738 signaturae
866 695 1002 728 iustitiae

349 749 534 792 praesecto,
564 748 596 780 in
629 748 904 781 confirmationem
942 748 1002 791 pri-

348 801 469 834 vativae
494 801 720 834 iurisdictionis
744 802 840 834 Rotae
865 801 1001 834 Macera-

348 855 454 895 tensis,
475 854 548 887 ⁶204.

259 907 467 942 CLXXXVIII.
495 907 575 941 Unio
595 907 777 951 provinciae
794 907 1001 940 Lonibardiae

349 960 475 994 Ordinis
488 959 620 993 fratrum
634 960 789 994 Minorum
800 960 897 993 sancti
908 960 1002 993 Fran-

348 1013 420 1047 cisci
458 1014 709 1057 Capuccinorum
747 1024 818 1046 cum
856 1013 1000 1046 custodia

347 1068 522 1106 Mantuam,
548 1072 577 1099 et
602 1066 842 1099 dismembratio
868 1075 1001 1098 conven-

349 1126 396 1153 tus
421 1119 617 1154 Castellionis
654 1120 849 1152 Stiverorum
874 1130 891 1150 a
923 1129 999 1162 pro-

347 1173 450 1206 vincia
497 1173 639 1212 Brixiae,
677 1172 779 1204 eidem
819 1172 999 1215 provinciae

346 1226 554 1260 Lombardiae
590 1225 788 1269 incorporati
823 1236 892 1257 cum
931 1225 999 1257 aliis

345 1281 484 1325 quinque
509 1280 716 1313 conventibus
741 1280 905 1315 Mantuae,
941 1284 1000 1311 ter-

346 1345 400 1367 rae
424 1334 585 1374 Hostiliae,
610 1334 702 1374 Goiti,
728 1333 947 1377 Aquaenigrae
969 1337 999 1364 et

346 1387 482 1421 Sermini
509 1387 579 1427 vici,
607 1386 681 1419 ⁹206.

256 1441 439 1476 CLXXXIX.
451 1440 649 1483 Indulgentia
663 1440 806 1483 plenaria
819 1449 835 1471 a
850 1438 901 1471 SS.
920 1438 952 1471 D.
963 1439 996 1471 N.

344 1495 501 1528 Clemente
527 1494 584 1526 PP.
614 1493 667 1526 XII
692 1493 827 1534 benigne
848 1502 997 1524 concessa

345 1547 553 1580 missionariis
567 1546 753 1590 Capuccinis
767 1545 863 1578 Gallis
882 1545 912 1576 in
930 1555 998 1588 par-

344 1601 426 1635 tibus
462 1600 639 1633 infidelium
680 1599 904 1637 existentibus,
932 1603 996 1629 tum

344 1654 394 1687 die
433 1663 496 1696 quo
532 1652 570 1685 ad
609 1653 675 1696 ipsa
707 1652 777 1685 loca
812 1651 995 1685 missionum

342 1707 566 1752 pervenerint,
594 1711 660 1739 tum
693 1706 724 1738 in
752 1705 885 1738 articulo
917 1716 997 1740 mor-

345 1761 400 1801 tis,
424 1760 498 1793 207.

255 1815 336 1850 CXC.
360 1814 546 1855 Declaiatio,
560 1812 644 1857 quod
662 1812 835 1846 Ordinariis
851 1813 995 1846 locorum

343 1869 374 1901 in
398 1867 493 1901 Indiis
518 1877 581 1900 non
604 1866 697 1900 liceat
722 1865 850 1899 visitare
874 1867 997 1900 confra-

343 1923 503 1956 ternitates
528 1925 648 1953 erectas
666 1925 696 1952 et
716 1919 881 1961 erigendas
899 1920 930 1952 in
947 1931 997 1954 ec-

341 1975 427 2009 lesiis
451 1974 584 2007 fratrum
611 1972 736 2007 Ordinis
760 1973 794 2005 B.
817 1973 933 2006 Mariae
958 1973 995 2007 de

341 2030 444 2063 Monte
468 2027 611 2062 Carmelo
635 2026 893 2060 Excalceatorum
914 2037 994 2060 nun-

343 2087 529 2126 cupatorum
543 2080 803 2123 Congregationis
814 2080 995 2123 Hispaniae,

342 2146 400 2169 nec
419 2134 602 2169 eorumdem
621 2133 760 2167 oratoria
777 2133 904 2175 ruralia,
920 2132 993 2168 ⁶208.

253 2189 349 2225 CXCI.
377 2187 578 2223 Alternativis
601 2187 689 2220 sactis
714 2197 772 2230 pro
796 2187 994 2230 nationibus,

341 2242 457 2287 quibus
488 2241 644 2275 conflatur
674 2241 836 2284 provincia
859 2242 992 2276 Germa-

340 2296 411 2329 nica
442 2294 568 2328 Ordinis
604 2293 775 2327 Servorum
811 2294 842 2327 B.
868 2295 906 2329 M.
935 2297 993 2338 V.,

342 2349 404 2382 iam
436 2346 619 2392 approbatis
652 2356 670 2379 a
701 2346 819 2380 vicario
853 2350 993 2391 generali

341 2400 466 2435 Ordinis
491 2399 641 2442 eiusdem,
659 2399 758 2433 robur
778 2400 993 2436 confirmatio-

339 2453 388 2487 nis
412 2452 604 2497 apostolicae
627 2452 784 2494 adiicitur,
809 2452 885 2488 209.

252 2505 363 2543 CXCII.
388 2505 574 2548 Prorogatio
599 2505 867 2549 indulgentiarum
892 2517 909 2540 a
933 2508 994 2542 Ro-

340 2560 441 2594 manis
466 2559 669 2594 Pontificibus
703 2570 925 2596 concessarum
949 2573 994 2597 sa-

393 2622 472 2654 Bull.
487 2622 571 2652 Rom.
588 2638 621 2642 —
640 2622 699 2651 Vol.
716 2622 818 2651 XXIV.
944 2626 979 2654 89

747 218 933 262 Hieronymi
966 220 1005 251 sit

1687 164 1752 199 705

1145 225 1341 254 eramentum
1362 222 1575 258 Eucharistiae
1600 227 1797 260 sumentibus

1144 274 1176 306 in
1203 275 1353 318 ecclesiis,
1381 277 1435 309 ubi
1468 288 1485 310 a
1517 279 1661 321 patribus
1693 281 1797 314 Socie-

1145 328 1214 361 tatis
1253 328 1322 361 Iesu
1354 330 1459 372 agitur
1491 333 1674 366 communio
1706 344 1796 376 gene-

1144 381 1228 421 ralis,
1254 381 1328 413 21⁶2.

1055 432 1175 466 CXCIII.
1202 433 1407 468 Confirmatio
1432 436 1693 471 deliberationum
1713 441 1796 475 circa

1143 486 1358 520 smutitionem
1393 490 1654 524 commendarunt
1686 493 1795 538 hospi-

1144 540 1213 572 talis
1238 540 1268 573 S.
1297 541 1420 574 Ioannis
1445 543 1695 587 Ierosolyrnitani
1721 548 1796 580 alias

1143 592 1204 624 iam
1230 594 1478 636 approbatarum
1504 607 1520 628 a
1546 608 1660 640 magno
1696 601 1795 643 magi—

1142 651 1207 678 stro
1232 645 1370 688 Ordinis,
1396 647 1471 681 213.

1054 697 1175 731 CXCIV.
1202 699 1407 733 Confirmatio
1432 701 1549 735 decreti
1575 704 1795 749 Congregatio-

1142 752 1190 784 nis
1215 753 1438 796 episcoporum
1460 760 1490 787 et
1508 758 1713 800 regularium,
1731 771 1794 803 quo

1142 804 1272 837 indulsit
1298 811 1452 848 quatenus
1489 808 1597 841 vicarii
1631 813 1794 852 generales

1141 858 1404 901 Congregationis
1454 861 1622 904 Hispaniae
1669 864 1795 899 Ordinis

1140 911 1271 944 fratrum
1286 912 1497 946 Eremitarum
1516 915 1615 948 sancti
1628 917 1794 960 Augustini

1141 963 1410 998 Discalceatoruin
1436 974 1713 1011 nuncupatorum,
1734 982 1793 1013 pro

1143 1023 1307 1061 tempore,
1333 1029 1395 1061 quo
1432 1024 1518 1052 extra
1554 1022 1726 1065 capitulum
1756 1025 1793 1056 ad

1141 1070 1259 1102 dietum
1293 1082 1408 1104 munus
1444 1073 1475 1104 in
1508 1073 1571 1105 vim
1604 1080 1791 1109 statutorum

1140 1122 1265 1156 Ordinis
1283 1128 1312 1157 et
1333 1124 1593 1167 CongregationIs
1611 1127 1792 1162 huiusmodi

1139 1177 1395 1218 subintraverint,
1424 1178 1541 1212 eisdem
1566 1180 1738 1223 privilegiis
1763 1189 1793 1216 et

1139 1230 1403 1273 exemptionibus,
1422 1233 1535 1275 quibus
1557 1234 1646 1266 electi
1664 1235 1694 1267 in
1712 1237 1793 1280 capi-

1140 1284 1205 1316 tulo
1230 1285 1387 1325 fruuntur,
1413 1285 1444 1317 in
1468 1292 1631 1329 posterum
1647 1288 1792 1323 truantur

1139 1341 1168 1368 et
1193 1337 1359 1378 gaudeant,
1385 1337 1459 1372 216.

1051 1388 1161 1423 CXCV.
1187 1390 1422 1424 Contu-mantnt*
1457 1393 1519 1426 duo
1554 1394 1678 1428 decreta
1711 1397 1792 1431 edita

1138 1444 1170 1475 in
1195 1451 1351 1477 conventu
1367 1448 1507 1488 generali
1532 1448 1792 1492 Congregationis

1138 1497 1292 1531 Missionis
1328 1499 1365 1531 ad
1405 1500 1542 1533 tollenda
1581 1502 1675 1535 dubia
1712 1515 1792 1547 quae

1139 1550 1277 1585 suboriri
1302 1557 1432 1595 possent
1465 1565 1559 1597 super
1584 1555 1792 1599 intelligentia

1138 1604 1397 1638 constitutionum
1434 1607 1573 1640 eiusdem
1611 1608 1790 1653 Congrega-

1139 1657 1240 1699 tionis,
1266 1658 1340 1691 0217.

1050 1709 1172 1744 CXCVI.
1200 1711 1396 1754 Indulgentia
1422 1714 1562 1757 plenaria
1588 1715 1623 1747 iis
1650 1716 1703 1759 qui
1728 1716 1787 1749 ali·

1137 1774 1230 1807 quam
1258 1775 1293 1797 ex
1319 1766 1461 1799 ecclesiis
1486 1767 1676 1801 clericorum
1702 1780 1791 1813 regu-

1138 1817 1250 1849 larium
1269 1817 1508 1852 Barnabitarum
1528 1821 1723 1854 visitaverint
1740 1822 1790 1855 die

1136 1871 1214 1904 sesto
1239 1871 1267 1905 S.
1294 1872 1452 1906 Francisci
1478 1873 1598 1915 Salesii,
1627 1873 1700 1909 0219.

1048 1924 1187 1966 CXCVII.
1221 1925 1426 1960 Confirmatio
1461 1927 1579 1961 decreti
1615 1929 1791 1973 Congrega-

1136 1978 1230 2012 tionis
1262 1979 1485 2023 episcoporum
1519 1985 1548 2014 et
1572 1982 1789 2023 regularium,

1137 2043 1200 2075 quo
1233 2033 1457 2066 monasterium
1483 2033 1512 2067 S.
1539 2035 1653 2067 Mariae
1687 2035 1789 2078 Sagit-

1136 2085 1224 2126 tarii,
1251 2085 1375 2119 Ordinis
1409 2087 1640 2129 Cisterciensis,
1666 2089 1790 2121 unitum

1135 2138 1313 2172 declaratur
1337 2139 1519 2183 provinciae
1539 2141 1691 2175 Thusciae
1711 2142 1790 2175 eius-

1135 2192 1206 2225 dem
1227 2193 1362 2233 Ordinis,
1387 2193 1461 2229 0220.
1705 2234 1707 2236 ¹

1047 2246 1194 2281 CXCVIII.
1212 2246 1436 2289 Indulgentias,
1453 2247 1529 2280 alias
1547 2257 1711 2282 concessas
1730 2260 1788 2293 pro

1134 2300 1330 2333 visitantibus
1377 2301 1526 2334 ecclesias
1560 2311 1615 2334 seu
1650 2303 1790 2336 oratoria

1135 2352 1410 2386 missionariorum
1447 2353 1697 2398 Capnccinorum
1723 2357 1790 2389 Gal-

1134 2408 1237 2440 lorum
1275 2407 1306 2439 in
1337 2406 1478 2450 partibus
1514 2408 1690 2442 infidelium
1717 2410 1784 2443 oxi-

1135 2459 1296 2501 stentium,
1315 2459 1408 2492 etiam
1434 2470 1493 2503 pro
1518 2461 1683 2495 animabus
1708 2462 1788 2495 chri-

1135 2511 1318 2546 stifidelium
1342 2523 1399 2556 per
1425 2513 1556 2547 modum
1573 2515 1717 2558 suffragii
1735 2526 1787 2559 ap-

1133 2566 1245 2610 plicari
1268 2576 1362 2610 posse
1378 2567 1514 2611 benigne
1531 2567 1682 2614 indulget,
1708 2569 1782 2604 2⁶22.
