<?xml version="1.0" encoding="UTF-8"?>
<!DOCTYPE html PUBLIC "-//W3C//DTD XHTML 1.0 Transitional//EN"
    "http://www.w3.org/TR/xhtml1/DTD/xhtml1-transitional.dtd">
<html xmlns="http://www.w3.org/1999/xhtml" xml:lang="en" lang="en">
 <head>
  <title>
</title>
<meta http-equiv="Content-Type" content="text/html;charset=utf-8" />
  <meta name='ocr-system' content='tesseract 3.04.00' />
  <meta name='ocr-capabilities' content='ocr_page ocr_carea ocr_par ocr_line ocrx_word'/>
</head>
<body>
  <div class='ocr_page' id='page_1' title='image "./bullarumdiplomat24cath_0282.png"; bbox 0 0 2232 3178; ppageno 0'>
   <div class='ocr_carea' id='block_1_1' title="bbox 501 187 562 218">
    <p class='ocr_par' dir='ltr' id='par_1_1' title="bbox 501 187 562 218">
     <span class='ocr_line' id='line_1_1' title="bbox 501 187 562 218; baseline -0.016 0"><span class='ocrx_word' id='word_1_1' title='bbox 501 187 562 218; x_wconf 68' lang='lat'>2¹18</span> 
     </span>
    </p>
   </div>
   <div class='ocr_carea' id='block_1_2' title="bbox 266 243 1201 1101">
    <p class='ocr_par' dir='ltr' id='par_1_2' title="bbox 460 243 1200 967">
     <span class='ocr_line' id='line_1_2' title="bbox 460 243 1200 285; baseline -0.001 -8"><span class='ocrx_word' id='word_1_2' title='bbox 460 254 544 278; x_wconf 84' lang='lat' dir='ltr'>anno</span> <span class='ocrx_word' id='word_1_3' title='bbox 569 255 702 279; x_wconf 77' lang='lat' dir='ltr'>becvn</span> <span class='ocrx_word' id='word_1_4' title='bbox 730 249 826 278; x_wconf 84' lang='lat' dir='ltr'>natus</span> <span class='ocrx_word' id='word_1_5' title='bbox 853 250 912 285; x_wconf 86' lang='lat' dir='ltr'>cst,</span> <span class='ocrx_word' id='word_1_6' title='bbox 938 245 1077 278; x_wconf 83' lang='lat' dir='ltr'>Biterras</span> <span class='ocrx_word' id='word_1_7' title='bbox 1103 243 1200 277; x_wconf 80' lang='lat' dir='ltr'>mitti-</span> 
     </span>
     <span class='ocr_line' id='line_1_3' title="bbox 461 298 1199 342; baseline 0.001 -13"><span class='ocrx_word' id='word_1_8' title='bbox 461 303 512 330; x_wconf 92' lang='lat' dir='ltr'>tur</span> <span class='ocrx_word' id='word_1_9' title='bbox 537 304 570 331; x_wconf 90' lang='lat' dir='ltr'>ut</span> <span class='ocrx_word' id='word_1_10' title='bbox 595 299 626 331; x_wconf 92' lang='lat' dir='ltr'>in</span> <span class='ocrx_word' id='word_1_11' title='bbox 653 300 820 342; x_wconf 71' lang='lat' dir='ltr'>gymnasio</span> <span class='ocrx_word' id='word_1_12' title='bbox 845 298 1014 332; x_wconf 82' lang='lat' dir='ltr'>Societatis</span> <span class='ocrx_word' id='word_1_13' title='bbox 1037 298 1107 331; x_wconf 85' lang='lat' dir='ltr'>Iesu</span> <span class='ocrx_word' id='word_1_14' title='bbox 1137 301 1199 331; x_wconf 87' lang='lat' dir='ltr'>stu-</span> 
     </span>
     <span class='ocr_line' id='line_1_4' title="bbox 461 351 1199 385; baseline 0 -2"><span class='ocrx_word' id='word_1_15' title='bbox 461 351 587 384; x_wconf 88' lang='lat' dir='ltr'>diorum</span> <span class='ocrx_word' id='word_1_16' title='bbox 614 362 745 384; x_wconf 83' lang='lat' dir='ltr'>cursum</span> <span class='ocrx_word' id='word_1_17' title='bbox 771 352 967 385; x_wconf 79' lang='lat' dir='ltr'>absolveret.</span> <span class='ocrx_word' id='word_1_18' title='bbox 994 351 1118 384; x_wconf 84' lang='lat' dir='ltr'>Enituit</span> <span class='ocrx_word' id='word_1_19' title='bbox 1142 356 1199 383; x_wconf 86' lang='lat' dir='ltr'>sta-</span> 
     </span>
     <span class='ocr_line' id='line_1_5' title="bbox 461 403 1199 447; baseline -0.001 -11"><span class='ocrx_word' id='word_1_20' title='bbox 461 404 516 436; x_wconf 90' lang='lat' dir='ltr'>tim</span> <span class='ocrx_word' id='word_1_21' title='bbox 543 404 625 437; x_wconf 89' lang='lat' dir='ltr'>inter</span> <span class='ocrx_word' id='word_1_22' title='bbox 651 406 802 447; x_wconf 73' lang='lat' dir='ltr'>aequales</span> <span class='ocrx_word' id='word_1_23' title='bbox 835 404 950 437; x_wconf 76' lang='lat' dir='ltr'>eximia</span> <span class='ocrx_word' id='word_1_24' title='bbox 980 403 1199 437; x_wconf 83' lang='lat' dir='ltr'>adolescentis</span> 
     </span>
     <span class='ocr_line' id='line_1_6' title="bbox 460 457 1199 500; baseline 0.001 -12"><span class='ocrx_word' id='word_1_25' title='bbox 460 457 571 489; x_wconf 87' lang='lat' dir='ltr'>virtus:</span> <span class='ocrx_word' id='word_1_26' title='bbox 599 467 670 489; x_wconf 88' lang='lat' dir='ltr'>nam</span> <span class='ocrx_word' id='word_1_27' title='bbox 697 457 798 489; x_wconf 90' lang='lat' dir='ltr'>otium</span> <span class='ocrx_word' id='word_1_28' title='bbox 824 462 855 489; x_wconf 89' lang='lat' dir='ltr'>et</span> <span class='ocrx_word' id='word_1_29' title='bbox 880 457 1102 500; x_wconf 88' lang='lat' dir='ltr'>improborum</span> <span class='ocrx_word' id='word_1_30' title='bbox 1122 466 1199 489; x_wconf 83' lang='lat' dir='ltr'>con-</span> 
     </span>
     <span class='ocr_line' id='line_1_7' title="bbox 460 510 1199 553; baseline -0.001 -12"><span class='ocrx_word' id='word_1_31' title='bbox 460 510 665 542; x_wconf 70' lang='lat' dir='ltr'>suetudinem</span> <span class='ocrx_word' id='word_1_32' title='bbox 707 510 804 542; x_wconf 88' lang='lat' dir='ltr'>veluti</span> <span class='ocrx_word' id='word_1_33' title='bbox 845 516 968 553; x_wconf 89' lang='lat' dir='ltr'>pestem</span> <span class='ocrx_word' id='word_1_34' title='bbox 1009 510 1199 547; x_wconf 82' lang='lat' dir='ltr'>declinans,</span> 
     </span>
     <span class='ocr_line' id='line_1_8' title="bbox 461 562 1198 606; baseline 0 -12"><span class='ocrx_word' id='word_1_35' title='bbox 461 572 525 594; x_wconf 91' lang='lat' dir='ltr'>non</span> <span class='ocrx_word' id='word_1_36' title='bbox 544 562 650 595; x_wconf 81' lang='lat' dir='ltr'>vetitis</span> <span class='ocrx_word' id='word_1_37' title='bbox 670 562 767 596; x_wconf 86' lang='lat' dir='ltr'>modo</span> <span class='ocrx_word' id='word_1_38' title='bbox 786 563 1014 606; x_wconf 88' lang='lat' dir='ltr'>voluptatibus,</span> <span class='ocrx_word' id='word_1_39' title='bbox 1032 563 1085 596; x_wconf 89' lang='lat' dir='ltr'>sed</span> <span class='ocrx_word' id='word_1_40' title='bbox 1104 562 1198 595; x_wconf 89' lang='lat' dir='ltr'>etiam</span> 
     </span>
     <span class='ocr_line' id='line_1_9' title="bbox 460 613 1200 658; baseline 0 -12"><span class='ocrx_word' id='word_1_41' title='bbox 460 613 655 647; x_wconf 89' lang='lat' dir='ltr'>iuvenilibus</span> <span class='ocrx_word' id='word_1_42' title='bbox 681 615 764 648; x_wconf 88' lang='lat' dir='ltr'>ludis</span> <span class='ocrx_word' id='word_1_43' title='bbox 791 616 965 657; x_wconf 71' lang='lat' dir='ltr'>abstinuit,</span> <span class='ocrx_word' id='word_1_44' title='bbox 992 621 1024 648; x_wconf 90' lang='lat' dir='ltr'>et</span> <span class='ocrx_word' id='word_1_45' title='bbox 1061 614 1145 658; x_wconf 86' lang='lat' dir='ltr'>quod</span> <span class='ocrx_word' id='word_1_46' title='bbox 1184 625 1200 646; x_wconf 85' lang='lat' dir='ltr'>a</span> 
     </span>
     <span class='ocr_line' id='line_1_10' title="bbox 461 667 1199 712; baseline -0.001 -12"><span class='ocrx_word' id='word_1_47' title='bbox 461 667 642 700; x_wconf 86' lang='lat' dir='ltr'>litterarum</span> <span class='ocrx_word' id='word_1_48' title='bbox 679 669 784 702; x_wconf 87' lang='lat' dir='ltr'>studio</span> <span class='ocrx_word' id='word_1_49' title='bbox 821 674 990 712; x_wconf 75' lang='lat' dir='ltr'><strong>supererat</strong></span> <span class='ocrx_word' id='word_1_50' title='bbox 1023 667 1199 711; x_wconf 84' lang='lat' dir='ltr'>temporis,</span> 
     </span>
     <span class='ocr_line' id='line_1_11' title="bbox 462 721 1200 765; baseline 0.001 -12"><span class='ocrx_word' id='word_1_51' title='bbox 462 721 636 754; x_wconf 83' lang='lat' dir='ltr'><strong>fundendis</strong></span> <span class='ocrx_word' id='word_1_52' title='bbox 661 721 699 754; x_wconf 87' lang='lat' dir='ltr'>ad</span> <span class='ocrx_word' id='word_1_53' title='bbox 733 722 832 754; x_wconf 87' lang='lat' dir='ltr'>Deum</span> <span class='ocrx_word' id='word_1_54' title='bbox 860 722 1034 764; x_wconf 87' lang='lat' dir='ltr'>precibus,</span> <span class='ocrx_word' id='word_1_55' title='bbox 1063 721 1125 765; x_wconf 86' lang='lat' dir='ltr'>piis</span> <span class='ocrx_word' id='word_1_56' title='bbox 1158 722 1200 754; x_wconf 85' lang='lat' dir='ltr'>le-</span> 
     </span>
     <span class='ocr_line' id='line_1_12' title="bbox 460 774 1196 815; baseline 0 -9"><span class='ocrx_word' id='word_1_57' title='bbox 460 774 574 815; x_wconf 78' lang='lat' dir='ltr'>gendis</span> <span class='ocrx_word' id='word_1_58' title='bbox 600 774 715 814; x_wconf 87' lang='lat' dir='ltr'>libris,</span> <span class='ocrx_word' id='word_1_59' title='bbox 741 775 888 808; x_wconf 79' lang='lat' dir='ltr'>serendis</span> <span class='ocrx_word' id='word_1_60' title='bbox 914 776 953 808; x_wconf 91' lang='lat' dir='ltr'>de</span> <span class='ocrx_word' id='word_1_61' title='bbox 979 775 1043 807; x_wconf 89' lang='lat' dir='ltr'>Deo</span> <span class='ocrx_word' id='word_1_62' title='bbox 1070 774 1196 807; x_wconf 88' lang='lat' dir='ltr'>divinis-</span> 
     </span>
     <span class='ocr_line' id='line_1_13' title="bbox 461 827 1199 869; baseline 0.001 -10"><span class='ocrx_word' id='word_1_63' title='bbox 461 837 523 869; x_wconf 85' lang='lat' dir='ltr'>que</span> <span class='ocrx_word' id='word_1_64' title='bbox 548 827 644 860; x_wconf 86' lang='lat' dir='ltr'>rebus</span> <span class='ocrx_word' id='word_1_65' title='bbox 679 828 902 869; x_wconf 79' lang='lat' dir='ltr'>sermonibus,</span> <span class='ocrx_word' id='word_1_66' title='bbox 927 828 1093 861; x_wconf 76' lang='lat' dir='ltr'>visitandis</span> <span class='ocrx_word' id='word_1_67' title='bbox 1120 833 1199 860; x_wconf 89' lang='lat' dir='ltr'>tem-</span> 
     </span>
     <span class='ocr_line' id='line_1_14' title="bbox 461 881 1196 925; baseline 0.001 -12"><span class='ocrx_word' id='word_1_68' title='bbox 461 881 524 923; x_wconf 87' lang='lat' dir='ltr'>plis</span> <span class='ocrx_word' id='word_1_69' title='bbox 562 881 819 925; x_wconf 86' lang='lat' dir='ltr'>Sanctorumque</span> <span class='ocrx_word' id='word_1_70' title='bbox 862 881 1026 915; x_wconf 84' lang='lat' dir='ltr'>memoriis</span> <span class='ocrx_word' id='word_1_71' title='bbox 1068 881 1196 925; x_wconf 85' lang='lat' dir='ltr'>impen-</span> 
     </span>
     <span class='ocr_line' id='line_1_15' title="bbox 461 934 569 967; baseline -0.009 0"><span class='ocrx_word' id='word_1_72' title='bbox 461 934 569 967; x_wconf 85' lang='lat' dir='ltr'>debat.</span> 
     </span>
    </p>

    <p class='ocr_par' dir='ltr' id='par_1_3' title="bbox 282 987 1201 1031">
     <span class='ocr_line' id='line_1_16' title="bbox 282 987 1201 1031; baseline -0.001 -10"><span class='ocrx_word' id='word_1_73' title='bbox 282 1000 325 1021; x_wconf 64' lang='lat' dir='ltr'>snb</span> <span class='ocrx_word' id='word_1_74' title='bbox 342 1000 364 1021; x_wconf 80' lang='lat' dir='ltr'>B.</span> <span class='ocrx_word' id='word_1_75' title='bbox 384 1000 451 1030; x_wconf 55' lang='lat' dir='ltr'>van·</span> <span class='ocrx_word' id='word_1_76' title='bbox 505 989 520 1031; x_wconf 65' lang='grc' dir='ltr'><strong>ἓ</strong></span> <span class='ocrx_word' id='word_1_77' title='bbox 545 987 575 1021; x_wconf 82' lang='lat'>3.</span> <span class='ocrx_word' id='word_1_78' title='bbox 604 987 643 1020; x_wconf 89' lang='lat' dir='ltr'>Ut</span> <span class='ocrx_word' id='word_1_79' title='bbox 667 999 743 1021; x_wconf 90' lang='lat' dir='ltr'>vero</span> <span class='ocrx_word' id='word_1_80' title='bbox 770 998 829 1021; x_wconf 90' lang='lat' dir='ltr'>nec</span> <span class='ocrx_word' id='word_1_81' title='bbox 846 988 1009 1022; x_wconf 77' lang='lat' dir='ltr'>illecebris</span> <span class='ocrx_word' id='word_1_82' title='bbox 1030 992 1201 1031; x_wconf 83' lang='lat' dir='ltr'>caperetur</span> 
     </span>
    </p>

    <p class='ocr_par' dir='ltr' id='par_1_4' title="bbox 266 1027 1199 1100">
     <span class='ocr_line' id='line_1_17' title="bbox 266 1027 1199 1100; baseline 0 -27"><span class='ocrx_word' id='word_1_83' title='bbox 266 1027 372 1099; x_wconf 49' lang='lat'>2222&#39;3322&#39;*</span> <span class='ocrx_word' id='word_1_84' title='bbox 382 1028 451 1100; x_wconf 48' lang='lat' dir='ltr'>¹:522}ss</span> <span class='ocrx_word' id='word_1_85' title='bbox 461 1040 592 1080; x_wconf 81' lang='lat' dir='ltr'>saeculi,</span> <span class='ocrx_word' id='word_1_86' title='bbox 612 1051 671 1073; x_wconf 88' lang='lat' dir='ltr'>nec</span> <span class='ocrx_word' id='word_1_87' title='bbox 690 1041 813 1074; x_wconf 86' lang='lat' dir='ltr'>diaboli</span> <span class='ocrx_word' id='word_1_88' title='bbox 831 1046 1044 1084; x_wconf 83' lang='lat' dir='ltr'>superaretur</span> <span class='ocrx_word' id='word_1_89' title='bbox 1064 1040 1199 1081; x_wconf 83' lang='lat' dir='ltr'>insidiis,</span> 
     </span>
    </p>

    <p class='ocr_par' dir='ltr' id='par_1_5' title="bbox 267 1086 451 1101">
     <span class='ocr_line' id='line_1_18' title="bbox 267 1086 451 1101; baseline 0.005 -2"><span class='ocrx_word' id='word_1_90' title='bbox 267 1086 304 1099; x_wconf 65' lang='grc' dir='ltr'>(ΕΠ</span> <span class='ocrx_word' id='word_1_91' title='bbox 318 1086 357 1100; x_wconf 70' lang='lat' dir='ltr'>&#39;dm</span> <span class='ocrx_word' id='word_1_92' title='bbox 375 1088 385 1101; x_wconf 68' lang='lat' dir='ltr'>u</span> <span class='ocrx_word' id='word_1_93' title='bbox 412 1087 451 1100; x_wconf 65' lang='lat' dir='ltr'>vn*-</span> 
     </span>
    </p>
   </div>
   <div class='ocr_carea' id='block_1_3' title="bbox 267 1094 1201 1137">
    <p class='ocr_par' dir='ltr' id='par_1_6' title="bbox 267 1094 1201 1137">
     <span class='ocr_line' id='line_1_19' title="bbox 267 1094 1201 1137; baseline 0.003 -13"><span class='ocrx_word' id='word_1_94' title='bbox 267 1109 375 1131; x_wconf 56' lang='lat' dir='ltr'>mnatem</span> <span class='ocrx_word' id='word_1_95' title='bbox 412 1104 522 1127; x_wconf 72' lang='lat' dir='ltr'>an-nec</span> <span class='ocrx_word' id='word_1_96' title='bbox 547 1094 677 1127; x_wconf 87' lang='lat' dir='ltr'>demum</span> <span class='ocrx_word' id='word_1_97' title='bbox 701 1094 806 1137; x_wconf 82' lang='lat' dir='ltr'>pravis</span> <span class='ocrx_word' id='word_1_98' title='bbox 824 1100 1082 1127; x_wconf 82' lang='lat' dir='ltr'>commoveretur</span> <span class='ocrx_word' id='word_1_99' title='bbox 1100 1105 1201 1127; x_wconf 80' lang='lat' dir='ltr'>exem-</span> 
     </span>
    </p>
   </div>
   <div class='ocr_carea' id='block_1_4' title="bbox 266 1133 451 1154">
    <p class='ocr_par' dir='ltr' id='par_1_7' title="bbox 266 1133 451 1154">
     <span class='ocr_line' id='line_1_20' title="bbox 266 1133 451 1154; baseline 0.005 -1"><span class='ocrx_word' id='word_1_100' title='bbox 266 1133 338 1153; x_wconf 64' lang='lat' dir='ltr'>batam</span> <span class='ocrx_word' id='word_1_101' title='bbox 351 1134 451 1154; x_wconf 60' lang='lat' dir='ltr'>Guttutill.</span> 
     </span>
    </p>
   </div>
   <div class='ocr_carea' id='block_1_5' title="bbox 266 195 448 221">
    <p class='ocr_par' dir='ltr' id='par_1_8' title="bbox 266 195 448 221">
     <span class='ocr_line' id='line_1_21' title="bbox 266 195 448 221; baseline 0.005 -1"><span class='ocrx_word' id='word_1_102' title='bbox 266 196 312 221; x_wconf 56' lang='lat' dir='ltr'>An.</span> <span class='ocrx_word' id='word_1_103' title='bbox 335 197 362 221; x_wconf 70' lang='lat'>12,</span> <span class='ocrx_word' id='word_1_104' title='bbox 385 195 448 221; x_wconf 70' lang='lat' dir='ltr'>t&#39;ilJ&#39;i</span> 
     </span>
    </p>
   </div>
   <div class='ocr_carea' id='block_1_6' title="bbox 267 1361 1203 2526">
    <p class='ocr_par' dir='ltr' id='par_1_9' title="bbox 267 1361 1203 2526">
     <span class='ocr_line' id='line_1_22' title="bbox 462 1361 1201 1405; baseline 0.003 -12"><span class='ocrx_word' id='word_1_105' title='bbox 462 1361 610 1404; x_wconf 82' lang='lat' dir='ltr'>exempla</span> <span class='ocrx_word' id='word_1_106' title='bbox 635 1361 778 1401; x_wconf 83' lang='lat' dir='ltr'>vivendi,</span> <span class='ocrx_word' id='word_1_107' title='bbox 806 1361 861 1393; x_wconf 90' lang='lat' dir='ltr'>ubi</span> <span class='ocrx_word' id='word_1_108' title='bbox 889 1366 1050 1404; x_wconf 86' lang='lat' dir='ltr'>tamquam</span> <span class='ocrx_word' id='word_1_109' title='bbox 1072 1361 1104 1394; x_wconf 92' lang='lat' dir='ltr'>in</span> <span class='ocrx_word' id='word_1_110' title='bbox 1130 1373 1201 1405; x_wconf 90' lang='lat' dir='ltr'>spe-</span> 
     </span>
     <span class='ocr_line' id='line_1_23' title="bbox 462 1414 1200 1458; baseline 0.001 -11"><span class='ocrx_word' id='word_1_111' title='bbox 462 1415 536 1447; x_wconf 88' lang='lat' dir='ltr'>culo</span> <span class='ocrx_word' id='word_1_112' title='bbox 561 1414 685 1457; x_wconf 85' lang='lat' dir='ltr'>species</span> <span class='ocrx_word' id='word_1_113' title='bbox 710 1414 865 1447; x_wconf 83' lang='lat' dir='ltr'>castitatis</span> <span class='ocrx_word' id='word_1_114' title='bbox 901 1420 932 1447; x_wconf 88' lang='lat' dir='ltr'>et</span> <span class='ocrx_word' id='word_1_115' title='bbox 963 1415 1065 1447; x_wconf 84' lang='lat' dir='ltr'>forma</span> <span class='ocrx_word' id='word_1_116' title='bbox 1090 1415 1200 1458; x_wconf 91' lang='lat' dir='ltr'>probi-</span> 
     </span>
     <span class='ocr_line' id='line_1_24' title="bbox 463 1467 1200 1511; baseline 0.003 -11"><span class='ocrx_word' id='word_1_117' title='bbox 463 1467 535 1501; x_wconf 83' lang='lat' dir='ltr'>tatis</span> <span class='ocrx_word' id='word_1_118' title='bbox 560 1468 708 1510; x_wconf 74' lang='lat' dir='ltr'>refulget.</span> <span class='ocrx_word' id='word_1_119' title='bbox 748 1467 824 1500; x_wconf 87' lang='lat' dir='ltr'>Nam</span> <span class='ocrx_word' id='word_1_120' title='bbox 850 1468 974 1511; x_wconf 87' lang='lat' dir='ltr'>potenti</span> <span class='ocrx_word' id='word_1_121' title='bbox 1011 1468 1118 1501; x_wconf 88' lang='lat' dir='ltr'>Matris</span> <span class='ocrx_word' id='word_1_122' title='bbox 1144 1469 1200 1502; x_wconf 88' lang='lat' dir='ltr'>Dei</span> 
     </span>
     <span class='ocr_line' id='line_1_25' title="bbox 463 1520 1201 1564; baseline 0.003 -11"><span class='ocrx_word' id='word_1_123' title='bbox 463 1521 548 1564; x_wconf 87' lang='lat' dir='ltr'>apud</span> <span class='ocrx_word' id='word_1_124' title='bbox 575 1525 744 1553; x_wconf 81' lang='lat' dir='ltr'>aeternum</span> <span class='ocrx_word' id='word_1_125' title='bbox 762 1520 863 1554; x_wconf 83' lang='lat' dir='ltr'>tilium</span> <span class='ocrx_word' id='word_1_126' title='bbox 882 1521 1127 1564; x_wconf 80' lang='lat' dir='ltr'>redemptorem</span> <span class='ocrx_word' id='word_1_127' title='bbox 1146 1532 1201 1555; x_wconf 91' lang='lat' dir='ltr'>no-</span> 
     </span>
     <span class='ocr_line' id='line_1_26' title="bbox 462 1574 1200 1617; baseline 0.004 -11"><span class='ocrx_word' id='word_1_128' title='bbox 462 1579 563 1606; x_wconf 85' lang='lat' dir='ltr'>strum</span> <span class='ocrx_word' id='word_1_129' title='bbox 590 1574 769 1617; x_wconf 87' lang='lat' dir='ltr'>patrocinio</span> <span class='ocrx_word' id='word_1_130' title='bbox 795 1574 954 1615; x_wconf 79' lang='lat' dir='ltr'>confisus,</span> <span class='ocrx_word' id='word_1_131' title='bbox 980 1576 1110 1608; x_wconf 87' lang='lat' dir='ltr'>minime</span> <span class='ocrx_word' id='word_1_132' title='bbox 1143 1576 1200 1609; x_wconf 91' lang='lat' dir='ltr'>du-</span> 
     </span>
     <span class='ocr_line' id='line_1_27' title="bbox 461 1627 1199 1671; baseline 0.004 -12"><span class='ocrx_word' id='word_1_133' title='bbox 461 1627 585 1660; x_wconf 79' lang='lat' dir='ltr'>bitabat</span> <span class='ocrx_word' id='word_1_134' title='bbox 601 1637 617 1659; x_wconf 80' lang='lat' dir='ltr'>a</span> <span class='ocrx_word' id='word_1_135' title='bbox 635 1627 700 1660; x_wconf 90' lang='lat' dir='ltr'>Deo</span> <span class='ocrx_word' id='word_1_136' title='bbox 719 1627 976 1671; x_wconf 84' lang='lat' dir='ltr'>impetraturum,</span> <span class='ocrx_word' id='word_1_137' title='bbox 996 1634 1038 1667; x_wconf 92' lang='lat' dir='ltr'>ut,</span> <span class='ocrx_word' id='word_1_138' title='bbox 1059 1629 1199 1662; x_wconf 86' lang='lat' dir='ltr'>currenti</span> 
     </span>
     <span class='ocr_line' id='line_1_28' title="bbox 461 1681 1200 1725; baseline 0.003 -11"><span class='ocrx_word' id='word_1_139' title='bbox 461 1681 521 1714; x_wconf 88' lang='lat' dir='ltr'>sibi</span> <span class='ocrx_word' id='word_1_140' title='bbox 539 1692 598 1725; x_wconf 90' lang='lat' dir='ltr'>per</span> <span class='ocrx_word' id='word_1_141' title='bbox 617 1681 733 1714; x_wconf 87' lang='lat' dir='ltr'>arduas</span> <span class='ocrx_word' id='word_1_142' title='bbox 751 1682 902 1715; x_wconf 87' lang='lat' dir='ltr'>virtutum</span> <span class='ocrx_word' id='word_1_143' title='bbox 926 1682 1065 1724; x_wconf 76' lang='lat' dir='ltr'>semitas,</span> <span class='ocrx_word' id='word_1_144' title='bbox 1085 1681 1146 1724; x_wconf 67' lang='grc' dir='ltr'>Μ’,</span> <span class='ocrx_word' id='word_1_145' title='bbox 1167 1683 1200 1716; x_wconf 92' lang='lat' dir='ltr'>in</span> 
     </span>
     <span class='ocr_line' id='line_1_29' title="bbox 462 1736 1201 1780; baseline 0.003 -13"><span class='ocrx_word' id='word_1_146' title='bbox 462 1747 526 1780; x_wconf 88' lang='lat' dir='ltr'>quo</span> <span class='ocrx_word' id='word_1_147' title='bbox 550 1736 692 1768; x_wconf 87' lang='lat' dir='ltr'>humana</span> <span class='ocrx_word' id='word_1_148' title='bbox 709 1736 853 1769; x_wconf 86' lang='lat' dir='ltr'>conditio</span> <span class='ocrx_word' id='word_1_149' title='bbox 871 1736 910 1768; x_wconf 86' lang='lat' dir='ltr'>ab</span> <span class='ocrx_word' id='word_1_150' title='bbox 929 1736 1063 1769; x_wconf 80' lang='lat' dir='ltr'>infirmis</span> <span class='ocrx_word' id='word_1_151' title='bbox 1081 1736 1201 1769; x_wconf 88' lang='lat' dir='ltr'>viribus</span> 
     </span>
     <span class='ocr_line' id='line_1_30' title="bbox 462 1789 1199 1832; baseline 0.001 -10"><span class='ocrx_word' id='word_1_152' title='bbox 462 1789 528 1822; x_wconf 86' lang='lat' dir='ltr'>suis</span> <span class='ocrx_word' id='word_1_153' title='bbox 554 1789 707 1822; x_wconf 86' lang='lat' dir='ltr'>destituta</span> <span class='ocrx_word' id='word_1_154' title='bbox 732 1789 934 1832; x_wconf 81' lang='lat' dir='ltr'>languescit,</span> <span class='ocrx_word' id='word_1_155' title='bbox 966 1800 1109 1832; x_wconf 87' lang='lat' dir='ltr'>superna</span> <span class='ocrx_word' id='word_1_156' title='bbox 1144 1790 1199 1823; x_wconf 88' lang='lat' dir='ltr'>Dei</span> 
     </span>
     <span class='ocr_line' id='line_1_31' title="bbox 462 1842 1201 1886; baseline 0.001 -11"><span class='ocrx_word' id='word_1_157' title='bbox 462 1842 565 1885; x_wconf 77' lang='lat' dir='ltr'>gratia</span> <span class='ocrx_word' id='word_1_158' title='bbox 591 1842 763 1882; x_wconf 85' lang='lat' dir='ltr'>sufficeret,</span> <span class='ocrx_word' id='word_1_159' title='bbox 790 1847 821 1875; x_wconf 87' lang='lat' dir='ltr'>et</span> <span class='ocrx_word' id='word_1_160' title='bbox 838 1843 925 1885; x_wconf 92' lang='lat' dir='ltr'>quod</span> <span class='ocrx_word' id='word_1_161' title='bbox 946 1853 1010 1875; x_wconf 87' lang='lat' dir='ltr'>non</span> <span class='ocrx_word' id='word_1_162' title='bbox 1028 1848 1137 1886; x_wconf 88' lang='lat' dir='ltr'>posset</span> <span class='ocrx_word' id='word_1_163' title='bbox 1153 1843 1201 1876; x_wconf 90' lang='lat' dir='ltr'>in-</span> 
     </span>
     <span class='ocr_line' id='line_1_32' title="bbox 463 1895 1202 1939; baseline 0 -11"><span class='ocrx_word' id='word_1_164' title='bbox 463 1895 612 1929; x_wconf 73' lang='lat' dir='ltr'>firmitate</span> <span class='ocrx_word' id='word_1_165' title='bbox 638 1896 800 1936; x_wconf 74' lang='lat' dir='ltr'>humana,</span> <span class='ocrx_word' id='word_1_166' title='bbox 826 1901 1055 1939; x_wconf 75' lang='lat' dir='ltr'>assequeretur</span> <span class='ocrx_word' id='word_1_167' title='bbox 1087 1895 1202 1929; x_wconf 91' lang='lat' dir='ltr'>virtute</span> 
     </span>
     <span class='ocr_line' id='line_1_33' title="bbox 463 1949 580 1982; baseline 0 0"><span class='ocrx_word' id='word_1_168' title='bbox 463 1949 580 1982; x_wconf 82' lang='lat' dir='ltr'>divina.</span> 
     </span>
     <span class='ocr_line' id='line_1_34' title="bbox 296 1998 1200 2047; baseline 0.001 -12"><span class='ocrx_word' id='word_1_169' title='bbox 296 2010 450 2047; x_wconf 30' lang='lat' dir='ltr'>novatio-ersa</span> <span class='ocrx_word' id='word_1_170' title='bbox 507 2003 521 2045; x_wconf 65' lang='lat' dir='ltr'>g</span> <span class='ocrx_word' id='word_1_171' title='bbox 545 2003 577 2035; x_wconf 72' lang='lat'>4.</span> <span class='ocrx_word' id='word_1_172' title='bbox 605 2002 764 2045; x_wconf 78' lang='lat' dir='ltr'>Angelum</span> <span class='ocrx_word' id='word_1_173' title='bbox 791 1998 920 2046; x_wconf 86' lang='lat' dir='ltr'>quoque</span> <span class='ocrx_word' id='word_1_174' title='bbox 954 2002 1003 2035; x_wconf 92' lang='lat' dir='ltr'>sui</span> <span class='ocrx_word' id='word_1_175' title='bbox 1036 2002 1200 2036; x_wconf 80' lang='lat' dir='ltr'>custodem</span> 
     </span>
     <span class='ocr_line' id='line_1_35' title="bbox 267 2037 1201 2099; baseline -0.001 -10"><span class='ocrx_word' id='word_1_176' title='bbox 267 2037 452 2089; x_wconf 52' lang='lat' dir='ltr'>{Utss&#39;uc&#39;t&#39;m‘fflpss</span> <span class='ocrx_word' id='word_1_177' title='bbox 463 2055 616 2098; x_wconf 84' lang='lat' dir='ltr'>religioso</span> <span class='ocrx_word' id='word_1_178' title='bbox 642 2056 729 2088; x_wconf 86' lang='lat' dir='ltr'>cultu</span> <span class='ocrx_word' id='word_1_179' title='bbox 748 2061 964 2099; x_wconf 85' lang='lat' dir='ltr'>prosequutus</span> <span class='ocrx_word' id='word_1_180' title='bbox 982 2061 1038 2097; x_wconf 81' lang='lat' dir='ltr'>est,</span> <span class='ocrx_word' id='word_1_181' title='bbox 1056 2056 1094 2089; x_wconf 84' lang='lat' dir='ltr'>ad</span> <span class='ocrx_word' id='word_1_182' title='bbox 1115 2056 1201 2089; x_wconf 88' lang='lat' dir='ltr'>beati</span> 
     </span>
     <span class='ocr_line' id='line_1_36' title="bbox 268 2091 1202 2152; baseline 0.003 -14"><span class='ocrx_word' id='word_1_183' title='bbox 268 2091 451 2138; x_wconf 54' lang='lat' dir='ltr'>inli¹3³fiuflffilssj</span> <span class='ocrx_word' id='word_1_184' title='bbox 463 2108 596 2152; x_wconf 79' lang='lat' dir='ltr'>spiritus</span> <span class='ocrx_word' id='word_1_185' title='bbox 622 2108 807 2141; x_wconf 82' lang='lat' dir='ltr'>clientelam</span> <span class='ocrx_word' id='word_1_186' title='bbox 837 2118 874 2141; x_wconf 91' lang='lat' dir='ltr'>eo</span> <span class='ocrx_word' id='word_1_187' title='bbox 907 2108 1061 2141; x_wconf 85' lang='lat' dir='ltr'>fidentius</span> <span class='ocrx_word' id='word_1_188' title='bbox 1093 2109 1202 2142; x_wconf 84' lang='lat' dir='ltr'>cousu-</span> 
     </span>
     <span class='ocr_line' id='line_1_37' title="bbox 462 2161 1203 2205; baseline 0.003 -11"><span class='ocrx_word' id='word_1_189' title='bbox 462 2162 555 2205; x_wconf 80' lang='lat' dir='ltr'>giens</span> <span class='ocrx_word' id='word_1_190' title='bbox 571 2188 578 2202; x_wconf 93' lang='lat'>‚</span> <span class='ocrx_word' id='word_1_191' title='bbox 606 2162 693 2204; x_wconf 90' lang='lat' dir='ltr'>quod</span> <span class='ocrx_word' id='word_1_192' title='bbox 719 2166 806 2194; x_wconf 88' lang='lat' dir='ltr'>certo</span> <span class='ocrx_word' id='word_1_193' title='bbox 832 2161 893 2194; x_wconf 84' lang='lat' dir='ltr'>sibi</span> <span class='ocrx_word' id='word_1_194' title='bbox 918 2167 1140 2205; x_wconf 75' lang='lat' dir='ltr'>persuaserat,</span> <span class='ocrx_word' id='word_1_195' title='bbox 1168 2173 1203 2196; x_wconf 92' lang='lat' dir='ltr'>se</span> 
     </span>
     <span class='ocr_line' id='line_1_38' title="bbox 463 2214 1201 2248; baseline 0 0"><span class='ocrx_word' id='word_1_196' title='bbox 463 2228 479 2248; x_wconf 84' lang='lat' dir='ltr'>a</span> <span class='ocrx_word' id='word_1_197' title='bbox 503 2215 557 2248; x_wconf 88' lang='lat' dir='ltr'>Dei</span> <span class='ocrx_word' id='word_1_198' title='bbox 576 2214 695 2247; x_wconf 73' lang='lat' dir='ltr'>otl&#39;ensa</span> <span class='ocrx_word' id='word_1_199' title='bbox 719 2219 750 2247; x_wconf 88' lang='lat' dir='ltr'>et</span> <span class='ocrx_word' id='word_1_200' title='bbox 775 2219 905 2247; x_wconf 85' lang='lat' dir='ltr'>aeterno</span> <span class='ocrx_word' id='word_1_201' title='bbox 924 2215 1049 2248; x_wconf 80' lang='lat' dir='ltr'>animae</span> <span class='ocrx_word' id='word_1_202' title='bbox 1068 2214 1201 2248; x_wconf 90' lang='lat' dir='ltr'>interitu</span> 
     </span>
     <span class='ocr_line' id='line_1_39' title="bbox 462 2267 1201 2311; baseline -0.003 -9"><span class='ocrx_word' id='word_1_203' title='bbox 462 2268 548 2302; x_wconf 90' lang='lat' dir='ltr'>illius</span> <span class='ocrx_word' id='word_1_204' title='bbox 574 2267 703 2301; x_wconf 86' lang='lat' dir='ltr'>caelesti</span> <span class='ocrx_word' id='word_1_205' title='bbox 725 2269 824 2311; x_wconf 69' lang='lat' dir='ltr'>opera</span> <span class='ocrx_word' id='word_1_206' title='bbox 845 2272 877 2300; x_wconf 82' lang='lat' dir='ltr'>et</span> <span class='ocrx_word' id='word_1_207' title='bbox 901 2267 1038 2300; x_wconf 87' lang='lat' dir='ltr'>internis</span> <span class='ocrx_word' id='word_1_208' title='bbox 1060 2268 1201 2310; x_wconf 83' lang='lat' dir='ltr'>monitis,</span> 
     </span>
     <span class='ocr_line' id='line_1_40' title="bbox 462 2320 1201 2356; baseline -0.003 0"><span class='ocrx_word' id='word_1_209' title='bbox 462 2323 570 2356; x_wconf 77' lang='lat' dir='ltr'>divina</span> <span class='ocrx_word' id='word_1_210' title='bbox 594 2326 759 2355; x_wconf 83' lang='lat' dir='ltr'>annuente</span> <span class='ocrx_word' id='word_1_211' title='bbox 786 2320 1010 2354; x_wconf 72' lang='lat' dir='ltr'>misericordia</span> <span class='ocrx_word' id='word_1_212' title='bbox 1037 2326 1066 2354; x_wconf 89' lang='lat' dir='ltr'>et</span> <span class='ocrx_word' id='word_1_213' title='bbox 1083 2321 1201 2355; x_wconf 88' lang='lat' dir='ltr'>Christi</span> 
     </span>
     <span class='ocr_line' id='line_1_41' title="bbox 462 2374 1201 2418; baseline -0.004 -8"><span class='ocrx_word' id='word_1_214' title='bbox 462 2375 630 2410; x_wconf 84' lang='lat' dir='ltr'>adiuvante</span> <span class='ocrx_word' id='word_1_215' title='bbox 668 2374 788 2418; x_wconf 68' lang='lat' dir='ltr'>gratia,</span> <span class='ocrx_word' id='word_1_216' title='bbox 816 2374 989 2407; x_wconf 84' lang='lat' dir='ltr'>liberatum</span> <span class='ocrx_word' id='word_1_217' title='bbox 1028 2374 1086 2416; x_wconf 88' lang='lat' dir='ltr'>iri,</span> <span class='ocrx_word' id='word_1_218' title='bbox 1126 2375 1201 2418; x_wconf 82' lang='lat' dir='ltr'>quia</span> 
     </span>
     <span class='ocr_line' id='line_1_42' title="bbox 463 2427 1200 2473; baseline -0.003 -10"><span class='ocrx_word' id='word_1_219' title='bbox 463 2439 536 2463; x_wconf 82' lang='lat' dir='ltr'>casu</span> <span class='ocrx_word' id='word_1_220' title='bbox 562 2429 714 2473; x_wconf 81' lang='lat' dir='ltr'>quodam,</span> <span class='ocrx_word' id='word_1_221' title='bbox 743 2427 798 2471; x_wconf 89' lang='lat' dir='ltr'>qui</span> <span class='ocrx_word' id='word_1_222' title='bbox 823 2427 851 2460; x_wconf 89' lang='lat' dir='ltr'>ei</span> <span class='ocrx_word' id='word_1_223' title='bbox 877 2427 983 2460; x_wconf 88' lang='lat' dir='ltr'>adhuc</span> <span class='ocrx_word' id='word_1_224' title='bbox 1008 2438 1112 2471; x_wconf 86' lang='lat' dir='ltr'>puero</span> <span class='ocrx_word' id='word_1_225' title='bbox 1130 2438 1200 2461; x_wconf 90' lang='lat' dir='ltr'>con-</span> 
     </span>
     <span class='ocr_line' id='line_1_43' title="bbox 463 2480 1200 2526; baseline -0.001 -11"><span class='ocrx_word' id='word_1_226' title='bbox 463 2483 558 2526; x_wconf 80' lang='lat' dir='ltr'>tigit,</span> <span class='ocrx_word' id='word_1_227' title='bbox 580 2483 678 2526; x_wconf 82' lang='lat' dir='ltr'>plane</span> <span class='ocrx_word' id='word_1_228' title='bbox 703 2486 909 2525; x_wconf 86' lang='lat' dir='ltr'>compertum</span> <span class='ocrx_word' id='word_1_229' title='bbox 934 2480 1076 2515; x_wconf 82' lang='lat' dir='ltr'>habebat</span> <span class='ocrx_word' id='word_1_230' title='bbox 1100 2481 1200 2514; x_wconf 83' lang='lat' dir='ltr'>sancti</span> 
     </span>
    </p>
   </div>
   <div class='ocr_carea' id='block_1_7' title="bbox 501 2596 1041 2634">
    <p class='ocr_par' dir='ltr' id='par_1_10' title="bbox 501 2596 1041 2634">
     <span class='ocr_line' id='line_1_44' title="bbox 501 2596 1041 2634; baseline -0.004 -8"><span class='ocrx_word' id='word_1_231' title='bbox 501 2600 511 2626; x_wconf 86' lang='lat'><strong>1</strong></span> <span class='ocrx_word' id='word_1_232' title='bbox 534 2597 645 2626; x_wconf 84' lang='lat' dir='ltr'>Videtur</span> <span class='ocrx_word' id='word_1_233' title='bbox 665 2596 809 2634; x_wconf 81' lang='lat' dir='ltr'>tegendum</span> <span class='ocrx_word' id='word_1_234' title='bbox 829 2596 867 2625; x_wconf 86' lang='lat' dir='ltr'>ad</span> <span class='ocrx_word' id='word_1_235' title='bbox 888 2596 917 2625; x_wconf 84' lang='lat' dir='ltr'>id</span> <span class='ocrx_word' id='word_1_236' title='bbox 937 2596 975 2632; x_wconf 70' lang='lat' dir='ltr'>(a.</span> <span class='ocrx_word' id='word_1_237' title='bbox 992 2597 1041 2633; x_wconf 84' lang='grc' dir='ltr'>τ.).</span> 
     </span>
    </p>
   </div>
   <div class='ocr_carea' id='block_1_8' title="bbox 1043 194 1401 220">
    <p class='ocr_par' dir='ltr' id='par_1_11' title="bbox 1043 194 1401 220">
     <span class='ocr_line' id='line_1_45' title="bbox 1043 194 1401 220; baseline 0 0"><span class='ocrx_word' id='word_1_238' title='bbox 1043 195 1223 220; x_wconf 45' lang='lat' dir='ltr'>{intimatum</span> <span class='ocrx_word' id='word_1_239' title='bbox 1248 194 1401 220; x_wconf 70' lang='lat' dir='ltr'><strong>ROMANUM</strong></span> 
     </span>
    </p>
   </div>
   <div class='ocr_carea' id='block_1_9' title="bbox 1220 261 1224 1163">
    <p class='ocr_par' dir='ltr' id='par_1_12' title="bbox 1220 261 1224 1163">
     <span class='ocr_line' id='line_1_46' title="bbox 1220 261 1224 1163; baseline 0 0"><span class='ocrx_word' id='word_1_240' title='bbox 1220 261 1224 1163; x_wconf 95' lang='lat' dir='ltr'> </span> 
     </span>
    </p>
   </div>
   <div class='ocr_carea' id='block_1_10' title="bbox 461 1147 1224 1351">
    <p class='ocr_par' dir='ltr' id='par_1_13' title="bbox 461 1147 1224 1351">
     <span class='ocr_line' id='line_1_47' title="bbox 462 1147 1223 1191; baseline 0 -11"><span class='ocrx_word' id='word_1_241' title='bbox 462 1147 542 1189; x_wconf 87' lang='lat' dir='ltr'>plis,</span> <span class='ocrx_word' id='word_1_242' title='bbox 566 1148 622 1180; x_wconf 89' lang='lat' dir='ltr'>sed</span> <span class='ocrx_word' id='word_1_243' title='bbox 649 1153 773 1190; x_wconf 84' lang='lat' dir='ltr'>partam</span> <span class='ocrx_word' id='word_1_244' title='bbox 800 1147 963 1190; x_wconf 88' lang='lat' dir='ltr'>baptismo</span> <span class='ocrx_word' id='word_1_245' title='bbox 999 1147 1136 1191; x_wconf 82' lang='lat' dir='ltr'>gratiam</span> <span class='ocrx_word' id='word_1_246' title='bbox 1169 1153 1200 1180; x_wconf 86' lang='lat' dir='ltr'>ct</span> <span class='ocrx_word' id='word_1_247' title='bbox 1222 1182 1223 1187; x_wconf 19' lang='lat'>¹</span> 
     </span>
     <span class='ocr_line' id='line_1_48' title="bbox 461 1200 1224 1243; baseline 0.001 -10"><span class='ocrx_word' id='word_1_248' title='bbox 461 1200 622 1234; x_wconf 88' lang='lat' dir='ltr'>illibatum</span> <span class='ocrx_word' id='word_1_249' title='bbox 659 1200 850 1243; x_wconf 79' lang='lat' dir='ltr'>virginitatis</span> <span class='ocrx_word' id='word_1_250' title='bbox 886 1202 1000 1234; x_wconf 81' lang='lat' dir='ltr'>florem</span> <span class='ocrx_word' id='word_1_251' title='bbox 1036 1206 1224 1241; x_wconf 52' lang='lat' dir='ltr'>servaret„</span> 
     </span>
     <span class='ocr_line' id='line_1_49' title="bbox 461 1254 1224 1301; baseline 0.001 -15"><span class='ocrx_word' id='word_1_252' title='bbox 461 1254 624 1296; x_wconf 68' lang='lat' dir='ltr'>Virginem</span> <span class='ocrx_word' id='word_1_253' title='bbox 661 1254 791 1287; x_wconf 84' lang='lat' dir='ltr'>Mariam</span> <span class='ocrx_word' id='word_1_254' title='bbox 828 1259 963 1287; x_wconf 86' lang='lat' dir='ltr'>matrem</span> <span class='ocrx_word' id='word_1_255' title='bbox 993 1254 1119 1287; x_wconf 85' lang='lat' dir='ltr'>Domini</span> <span class='ocrx_word' id='word_1_256' title='bbox 1146 1255 1224 1301; x_wconf 68' lang='lat' dir='ltr'>pio}</span> 
     </span>
     <span class='ocr_line' id='line_1_50' title="bbox 461 1307 1224 1351; baseline -0.004 -11"><span class='ocrx_word' id='word_1_257' title='bbox 461 1318 591 1351; x_wconf 87' lang='lat' dir='ltr'>semper</span> <span class='ocrx_word' id='word_1_258' title='bbox 615 1307 715 1340; x_wconf 85' lang='lat' dir='ltr'>coluit</span> <span class='ocrx_word' id='word_1_259' title='bbox 740 1307 873 1347; x_wconf 84' lang='lat' dir='ltr'>ass&#39;ectu,</span> <span class='ocrx_word' id='word_1_260' title='bbox 900 1313 933 1339; x_wconf 92' lang='lat' dir='ltr'>ut</span> <span class='ocrx_word' id='word_1_261' title='bbox 959 1308 1036 1340; x_wconf 84' lang='lat' dir='ltr'>hinc</span> <span class='ocrx_word' id='word_1_262' title='bbox 1060 1314 1201 1341; x_wconf 84' lang='lat' dir='ltr'>sumeret</span> <span class='ocrx_word' id='word_1_263' title='bbox 1222 1308 1224 1337; x_wconf 70' lang='grc' dir='ltr'>,ἓ</span> 
     </span>
    </p>
   </div>
   <div class='ocr_carea' id='block_1_11' title="bbox 1221 1343 1226 2410">
    <p class='ocr_par' dir='ltr' id='par_1_14' title="bbox 1221 1343 1226 2410">
     <span class='ocr_line' id='line_1_51' title="bbox 1221 1343 1226 2410; baseline 0 0"><span class='ocrx_word' id='word_1_264' title='bbox 1221 1343 1226 2410; x_wconf 95' lang='lat' dir='ltr'> </span> 
     </span>
    </p>
   </div>
   <div class='ocr_carea' id='block_1_12' title="bbox 1243 196 2171 392">
    <p class='ocr_par' dir='ltr' id='par_1_15' title="bbox 1243 196 2168 340">
     <span class='ocr_line' id='line_1_52' title="bbox 1989 196 2168 225; baseline 0.022 -4"><span class='ocrx_word' id='word_1_265' title='bbox 1989 196 2035 222; x_wconf 72' lang='lat' dir='ltr'>An.</span> <span class='ocrx_word' id='word_1_266' title='bbox 2059 197 2087 223; x_wconf 76' lang='lat' dir='ltr'>U.</span> <span class='ocrx_word' id='word_1_267' title='bbox 2106 196 2168 225; x_wconf 76' lang='lat'>1737</span> 
     </span>
     <span class='ocr_line' id='line_1_53' title="bbox 1243 243 1978 287; baseline 0.001 -12"><span class='ocrx_word' id='word_1_268' title='bbox 1243 243 1348 286; x_wconf 77' lang='lat' dir='ltr'>angeli</span> <span class='ocrx_word' id='word_1_269' title='bbox 1375 244 1520 277; x_wconf 84' lang='lat' dir='ltr'>tutelaris</span> <span class='ocrx_word' id='word_1_270' title='bbox 1545 244 1708 287; x_wconf 84' lang='lat' dir='ltr'>praesidio</span> <span class='ocrx_word' id='word_1_271' title='bbox 1734 255 1767 278; x_wconf 84' lang='lat' dir='ltr'>se</span> <span class='ocrx_word' id='word_1_272' title='bbox 1789 246 1827 278; x_wconf 83' lang='lat' dir='ltr'>ab</span> <span class='ocrx_word' id='word_1_273' title='bbox 1846 243 1978 277; x_wconf 84' lang='lat' dir='ltr'>instanti</span> 
     </span>
     <span class='ocr_line' id='line_1_54' title="bbox 1243 296 1836 340; baseline 0.003 -12"><span class='ocrx_word' id='word_1_274' title='bbox 1243 297 1355 329; x_wconf 85' lang='lat' dir='ltr'>mortis</span> <span class='ocrx_word' id='word_1_275' title='bbox 1381 296 1528 340; x_wconf 87' lang='lat' dir='ltr'>periculo</span> <span class='ocrx_word' id='word_1_276' title='bbox 1555 302 1701 340; x_wconf 89' lang='lat' dir='ltr'>ereptum</span> <span class='ocrx_word' id='word_1_277' title='bbox 1728 298 1836 331; x_wconf 79' lang='lat' dir='ltr'>fuisse.</span> 
     </span>
    </p>

    <p class='ocr_par' dir='ltr' id='par_1_16' title="bbox 1286 349 2171 392">
     <span class='ocr_line' id='line_1_55' title="bbox 1286 349 2171 392; baseline 0.001 -11"><span class='ocrx_word' id='word_1_278' title='bbox 1286 349 1301 392; x_wconf 60' lang='grc' dir='ltr'><strong>ξ</strong></span> <span class='ocrx_word' id='word_1_279' title='bbox 1326 349 1357 382; x_wconf 75' lang='lat'>5.</span> <span class='ocrx_word' id='word_1_280' title='bbox 1386 350 1424 381; x_wconf 78' lang='lat' dir='ltr'>At</span> <span class='ocrx_word' id='word_1_281' title='bbox 1450 349 1535 382; x_wconf 90' lang='lat' dir='ltr'>enim</span> <span class='ocrx_word' id='word_1_282' title='bbox 1562 351 1665 392; x_wconf 88' lang='lat' dir='ltr'>probo</span> <span class='ocrx_word' id='word_1_283' title='bbox 1692 351 1888 384; x_wconf 74' lang='lat' dir='ltr'>adolescenti</span> <span class='ocrx_word' id='word_1_284' title='bbox 1914 361 1979 384; x_wconf 92' lang='lat' dir='ltr'>non</span> <span class='ocrx_word' id='word_1_285' title='bbox 2009 363 2058 383; x_wconf 69' lang='lat' dir='ltr'>z-›io</span> <span class='ocrx_word' id='word_1_286' title='bbox 2075 368 2122 388; x_wconf 57' lang='lat'>0132</span> <span class='ocrx_word' id='word_1_287' title='bbox 2138 371 2171 386; x_wconf 56' lang='grc' dir='ltr'>η.</span> 
     </span>
    </p>
   </div>
   <div class='ocr_carea' id='block_1_13' title="bbox 1989 389 2219 416">
    <p class='ocr_par' dir='ltr' id='par_1_17' title="bbox 1989 389 2219 416">
     <span class='ocr_line' id='line_1_56' title="bbox 1989 389 2219 416; baseline 0.013 -7"><span class='ocrx_word' id='word_1_288' title='bbox 1989 389 2049 410; x_wconf 77' lang='lat' dir='ltr'>dales</span> <span class='ocrx_word' id='word_1_289' title='bbox 2081 390 2171 416; x_wconf 73' lang='lat' dir='ltr'>protudit</span> <span class='ocrx_word' id='word_1_290' title='bbox 2218 409 2219 412; x_wconf 73' lang='grc'>,</span> 
     </span>
    </p>
   </div>
   <div class='ocr_carea' id='block_1_14' title="bbox 1243 402 2171 1029">
    <p class='ocr_par' dir='ltr' id='par_1_18' title="bbox 1243 402 2171 1029">
     <span class='ocr_line' id='line_1_57' title="bbox 1243 402 2170 447; baseline 0.003 -13"><span class='ocrx_word' id='word_1_291' title='bbox 1243 402 1319 434; x_wconf 86' lang='lat' dir='ltr'>satis</span> <span class='ocrx_word' id='word_1_292' title='bbox 1343 404 1443 436; x_wconf 87' lang='lat' dir='ltr'>visum</span> <span class='ocrx_word' id='word_1_293' title='bbox 1470 409 1516 436; x_wconf 84' lang='lat' dir='ltr'>est</span> <span class='ocrx_word' id='word_1_294' title='bbox 1540 403 1637 435; x_wconf 89' lang='lat' dir='ltr'>Deum</span> <span class='ocrx_word' id='word_1_295' title='bbox 1664 404 1782 443; x_wconf 85' lang='lat' dir='ltr'>colere,</span> <span class='ocrx_word' id='word_1_296' title='bbox 1801 403 2170 447; x_wconf 34' lang='lat' dir='ltr'>Deiparam,adonicam-apu-</span> 
     </span>
     <span class='ocr_line' id='line_1_58' title="bbox 1244 442 2171 499; baseline 0.003 -12"><span class='ocrx_word' id='word_1_297' title='bbox 1244 455 1390 498; x_wconf 87' lang='lat' dir='ltr'>aliosque</span> <span class='ocrx_word' id='word_1_298' title='bbox 1416 461 1544 489; x_wconf 87' lang='lat' dir='ltr'>sanctos</span> <span class='ocrx_word' id='word_1_299' title='bbox 1576 457 1627 499; x_wconf 83' lang='lat' dir='ltr'>pie</span> <span class='ocrx_word' id='word_1_300' title='bbox 1655 457 1822 496; x_wconf 84' lang='lat' dir='ltr'>venerari,</span> <span class='ocrx_word' id='word_1_301' title='bbox 1850 463 1898 496; x_wconf 88' lang='lat' dir='ltr'>et,</span> <span class='ocrx_word' id='word_1_302' title='bbox 1924 442 2069 490; x_wconf 56' lang='lat' dir='ltr'>iio-iiiii?</span> <span class='ocrx_word' id='word_1_303' title='bbox 2091 449 2171 464; x_wconf 69' lang='lat' dir='ltr'><strong>m&#39;⁸&#39;¹⁰&#39;</strong></span> 
     </span>
     <span class='ocr_line' id='line_1_59' title="bbox 1245 508 1980 542; baseline 0.001 -2"><span class='ocrx_word' id='word_1_304' title='bbox 1245 508 1342 541; x_wconf 85' lang='lat' dir='ltr'>rentis</span> <span class='ocrx_word' id='word_1_305' title='bbox 1368 510 1480 541; x_wconf 86' lang='lat' dir='ltr'>aetatis</span> <span class='ocrx_word' id='word_1_306' title='bbox 1507 514 1537 541; x_wconf 88' lang='lat' dir='ltr'>et</span> <span class='ocrx_word' id='word_1_307' title='bbox 1562 509 1673 542; x_wconf 84' lang='lat' dir='ltr'>mundi</span> <span class='ocrx_word' id='word_1_308' title='bbox 1699 509 1828 542; x_wconf 85' lang='lat' dir='ltr'>calcatis</span> <span class='ocrx_word' id='word_1_309' title='bbox 1854 509 1980 542; x_wconf 84' lang='lat' dir='ltr'>blandi-</span> 
     </span>
     <span class='ocr_line' id='line_1_60' title="bbox 1245 561 1980 601; baseline 0.003 -9"><span class='ocrx_word' id='word_1_310' title='bbox 1245 561 1315 601; x_wconf 88' lang='lat' dir='ltr'>tiis,</span> <span class='ocrx_word' id='word_1_311' title='bbox 1343 566 1408 594; x_wconf 91' lang='lat' dir='ltr'>toto</span> <span class='ocrx_word' id='word_1_312' title='bbox 1445 561 1551 594; x_wconf 90' lang='lat' dir='ltr'>animo</span> <span class='ocrx_word' id='word_1_313' title='bbox 1584 561 1697 594; x_wconf 86' lang='lat' dir='ltr'>sectari</span> <span class='ocrx_word' id='word_1_314' title='bbox 1723 562 1893 601; x_wconf 85' lang='lat' dir='ltr'>virtutem,</span> <span class='ocrx_word' id='word_1_315' title='bbox 1919 561 1980 595; x_wconf 87' lang='lat' dir='ltr'>nisi</span> 
     </span>
     <span class='ocr_line' id='line_1_61' title="bbox 1244 612 1982 657; baseline 0.003 -13"><span class='ocrx_word' id='word_1_316' title='bbox 1244 612 1339 645; x_wconf 81' lang='lat' dir='ltr'>etiam</span> <span class='ocrx_word' id='word_1_317' title='bbox 1366 614 1477 656; x_wconf 85' lang='lat' dir='ltr'>plures</span> <span class='ocrx_word' id='word_1_318' title='bbox 1514 625 1551 646; x_wconf 85' lang='lat' dir='ltr'>ex</span> <span class='ocrx_word' id='word_1_319' title='bbox 1578 613 1741 646; x_wconf 73' lang='lat' dir='ltr'>sodalibus</span> <span class='ocrx_word' id='word_1_320' title='bbox 1765 614 1830 646; x_wconf 89' lang='lat' dir='ltr'>suis</span> <span class='ocrx_word' id='word_1_321' title='bbox 1855 619 1982 657; x_wconf 82' lang='lat' dir='ltr'>raperet</span> 
     </span>
     <span class='ocr_line' id='line_1_62' title="bbox 1244 666 1981 710; baseline 0.001 -12"><span class='ocrx_word' id='word_1_322' title='bbox 1244 666 1283 698; x_wconf 85' lang='lat' dir='ltr'>ad</span> <span class='ocrx_word' id='word_1_323' title='bbox 1309 666 1430 707; x_wconf 84' lang='lat' dir='ltr'>Deum,</span> <span class='ocrx_word' id='word_1_324' title='bbox 1457 677 1553 710; x_wconf 87' lang='lat' dir='ltr'>quem</span> <span class='ocrx_word' id='word_1_325' title='bbox 1579 677 1614 700; x_wconf 79' lang='lat' dir='ltr'>ex</span> <span class='ocrx_word' id='word_1_326' title='bbox 1643 672 1708 700; x_wconf 91' lang='lat' dir='ltr'>toto</span> <span class='ocrx_word' id='word_1_327' title='bbox 1733 666 1828 700; x_wconf 82' lang='lat' dir='ltr'>corde</span> <span class='ocrx_word' id='word_1_328' title='bbox 1860 673 1890 700; x_wconf 90' lang='lat' dir='ltr'>et</span> <span class='ocrx_word' id='word_1_329' title='bbox 1917 669 1981 700; x_wconf 73' lang='lat' dir='ltr'>tota</span> 
     </span>
     <span class='ocr_line' id='line_1_63' title="bbox 1245 720 1982 763; baseline 0.003 -12"><span class='ocrx_word' id='word_1_330' title='bbox 1245 724 1350 752; x_wconf 89' lang='lat' dir='ltr'>mente</span> <span class='ocrx_word' id='word_1_331' title='bbox 1376 722 1430 752; x_wconf 75' lang='lat' dir='ltr'>sua</span> <span class='ocrx_word' id='word_1_332' title='bbox 1456 720 1593 753; x_wconf 85' lang='lat' dir='ltr'>amabat.</span> <span class='ocrx_word' id='word_1_333' title='bbox 1623 720 1730 763; x_wconf 86' lang='lat' dir='ltr'>Itaque</span> <span class='ocrx_word' id='word_1_334' title='bbox 1757 720 1835 753; x_wconf 86' lang='lat' dir='ltr'>alios</span> <span class='ocrx_word' id='word_1_335' title='bbox 1861 730 1878 753; x_wconf 81' lang='lat' dir='ltr'>a</span> <span class='ocrx_word' id='word_1_336' title='bbox 1898 720 1982 753; x_wconf 91' lang='lat' dir='ltr'>iuve-</span> 
     </span>
     <span class='ocr_line' id='line_1_64' title="bbox 1245 771 1980 813; baseline 0.003 -9"><span class='ocrx_word' id='word_1_337' title='bbox 1245 771 1301 804; x_wconf 90' lang='lat' dir='ltr'>nili</span> <span class='ocrx_word' id='word_1_338' title='bbox 1328 773 1455 806; x_wconf 75' lang='lat' dir='ltr'>licentia</span> <span class='ocrx_word' id='word_1_339' title='bbox 1480 775 1529 807; x_wconf 90' lang='lat' dir='ltr'>vel</span> <span class='ocrx_word' id='word_1_340' title='bbox 1555 773 1649 806; x_wconf 71' lang='lat' dir='ltr'>noxia</span> <span class='ocrx_word' id='word_1_341' title='bbox 1674 774 1801 806; x_wconf 80' lang='lat' dir='ltr'>levitate</span> <span class='ocrx_word' id='word_1_342' title='bbox 1826 773 1980 813; x_wconf 80' lang='lat' dir='ltr'>abduxit,</span> 
     </span>
     <span class='ocr_line' id='line_1_65' title="bbox 1245 825 1980 870; baseline 0.001 -12"><span class='ocrx_word' id='word_1_343' title='bbox 1245 825 1326 859; x_wconf 87' lang='lat' dir='ltr'>alios</span> <span class='ocrx_word' id='word_1_344' title='bbox 1350 828 1389 860; x_wconf 82' lang='lat' dir='ltr'>ad</span> <span class='ocrx_word' id='word_1_345' title='bbox 1415 828 1563 861; x_wconf 89' lang='lat' dir='ltr'>virtutem</span> <span class='ocrx_word' id='word_1_346' title='bbox 1588 827 1764 870; x_wconf 89' lang='lat' dir='ltr'>impensius</span> <span class='ocrx_word' id='word_1_347' title='bbox 1782 827 1980 870; x_wconf 85' lang='lat' dir='ltr'>sequendam</span> 
     </span>
     <span class='ocr_line' id='line_1_66' title="bbox 1244 879 1982 923; baseline 0.001 -13"><span class='ocrx_word' id='word_1_348' title='bbox 1244 879 1406 921; x_wconf 84' lang='lat' dir='ltr'>invitavit,</span> <span class='ocrx_word' id='word_1_349' title='bbox 1435 891 1471 913; x_wconf 86' lang='lat' dir='ltr'>ex</span> <span class='ocrx_word' id='word_1_350' title='bbox 1498 880 1648 914; x_wconf 90' lang='lat' dir='ltr'>omnibus</span> <span class='ocrx_word' id='word_1_351' title='bbox 1673 891 1724 913; x_wconf 81' lang='lat' dir='ltr'>sex</span> <span class='ocrx_word' id='word_1_352' title='bbox 1751 879 1885 920; x_wconf 85' lang='lat' dir='ltr'>electis,</span> <span class='ocrx_word' id='word_1_353' title='bbox 1913 879 1982 923; x_wconf 88' lang='lat' dir='ltr'>qui-</span> 
     </span>
     <span class='ocr_line' id='line_1_67' title="bbox 1244 932 1982 977; baseline 0.003 -14"><span class='ocrx_word' id='word_1_354' title='bbox 1244 932 1386 973; x_wconf 82' lang='lat' dir='ltr'>buscum,</span> <span class='ocrx_word' id='word_1_355' title='bbox 1414 934 1608 977; x_wconf 72' lang='lat' dir='ltr'>praescripta</span> <span class='ocrx_word' id='word_1_356' title='bbox 1634 933 1695 966; x_wconf 90' lang='lat' dir='ltr'>sibi</span> <span class='ocrx_word' id='word_1_357' title='bbox 1723 933 1845 966; x_wconf 79' lang='lat' dir='ltr'>vivendi</span> <span class='ocrx_word' id='word_1_358' title='bbox 1868 933 1982 972; x_wconf 73' lang='lat' dir='ltr'>forma,</span> 
     </span>
     <span class='ocr_line' id='line_1_68' title="bbox 1245 985 1981 1029; baseline 0.001 -12"><span class='ocrx_word' id='word_1_359' title='bbox 1245 985 1284 1017; x_wconf 85' lang='lat' dir='ltr'>ab</span> <span class='ocrx_word' id='word_1_360' title='bbox 1310 988 1358 1025; x_wconf 73' lang='lat' dir='ltr'>ea,</span> <span class='ocrx_word' id='word_1_361' title='bbox 1383 997 1463 1029; x_wconf 86' lang='lat' dir='ltr'>quae</span> <span class='ocrx_word' id='word_1_362' title='bbox 1489 998 1506 1019; x_wconf 86' lang='lat' dir='ltr'>a</span> <span class='ocrx_word' id='word_1_363' title='bbox 1531 987 1656 1020; x_wconf 81' lang='lat' dir='ltr'>clericis</span> <span class='ocrx_word' id='word_1_364' title='bbox 1673 986 1704 1018; x_wconf 92' lang='lat' dir='ltr'>in</span> <span class='ocrx_word' id='word_1_365' title='bbox 1723 986 1902 1019; x_wconf 88' lang='lat' dir='ltr'>seminariis</span> <span class='ocrx_word' id='word_1_366' title='bbox 1923 996 1981 1018; x_wconf 81' lang='lat' dir='ltr'>ser·</span> 
     </span>
    </p>
   </div>
   <div class='ocr_carea' id='block_1_15' title="bbox 1222 1039 1980 1085">
    <p class='ocr_par' dir='ltr' id='par_1_19' title="bbox 1222 1039 1980 1085">
     <span class='ocr_line' id='line_1_69' title="bbox 1222 1039 1980 1085; baseline 0.004 -16"><span class='ocrx_word' id='word_1_367' title='bbox 1222 1065 1224 1085; x_wconf 32' lang='grc' dir='ltr'><strong>ἓ</strong></span> <span class='ocrx_word' id='word_1_368' title='bbox 1245 1039 1310 1070; x_wconf 85' lang='lat' dir='ltr'>vari</span> <span class='ocrx_word' id='word_1_369' title='bbox 1337 1040 1445 1079; x_wconf 87' lang='lat' dir='ltr'>solet,</span> <span class='ocrx_word' id='word_1_370' title='bbox 1470 1050 1534 1072; x_wconf 90' lang='lat' dir='ltr'>non</span> <span class='ocrx_word' id='word_1_371' title='bbox 1561 1039 1731 1079; x_wconf 85' lang='lat' dir='ltr'>dissimili,</span> <span class='ocrx_word' id='word_1_372' title='bbox 1758 1045 1904 1072; x_wconf 85' lang='lat' dir='ltr'>sanctum</span> <span class='ocrx_word' id='word_1_373' title='bbox 1929 1050 1980 1072; x_wconf 91' lang='lat' dir='ltr'>so-</span> 
     </span>
    </p>
   </div>
   <div class='ocr_carea' id='block_1_16' title="bbox 1243 1091 2232 2147">
    <p class='ocr_par' dir='ltr' id='par_1_20' title="bbox 1243 1091 1983 1455">
     <span class='ocr_line' id='line_1_70' title="bbox 1245 1091 1981 1136; baseline 0.003 -12"><span class='ocrx_word' id='word_1_374' title='bbox 1245 1091 1390 1125; x_wconf 87' lang='lat' dir='ltr'>dalitium</span> <span class='ocrx_word' id='word_1_375' title='bbox 1417 1093 1546 1136; x_wconf 84' lang='lat' dir='ltr'>pietatis</span> <span class='ocrx_word' id='word_1_376' title='bbox 1572 1093 1672 1125; x_wconf 88' lang='lat' dir='ltr'>inivit.</span> <span class='ocrx_word' id='word_1_377' title='bbox 1693 1093 1822 1125; x_wconf 84' lang='lat' dir='ltr'>Talibus</span> <span class='ocrx_word' id='word_1_378' title='bbox 1841 1095 1981 1136; x_wconf 83' lang='lat' dir='ltr'>praecla-</span> 
     </span>
     <span class='ocr_line' id='line_1_71' title="bbox 1246 1145 1982 1190; baseline 0.004 -13"><span class='ocrx_word' id='word_1_379' title='bbox 1246 1155 1299 1178; x_wconf 87' lang='lat' dir='ltr'>rae</span> <span class='ocrx_word' id='word_1_380' title='bbox 1327 1145 1453 1179; x_wconf 88' lang='lat' dir='ltr'>virtutis</span> <span class='ocrx_word' id='word_1_381' title='bbox 1479 1146 1578 1179; x_wconf 86' lang='lat' dir='ltr'>initiis</span> <span class='ocrx_word' id='word_1_382' title='bbox 1602 1146 1742 1189; x_wconf 86' lang='lat' dir='ltr'>prolusit</span> <span class='ocrx_word' id='word_1_383' title='bbox 1766 1147 1805 1179; x_wconf 87' lang='lat' dir='ltr'>ad</span> <span class='ocrx_word' id='word_1_384' title='bbox 1832 1147 1982 1190; x_wconf 83' lang='lat' dir='ltr'>apostoli-</span> 
     </span>
     <span class='ocr_line' id='line_1_72' title="bbox 1245 1198 1981 1242; baseline 0.004 -13"><span class='ocrx_word' id='word_1_385' title='bbox 1245 1209 1315 1230; x_wconf 86' lang='lat' dir='ltr'>eum</span> <span class='ocrx_word' id='word_1_386' title='bbox 1350 1209 1514 1232; x_wconf 84' lang='lat' dir='ltr'>sacrarum</span> <span class='ocrx_word' id='word_1_387' title='bbox 1552 1198 1741 1231; x_wconf 86' lang='lat' dir='ltr'>missionum</span> <span class='ocrx_word' id='word_1_388' title='bbox 1779 1209 1884 1242; x_wconf 89' lang='lat' dir='ltr'>opus,</span> <span class='ocrx_word' id='word_1_389' title='bbox 1919 1199 1981 1232; x_wconf 83' lang='lat' dir='ltr'>iam</span> 
     </span>
     <span class='ocr_line' id='line_1_73' title="bbox 1246 1251 1982 1286; baseline 0.003 -3"><span class='ocrx_word' id='word_1_390' title='bbox 1246 1258 1311 1284; x_wconf 90' lang='lat' dir='ltr'>tum</span> <span class='ocrx_word' id='word_1_391' title='bbox 1355 1251 1386 1285; x_wconf 88' lang='lat' dir='ltr'>in</span> <span class='ocrx_word' id='word_1_392' title='bbox 1429 1252 1579 1285; x_wconf 84' lang='lat' dir='ltr'>omnibus</span> <span class='ocrx_word' id='word_1_393' title='bbox 1622 1252 1816 1286; x_wconf 81' lang='lat' dir='ltr'>iuvenilibus</span> <span class='ocrx_word' id='word_1_394' title='bbox 1858 1252 1982 1286; x_wconf 85' lang='lat' dir='ltr'>actibus</span> 
     </span>
     <span class='ocr_line' id='line_1_74' title="bbox 1244 1305 1983 1349; baseline 0.003 -13"><span class='ocrx_word' id='word_1_395' title='bbox 1244 1305 1453 1347; x_wconf 84' lang='lat' dir='ltr'>praediscens</span> <span class='ocrx_word' id='word_1_396' title='bbox 1479 1306 1578 1339; x_wconf 88' lang='lat' dir='ltr'>Deum</span> <span class='ocrx_word' id='word_1_397' title='bbox 1604 1307 1708 1339; x_wconf 91' lang='lat' dir='ltr'>solum</span> <span class='ocrx_word' id='word_1_398' title='bbox 1735 1316 1894 1349; x_wconf 75' lang='lat' dir='ltr'>quaerere</span> <span class='ocrx_word' id='word_1_399' title='bbox 1911 1333 1918 1346; x_wconf 93' lang='lat'><em>‚</em></span> <span class='ocrx_word' id='word_1_400' title='bbox 1951 1311 1983 1339; x_wconf 89' lang='lat' dir='ltr'>et</span> 
     </span>
     <span class='ocr_line' id='line_1_75' title="bbox 1243 1357 1981 1402; baseline 0.003 -13"><span class='ocrx_word' id='word_1_401' title='bbox 1243 1357 1338 1390; x_wconf 84' lang='lat' dir='ltr'>saluti</span> <span class='ocrx_word' id='word_1_402' title='bbox 1364 1358 1543 1391; x_wconf 85' lang='lat' dir='ltr'>animarum</span> <span class='ocrx_word' id='word_1_403' title='bbox 1569 1359 1792 1402; x_wconf 75' lang='lat' dir='ltr'>procurandae</span> <span class='ocrx_word' id='word_1_404' title='bbox 1823 1359 1981 1392; x_wconf 85' lang='lat' dir='ltr'>intentam</span> 
     </span>
     <span class='ocr_line' id='line_1_76' title="bbox 1245 1412 1977 1455; baseline 0.003 -12"><span class='ocrx_word' id='word_1_405' title='bbox 1245 1416 1385 1444; x_wconf 86' lang='lat' dir='ltr'>mentem</span> <span class='ocrx_word' id='word_1_406' title='bbox 1412 1417 1443 1444; x_wconf 91' lang='lat' dir='ltr'>et</span> <span class='ocrx_word' id='word_1_407' title='bbox 1463 1412 1613 1445; x_wconf 88' lang='lat' dir='ltr'>devotum</span> <span class='ocrx_word' id='word_1_408' title='bbox 1631 1412 1695 1445; x_wconf 91' lang='lat' dir='ltr'>Deo</span> <span class='ocrx_word' id='word_1_409' title='bbox 1713 1418 1826 1455; x_wconf 87' lang='lat' dir='ltr'>pectus</span> <span class='ocrx_word' id='word_1_410' title='bbox 1845 1412 1977 1446; x_wconf 79' lang='lat' dir='ltr'>habere.</span> 
     </span>
    </p>

    <p class='ocr_par' dir='ltr' id='par_1_21' title="bbox 1244 1465 2232 2083">
     <span class='ocr_line' id='line_1_77' title="bbox 1288 1465 2190 1522; baseline 0.002 -24"><span class='ocrx_word' id='word_1_411' title='bbox 1288 1466 1302 1508; x_wconf 63' lang='grc' dir='ltr'><strong>ἓ</strong></span> <span class='ocrx_word' id='word_1_412' title='bbox 1327 1465 1358 1498; x_wconf 83' lang='lat' dir='ltr'>(i.</span> <span class='ocrx_word' id='word_1_413' title='bbox 1386 1465 1549 1498; x_wconf 83' lang='lat' dir='ltr'>Decimum</span> <span class='ocrx_word' id='word_1_414' title='bbox 1576 1470 1607 1498; x_wconf 91' lang='lat' dir='ltr'>et</span> <span class='ocrx_word' id='word_1_415' title='bbox 1632 1476 1754 1499; x_wconf 90' lang='lat' dir='ltr'>nonum</span> <span class='ocrx_word' id='word_1_416' title='bbox 1772 1466 1886 1499; x_wconf 85' lang='lat' dir='ltr'>aetatis</span> <span class='ocrx_word' id='word_1_417' title='bbox 1905 1477 2000 1522; x_wconf 86' lang='lat' dir='ltr'>suae¹</span> <span class='ocrx_word' id='word_1_418' title='bbox 2093 1500 2138 1520; x_wconf 56' lang='lat' dir='ltr'>aa</span> <span class='ocrx_word' id='word_1_419' title='bbox 2185 1503 2190 1507; x_wconf 45' lang='grc'>,</span> 
     </span>
     <span class='ocr_line' id='line_1_78' title="bbox 1244 1506 2232 1562; baseline 0.005 -13"><span class='ocrx_word' id='word_1_420' title='bbox 1244 1528 1364 1550; x_wconf 85' lang='lat' dir='ltr'>annum</span> <span class='ocrx_word' id='word_1_421' title='bbox 1389 1529 1498 1561; x_wconf 80' lang='lat' dir='ltr'>agens,</span> <span class='ocrx_word' id='word_1_422' title='bbox 1514 1519 1706 1551; x_wconf 73' lang='lat' dir='ltr'>Societatem</span> <span class='ocrx_word' id='word_1_423' title='bbox 1726 1519 1796 1552; x_wconf 88' lang='lat' dir='ltr'>Iesu</span> <span class='ocrx_word' id='word_1_424' title='bbox 1816 1519 1981 1562; x_wconf 81' lang='lat' dir='ltr'>ingressus</span> <span class='ocrx_word' id='word_1_425' title='bbox 1992 1507 2121 1553; x_wconf 49' lang='lat' dir='ltr'>aiiiimmffiss</span> <span class='ocrx_word' id='word_1_426' title='bbox 2134 1506 2172 1548; x_wconf 52' lang='lat' dir='ltr'>vii:</span> <span class='ocrx_word' id='word_1_427' title='bbox 2216 1514 2232 1558; x_wconf 63' lang='lat'>;3</span> 
     </span>
     <span class='ocr_line' id='line_1_79' title="bbox 1244 1553 2215 1615; baseline 0.001 -12"><span class='ocrx_word' id='word_1_428' title='bbox 1244 1575 1302 1610; x_wconf 85' lang='lat' dir='ltr'>est,</span> <span class='ocrx_word' id='word_1_429' title='bbox 1322 1571 1389 1611; x_wconf 86' lang='lat' dir='ltr'>ubi,</span> <span class='ocrx_word' id='word_1_430' title='bbox 1409 1581 1572 1614; x_wconf 87' lang='lat' dir='ltr'>nunquam</span> <span class='ocrx_word' id='word_1_431' title='bbox 1600 1572 1780 1614; x_wconf 85' lang='lat' dir='ltr'>interrupto</span> <span class='ocrx_word' id='word_1_432' title='bbox 1799 1581 1905 1611; x_wconf 84' lang='lat' dir='ltr'>cursu,</span> <span class='ocrx_word' id='word_1_433' title='bbox 1922 1556 2036 1615; x_wconf 65' lang='lat' dir='ltr'>perune</span> <span class='ocrx_word' id='word_1_434' title='bbox 2053 1553 2150 1579; x_wconf 62' lang='lat' dir='ltr'>refutast-</span> <span class='ocrx_word' id='word_1_435' title='bbox 2214 1571 2215 1581; x_wconf 64' lang='lat'>¹</span> 
     </span>
     <span class='ocr_line' id='line_1_80' title="bbox 1244 1624 1981 1668; baseline 0 -12"><span class='ocrx_word' id='word_1_436' title='bbox 1244 1625 1324 1657; x_wconf 86' lang='lat' dir='ltr'>altas</span> <span class='ocrx_word' id='word_1_437' title='bbox 1364 1624 1556 1657; x_wconf 81' lang='lat' dir='ltr'>christianae</span> <span class='ocrx_word' id='word_1_438' title='bbox 1597 1625 1810 1668; x_wconf 73' lang='lat' dir='ltr'>perfectionis</span> <span class='ocrx_word' id='word_1_439' title='bbox 1849 1625 1981 1658; x_wconf 81' lang='lat' dir='ltr'>semitas</span> 
     </span>
     <span class='ocr_line' id='line_1_81' title="bbox 1244 1678 1980 1720; baseline 0.001 -10"><span class='ocrx_word' id='word_1_440' title='bbox 1244 1678 1282 1710; x_wconf 81' lang='lat' dir='ltr'>ad</span> <span class='ocrx_word' id='word_1_441' title='bbox 1311 1678 1408 1710; x_wconf 77' lang='lat' dir='ltr'>Deum</span> <span class='ocrx_word' id='word_1_442' title='bbox 1434 1678 1650 1718; x_wconf 72' lang='lat' dir='ltr'>contendens,</span> <span class='ocrx_word' id='word_1_443' title='bbox 1679 1678 1878 1720; x_wconf 78' lang='lat' dir='ltr'>humilitate,</span> <span class='ocrx_word' id='word_1_444' title='bbox 1905 1678 1980 1712; x_wconf 92' lang='lat' dir='ltr'>odio</span> 
     </span>
     <span class='ocr_line' id='line_1_82' title="bbox 1244 1731 1981 1774; baseline 0.001 -11"><span class='ocrx_word' id='word_1_445' title='bbox 1244 1731 1316 1771; x_wconf 88' lang='lat' dir='ltr'>sui,</span> <span class='ocrx_word' id='word_1_446' title='bbox 1344 1736 1532 1774; x_wconf 84' lang='lat' dir='ltr'>contemptu</span> <span class='ocrx_word' id='word_1_447' title='bbox 1559 1731 1692 1771; x_wconf 88' lang='lat' dir='ltr'>mundi,</span> <span class='ocrx_word' id='word_1_448' title='bbox 1719 1731 1918 1774; x_wconf 83' lang='lat' dir='ltr'>paupertatis</span> <span class='ocrx_word' id='word_1_449' title='bbox 1949 1742 1981 1764; x_wconf 87' lang='lat' dir='ltr'>a-</span> 
     </span>
     <span class='ocr_line' id='line_1_83' title="bbox 1245 1784 1982 1828; baseline 0.001 -12"><span class='ocrx_word' id='word_1_450' title='bbox 1245 1794 1354 1824; x_wconf 88' lang='lat' dir='ltr'>more,</span> <span class='ocrx_word' id='word_1_451' title='bbox 1384 1784 1540 1817; x_wconf 84' lang='lat' dir='ltr'>orationis</span> <span class='ocrx_word' id='word_1_452' title='bbox 1566 1784 1762 1824; x_wconf 86' lang='lat' dir='ltr'>assiduitate,</span> <span class='ocrx_word' id='word_1_453' title='bbox 1790 1784 1982 1828; x_wconf 83' lang='lat' dir='ltr'>divinaeque</span> 
     </span>
     <span class='ocr_line' id='line_1_84' title="bbox 1245 1837 1980 1881; baseline 0 -11"><span class='ocrx_word' id='word_1_454' title='bbox 1245 1838 1367 1880; x_wconf 79' lang='lat' dir='ltr'>gloriae</span> <span class='ocrx_word' id='word_1_455' title='bbox 1400 1837 1530 1877; x_wconf 87' lang='lat' dir='ltr'>studio,</span> <span class='ocrx_word' id='word_1_456' title='bbox 1563 1837 1746 1881; x_wconf 76' lang='lat' dir='ltr'>ceterisque</span> <span class='ocrx_word' id='word_1_457' title='bbox 1783 1837 1980 1870; x_wconf 86' lang='lat' dir='ltr'>christianae</span> 
     </span>
     <span class='ocr_line' id='line_1_85' title="bbox 1245 1890 1980 1934; baseline 0 -11"><span class='ocrx_word' id='word_1_458' title='bbox 1245 1891 1414 1934; x_wconf 80' lang='lat' dir='ltr'>religionis</span> <span class='ocrx_word' id='word_1_459' title='bbox 1440 1890 1623 1931; x_wconf 86' lang='lat' dir='ltr'>virtutibus,</span> <span class='ocrx_word' id='word_1_460' title='bbox 1650 1891 1688 1923; x_wconf 89' lang='lat' dir='ltr'>iis</span> <span class='ocrx_word' id='word_1_461' title='bbox 1713 1890 1802 1934; x_wconf 88' lang='lat' dir='ltr'>ipsis,</span> <span class='ocrx_word' id='word_1_462' title='bbox 1828 1900 1846 1923; x_wconf 84' lang='lat' dir='ltr'>a</span> <span class='ocrx_word' id='word_1_463' title='bbox 1865 1890 1980 1933; x_wconf 89' lang='lat' dir='ltr'>quibus</span> 
     </span>
     <span class='ocr_line' id='line_1_86' title="bbox 1246 1942 1980 1988; baseline 0 -12"><span class='ocrx_word' id='word_1_464' title='bbox 1246 1944 1276 1976; x_wconf 91' lang='lat' dir='ltr'>in</span> <span class='ocrx_word' id='word_1_465' title='bbox 1303 1944 1432 1988; x_wconf 85' lang='lat' dir='ltr'>pietatis</span> <span class='ocrx_word' id='word_1_466' title='bbox 1470 1945 1671 1977; x_wconf 85' lang='lat' dir='ltr'>decurrendo</span> <span class='ocrx_word' id='word_1_467' title='bbox 1703 1942 1829 1977; x_wconf 72' lang='lat' dir='ltr'>stadio¹</span> <span class='ocrx_word' id='word_1_468' title='bbox 1857 1943 1980 1976; x_wconf 83' lang='lat' dir='ltr'>institui</span> 
     </span>
     <span class='ocr_line' id='line_1_87' title="bbox 1246 1997 1980 2042; baseline -0.001 -11"><span class='ocrx_word' id='word_1_469' title='bbox 1246 1999 1444 2042; x_wconf 74' lang='lat' dir='ltr'>quaerebat,</span> <span class='ocrx_word' id='word_1_470' title='bbox 1477 1997 1683 2030; x_wconf 84' lang='lat' dir='ltr'>admirationi</span> <span class='ocrx_word' id='word_1_471' title='bbox 1710 2002 1805 2040; x_wconf 82' lang='lat' dir='ltr'>atque</span> <span class='ocrx_word' id='word_1_472' title='bbox 1831 1997 1980 2040; x_wconf 85' lang='lat' dir='ltr'>exemplo</span> 
     </span>
     <span class='ocr_line' id='line_1_88' title="bbox 1245 2051 1316 2083; baseline 0 0"><span class='ocrx_word' id='word_1_473' title='bbox 1245 2051 1316 2083; x_wconf 86' lang='lat' dir='ltr'>suit.</span> 
     </span>
    </p>

    <p class='ocr_par' dir='ltr' id='par_1_22' title="bbox 1289 2103 2216 2147">
     <span class='ocr_line' id='line_1_89' title="bbox 1289 2103 2216 2147; baseline 0 -10"><span class='ocrx_word' id='word_1_474' title='bbox 1289 2104 1359 2147; x_wconf 64' lang='lat'>§7-</span> <span class='ocrx_word' id='word_1_475' title='bbox 1392 2105 1505 2137; x_wconf 86' lang='lat' dir='ltr'>Postea</span> <span class='ocrx_word' id='word_1_476' title='bbox 1542 2110 1649 2137; x_wconf 87' lang='lat' dir='ltr'>autem</span> <span class='ocrx_word' id='word_1_477' title='bbox 1688 2103 1882 2137; x_wconf 85' lang='lat' dir='ltr'>demandato</span> <span class='ocrx_word' id='word_1_478' title='bbox 1918 2103 1980 2137; x_wconf 89' lang='lat' dir='ltr'>sibi</span> <span class='ocrx_word' id='word_1_479' title='bbox 2015 2109 2170 2141; x_wconf 61' lang='lat' dir='ltr'>‚tnsschotmtn</span> <span class='ocrx_word' id='word_1_480' title='bbox 2214 2111 2216 2115; x_wconf 90' lang='lat'>&#39;</span> 
     </span>
    </p>
   </div>
   <div class='ocr_carea' id='block_1_17' title="bbox 1245 2136 2171 2198">
    <p class='ocr_par' dir='ltr' id='par_1_23' title="bbox 1245 2136 2171 2198">
     <span class='ocr_line' id='line_1_90' title="bbox 1245 2136 2171 2198; baseline -0.001 -8"><span class='ocrx_word' id='word_1_481' title='bbox 1245 2158 1400 2191; x_wconf 85' lang='lat' dir='ltr'>humanas</span> <span class='ocrx_word' id='word_1_482' title='bbox 1426 2158 1548 2191; x_wconf 86' lang='lat' dir='ltr'>litteras</span> <span class='ocrx_word' id='word_1_483' title='bbox 1575 2156 1734 2190; x_wconf 88' lang='lat' dir='ltr'>edocendi</span> <span class='ocrx_word' id='word_1_484' title='bbox 1760 2167 1908 2198; x_wconf 87' lang='lat' dir='ltr'>munere,</span> <span class='ocrx_word' id='word_1_485' title='bbox 1935 2136 2171 2190; x_wconf 53' lang='lat' dir='ltr'>te-¹s¹2¹=&#39;i¹&#39;1it¹g³⁰3dudti:</span> 
     </span>
    </p>
   </div>
   <div class='ocr_carea' id='block_1_18' title="bbox 1244 2193 2170 2522">
    <p class='ocr_par' dir='ltr' id='par_1_24' title="bbox 1244 2193 2170 2522">
     <span class='ocr_line' id='line_1_91' title="bbox 1245 2193 2170 2244; baseline -0.001 0"><span class='ocrx_word' id='word_1_486' title='bbox 1245 2222 1343 2244; x_wconf 88' lang='lat' dir='ltr'>neros</span> <span class='ocrx_word' id='word_1_487' title='bbox 1369 2211 1626 2244; x_wconf 86' lang='lat' dir='ltr'>adolescentium</span> <span class='ocrx_word' id='word_1_488' title='bbox 1662 2210 1786 2243; x_wconf 86' lang='lat' dir='ltr'>animos</span> <span class='ocrx_word' id='word_1_489' title='bbox 1818 2220 1884 2243; x_wconf 88' lang='lat' dir='ltr'>non</span> <span class='ocrx_word' id='word_1_490' title='bbox 1916 2215 1979 2244; x_wconf 86' lang='lat' dir='ltr'>tam</span> <span class='ocrx_word' id='word_1_491' title='bbox 1992 2193 2086 2238; x_wconf 42' lang='lat' dir='ltr'>fficiam</span> <span class='ocrx_word' id='word_1_492' title='bbox 2117 2195 2170 2212; x_wconf 51' lang='grc' dir='ltr'>ΠΜ·</span> 
     </span>
     <span class='ocr_line' id='line_1_92' title="bbox 1244 2262 1979 2306; baseline 0 -10"><span class='ocrx_word' id='word_1_493' title='bbox 1244 2264 1426 2297; x_wconf 83' lang='lat' dir='ltr'>litterarum</span> <span class='ocrx_word' id='word_1_494' title='bbox 1472 2263 1607 2296; x_wconf 74' lang='lat' dir='ltr'>scientia</span> <span class='ocrx_word' id='word_1_495' title='bbox 1651 2273 1744 2306; x_wconf 84' lang='lat' dir='ltr'>quam</span> <span class='ocrx_word' id='word_1_496' title='bbox 1788 2263 1907 2306; x_wconf 84' lang='lat' dir='ltr'>pietate</span> <span class='ocrx_word' id='word_1_497' title='bbox 1947 2262 1979 2296; x_wconf 90' lang='lat' dir='ltr'>in</span> 
     </span>
     <span class='ocr_line' id='line_1_93' title="bbox 1244 2316 1979 2361; baseline 0 -11"><span class='ocrx_word' id='word_1_498' title='bbox 1244 2318 1345 2351; x_wconf 89' lang='lat' dir='ltr'>Deum</span> <span class='ocrx_word' id='word_1_499' title='bbox 1372 2317 1564 2350; x_wconf 78' lang='lat' dir='ltr'>imbuendos</span> <span class='ocrx_word' id='word_1_500' title='bbox 1592 2317 1734 2350; x_wconf 85' lang='lat' dir='ltr'>curabat.</span> <span class='ocrx_word' id='word_1_501' title='bbox 1755 2316 1863 2360; x_wconf 80' lang='lat' dir='ltr'>Itaque</span> <span class='ocrx_word' id='word_1_502' title='bbox 1884 2327 1979 2361; x_wconf 87' lang='lat' dir='ltr'>saepe</span> 
     </span>
     <span class='ocr_line' id='line_1_94' title="bbox 1245 2369 1979 2414; baseline -0.003 -10"><span class='ocrx_word' id='word_1_503' title='bbox 1245 2372 1284 2405; x_wconf 91' lang='lat' dir='ltr'>de</span> <span class='ocrx_word' id='word_1_504' title='bbox 1321 2371 1488 2414; x_wconf 82' lang='lat' dir='ltr'>diligendo</span> <span class='ocrx_word' id='word_1_505' title='bbox 1525 2370 1610 2409; x_wconf 89' lang='lat' dir='ltr'>Deo,</span> <span class='ocrx_word' id='word_1_506' title='bbox 1637 2370 1676 2403; x_wconf 88' lang='lat' dir='ltr'>de</span> <span class='ocrx_word' id='word_1_507' title='bbox 1711 2369 1871 2402; x_wconf 87' lang='lat' dir='ltr'>obeundis</span> <span class='ocrx_word' id='word_1_508' title='bbox 1896 2369 1979 2403; x_wconf 89' lang='lat' dir='ltr'>chri-</span> 
     </span>
     <span class='ocr_line' id='line_1_95' title="bbox 1244 2423 1980 2467; baseline -0.001 -9"><span class='ocrx_word' id='word_1_509' title='bbox 1244 2425 1366 2458; x_wconf 80' lang='lat' dir='ltr'>stianae</span> <span class='ocrx_word' id='word_1_510' title='bbox 1401 2424 1481 2457; x_wconf 86' lang='lat' dir='ltr'>vitae</span> <span class='ocrx_word' id='word_1_511' title='bbox 1517 2423 1629 2457; x_wconf 82' lang='lat' dir='ltr'>officiis</span> <span class='ocrx_word' id='word_1_512' title='bbox 1666 2423 1883 2467; x_wconf 79' lang='lat' dir='ltr'>fugiendoque</span> <span class='ocrx_word' id='word_1_513' title='bbox 1908 2433 1980 2467; x_wconf 85' lang='lat' dir='ltr'>pec·</span> 
     </span>
     <span class='ocr_line' id='line_1_96' title="bbox 1244 2476 1980 2522; baseline -0.004 -10"><span class='ocrx_word' id='word_1_514' title='bbox 1244 2484 1324 2519; x_wconf 83' lang='lat' dir='ltr'>cato,</span> <span class='ocrx_word' id='word_1_515' title='bbox 1352 2483 1382 2511; x_wconf 90' lang='lat' dir='ltr'>et</span> <span class='ocrx_word' id='word_1_516' title='bbox 1406 2477 1556 2522; x_wconf 80' lang='lat' dir='ltr'>privatim</span> <span class='ocrx_word' id='word_1_517' title='bbox 1583 2482 1613 2510; x_wconf 92' lang='lat' dir='ltr'>et</span> <span class='ocrx_word' id='word_1_518' title='bbox 1638 2476 1767 2520; x_wconf 88' lang='lat' dir='ltr'>publice</span> <span class='ocrx_word' id='word_1_519' title='bbox 1793 2487 1864 2510; x_wconf 87' lang='lat' dir='ltr'>eum</span> <span class='ocrx_word' id='word_1_520' title='bbox 1890 2476 1980 2511; x_wconf 87' lang='lat' dir='ltr'>disei-</span> 
     </span>
    </p>
   </div>
   <div class='ocr_carea' id='block_1_19' title="bbox 1282 2591 1976 2630">
    <p class='ocr_par' dir='ltr' id='par_1_25' title="bbox 1282 2591 1976 2630">
     <span class='ocr_line' id='line_1_97' title="bbox 1282 2591 1976 2630; baseline -0.004 -7"><span class='ocrx_word' id='word_1_521' title='bbox 1282 2596 1292 2624; x_wconf 87' lang='lat'>1</span> <span class='ocrx_word' id='word_1_522' title='bbox 1314 2593 1384 2622; x_wconf 85' lang='lat' dir='ltr'>Edit.</span> <span class='ocrx_word' id='word_1_523' title='bbox 1401 2593 1479 2623; x_wconf 80' lang='lat' dir='ltr'>Maia.</span> <span class='ocrx_word' id='word_1_524' title='bbox 1501 2593 1566 2630; x_wconf 79' lang='lat' dir='ltr'>legit</span> <span class='ocrx_word' id='word_1_525' title='bbox 1584 2593 1676 2622; x_wconf 74' lang='lat' dir='ltr'>studio</span> <span class='ocrx_word' id='word_1_526' title='bbox 1696 2601 1744 2629; x_wconf 87' lang='lat' dir='ltr'>pro</span> <span class='ocrx_word' id='word_1_527' title='bbox 1763 2592 1855 2622; x_wconf 73' lang='lat' dir='ltr'>stadio</span> <span class='ocrx_word' id='word_1_528' title='bbox 1875 2592 1912 2630; x_wconf 72' lang='lat' dir='ltr'>(a.</span> <span class='ocrx_word' id='word_1_529' title='bbox 1928 2591 1976 2629; x_wconf 61' lang='lat' dir='ltr'>n).</span> 
     </span>
    </p>
   </div>
   <div class='ocr_carea' id='block_1_20' title="bbox 2043 1474 2219 1499">
    <p class='ocr_par' dir='ltr' id='par_1_26' title="bbox 2043 1474 2219 1499">
     <span class='ocr_line' id='line_1_98' title="bbox 2043 1474 2219 1499; baseline -0.006 -4"><span class='ocrx_word' id='word_1_530' title='bbox 2043 1474 2172 1495; x_wconf 58' lang='lat' dir='ltr'>sacietatem</span> <span class='ocrx_word' id='word_1_531' title='bbox 2216 1495 2219 1499; x_wconf 78' lang='grc'>,</span> 
     </span>
    </p>
   </div>
  </div>
 </body>
</html>
