2232 3178
299 214 348 242 Αη.
368 214 396 241 c.
421 215 487 242 ¹739
534 206 598 240 574

493 264 681 306 scriptores,
700 264 818 307 aliique
837 264 975 297 ministri
1001 265 1066 297 suis
1091 265 1230 298 muneri-

492 317 550 348 bus
576 317 709 349 functuri
746 328 804 360 per
830 317 991 359 integrum
1017 317 1113 350 trium
1139 319 1230 351 hora-

493 380 562 401 rum
581 370 719 411 spatium
738 370 894 403 interesse
914 372 1050 404 debent:
1070 382 1133 415 quo
1152 382 1227 404 sane

493 427 637 464 tempore
674 423 804 465 elapso,
838 433 950 456 omnes
975 434 1010 456 ac
1035 424 1227 466 praesertim

491 479 617 507 exteros
644 485 864 518 quoscumque
890 476 1038 509 homines
1064 477 1154 510 abire
1180 477 1227 509 iu-

491 526 613 558 beatur.

296 590 478 637 „53:31533533115335
533 590 561 611 v.
589 580 720 613 Praeter
745 580 813 613 dies
844 581 875 613 in
899 582 1043 615 indiculo
1062 593 1122 625 per
1147 582 1226 615 dile-

296 644 372 663 mmp
387 644 413 663 aa
432 637 574 664 minctum
600 632 699 665 tilium
722 639 867 666 nostrum
905 635 1062 676 Angelum
1097 635 1226 668 Mariam

311 676 317 687 f

296 676 307 689 n
318 678 322 686 ι
377 676 386 687 c
409 670 464 689 ulunt

303 703 307 715 1
416 685 518 718 erm-'S
539 685 575 717 R.
596 685 627 717 E.
646 687 842 719 cardinalem
868 686 1035 725 Quirinum
1061 699 1227 731 nuncupa-

295 725 567 778 Ξῗ-’ἒῖῗὸζῗζωῗῗῗῖῐιιιῃ,
590 739 782 772 modernum
803 740 1021 773 bibliothecae
1041 742 1226 783 praedictae

295 775 411 827 {illati-¹2?
435 776 724 833 ⁶¹⁸'protectorem‚
746 793 928 836 approbato
954 805 990 827 ac
1018 794 1101 837 typis
1126 795 1224 834 edito,

488 850 520 876 ct
544 844 576 876 in
602 845 674 876 aula
700 856 782 888 quac
800 846 917 879 dicitur
933 847 1130 890 scriptorum
1151 858 1226 890 pro-

487 897 606 939 posito,
632 898 828 941 descriptos,
850 899 881 931 in
908 900 1026 942 quibus
1051 911 1175 941 omnes,
1193 907 1227 934 ut

486 951 681 993 praefertur,
708 952 847 985 ministri
874 953 1043 986 matutinis
1070 954 1160 987 horis
1186 955 1224 988 ad

486 1003 656 1036 ministerii
683 1005 731 1037 sui
757 1006 913 1038 oneribus
941 1006 1122 1040 faciendum
1148 1008 1224 1040 satis

487 1056 720 1090 bibliothecam
748 1058 837 1091 adire
863 1064 1025 1099 tenentur,
1051 1061 1133 1093 alter
1157 1066 1224 1094 tan-

487 1113 554 1141 tum
580 1116 846 1144 conservatorum
880 1122 935 1145 seu
961 1118 1165 1156 scopatorum
1192 1115 1223 1146 in

487 1162 623 1205 reliquis
659 1163 773 1196 diebus
807 1164 943 1205 seriatis,
971 1171 1034 1198 tarn
1065 1166 1104 1199 de
1130 1177 1223 1200 mane

487 1225 583 1258 quam
602 1221 677 1258 post
693 1217 873 1258 meridiem,
892 1228 952 1261 per
970 1218 1222 1259 hebdomadam,

487 1267 553 1300 sive
579 1268 714 1301 alternis
741 1269 876 1311 diebus,
902 1271 980 1304 illuc
1010 1272 1162 1313 accedat,
1190 1279 1224 1306 ut

486 1320 660 1363 inspiciat,
686 1332 725 1354 an
758 1323 867 1356 omnia
896 1324 980 1357 bene
1005 1335 1037 1357 se
1065 1325 1221 1367 habeant,

487 1383 588 1416 eaque
614 1374 768 1418 disponat
799 1387 881 1419 quae
917 1377 956 1410 ad
991 1383 1088 1411 tutam
1115 1389 1223 1412 rerum

486 1427 630 1460 omnium
656 1429 833 1462 custodiam
860 1431 1046 1464 necessaria
1071 1438 1158 1466 sunt.

305 1486 395 1508 ministri
409 1488 475 1533 neaffi-
529 1491 572 1514 vt.
614 1482 644 1515 Si
686 1482 872 1525 contingat,
911 1494 1150 1528 quemeumque
1186 1496 1221 1519 ex

291 1518 475 1578 iiiiwiirgufi'itir'o'
485 1535 657 1568 antedictis
682 1536 850 1578 ministris,
865 1538 952 1570 nulla
969 1538 1110 1580 legitima
1131 1541 1224 1572 causa

291 1568 426 1588 ⁶d⁰'⁰'¹⁸⁰'¹''
485 1586 697 1630 impeditum,
724 1591 762 1622 ea
794 1600 858 1632 qua
883 1601 941 1634 par
966 1597 1015 1624 est
1043 1592 1225 1635 frequentia

485 1650 522 1672 ac
558 1640 667 1674 debita
704 1642 877 1676 sedulitate
919 1653 980 1686 per
1015 1650 1115 1678 statos
1154 1646 1223 1679 dies

483 1692 704 1728 bibliothecae
729 1705 795 1728 non
822 1696 944 1737 adesse,
963 1702 1017 1730 aut
1036 1697 1142 1731 officio
1165 1709 1224 1732 suo

484 1754 549 1778 non
582 1746 786 1787 satisfacere,
814 1748 934 1781 certior
964 1748 1018 1781 tiat
1051 1750 1224 1784 cardinalis

483 1797 757 1832 bibliothecarius
775 1810 829 1833 seu
849 1807 1024 1844 protector,
1045 1803 1098 1846 qui
1121 1804 1226 1837 delin-

484 1857 638 1894 quentem
665 1853 849 1887 admoneat.

528 1915 584 1938 νη.
627 1905 673 1938 Ob
709 1906 878 1949 ingentem
914 1909 1037 1951 copiam
1073 1904 1222 1943 codicum

290 1958 603 2011 ssi'ff‘h‘ss‘i'isszssiffi‘linguis
636 1959 702 1992 sere
728 1960 879 1994 omnibus
905 1962 1223 2007 manuscriptorum,

290 2017 371 2063 {gmon
387 2018 472 2038 Pounn-
485 2015 550 2043 tum
578 2011 719 2045 diuturni
746 2014 899 2056 temporis
918 2015 1003 2048 notis
1026 2021 1091 2049 turn
1117 2027 1224 2050 rerum

323 2058 329 2063 ⁰
483 2065 666 2098 abditarum
691 2067 917 2109 singularitate
943 2069 1130 2112 insignium,
1157 2071 1225 2114 qui-

482 2120 550 2159 bus,
572 2125 703 2162 praeter
726 2121 829 2155 libros
849 2122 931 2165 typis
957 2123 1134 2166 impressos
1152 2135 1224 2167 pro-

482 2177 556 2215 pter
580 2173 806 2216 multiplicium
832 2175 1093 2219 elegantiumque
1111 2177 1224 2211 editio-

482 2234 559 2256 num
585 2226 817 2267 praestantiam
844 2227 975 2269 plurimi
1002 2228 1143 2269 habitos,
1170 2240 1222 2262 cu·

482 2277 603 2309 mulata
631 2277 833 2311 bibliotheca
864 2278 1013 2312 Vaticana
1047 2281 1219 2323 reperitur,

482 2338 554 2361 cum
579 2330 699 2362 sactum
732 2330 772 2363 sit
802 2336 837 2363 ut
871 2332 1016 2374 undique
1049 2343 1224 2367 concurra-

482 2388 535 2415 tur
559 2383 599 2415 ad
625 2384 773 2426 exempla
800 2395 835 2417 ex
870 2384 950 2428 ipsis
984 2386 1222 2430 authographis

482 2436 547 2469 sive
581 2436 793 2469 exscribenda
825 2437 892 2470 sive
929 2437 1059 2472 aliunde
1095 2445 1223 2483 sumpta

483 2499 554 2521 cum
581 2489 696 2521 iisdem
722 2489 932 2531 conserenda,
957 2491 1223 2536 variantibusque

483 2541 678 2574 lectionibus
717 2542 923 2584 illustranda,
949 2543 980 2577 id
1006 2545 1095 2578 nullo
1129 2552 1222 2589 pacto

483 2594 544 2628 nisi
571 2595 610 2628 de
636 2594 770 2629 Romani
797 2595 961 2630 Pontificis
986 2608 1044 2641 pro
1077 2603 1222 2642 tempore

307 1910 395 1931 Codices
411 1917 474 1937 prae-

289 1939 404 1957 stantior-es
432 1944 472 1958 non

1064 215 1246 241 BULLARIUM
1271 215 1429 242 Romnum

2012 219 2064 246 An.
2084 220 2115 247 c.
2132 217 2216 250 ¹739*

1274 265 1441 298 existentis
1468 264 1617 299 facultate
1643 266 1675 298 in
1699 266 1828 310 scriptis
1852 266 1924 300 data
1942 277 2010 311 per-

1272 318 1428 357 mittatur,
1454 318 1629 351 dummodo
1656 319 1830 361 descriptio
1851 319 1916 352 sive
1944 321 2010 353 col-

1271 371 1350 403 latio
1376 371 1561 404 huiusmodi
1586 382 1653 405 non
1679 373 1814 406 soretde
1830 372 1926 406 rebus
1944 383 2009 406 non

1272 428 1333 455 tam
1361 423 1464 465 gravis
1485 423 1651 464 momenti,
1671 430 1745 458 tunc
1762 425 1846 457 enim
1865 425 2009 465 facultas,

1270 475 1373 508 solitis
1409 481 1516 507 tamen
1550 476 1705 509 obstricta
1740 478 1884 520 legibus,
1910 487 2011 520 penes

1270 528 1422 560 custodes
1438 528 1604 561 dumtaxat
1620 534 1698 562 esto.
1716 530 1832 563 Verum
1846 531 2008 570 nolumus,

1270 579 1336 612 imo
1361 590 1516 623 expresse
1530 581 1761 624 prohibemus,
1778 583 2011 626 descriptiones

1270 633 1530 676 collationesque
1554 634 1761 676 praedictas,
1788 635 1868 668 saeta
1893 635 2009 676 etiam,

1270 690 1305 717 ut
1337 686 1566 728 praemittitur,
1599 687 1805 720 describendi
1839 689 2011 721 conseren-

1270 738 1368 781 dique
1394 744 1563 781 potestate,
1590 739 1657 772 sieri
1683 740 1721 772 iis
1747 740 1871 781 dicbus,
1893 742 1925 774 in
1942 741 2011 784 qui-

1268 792 1328 824 bus
1353 802 1419 825 non
1445 793 1551 825 solum
1578 798 1653 825 sunt
1678 793 1710 825 in
1736 793 1939 827 bibliotheca
1963 794 2010 827 se-

1268 844 1346 885 riae,
1361 855 1470 878 verum
1484 845 1580 878 etiam
1598 851 1734 890 uterque
1749 852 1856 879 custos
1870 847 2009 880 sortasse

1268 897 1388 939 aberit,
1414 899 1453 930 ab
1480 899 1581 931 altero
1607 899 1692 932 enim
1719 910 1832 932 eorum
1859 899 2008 933 tradendi

1268 956 1343 982 sunt
1357 951 1484 983 codices
1503 952 1725 994 manuscripti,
1742 952 1796 995 qui
1811 953 1871 985 sub
1891 952 2009 986 utrius-

1268 1013 1332 1045 que
1350 1003 1506 1043 custodia,
1521 1009 1556 1035 ut
1580 1004 1811 1046 praemittitur,
1832 1005 2006 1039 habentur.

1313 1066 1379 1088 vui.
1414 1055 1546 1098 Utrique
1583 1057 1709 1090 custodi
1745 1057 1828 1090 sicut
1866 1058 2008 1101 iniungi·
2029 1072 2198 1123 “giornfflicffi

2228 319 2232 328 ι

2227 361 2232 373 4

2216 546 2232 576 ,l

2217 580 2232 602 1¹

2228 822 2232 834 ι

2228 915 2232 1031 l

2220 154 2232 267 l

2220 999 2226 1036 l

2220 1034 2232 1052 ἰ

2221 1055 2232 1126 t

1267 1118 1337 1140 mus
1373 1113 1407 1140 ut
1442 1110 1532 1141 nullo
1568 1115 1663 1152 pacto
1695 1110 1804 1143 sinant
1828 1100 2226 1154 scriptoresimmantatum.-¹

2018 1152 2087 1173 blicae
2122 1154 2200 1175 incum-

1267 1163 1364 1203 atque
1389 1160 1470 1193 alios
1495 1161 1716 1196 bibliothecae
1751 1163 1916 1196 ministros
1948 1174 2007 1207 per
2019 1179 2177 1202 bantutilitati.

1268 1212 1336 1246 dies
1364 1212 1622 1247 bibliothecariis
1652 1216 1841 1249 muneribus
1861 1216 2008 1250 addictos

1267 1265 1299 1298 in
1326 1266 1387 1299 alia
1411 1277 1656 1311 quaecumque,
1682 1275 1813 1311 praeter
1845 1280 1883 1303 ea
1913 1270 1952 1304 ad
1977 1280 2008 1303 e-

1266 1319 1390 1353 iusdem
1426 1319 1648 1354 bibliothecae
1685 1321 1856 1356 utilitatem
1884 1323 2008 1357 condu-

1267 1372 1374 1405 centia
1414 1378 1445 1406 et
1484 1373 1626 1416 proficua
1665 1374 1848 1408 ministeria
1883 1376 2007 1410 incum-

1266 1426 1370 1466 bere,
1412 1426 1457 1459 ita
1497 1427 1688 1460 eorumdem
1728 1428 1862 1462 arbitrio
1905 1430 2008 1463 relin-

1267 1479 1412 1522 quimus,
1439 1484 1493 1520 ut,
1526 1480 1552 1513 si
1590 1481 1766 1524 expediens
1802 1483 2006 1524 censuerint,

1267 1532 1361 1565 alicui
1386 1543 1424 1565 ex
1445 1533 1669 1576 scriptoribus,
1687 1545 1768 1578 opus
1785 1535 1919 1579 publica
1936 1537 2008 1570 luce

1268 1585 1402 1628 dignum
1426 1587 1562 1620 sortasse
1593 1598 1760 1630 aggresso,
1787 1589 1949 1622 interdum
1974 1590 2009 1622 in

1269 1639 1383 1672 diebus
1399 1640 1493 1673 etiam
1513 1640 1701 1674 huiusmodi
1720 1641 1752 1674 in
1771 1642 1828 1675 illo
1846 1643 2010 1675 dumtaxat

1268 1692 1460 1726 adornando
1491 1693 1658 1727 immorari
1691 1695 1895 1738 indulgeant.
1932 1695 2010 1729 Pro-

1269 1745 1341 1777 dest
1365 1746 1451 1778 enim
1477 1746 1718 1788 bibliothecae,
1744 1753 1778 1780 ut
1803 1758 1857 1781 eos
1889 1748 2009 1781 habeat

1269 1799 1454 1842 scriptores,
1482 1801 1535 1843 qui
1556 1811 1623 1833 non
1645 1803 1774 1834 venales
1792 1807 1823 1834 et
1839 1812 2008 1835 mercena-

1270 1851 1336 1885 rios
1362 1863 1422 1896 pro
1442 1853 1526 1893 aliis,
1547 1854 1603 1886 sed
1621 1855 1807 1897 praeclaros
1824 1855 1948 1897 ingenii
1966 1856 2009 1888 la-

1268 1906 1367 1938 bores
1385 1907 1423 1939 ad
1450 1907 1612 1949 publicam
1631 1908 1803 1941 utilitatem
1825 1909 2004 1942 conferant.

1312 1969 1356 1992 lx.
1376 1958 1572 1992 Collationes
1591 1961 1890 2005 descriptionesque
1909 1973 2008 2006 quae·
2058 1973 2194 2005 evitationes,

1268 2021 1424 2055 cumque,
1457 2013 1514 2045 sed
1549 2014 1740 2057 praesertim
1772 2025 1809 2047 ex
1842 2002 2194 2057 codicibusssffassssnsssue'o‘i'i

1267 2065 1498 2109 manuscriptis
1530 2066 1714 2108 faciendae,
1733 2068 1765 2100 in
1795 2068 1908 2102 eadem
1933 2074 2008 2102 ante
2019 2053 2135 2076 ‘mmm

1266 2118 1499 2152 bibliothecam
1521 2120 1598 2152 aula
1621 2119 1654 2151 in
1683 2121 1855 2154 custodum
1872 2122 2008 2166 scripto-

1267 2180 1402 2214 rumque
1427 2178 1605 2215 conspectu
1628 2172 1722 2213 fiant,
1740 2184 1780 2206 ne
1797 2175 2007 2218 manuscripti

1267 2225 1397 2258 codices
1422 2225 1537 2268 quovis
1558 2226 1655 2259 modo
1677 2233 1935 2270 corrumpantur,
1954 2233 2008 2260 aut

1266 2278 1345 2310 solia
1380 2279 1564 2312 lacerentur
1596 2280 1646 2312 vel
1679 2280 1907 2323 decerpantur.
1942 2280 2008 2319 Qua

1267 2341 1368 2373 super
1392 2341 1427 2364 re
1453 2342 1470 2363 a
1495 2332 1685 2365 custodibus
1710 2343 1839 2366 omnem
1868 2334 2008 2377 requiri-

1266 2394 1354 2425 mus,
1369 2383 1550 2427 iisdemque
1568 2385 1766 2428 iniungimus
1789 2387 2004 2430 diligentiam.

1309 2448 1338 2470 x.
1366 2437 1410 2470 De
1424 2438 1654 2482 manuscriptis
1671 2439 1820 2473 omnibus
1838 2440 2007 2474 codicibus
2069 2450 2099 2472 ne
2116 2447 2192 2496 cogier:

1266 2490 1329 2522 alio
1362 2501 1566 2535 (planumque
1591 2502 1628 2525 cx
1654 2495 1749 2526 causa
1775 2477 2192 2552 transferendisffffiffffinffi-

1266 2550 1297 2578 et
1322 2546 1517 2590 cuicumque
1542 2547 1788 2581 commodandis
1815 2547 1892 2581 Sixti
1917 2559 2007 2592 prae—

1267 2599 1342 2633 dicti
1372 2600 1631 2643 praedecessoris
1649 2601 1846 2636 sanctionem
1871 2603 1932 2637 sub
1957 2603 2005 2637 iis-

2224 1139 2232 1156 t
