2232 3178
44 205 92 233 ln.
112 201 141 230 C.
156 199 225 228 1737

235 245 400 285 Hungariae
423 244 611 275 conformiter
634 244 668 274 ad
685 252 839 273 numerum
857 242 973 271 tertium

236 295 338 325 horum
361 294 563 324 articulorum.
588 293 666 322 Nihil
697 297 792 322 tamen
821 291 975 320 innovetur

235 344 312 375 circa
335 342 547 379 definitorium,
572 341 648 380 quod
672 341 748 370 idem
773 340 892 369 omnino
912 348 976 378 per-

236 391 379 422 severabit
401 400 492 429 usque
516 390 551 419 ad
574 389 733 429 capitulum
756 387 954 427 provincialez

97 460 225 490 Appmbm„
275 440 363 478 Hinc,
384 449 449 470 cum
472 443 500 469 et
523 448 574 468 nos
600 438 739 467 maiorem
766 437 815 466 Dei
838 436 974 474 gloriam,

47 493 216 541 fiiffflhlffij‘ffl
236 489 353 521 Ordinis
379 488 471 518 nostri
501 488 716 517 incrementum
733 508 740 521 ,
764 484 910 523 regularis
934 484 978 513 di-

237 537 379 577 sciplinae
402 536 628 573 observantiam,
646 539 762 565 sanctae
785 534 914 563 iustitiae
930 532 979 562 ad-

239 585 498 623 ministrationem,
522 589 609 624 atque
632 584 791 613 firmiorem
814 582 977 612 animorum

238 634 421 665 concordiam
439 644 472 664 ex
493 634 545 663 hac
561 633 754 663 alternatione
772 631 899 660 suturam
917 638 979 659 esse

239 685 268 714 in
285 684 407 714 Domino
423 683 620 713 confidamus:
639 681 810 712 auctoritate
827 679 914 709 oflicii
932 688 980 708 no-

240 733 305 772 stri,
323 738 351 763 et
368 737 511 773 quantum
528 733 557 762 in
575 731 658 762 nobis
674 734 729 769 est,
748 729 897 759 vobiscum
915 737 982 757 con-

240 783 403 821 venientes,
422 782 496 812 hanc
512 781 738 811 alternationem
756 777 921 808 executioni
934 777 983 806 de-

240 831 432 861 mandandam
447 835 540 861 ratam
556 829 707 866 hahemus,
722 827 927 868 approbamus,
941 830 981 864 et,

241 885 387 920 quatenus
405 889 477 919 opus
499 884 555 917 est,
579 879 797 909 confirmamus.
821 877 854 906 In
876 876 984 905 nomine

241 930 343 965 Patris,
368 934 393 959 et
416 930 495 967 Filii,
509 933 533 958 et
551 928 675 965 Spiritus
696 926 803 957 Sancti.
827 926 926 955 Amen.
953 923 984 953 In

242 988 368 1019 quorum
392 978 477 1008 tidem
502 981 670 1017 praesentes
686 976 737 1006 has
761 979 874 1005 nostras
898 983 984 1003 manu

243 1028 362 1068 propria.
385 1027 565 1066 subscriptas
597 1035 630 1056 ac
664 1025 752 1055 officii
775 1024 867 1054 nostri
890 1022 986 1060 sigillo

243 1077 371 1106 munitas
394 1076 541 1106 dedimus.
567 1076 692 1112 Romae,
718 1074 746 1103 in
771 1076 916 1103 conventu
939 1080 988 1100 no-

243 1130 303 1156 stro
319 1127 349 1155 S.
365 1124 505 1163 Marcelli,
523 1124 569 1154 die
585 1132 655 1153 xxut
669 1122 793 1152 ianuarii
808 1129 986 1151 nneexxxvi.

244 1175 350 1205 loszpn
374 1174 471 1204 Mam
494 1174 621 1203 vicarius
643 1172 788 1211 generalis
811 1170 989 1210 apostolicus

244 1222 400 1253 Servorum
434 1222 465 1251 B.
496 1221 532 1251 M.
559 1221 590 1251 V.
625 1220 693 1250 Loco
717 1221 734 1256 †
757 1219 855 1257 siyillt'.
889 1218 991 1247 Frater

245 1269 360 1300 Pactus
384 1268 481 1299 illitum
503 1268 606 1305 Citam,
630 1266 805 1297 secretarius
821 1264 949 1295 Ordinis.

291 1318 357 1362 5⁶2.
383 1317 460 1351 Cum
488 1323 606 1357 autem,
632 1316 714 1349 sicut
736 1315 848 1348 eadem
866 1313 994 1357 exposi—

247 1372 289 1405 tio
314 1371 549 1414 subiungebat,
576 1369 711 1413 praefati
737 1367 993 1412 Symphorianns

245 1425 343 1459 Maria
367 1435 427 1469 per
444 1424 646 1458 Germaniam
664 1423 802 1456 vicarius
820 1421 994 1465 generalis,

246 1479 414 1522 ceterique
439 1477 585 1521 religiosi
612 1476 752 1510 nationis
787 1475 991 1516 Austriacae,

247 1532 436 1577 praemissa,
459 1542 524 1576 qno
549 1531 674 1564 firmius
702 1530 892 1572 subsistant,
918 1539 994 1572 apo-

248 1585 383 1619 stolicae
409 1584 664 1618 centirmationis
690 1589 819 1617 nostrae
849 1582 994 1626 patroci-

249 1639 304 1673 nio
331 1638 527 1673 communiri
555 1648 763 1681 summopere
786 1636 993 1670 desiderent:

250 1704 319 1735 nos,
332 1694 477 1738 ipsorum
493 1692 724 1736 exponentium
735 1690 827 1731 votis,
840 1695 995 1734 quantum

251 1757 323 1780 cum
347 1747 484 1780 Domino
503 1756 685 1790 possumus,
707 1744 925 1777 favorabiliter
941 1753 996 1777 an-

251 1810 351 1834 nuere
365 1801 524 1840 volentes‚
545 1805 702 1833 eteorum
720 1798 903 1841 singulares
922 1808 996 1841 per-

252 1864 347 1887 sonas
372 1865 389 1887 a
422 1853 590 1897 quibusvis
622 1851 994 1891 excommunicationis,

253 1907 481 1952 suspensionis
497 1905 718 1945 etinterdicti,
738 1904 874 1948 aliisque
894 1905 998 1937 eccle-

254 1960 391 1994 siasticis
417 1959 597 1999 sententiis,
617 1958 763 1991 censuris
781 1962 813 1991 et
831 1957 963 2001 poenis,
983 1968 999 1990 a

254 2015 324 2048 iure
347 2015 398 2048 vel
423 2013 462 2046 ab
493 2012 642 2051 homine,
678 2011 788 2056 quavis
827 2011 999 2044 occasione

255 2069 306 2102 vel
330 2069 425 2101 causa
449 2066 534 2108 latis,
560 2065 585 2098 si
613 2065 731 2109 quibus
754 2064 1002 2108 quomodolibet

256 2121 429 2155 innodatae
455 2120 620 2160 existunt,
654 2119 692 2152 ad
726 2117 874 2151 effectum
906 2128 1001 2161 prae-

257 2174 400 2208 sentium
416 2173 580 2206 dumtaxat
594 2171 873 2215 consequendum,
886 2171 1002 2203 harum

259 2227 345 2261 serie
362 2227 567 2260 absolventes
591 2230 621 2258 et
645 2225 806 2258 absolutas
833 2224 902 2257 sore
928 2234 1002 2257 cen-

259 2286 388 2321 sentes,
415 2278 707 2323 supplicationibus
734 2288 846 2311 eorum
873 2277 1003 2310 nomine

259 2333 355 2367 nobis
381 2343 479 2377 super
504 2333 567 2365 hoc
588 2331 756 2365 humiliter
775 2330 934 2375 porrectis
957 2332 1005 2363 in·

261 2386 388 2427 clinati,
416 2385 641 2420 alternativam
669 2385 707 2418 de
735 2394 898 2418 consensu
932 2394 1006 2427 par-

263 2441 342 2474 tium
368 2441 503 2481 saetam,
532 2445 564 2472 et
595 2450 612 2471 a
646 2443 825 2472 memorato
863 2437 1005 2481 loseplio

262 2494 382 2529 vicario
408 2493 553 2537 generali
580 2492 792 2536 approbatam
820 2496 852 2524 et
891 2491 1008 2524 contir-

263 2553 392 2588 matam‚
412 2552 447 2581 ut
471 2546 668 2591 praefertur,
685 2545 931 2588 consectamque
957 2544 1010 2577 de-

266 2610 366 2647 super
382 2601 576 2645 scripturam
592 2599 839 2643 praeinscrtam,
854 2609 929 2633 cum
943 2608 1010 2633 om·

100 1338 234 1360 confir-nano

54 1367 171 1389 pannucia.

861 192 999 218 CLEMENS
1023 192 1068 216 xu
1093 192 1140 216 1²1³.

1658 179 1717 212 att
1768 187 1817 213 An.
1840 187 1867 214 c.
1888 187 1953 214 1737

1018 242 1112 274 nibus
1139 245 1170 274 ct
1195 239 1330 283 singulis
1357 239 1386 272 in
1421 249 1459 272 eo
1492 238 1674 278 centetum,
1711 248 1761 270 au-

1018 295 1168 327 ctoritate
1190 293 1382 336 apostolica,
1403 298 1512 326 tenore
1532 291 1761 335 praesentium,

1020 347 1247 380 confirmamus
1267 353 1296 380 et
1311 347 1540 390 approbamus,
1569 345 1697 389 illisque
1719 345 1763 377 iu-

1021 401 1182 434 violabilis
1208 401 1405 444 apostolieae
1433 400 1591 432 firmitatis
1617 399 1716 432 robur
1736 410 1764 432 a-

1021 455 1182 493 dimimus,
1210 465 1247 487 ae
1272 464 1384 487 omnes
1410 460 1441 486 et
1465 454 1611 496 singulos
1637 452 1716 484 iuris
1734 457 1765 484 et

1022 508 1095 540 sacti
1122 508 1280 546 desectus,
1306 507 1332 539 si
1359 507 1412 550 qni
1429 507 1571 550 desuper
1589 505 1766 549 quomodo-

1024 560 1102 593 libet
1128 560 1386 600 intervenerint,
1413 561 1620 603 supplemus.

1068 615 1081 657 g
1106 613 1137 647 3.
1166 613 1398 653 Deeernentes,
1424 614 1552 646 easdem
1580 618 1790 656 praesentes¹
1815 621 1962 642 ringentium

1025 668 1150 700 litteras
1176 678 1308 710 semper
1334 667 1462 707 lirmas,
1488 666 1608 700 validas
1639 671 1670 699 et
1702 650 1896 698 effi-iississmm
1930 649 1963 667 Μ’

1026 731 1118 753 eaccs
1152 720 1292 753 existere
1318 725 1349 753 et
1379 720 1471 759 sore,
1499 730 1640 762 suosque
1661 719 1770 762 plena-

1026 774 1090 807 rios
1112 778 1144 806 et
1168 774 1311 816 integros
1338 773 1468 806 ell'eetus
1494 773 1604 807 sortiri
1631 779 1662 806 et
1687 773 1770 806 obti-

1028 839 1125 867 nere,
1152 838 1187 859 ac
1212 827 1276 860 illis
1293 855 1300 867 ,
1328 828 1366 860 ad
1398 838 1479 870 quos
1505 833 1631 870 spectat
1656 832 1687 859 et
1712 836 1770 869 pro

1030 889 1178 925 tempore
1209 881 1387 925 spectabit,
1416 881 1446 913 in
1478 880 1629 914 omnibus
1655 886 1685 912 et
1714 890 1772 923 per

1030 937 1138 970 omnia
1163 935 1352 979 plenissime
1379 933 1566 977 suffragari,
1594 939 1625 966 et
1650 934 1689 967 ab
1726 933 1771 966 eis

1031 989 1212 1033 respective
1238 989 1474 1022 inviolabiliter
1498 987 1686 1027 observari,
1714 987 1775 1019 sie-

1032 1054 1095 1087 que
1126 1043 1156 1075 in
1188 1043 1374 1086 praemissis
1401 1053 1459 1086 per
1483 1051 1704 1085 quoscumque
1730 1041 1776 1072 iu-

1033 1098 1121 1131 dices
1159 1097 1341 1130 ordinarios
1377 1102 1409 1129 et
1445 1097 1641 1138 delegatos,
1679 1095 1776 1127 etiam

1034 1162 1201 1185 causarum
1236 1150 1346 1194 palatii
1384 1149 1554 1193 apostolici
1592 1148 1776 1186 auditores,

1036 1204 1173 1238 iudicari
1199 1210 1230 1237 et
1255 1203 1383 1236 definiri
1417 1203 1560 1242 debere,
1591 1212 1626 1234 ac
1650 1201 1777 1233 irritum

1037 1264 1067 1291 et
1093 1259 1187 1291 inane
1207 1258 1231 1290 si
1258 1267 1351 1290 secus
1372 1266 1468 1300 super
1494 1256 1544 1288 liis
1570 1266 1587 1288 a
1606 1264 1779 1298 quoquam,

1036 1313 1147 1356 quavis
1183 1311 1397 1350 auctoritate,
1430 1311 1571 1343 scienter
1603 1309 1651 1342 vel
1690 1309 1781 1351 igno-

1037 1373 1161 1409 ranter,
1188 1365 1362 1408 contigerit
1387 1364 1551 1398 attentari.

1081 1423 1095 1466 ἓ
1119 1422 1151 1455 li.
1179 1420 1249 1454 Non
1282 1419 1487 1453 obstantibus
1521 1418 1721 1462 praemissis,
1747 1428 1781 1450 ac
1793 1421 1976 1474 dussiggfflffflum

1037 1475 1325 1510 constitutionibus
1352 1479 1382 1507 et
1410 1473 1671 1507 ordinationibus
1704 1483 1782 1515 apo-

1037 1530 1182 1569 stolicis,
1216 1538 1344 1561 necnon
1370 1527 1615 1570 praedictorum
1653 1525 1783 1558 Ordinis

1038 1588 1070 1616 et
1095 1582 1291 1626 previum-ae,
1319 1581 1414 1614 etiam
1441 1580 1640 1620 iuramento,
1668 1578 1783 1611 contir-

1039 1637 1180 1670 matione
1206 1635 1402 1680 apostolica,
1429 1635 1477 1667 vel
1504 1634 1613 1677 quat-is
1634 1633 1784 1666 firmitate

1039 1691 1102 1724 alia
1123 1690 1301 1729 roboratis,
1326 1688 1451 1722 statutis
1478 1693 1508 1720 et
1541 1685 1786 1720 consuetudini-

1040 1744 1117 1784 bus,
1144 1742 1323 1787 privilegiis
1348 1751 1500 1786 qnoque,
1528 1740 1660 1773 indultis
1686 1744 1718 1772 et
1736 1738 1786 1771 lit-

1042 1799 1117 1832 teris
1142 1796 1329 1841 apostolicis
1348 1796 1378 1828 in
1400 1794 1599 1829 eontrarium
1630 1793 1787 1837 praemis-

1042 1863 1153 1887 sorum
1194 1849 1443 1895 quomodolibet
1478 1848 1667 1887 concessis,
1709 1857 1787 1880 con-

1043 1906 1175 1940 firmatis
1197 1911 1228 1938 et
1248 1903 1423 1943 innovatis,
1451 1903 1567 1946 quibus
1592 1900 1741 1935 omnibus
1757 1906 1789 1932 ct

1044 1961 1188 2004 singulis,
1201 1960 1330 1992 illorum
1345 1964 1477 1991 tenores
1490 1955 1717 2000 praesentibus
1729 1965 1787 1997 pro

1045 2017 1142 2060 plene
1156 2012 1395 2047 etsusticienter
1410 2009 1571 2054 expressis
1584 2021 1620 2042 ae
1639 2009 1676 2041 de
1690 2008 1788 2041 verbo

1046 2070 1085 2102 ad
1100 2068 1233 2101 verbum
1249 2065 1378 2099 insertis
1393 2065 1561 2103 babentes,
1582 2063 1644 2095 illis
1660 2061 1737 2095 alias
1757 2061 1789 2093 in

1046 2134 1103 2156 suo
1129 2122 1247 2155 robore
1269 2118 1500 2164 permansuris,
1527 2117 1565 2150 ad
1597 2115 1790 2160 praemisso-

1047 2187 1117 2209 rum
1148 2175 1307 2213 effectum,
1331 2173 1390 2206 bac
1415 2171 1483 2205 vice
1510 2171 1692 2210 dumtaxat,
1720 2179 1791 2212 spe-

1047 2229 1173 2263 cialiter
1205 2233 1236 2261 et
1267 2237 1420 2270 expresse
1461 2225 1674 2267 derogamus;
1708 2227 1792 2255 cete-

1048 2283 1157 2326 risque
1183 2281 1352 2314 contrariis
1379 2279 1652 2323 quibuscumque.

1092 2336 1208 2369 Datum
1231 2335 1366 2375 Romae,
1399 2333 1484 2377 apud
1521 2332 1552 2365 S.
1581 2330 1711 2363 Mariam
1730 2328 1794 2362 Ma·

1049 2391 1171 2431 iorem,
1203 2389 1263 2422 sub
1288 2388 1411 2421 annulo
1445 2384 1637 2424 piscatoris,
1666 2383 1716 2416 die
1751 2392 1793 2416 vu

1050 2443 1204 2477 februarii
1222 2450 1429 2480 tinecxxxvu,
1448 2438 1656 2483 pontificatus
1689 2435 1795 2469 nostri

1050 2508 1139 2531 auno
1157 2506 1216 2530 vti.

1087 2559 1146 2587 Dat.
1169 2559 1212 2586 die
1233 2559 1246 2585 7
1267 2556 1398 2585 februarii
1422 2555 1503 2588 1737,
1525 2554 1620 2591 pontis.
1642 2560 1711 2581 aimo
1734 2558 1776 2579 vu.
