2232 3178
267 192 315 218 Αη.
332 191 360 218 c.
386 190 452 219 1739
499 182 561 216 594

295 565 389 585 tlh-niens
413 567 448 585 ‹le-

267 594 332 611 rt.iiat
364 593 448 611 rosilrm

266 660 339 679 piatus
383 648 448 668 Osffl‘

291 2416 370 2443 Sicqui¹
385 2417 447 2446 sirniig

264 2472 376 2495 praecipit.

461 240 643 284 promiscue
667 239 728 272 frui
754 249 859 282 posse,
878 249 937 282 per
957 248 1015 272 nos
1042 237 1198 271 declarari

461 294 637 337 plurimum
675 292 850 325 desiderat.
888 291 987 325 Nobis
1024 296 1198 334 propterea

461 346 631 379 humiliter
654 345 832 388 supplicari
869 344 945 377 fecit
981 350 1014 376 ut
1046 344 1078 376 in
1104 354 1197 386 prae-

461 398 564 430 missis
589 403 773 441 opportune
798 397 970 440 providere
1000 401 1032 430 et
1057 402 1092 429 ut
1116 396 1198 429 infra

462 451 631 493 indulgere
658 451 696 482 dc
721 449 921 492 benignitate
946 449 1124 492 apostolica
1153 449 1198 482 di-

461 513 645 546 gnaremur.

503 556 517 598 ἓ
543 556 574 588 4.
590 555 653 588 Nos
672 555 780 596 igitur,
797 555 859 597 piis
878 554 1022 588 eiusdem
1040 554 1196 587 Vincentii

461 608 683 652 procuratoris
718 608 878 649 generalis
902 608 983 640 votis
1007 607 1066 640 hac
1092 608 1123 640 in
1149 618 1195 647 re,

460 667 613 705 quantum
627 671 697 694 cum
712 660 846 694 Domino
862 671 1041 703 possumus,
1055 661 1197 704 benigne

459 725 608 748 annuere
634 715 795 755 volentes,
832 725 969 758 eumque
994 714 1197 747 Vincentium

459 772 702 811 procuratorem
729 768 915 810 generalem
933 778 949 800 a
964 767 1129 811 quibusvis
1147 778 1199 801 ex-

459 819 772 859 comrmuiicationis,
799 820 1023 863 suspensionis
1049 825 1080 853 et
1103 819 1199 853 inter-

460 872 555 912 dicti,
577 872 712 916 aliisque
746 872 971 905 ecclesiasticis
1007 872 1198 912 sententiis,

460 925 606 958 censuris
634 930 665 957 ct
690 925 824 968 poenis,
851 936 868 957 a
892 925 963 958 iure
993 926 1041 958 vel
1069 925 1107 957 ab
1133 925 1194 957 lio-

459 979 557 1018 mine,
588 978 698 1021 quavis
724 978 893 1012 occasione
918 979 968 1011 vel
994 980 1089 1011 causa
1115 978 1197 1018 latis,

459 1033 486 1064 si
512 1032 628 1074 quibus
659 1032 907 1074 quomodolibet
936 1031 1108 1065 innodatus
1133 1033 1199 1065 exi-

459 1084 524 1124 stit,
549 1085 587 1116 ad
615 1084 761 1117 ell'ectuui
788 1086 1007 1127 praesentium
1034 1085 1199 1117 dumtaxat

459 1137 738 1179 consequendum,
759 1137 873 1170 harum
890 1138 973 1170 serie
991 1138 1198 1171 absolventes

460 1196 492 1222 et
516 1190 697 1223 absolutum
724 1191 790 1224 sore
815 1196 995 1231 censentes,
1014 1191 1197 1225 huiusmodi

459 1242 759 1287 supplicationibus
794 1243 964 1284 inclinati,
990 1244 1140 1278 omnibus
1167 1250 1199 1278 et

459 1296 598 1339 singulis
641 1296 794 1329 tertiariis
834 1297 1064 1341 cuiuscumque
1100 1298 1196 1331 Tertii

459 1350 588 1383 Ordinis
626 1350 804 1392 regularis,
832 1350 887 1393 qui
924 1351 1009 1383 inter
1035 1351 1197 1385 tertiarios

460 1402 536 1436 dicti
563 1402 660 1436 Tertii
686 1403 814 1436 Ordinis
833 1403 869 1436 B.
888 1403 1003 1436 Mariae
1029 1404 1069 1437 de
1094 1404 1198 1437 Monte

460 1456 604 1489 Carmelo
630 1456 771 1489 adscribi
797 1457 1064 1496 desideraverint,
1084 1468 1120 1490 ac
1145 1469 1198 1491 re-

459 1510 565 1551 gulas,
588 1514 708 1542 statuta
733 1514 765 1542 et
789 1510 997 1542 conditiones
1022 1521 1081 1553 pro
1106 1510 1198 1543 dictis

461 1561 615 1594 tertiariis
641 1562 674 1594 Β.
696 1562 735 1594 Μ.
756 1562 794 1594 de
813 1562 920 1595 Monte
941 1563 1086 1596 Carmelo
1106 1573 1199 1606 prae-

459 1614 580 1657 scripta
605 1614 872 1656 adimpleverint,
899 1615 1051 1648 omnibus
1077 1621 1109 1648 et
1132 1616 1197 1648 sin-

459 1668 543 1710 gulis
569 1667 802 1710 indulgentiis,
827 1668 1006 1712 privilegiis
1032 1674 1063 1701 et
1087 1669 1199 1711 gratiis

459 1720 682 1763 spiritualibus
707 1721 814 1754 Tertio
840 1721 950 1754 Ordini
970 1722 1004 1755 B.
1030 1722 1068 1754 M.
1090 1722 1198 1755 huius-

458 1773 545 1806 modi
564 1774 739 1812 concessis,
754 1774 938 1816 proiniscue
956 1778 1019 1807 una
1038 1786 1109 1808 curn
1128 1775 1198 1809 aliis

459 1826 685 1868 indulgentiis,
713 1827 888 1869 privilegiis
915 1833 947 1859 et
971 1828 1081 1870 gratiis
1108 1839 1200 1872 prae-

461 1879 553 1912 dictis
580 1890 692 1912 eorum
718 1880 825 1912 Tertio
850 1880 975 1919 Ordini,
1000 1881 1031 1913 in
1058 1892 1121 1925 quo
1144 1882 1198 1915 ad-

460 1932 571 1976 scripti
610 1933 835 1976 reperiuntur,
862 1934 1043 1975 concessis,
1072 1935 1131 1967 srui
1168 1941 1199 1968 et

460 1987 600 2027 gaudere
627 1986 752 2028 possint
776 1991 807 2018 et
827 1988 976 2026 valeant,
1003 1998 1062 2020 nec
1089 1988 1199 2021 tertia-

459 2039 525 2071 rios
543 2039 730 2072 huiusmodi
749 2040 787 2072 ab
803 2050 914 2073 eorum
933 2041 1114 2084 respective
1129 2042 1200 2075 Ter-

460 2091 504 2125 tio
537 2092 674 2132 Ordine,
701 2092 734 2124 in
770 2103 835 2135 quo
867 2094 1021 2137 adscripti
1057 2094 1197 2136 fuerint,

459 2150 593 2188 propter
626 2156 717 2178 suam
745 2145 831 2178 inter
864 2147 1027 2180 tertiarios
1059 2147 1095 2180 B.
1130 2148 1196 2181 Ma-

458 2199 525 2231 riae
542 2199 794 2241 adscriptionem
809 2200 910 2232 deleri
929 2210 1072 2243 unquam
1089 2211 1196 2244 posse,

459 2251 649 2284 auctoritate
688 2251 879 2294 apostolica,
906 2257 1018 2286 tenore
1044 2264 1198 2296 praesen-

459 2305 548 2344 tium,
573 2305 781 2338 concedimus
807 2310 839 2339 et
862 2305 1070 2348 indulgemus
1092 2317 1128 2340 ac
1145 2307 1199 2340 de-

458 2359 627 2391 claramus.

501 2412 515 2454 §
539 2411 570 2444 5.
598 2410 828 2451 Decernentes,
856 2411 985 2445 easdem
1006 2417 1198 2456 praesentes

458 2464 583 2497 litteras
609 2463 726 2503 firmas,
752 2464 875 2498 validas
902 2470 933 2498 et
958 2464 1105 2499 efficaces
1133 2466 1198 2499 exi-

458 2522 542 2550 stere
568 2523 599 2550 et
624 2517 702 2558 sore,
721 2528 862 2562 suosque
882 2518 1047 2561 plenarios
1067 2523 1099 2552 et
1119 2518 1198 2553 inte-

459 2581 535 2613 gros
552 2570 683 2605 effectus
707 2572 816 2606 sortiri
838 2577 870 2606 et
886 2572 1045 2614 obtinere,
1066 2583 1103 2607 ac
1121 2573 1196 2615 illis,

1043 189 1228 214 BULLARIUM
1254 189 1411 215 ROMANUM
1989 193 2039 219 An.
2055 193 2082 219 G.
2106 193 2169 221 ¹739

1242 238 1281 271 ad
1299 249 1379 281 quos
1399 242 1524 281 spectat
1543 243 1574 272 et
1593 239 1626 272 in
1647 239 1789 272 futurum
1810 239 1977 283 spectabit,

1241 291 1429 334 plenissime
1466 290 1658 334 suffragari,
1687 291 1798 336 sicque
1823 293 1855 325 in
1886 304 1980 336 prae-

1241 343 1346 376 missis
1370 354 1429 387 per
1454 354 1678 388 quoscumque
1701 345 1825 378 iudices
1850 346 1980 379 ordina-

1241 396 1306 429 rios
1331 401 1363 429 et
1389 396 1580 439 delegatos,
1608 397 1704 430 etiarn
1733 408 1900 430 causarum
1924 409 1981 441 pa-

1242 449 1309 482 latii
1335 450 1508 492 apostolici
1526 450 1703 491 auditores,
1726 450 1862 483 iudicari
1879 456 1911 483 et
1927 451 1981 483 de-

1242 501 1325 533 finiri
1352 502 1484 541 debere,
1503 513 1539 534 ac
1558 502 1684 536 irritum
1711 508 1742 536 et
1766 502 1862 536 inane
1887 503 1981 545 quid-

1242 554 1321 597 quid
1340 565 1433 587 secus
1451 565 1552 597 super
1574 555 1623 587 his
1642 566 1658 587 a
1679 566 1853 598 quoquam,
1868 555 1980 598 quavis

1241 607 1441 646 auctoritate,
1460 607 1599 640 scienter
1619 610 1668 642 vel
1690 608 1891 651 ignoranter,
1906 619 1981 641 con-

1243 660 1352 702 tigerit
1377 660 1542 693 attentari.

1284 713 1298 756 ἓ
1322 713 1353 745 6.
1376 713 1444 746 Non
1467 713 1672 746 obstantibus
1698 713 1981 747 constitutionibus
1992 725 2172 747 Contrartatotut.

1242 769 1273 797 et
1293 765 1551 798 ordinationibus
1572 766 1773 809 apostolicis,
1793 776 1923 800 necnon
1940 766 1982 800 di·

1242 823 1366 850 ctorum
1392 818 1598 861 aliorumque
1623 818 1790 859 Ordimun,
1815 819 1911 852 etiam
1935 819 1983 852 iu-

1242 876 1409 911 ramento,
1436 871 1684 906 confirmatione
1710 873 1904 916 apostolica,
1933 874 1982 906 vel

1242 923 1353 967 quavis
1379 924 1527 958 firmitate
1552 924 1615 958 alia
1643 925 1824 966 roboratis,
1857 926 1983 960 statutis

1241 982 1274 1010 et
1298 977 1605 1018 consuetudinibus,
1631 978 1811 1021 privilegiis
1837 990 1980 1024 quoque,

1241 1030 1376 1062 indultis
1414 1035 1446 1063 et
1479 1030 1596 1063 litteris
1622 1031 1807 1074 apostolicis
1840 1032 1873 1064 in
1905 1043 1983 1066 con-

1243 1083 1378 1115 trarium
1426 1083 1680 1125 praemissorum
1735 1085 1986 1128 quomodolibet

1241 1135 1418 1175 concessis,
1442 1136 1638 1169 confirmatis
1663 1142 1695 1170 et
1719 1137 1892 1179 innovatis,
1911 1139 1984 1182 qui-

1241 1189 1300 1221 bus
1325 1189 1475 1221 omnibus
1494 1193 1525 1222 et
1541 1189 1688 1232 singulis,
1707 1190 1838 1223 illorum
1856 1196 1984 1225 tenores

1242 1242 1469 1284 praesentibus
1502 1253 1561 1285 pro
1592 1243 1689 1286 plene
1722 1248 1754 1276 et
1785 1243 1985 1277 sufficienter

1242 1295 1403 1338 expressis
1421 1305 1457 1327 ac
1477 1295 1516 1328 de
1537 1296 1635 1328 verbo
1661 1296 1700 1328 ad
1725 1296 1861 1329 verbum
1880 1296 1984 1330 inser-

1243 1348 1283 1380 tis
1304 1348 1485 1387 habentes,
1517 1348 1581 1381 illis
1616 1346 1693 1382 alias
1720 1349 1752 1382 in
1779 1360 1838 1382 suo
1865 1351 1986 1384 robore

1242 1401 1466 1444 permansuris
1483 1427 1490 1441 ,
1529 1402 1568 1433 ad
1607 1401 1860 1444 praemissorum
1900 1402 1978 1436 effe-

1243 1459 1327 1486 ctum
1365 1454 1425 1486 liae
1460 1455 1529 1488 vice
1567 1455 1732 1488 dumtaxat
1766 1465 1981 1500 consequen-

1243 1507 1330 1547 dum,
1350 1507 1535 1551 specialiter
1551 1513 1582 1541 et
1600 1519 1752 1552 expresse
1770 1509 1978 1551 derogamus;

1242 1561 1422 1604 ceterisque
1449 1560 1620 1594 contrariis
1645 1562 1915 1606 quibuscumque.

1286 1615 1301 1657 ξ
1326 1614 1356 1646 7.
1386 1614 1536 1647 Volumus
1563 1622 1668 1648 autem
1686 1616 1772 1659 quod
1794 1617 2175 1672 earumdemfidffnrn33ffl1p›¹is

1243 1666 1424 1700 litterarum
1452 1668 1663 1712 transumptis
1680 1695 1687 1709 ,
1720 1679 1778 1702 seu
1804 1669 1981 1713 exemplis,
2133 1666 2138 1672 ’

1243 1720 1339 1753 etiam
1365 1720 1547 1763 impressis,
1574 1732 1670 1754 manu
1696 1722 1832 1755 alicuius
1865 1723 1984 1756 notarii

1243 1773 1364 1816 publici
1391 1774 1583 1816 subscriptis
1601 1801 1608 1813 ‚
1634 1779 1666 1807 et
1689 1775 1799 1817 sigillo
1824 1787 1984 1819 personae

1243 1826 1274 1858 in
1290 1827 1512 1859 ecclesiastica
1530 1827 1686 1870 dignitate
1707 1829 1899 1862 constitutae
1916 1840 1986 1862 mu-

1244 1879 1330 1918 nitis,
1356 1879 1468 1911 eadem
1494 1890 1628 1922 prorsus
1662 1880 1741 1913 tides
1768 1881 1890 1924 ubique
1917 1886 1981 1915 tam

1243 1932 1275 1964 in
1294 1932 1416 1965 iudicio
1442 1943 1535 1975 quam
1563 1938 1653 1966 extra
1675 1934 1755 1967 illud
1776 1934 1981 1975 adhibeatur,

1244 1995 1327 2027 quae
1357 1985 1437 2027 ipsis
1465 1986 1694 2028 praesentibus
1720 1987 1933 2021 adhiberetur
1957 1988 1983 2021 si

1244 2038 1351 2071 forent
1376 2038 1540 2071 exhibitae
1558 2040 1606 2072 vel
1626 2044 1785 2072 ostensae.

1286 2090 1399 2122 Datum
1418 2091 1556 2132 Romae,
1579 2092 1665 2134 apud
1688 2092 1719 2125 S.
1740 2093 1872 2126 Mariam
1890 2094 1984 2128 Maio-

1244 2154 1330 2184 rem,
1363 2144 1422 2176 sub
1453 2145 1575 2177 annulo
1609 2144 1803 2186 Piscatoris,
1828 2146 1879 2180 die
1905 2158 1983 2182 xx111

1242 2196 1427 2229 novembris
1450 2206 1653 2238 muccxxx1x‚
1681 2198 1895 2242 pontificatus
1923 2211 1983 2234 no-

1242 2249 1299 2283 stri
1319 2260 1406 2283 anno
1430 2261 1460 2284 x.

1278 2311 1340 2338 Dat.
1359 2310 1403 2338 die
1419 2311 1452 2339 23
1468 2312 1628 2339 novembris
1646 2313 1725 2347 1739,
1743 2313 1843 2349 pontif.
1861 2321 1934 2342 anno
1954 2322 1982 2342 x.

1543 2450 1682 2484 CCLXX.

1241 2519 1412 2554 Nonnulla
1437 2521 1473 2554 in
1494 2521 1739 2563 Constitutione,
1758 2532 1843 2567 quae
1866 2523 1983 2568 incipit

1284 2575 1318 2608 ln
1344 2585 1495 2619 supremo
1514 2575 1657 2610 iustitiae
1674 2575 1769 2618 solio,
1790 2580 1903 2611 contra
1927 2577 1983 2611 ho-
