2232 3178
287 219 336 244 An.
355 218 384 245 c,
410 217 474 244 1737
522 208 584 241 314

311 1229 423 1251 Concessio
439 1230 480 1254 pri-

296 1258 369 1282 vuegn
397 1256 482 1283 praedi-

480 277 538 309 per
563 266 744 299 antedictae
771 265 995 309 providentiae
1014 265 1220 309 anticipatio-

480 331 554 353 nem
580 320 612 352 in
637 324 803 362 posterum
829 319 1083 359 adnumeretur,
1109 328 1221 362 quem-

481 373 654 405 admodum
682 372 785 414 ipsum
812 381 943 414 quoque
969 371 1169 404 carissimum
1190 371 1222 402 in

481 425 610 459 Cliristo
636 424 737 457 silium
764 431 911 457 nostrum
936 424 1089 457 Ioannem
1115 424 1224 456 Portu-

482 479 599 522 galliae
625 483 656 511 et
681 477 908 519 Algarbiorum
933 488 1041 519 regem
1060 477 1223 510 illustrem

484 533 522 565 de
549 531 708 564 catholica
727 531 886 573 religione
903 530 1012 563 multis
1030 530 1224 569 nominibus,

484 591 516 619 et
539 585 732 628 pracsertim
757 585 799 617 ob
825 583 975 616 eximiam
1002 583 1156 627 pietatem
1191 593 1227 616 ac

484 643 689 671 constantem
715 637 1004 680 fidelissiman‘ique
1038 647 1115 680 erga
1150 647 1228 679 apo-

485 692 631 725 stolicam
660 691 744 723 lianc
769 691 882 723 Sedem
909 691 1079 733 probatam
1114 690 1228 722 obscr-

485 746 625 778 vantiam
651 754 687 776 ac
720 743 920 786 singularem
954 742 1227 781 sollicitudinem,

485 798 627 832 studium
652 798 823 839 zelumque
842 796 874 828 in
889 795 1100 839 provehenda
1114 805 1229 838 propa-

486 852 658 895 gandaque
673 851 711 883 ad
732 850 831 882 instar
850 850 995 882 omnium
1014 848 1230 890 Portugalliae

487 911 518 937 et
544 904 774 947 Algarbiorui‘n
799 913 909 945 regum
940 902 1230 945 praedecessorum

488 968 621 991 suorum
647 957 731 1000 apud
759 956 913 989 barbaras
933 955 1230 998 remotissimasque

488 1017 603 1054 gentes
629 1010 789 1043 catholica
815 1010 889 1049 nde,
913 1008 1168 1047 meritissimum,
1196 1018 1231 1040 ac

488 1070 667 1108 propterea
692 1063 845 1095 omnibus
871 1061 1074 1105 apostolicae
1090 1061 1233 1094 liberali-

488 1118 560 1150 tatis
586 1115 791 1149 documentis
819 1114 1054 1157 dignissimum,
1074 1114 1105 1146 id
1123 1114 1230 1156 ipsum

491 1171 686 1204 sentientem
715 1168 902 1201 desiderare
928 1167 1123 1210 accepimus.

535 1225 550 1267 ἓ
575 1223 606 1256 ⁶2.
633 1222 865 1261 Quamobrem,
891 1226 980 1254 motu
1007 1220 1149 1264 proprio,
1176 1231 1233 1253 no-

492 1283 560 1310 stro
579 1282 610 1309 et
635 1286 860 1308 successorum
885 1280 1073 1307 nostrorum
1091 1279 1121 1306 ct
1139 1274 1231 1306 Sedis

493 1331 699 1374 Apostolicae
736 1329 890 1368 nomine,
922 1329 960 1360 de
997 1328 1232 1360 nonnullorum

494 1385 591 1417 etiam
616 1382 852 1416 venerabilium
890 1381 1022 1414 fratrum
1049 1387 1231 1413 nostrorum

493 1437 524 1470 S.
549 1438 584 1469 R.
607 1436 641 1468 Ε.
664 1435 878 1468 cardinalium
904 1434 1054 1472 consilio,
1080 1433 1233 1466 concedi-

493 1501 562 1523 mus
588 1495 618 1522 et
643 1489 858 1529 indulgemus,
884 1492 928 1525 ut,
956 1489 1132 1519 memorata
1158 1498 1234 1529 erga

495 1543 670 1576 catholicas
703 1542 852 1574 nationes
886 1540 1090 1583 providentia
1122 1540 1234 1573 sull'ra-

495 1602 601 1639 grinte,
628 1595 660 1627 in
685 1594 879 1627 consistorio
898 1593 1046 1636 provisus
1062 1593 1233 1625 etelectus

495 1660 554 1693 pro
574 1655 719 1691 tempore
740 1647 922 1690 patriarcha
942 1647 1101 1679 ecclesiae
1116 1646 1235 1689 Ulyssi-

495 1702 650 1746 ponensis
676 1699 900 1739 occidentaliS,
928 1699 980 1742 qui
1008 1699 1152 1742 alioquin
1180 1710 1236 1742 pe-

496 1756 628 1789 culiaria
654 1755 741 1786 iuxta
766 1754 1016 1786 constitutiones
1037 1754 1236 1796 apostolicas

496 1810 534 1843 ad
572 1807 809 1842 cardinalitium
852 1806 1043 1848 dignitatem
1080 1806 1237 1849 requisita

497 1864 619 1896 habere
638 1862 763 1900 debeat,
783 1861 814 1892 in
833 1860 1069 1903 amplissimum
1091 1860 1235 1893 eiusdem

497 1917 528 1949 S.
549 1917 585 1948 R.
619 1916 652 1948 E.
689 1920 837 1947 senatum
865 1914 897 1945 in
923 1914 1026 1946 altero
1052 1914 1237 1946 immediate

497 1969 646 2012 sequenti
684 1967 878 2001 concistorio
916 1972 1109 2009 cooptetur,
1143 1967 1237 2010 eique

498 2034 555 2056 suo
572 2028 726 2064 tempore,
746 2023 936 2062 servamque
954 2022 1011 2052 sua
1030 2020 1141 2058 forma,
1155 2031 1237 2052 unus

499 2088 534 2109 ex
561 2074 771 2108 cardinalitiis
809 2074 907 2105 titulis
944 2073 1126 2114 assi‘gnetur
1151 2074 1239 2106 iuxta

499 2128 751 2163 constitutiones
777 2127 879 2160 felicis
903 2126 1138 2159 recordationis
1160 2126 1237 2159 Sixti

499 2183 603 2224 Papae
627 2181 662 2213 V.
689 2180 778 2219 Quod
803 2181 827 2212 si
854 2180 943 2212 nulla
980 2179 1062 2212 adsit
1092 2179 1238 2212 eamdem

500 2234 670 2268 catholicis
701 2233 886 2265 nationibus
924 2232 1129 2274 impertiendi
1155 2242 1235 2274 apo-

500 2288 635 2321 stolicae
661 2286 872 2327 benignitatis
893 2286 1028 2326 gratiam
1047 2284 1240 2327 opportuni-

501 2347 570 2380 tas,
603 2345 710 2371 tamen
746 2349 803 2381 per
839 2337 1104 2381 anticipationem
1144 2337 1239 2370 etiam

501 2405 566 2427 non
592 2393 711 2431 semel,
738 2397 769 2425 et
795 2392 920 2435 quoties
947 2402 1027 2434 opus
1054 2391 1173 2431 suerit,
1200 2392 1240 2424 sa-

501 2447 664 2486 ciendam,
691 2446 722 2478 in
749 2456 874 2478 sacrum
900 2445 1110 2478 cardinalium
1136 2445 1237 2477 colle·

503 2501 590 2544 gium
610 2499 746 2532 adscisci
767 2501 801 2531 ea
821 2499 950 2542 quidem
969 2499 1039 2540 lege
1057 2497 1240 2539 staminum,

503 2559 551 2593 ut,
572 2553 698 2596 quoties
716 2552 826 2594 vigore
846 2551 1065 2595 praesentium
1090 2551 1240 2583 laudatae

505 2606 702 2650 apostolicae
728 2604 961 2639 beneficentiae
984 2603 1169 2638 testimonia
1194 2615 1242 2637 ac-

1064 216 1248 240 BULLARIUM
1277 216 1387 240 ROMAN
1396 218 1436 242 tuit

2005 220 2054 246 An.
2078 220 2106 246 c.
2131 209 2188 252 nai
2205 208 2211 247 tl,

1265 265 1390 308 ceperit
1416 266 1504 298 natio
1530 266 1703 308 Lusitana,
1729 267 1825 300 toties
1850 267 1937 301 nulla
1963 267 2007 300 ei-

1266 317 1338 350 dem
1363 318 1608 352 obsecundandi
1635 320 1717 353 ratio
1744 321 1911 361 habeatur,
1936 331 2006 354 cum

1267 378 1452 414 opportuna
1488 372 1690 414 gratificandi
1724 373 1794 406 aliis
1819 373 2006 407 nationibus

1267 432 1321 457 aut
1336 425 1482 457 Pontifici
1499 425 1567 468 ipsi,
1580 426 1861 469 quipatriarchani
1876 426 1904 460 S.
1921 427 1957 459 R.
1974 427 2007 460 E.

1269 477 1466 510 cardinalem
1493 478 1733 517 declaraverat,
1768 485 1820 512 aut
1845 479 1903 511 sibi
1937 490 2008 512 suc-

1270 531 1461 563 cedentibus
1487 542 1544 574 pro
1572 536 1719 574 tempore
1738 531 1874 565 Summis
1900 532 2009 565 Ponti-

1271 583 1400 625 ficibus⁷
1425 596 1458 617 se
1485 585 1638 617 obtulerit
1663 585 1801 618 occasio.
2209 621 2212 629 Α

1315 637 1386 679 ἓὸ.
1414 637 1513 670 Porro
1549 637 1625 670 huie
1662 637 1847 680 pontificiae
1879 643 2009 672 nostrae
2060 629 2212 679 nonduin-l

1272 691 1478 723 concessioni
1508 691 1795 734 providentiaeque
1821 697 1910 723 motu
1937 678 2194 736 p1·o-l‘1'32?n⁰32?22²l¹·ii
2206 681 2212 717 s

1273 744 1345 786 prio
1370 748 1400 776 et
1418 754 1453 776 ex
1473 745 1562 777 certa
1579 755 1613 777 ac
1632 747 1759 776 matura
1777 745 2011 778 deliberatione
2022 734 2194 781 ssssissssl'fisseffi
2210 762 2212 782 l

1273 797 1393 829 nostris
1409 808 1444 829 ac
1460 797 1498 829 de
1514 797 1712 840 apostolicae
1728 797 1898 840 potestatis
1912 798 2011 840 pleni-

1275 850 1385 882 tudine
1403 849 1502 883 initae
1522 855 1596 883 tunc
1614 851 1720 883 locum
1743 861 1812 883 esse
1831 851 2011 891 statuimus,

1274 912 1345 934 cum
1376 903 1593 945 supradictam
1627 904 1877 946 patriarchalem
1906 905 2012 937 eccle-

1275 955 1355 988 siam
1380 955 1665 999 Ulyssiponensem
1691 967 1803 989 vacare
1829 956 2014 1000 contigerit,

1276 1009 1596 1044 translationibus-et
1617 1009 1862 1043 dimissionibus
1881 1011 2014 1044 omnino

1277 1061 1424 1101 exclusis,
1443 1061 1502 1094 nisi
1530 1068 1635 1095 tamen
1662 1063 1700 1095 ad
1720 1063 1942 1096 dimissionem
1961 1064 2016 1096 ad-

1277 1115 1466 1147 mittendam
1493 1125 1587 1147 causa
1619 1115 1699 1161 adeo
1732 1126 1852 1158 urgens
1885 1116 2016 1159 publica

1278 1173 1309 1200 et
1334 1168 1519 1201 necessaria
1543 1168 1606 1208 sit,
1624 1163 1675 1201 ut⁴
1695 1169 1780 1202 serio
1799 1179 1941 1212 expensa
1963 1179 2016 1202 ne-

1278 1232 1339 1264 que
1365 1221 1461 1254 etiam
1487 1232 1544 1265 per
1563 1221 1756 1264 suffraganei
1775 1223 1926 1254 antistitis
1944 1223 2014 1255 sub-

1277 1275 1395 1307 sidium
1431 1275 1656 1317 patriarchalis
1682 1275 1836 1308 ecclesiae
1867 1275 2016 1318 indigen-

1279 1327 1329 1359 tiis
1355 1328 1480 1360 occurri
1504 1328 1614 1370 possit,
1635 1333 1729 1371 atque
1754 1327 1785 1360 in
1812 1334 1939 1361 secreto
1961 1339 2016 1362 eo-

1278 1381 1422 1413 rumdem
1460 1381 1693 1413 venerabilium
1722 1381 1856 1414 fratrum
1889 1387 2016 1415 nostro-

1279 1445 1349 1466 rum
1386 1435 1416 1467 S.
1441 1435 1478 1468 R.
1505 1435 1539 1467 E.
1568 1435 1781 1467 cardinalium
1819 1435 2016 1468 concistorio

1279 1498 1313 1519 ac
1338 1488 1377 1520 ab
1403 1488 1481 1530 ipsis
1498 1498 1556 1531 pro
1583 1492 1729 1531 tempore
1756 1488 1909 1521 Romanis
1933 1488 2017 1521 Pon-

1279 1541 1420 1574 tificibus
1457 1541 1718 1584 comprobetur;
1753 1541 1862 1584 sicque
1903 1541 2017 1574 suturis

1278 1600 1438 1638 perpetuo
1464 1594 1667 1637 temporibus
1692 1604 1707 1626 a
1733 1594 1828 1627 nobis
1855 1605 2018 1628 successo-

1280 1648 1436 1691 ribusque
1461 1649 1579 1680 nostris
1605 1648 1800 1681 servandum
1819 1658 1887 1681 esse
1909 1648 2020 1682 decer-

1280 1701 1385 1734 nimus
1411 1707 1442 1734 et
1466 1701 1644 1733 statuimus.

1324 1755 1338 1797 ξ
1356 1754 1387 1786 4.
1404 1754 1622 1787 Decernentes
1638 1754 1768 1797 pariter,
1783 1755 1914 1788 easdem
1929 1766 2021 1798 prae·
2055 1763 2146 1794 Huiusce
2159 1753 2212 1784 cml*

1281 1813 1387 1840 sentes
1420 1808 1543 1840 litteras
1576 1818 1707 1850 semper
1741 1808 1870 1848 firmas,
1896 1789 2206 1842 validasf55f¹⁰¹¹¹⁵⁶¹⁰¹¹³

1282 1866 1313 1893 et
1338 1861 1484 1893 efficaces
1512 1861 1578 1893 sore
1596 1888 1603 1901 ,
1631 1871 1774 1904 suosque
1799 1861 1963 1904 plenarios
1989 1868 2020 1895 et

1282 1914 1426 1956 integros
1463 1913 1594 1946 effectus
1631 1915 1741 1947 sortiri
1778 1920 1810 1947 et
1844 1915 2018 1956 obtinere,

1282 1967 1392 2010 sicque
1418 1972 1449 1999 et
1481 1978 1546 2000 non
1580 1967 1674 2000 aliter
1709 1976 1768 2010 per
1799 1978 2020 2012 quoscumque
2207 1958 2232 2012 ζ’·

1282 2020 1404 2052 indices
1431 2020 1616 2052 ordinarios
1642 2023 1672 2053 et
1702 2020 1891 2062 delegatOS,
1924 2021 2020 2054 etiam
2175 2025 2178 2027 ’
2228 2015 2232 2023 ’

1283 2083 1450 2105 causarum
1483 2073 1592 2115 palatii
1628 2073 1798 2115 apostolici
1835 2074 2021 2115 auditores,

1283 2137 1318 2158 ac
1339 2126 1480 2158 eiusdem
1502 2126 1533 2158 S.
1553 2125 1587 2158 [l.
1604 2126 1638 2159 E.
1655 2127 1847 2166 cardinales,
1871 2127 1965 2160 etiam
1984 2127 2022 2160 de

1283 2179 1383 2211 latere
1398 2180 1522 2220 legatos
1541 2184 1572 2211 et
1586 2178 1676 2211 Sedis
1694 2179 1861 2222 praefatae
1875 2179 2021 2220 nuncios,

1284 2232 1431 2275 aliosque
1453 2232 1616 2274 quoslibet
1641 2242 1843 2275 quacumque
1863 2232 2023 2276 praeemi-

1284 2285 1391 2318 nentia
1410 2291 1441 2317 et
1465 2290 1622 2327 potestate
1649 2285 1822 2327 fungentes
1847 2296 1884 2318 ac
1901 2286 2023 2319 sunctu-

1285 2349 1348 2378 ros,
1371 2339 1498 2371 sublata
1524 2339 1570 2371 eis
1596 2344 1626 2371 et
1647 2348 1762 2371 eorum
1789 2338 1921 2372 cuilibet
1947 2350 2024 2382 qua·

1283 2391 1328 2423 vis
1353 2391 1448 2424 aliter
1470 2391 1632 2424 iudicandi
1663 2397 1694 2424 et
1722 2391 1957 2434 interpretandi
1980 2392 2024 2425 sa-

1284 2445 1403 2476 cultate
1424 2448 1454 2475 ct
1479 2444 1679 2483 auctoritate,
1702 2445 1821 2487 ubique
1838 2444 1974 2477 iudicari
1993 2449 2024 2477 et

1285 2496 1412 2529 deliniri
1439 2497 1581 2537 debere,
1608 2508 1645 2530 ac
1670 2497 1797 2530 irritum
1823 2503 1854 2530 et
1878 2497 1973 2530 inane
1999 2497 2024 2530 si

1284 2560 1378 2582 secus
1405 2548 1506 2593 s’uper
1532 2550 1582 2582 liis
1603 2561 1620 2582 a
1641 2559 1816 2594 quoquam,
1834 2550 1945 2594 quavis
1970 2561 2025 2584 au-

1321 2614 1330 2639 1
1355 2612 1468 2639 Videtur
1487 2612 1630 2648 legendum
1650 2615 1676 2640 et
1694 2621 1743 2648 pro
1764 2615 1794 2640 ut
1813 2614 1851 2648 (R.
1868 2615 1919 2647 T.)-
