2232 3178
25 201 73 228 An.
89 200 119 226 C.
142 195 208 225 1738

209 252 332 278 necnon
357 243 396 275 ab
428 242 496 282 eis,
527 241 581 285 qui
614 242 651 274 de
679 240 889 284 dignitatibus
915 251 951 274 ae

210 295 450 331 canonicatibus
475 300 507 328 et
533 295 734 338 praebendis,
762 304 885 328 necnon
905 305 951 327 ca-

209 348 409 384 nonicatibus
427 358 498 381 cum
524 348 657 381 dimidia
679 348 873 391 praebenda,
893 358 949 380 seu

210 401 351 436 dimidiis
377 401 620 434 canonicatibus
645 407 675 433 et
697 401 840 433 dimidiis
861 411 951 443 prae-

209 455 322 488 bendis
348 454 528 497 praedictis,
553 464 589 486 ex
609 464 744 497 quarum
764 459 794 486 et
812 463 949 496 quorum

208 507 384 550 respective
410 506 568 539 fructibus
593 505 747 548 praefatis
768 506 862 538 tertia
888 505 951 537 sru-

209 567 325 601 ctuum,
343 566 377 593 ut
402 561 596 603 praefertur,
617 559 853 603 applicatorum
876 569 950 601 pars

208 625 225 648 a
247 613 343 646 nobis
368 624 427 656 per
451 619 660 656 praesentes,
687 618 722 644 ut
748 612 946 655 praefertur,

207 666 447 706 dismembmia,
466 665 516 699 ac¹
536 665 748 707 dignitatibus
766 669 797 697 et
820 663 949 696 canoni-

207 719 328 753 catibus
353 730 390 751 ac
414 718 608 762 praebendis
630 718 730 751 dictae
752 717 949 760 patriarcha-

207 773 243 804 lis
268 771 423 804 ecclesiae
441 770 700 814 Ulyssiponensis
726 769 945 809 occidentalis,

207 825 302 859 etiam
320 830 354 857 ut
367 824 560 867 praefertur}
577 823 739 866 applicata
755 822 873 862 existit,
887 833 947 866 pro

207 883 353 921 tempore
389 876 582 920 providendi
621 881 735 915 erunt,
769 875 948 918 respective

206 931 369 971 faciendis,
391 931 477 974 quod
496 930 534 963 ad
554 930 806 973 patriarchalem
830 929 949 972 Ulyssi-

206 994 381 1028 ponensem
406 984 649 1023 occidentalem,
672 994 707 1015 ac
732 982 949 1025 archiepisco-

206 1039 295 1081 pales
320 1042 352 1070 et
377 1036 576 1080 episcopales
594 1036 747 1069 eeclesias
769 1035 948 1079 praedictas

206 1101 265 1135 pro
293 1095 437 1133 tempore
462 1088 601 1132 promoti
618 1115 625 1128 ,
650 1099 706 1122 seu
730 1089 770 1121 ad
796 1089 866 1121 illas
891 1099 949 1121 no-

206 1143 316 1176 minati
338 1143 387 1175 vel
412 1141 516 1182 electi,
535 1151 660 1175 necnon
679 1141 717 1174 de
737 1141 948 1183 dignitatibus

206 1208 243 1230 ac
267 1195 510 1229 canonicatibus
536 1201 566 1228 et
590 1194 804 1238 praebendis,
822 1205 947 1227 necnon

206 1250 448 1286 canonicatibus
478 1259 551 1282 cum
587 1248 719 1281 dimidia
744 1248 947 1291 praebenda,

206 1315 262 1338 seu
288 1303 430 1337 dimidiis
457 1302 702 1336 canonicatibus
739 1308 770 1335 et
806 1302 947 1335 dimidiis

205 1358 420 1402 praebendiS‚
447 1368 484 1391 ex
510 1367 649 1400 quorum
676 1356 851 1396 t'ructibus,
877 1357 948 1389 red-

206 1412 326 1445 ditibus
352 1417 383 1445 et
407 1411 621 1455 proventibus
648 1410 741 1444 tertia
766 1411 947 1451 fructuum,

205 1466 389 1500 reddituum
409 1470 439 1498 et
457 1470 681 1507 proventuum,
701 1470 735 1496 ut
752 1465 946 1507 praefertur,

205 1520 442 1563 applicatorum
468 1517 655 1550 huiusmodi
694 1528 767 1560 pars
802 1528 819 1550 a
851 1517 946 1550 nobis

205 1583 263 1617 per
287 1577 478 1616 praesentes
516 1577 549 1604 ut
584 1571 765 1614 praefertur
797 1571 947 1604 dismem-

205 1627 319 1667 brata,
356 1630 387 1659 et
412 1624 620 1668 dignitatibus
646 1635 681 1657 ac
706 1624 946 1657 canonicatibus

205 1685 236 1714 et
260 1679 457 1724 praebendis
483 1678 586 1711 dietae
605 1677 829 1721 patriarchalis
847 1679 946 1710 eccle-

205 1733 269 1767 siae
288 1731 544 1776 Ulyssiponensis
563 1731 782 1770 occidentalis,
799 1731 894 1764 etiam
912 1736 946 1763 ut

205 1786 396 1829 praefertur,
416 1785 578 1828 applicata
596 1784 710 1824 extitit,
728 1794 787 1826 per
808 1784 944 1824 obitum,

205 1845 259 1873 aut
281 1839 544 1882 resignationem,
566 1839 614 1871 vel
633 1838 767 1871 liberam
789 1838 946 1871 dimissio-

205 1903 289 1934 nem,
313 1893 377 1926 sive
402 1891 692 1931 renunciationem,
715 1897 767 1924 aut
787 1892 944 1935 perviam

206 1946 424 1990 deputationis
447 1946 479 1978 in
505 1945 726 1979 coadiutorem
753 1951 944 1988 perpetuum

206 2010 305 2044 super
329 2001 456 2034 illarum
483 2005 514 2033 et
538 2000 666 2033 illorum
694 2000 872 2042 respective
898 2010 946 2032 re-

207 2054 326 2097 gimine
363 2059 394 2086 et
431 2052 707 2085 administratione
741 2063 813 2086 cum
840 2053 945 2085 sutura

207 2108 238 2140 in
262 2107 325 2140 illis
350 2106 528 2150 respective
553 2106 770 2147 successione,
796 2112 849 2139 aut
869 2107 946 2139 alias

208 2160 451 2206 quomodolibet
476 2159 620 2203 provisi,
648 2170 758 2193 omnes
795 2165 826 2193 ct
852 2171 945 2203 quas-

208 2225 343 2258 cumque
369 2223 522 2257 expensas
547 2213 742 2246 necessarias
768 2218 800 2245 et
825 2224 945 2257 oppor—

209 2272 299 2300 tunas
324 2267 354 2299 in
380 2266 582 2309 expeditione
612 2266 790 2299 litterarum
817 2272 946 2309 aposto-

207 2321 339 2354 licarum
362 2320 502 2363 desuper
519 2319 789 2363 expedieudarum
808 2319 946 2361 integra-

209 2374 297 2414 liter,
323 2378 358 2407 ut
383 2374 489 2417 prius,
515 2379 546 2406 et
571 2378 668 2416 prout
696 2379 767 2406 autc
794 2373 946 2407 dismem-

207 2428 397 2468 brationem‚
426 2427 674 2470 separationem,
700 2427 945 2468 seiunctioncm,

208 2491 333 2514 necnon
358 2480 607 2524 applicationem
644 2485 674 2512 et
707 2481 946 2524 appropriatio-

209 2544 282 2568 nem
305 2545 322 2567 a
346 2533 438 2567 nobis
462 2544 520 2577 per
544 2538 729 2576 praesentes
749 2539 781 2566 ut
806 2535 945 2577 praeser-

245 2598 256 2623 ¹
279 2595 400 2624 Pessime
420 2595 484 2624 edit.
503 2595 583 2622 Main.
601 2595 666 2630 legit
684 2604 700 2623 α
722 2603 769 2631 pro
790 2604 822 2623 ac
841 2598 879 2631 (n.
894 2599 943 2630 τ.).

295 2649 373 2678 Bult.
394 2650 477 2678 Rom.
499 2665 532 2670 -
555 2650 615 2678 Vol.
635 2649 763 2679 XXXIV.
890 2649 924 2676 42

832 191 973 216 CLEMENS
999 190 1043 214 x11
1068 191 1117 215 PP.

997 245 1047 272 tur
1072 240 1169 273 saetas
1188 240 1388 281 huiusmodi,
1417 241 1521 275 facere
1543 241 1742 282 debuissent,

995 294 1115 337 absque
1141 295 1207 327 ulla
1232 294 1446 327 diminutione
1467 322 1473 334 ‚
1499 300 1529 327 et
1554 296 1675 338 absque
1701 306 1738 329 eo

996 348 1099 390 quod,
1128 348 1169 380 ob
1195 348 1530 388 dismenihiatioiiein,
1557 349 1735 391 separatio-

995 400 1335 440 nem‚seiunctionem,
1347 411 1473 433 necnon
1489 401 1737 444 applicationem

995 458 1025 485 et
1043 453 1351 496 appropriationem,
1366 465 1383 485 a
1400 454 1496 486 nobis
1512 465 1569 496 per
1588 465 1739 497 praesen-

996 511 1051 544 tes,
1066 512 1100 537 ut
1118 506 1301 548 praefertur
1318 507 1495 550 respective
1515 508 1611 539 factas
1630 507 1738 541 liuius-

994 559 1099 598 modi‚
1118 559 1240 602 aliquid
1259 570 1398 602 unquam
1418 570 1435 591 a
1451 559 1659 602 pattiarcliali
1686 571 1738 594 ec-

994 611 1093 644 clesia
1111 611 1356 655 Ulyssiponensi
1376 612 1582 653 occidentali,
1602 613 1736 656 eiusque

995 664 1204 706 dignitatibus
1246 670 1276 697 et
1315 665 1481 697 canonicis
1522 666 1736 708 praetendere

993 718 1118 760 possint
1135 723 1166 750 et
1191 718 1325 757 valeant,
1345 718 1456 757 facere,
1475 718 1601 762 aliaque
1627 719 1736 752 omnia

993 776 1023 803 et
1048 770 1176 812 singula
1201 771 1269 803 iura
1294 771 1436 803 Datariae
1461 776 1491 803 et
1517 771 1734 805 Cancellariae

993 829 1024 856 et
1055 822 1205 856 Camerae
1231 829 1362 856 nostrae
1393 824 1582 867 apostolicis
1608 824 1734 864 debita',

993 887 1057 919 quo
1084 887 1159 910 vero
1190 877 1228 909 ad
1264 887 1362 909 unum
1401 883 1432 910 et
1467 879 1603 910 alterum
1629 878 1736 911 archi-

993 930 1180 963 diaconatus
1217 930 1362 963 eiusdem
1388 931 1541 964 ecclesiae
1567 931 1734 974 roi-iugat-

992 983 1101 1023 lensis,
1129 994 1165 1015 ex
1193 993 1332 1026 quorum
1357 984 1527 1025 fructibus,
1554 985 1734 1017 redditibus

992 1041 1023 1068 et
1049 1036 1261 1079 proventibus
1289 1037 1429 1077 dimidia,
1449 1048 1485 1070 ac
1507 1043 1569 1070 tres
1595 1049 1632 1070 ex
1658 1048 1734 1081 qua-

994 1094 1064 1122 tuor
1082 1090 1271 1123 eorumdem
1291 1090 1452 1123 fructuum
1471 1091 1647 1134 respective
1666 1101 1735 1135 par-

992 1147 1038 1175 tes
1076 1143 1282 1184 huiusmodi,
1308 1154 1436 1177 necnon
1463 1145 1570 1188 quoad
1604 1145 1733 1178 ultimo-

993 1195 1092 1228 dIctas
1119 1197 1228 1229 decem
1251 1197 1434 1239 dignitates,
1457 1208 1592 1241 quorum
1619 1208 1732 1231 omnes

991 1254 1022 1281 et
1061 1249 1180 1291 singuli
1219 1250 1362 1289 fructus,
1401 1250 1545 1283 redditus
1586 1256 1617 1283 et
1657 1261 1733 1294 pro-

991 1307 1103 1334 ventus
1129 1303 1274 1345 praefati,
1300 1314 1317 1335 a
1342 1303 1437 1336 nobis
1462 1314 1521 1346 per
1546 1310 1732 1346 praesentes

991 1362 1025 1389 ut
1042 1356 1223 1399 praefertur
1240 1356 1500 1397 dismembratae,
1518 1357 1680 1390 seiunctae
1702 1363 1734 1391 et

991 1415 1177 1452 separatae,
1203 1421 1239 1442 ae
1265 1410 1510 1449 dismembrati,
1539 1410 1676 1443 seiuncti
1702 1416 1734 1444 et

990 1463 1138 1506 separati,
1165 1473 1290 1495 necnon
1318 1463 1527 1505 dignitatibus
1552 1474 1587 1496 ac
1606 1463 1732 1496 canoni-

991 1517 1115 1548 catibus
1140 1521 1170 1548 et
1195 1516 1387 1559 praebendis
1414 1517 1516 1549 dictae
1535 1517 1731 1560 patriarcha-

991 1570 1028 1602 lis
1047 1570 1200 1603 eeclesiae
1220 1570 1480 1614 Ulyssiponensis
1503 1570 1730 1611 occidentalis,

990 1623 1084 1656 etiam
1102 1630 1136 1656 ut
1158 1624 1349 1666 praefertur,
1373 1623 1550 1666 applicatae
1570 1629 1600 1656 et
1618 1634 1731 1667 appro-

990 1677 1085 1720 priati
1111 1677 1295 1717 extiterunt,
1322 1677 1408 1720 quod
1435 1677 1472 1710 de
1495 1687 1559 1710 uno
1581 1682 1613 1709 et
1630 1678 1730 1710 altero

990 1730 1148 1774 praefatae
1175 1730 1329 1764 ecclesiae
1356 1730 1605 1773 Portugallensis
1624 1730 1731 1763 archi-

991 1783 1213 1816 diaconatibus
1239 1783 1439 1823 huiusmodi,
1467 1794 1592 1817 necnon
1621 1784 1660 1817 de
1683 1784 1731 1816 ul-

992 1837 1164 1870 timodictis
1190 1838 1303 1871 decem
1328 1838 1550 1880 dignitatibus,
1575 1839 1670 1871 etiam
1695 1843 1732 1870 ut

991 1892 1185 1933 praefertur,
1211 1902 1269 1935 pro
1296 1896 1441 1934 tempore
1465 1891 1669 1935 providendi,
1698 1891 1731 1924 in

991 1945 1195 1988 expeditione
1212 1945 1392 1977 litterarum
1412 1945 1662 1988 apostolicarum
1681 1945 1731 1977 de-

991 2009 1086 2041 super
1111 1998 1399 2038 conficiendarum,
1426 1998 1570 2031 Datariae
1596 2002 1627 2031 et
1652 1997 1730 2031 Can-

991 2051 1142 2084 cellariae
1179 2061 1213 2083 ac
1245 2051 1393 2084 Gamerae
1419 2052 1635 2095 praefatarum
1661 2051 1731 2084 iura

991 2109 1020 2136 et
1037 2115 1195 2147 expensas
1215 2104 1401 2137 huiusmodi
1421 2104 1551 2137 nonnisi
1570 2103 1619 2137 ad*
1638 2105 1730 2137 ratio-

989 2168 1062 2190 nem
1083 2157 1182 2201 partis
1205 2157 1376 2198 fructuum,
1395 2157 1578 2190 reddituum
1604 2163 1634 2190 et
1659 2168 1732 2200 pro-

991 2216 1139 2244 ventuum
1166 2211 1219 2244 uni
1239 2216 1270 2244 et
1287 2212 1378 2244 alteri
1397 2211 1558 2254 praefatae
1576 2211 1730 2244 ecclesiae

990 2264 1247 2307 Portugallensis
1274 2264 1586 2297 archidiaconatibus
1619 2264 1730 2296 liuius-

991 2318 1077 2350 modi
1104 2317 1310 2358 remanentis,
1330 2316 1383 2350 ct²
1408 2318 1445 2350 ad
1470 2317 1628 2349 rationem
1655 2327 1730 2359 por-

991 2372 1088 2404 tionis
1106 2371 1316 2405 ultimodictis
1335 2371 1445 2404 decem
1468 2370 1678 2413 dignitatibus
1699 2375 1730 2403 et

991 2437 1100 2459 earum
1118 2425 1255 2468 singulis
1274 2436 1290 2458 a
1308 2425 1449 2468 capitulo
1469 2435 1598 2457 necnon
1625 2424 1729 2467 digni-

993 2479 1108 2513 tatibus
1129 2485 1159 2512 et
1184 2478 1348 2512 canonicis
1375 2477 1476 2510 dictae
1503 2476 1727 2520 patriarchalis

1027 2553 1037 2578 1
1061 2551 1215 2586 Praeposit.
1237 2550 1274 2578 ad
1294 2557 1342 2576 nos
1362 2548 1485 2576 addimus
1504 2549 1542 2583 (n.
1558 2549 1608 2582 T.).

1024 2596 1040 2623 ⁶2
1060 2596 1202 2624 Coniunct.
1224 2598 1250 2624 ec
1270 2602 1319 2622 nos
1339 2593 1462 2621 addimus
1481 2594 1518 2628 (n.
1540 2594 1590 2627 τ.).

1640 181 1703 216 3⁶29
1749 191 1799 218 An.
1816 192 1843 219 c.
1868 192 1934 221 1738
