2232 3178
479 180 543 212 674
1022 183 1200 209 BULLARIUM
1225 183 1376 208 Romnum

431 242 624 275 Anconitana
660 240 785 279 civitas,
811 238 874 271 :206
907 249 947 278 af,
984 247 1078 280 super
1113 235 1335 269 distributione
1370 235 1443 268 salis
1468 247 1487 269 α
1513 237 1648 270 cccv-tella
1684 239 1863 282 nuncupata
1899 239 1964 273 duo

519 293 731 336 chirographa
756 291 914 324 Pontificis
940 290 1139 329 referuntur,
1163 287 1228 321 0296
1252 289 1288 328 b,
1315 293 1346 321 et
1372 287 1485 321 iterum
1510 289 1755 331 confirmantur,
1779 291 1844 324 304
1867 303 1895 325 α.

430 347 602 389 Anglorum
626 344 793 386 collegium
822 342 853 374 in
879 342 979 382 Urbe,
1005 341 1076 374 vide
1102 340 1252 382 Collegia.

428 399 562 431 Annibal
586 397 725 431 Albanus
749 396 917 439 episcopus
942 393 1141 433 Sabffiensis,
1166 392 1334 426 cardinalis
1358 393 1390 427 S.
1417 394 1602 437 Clementis,
1628 395 1799 429 modernus
1823 396 1854 429 S.
1874 397 1910 430 R.
1930 398 1964 430 E.

520 451 732 490 camerarius,
757 448 799 494 48
823 449 859 489 b,
883 448 924 481 57
949 449 975 480 b.

431 504 586 538 Antonelli
619 502 765 536 Nicotaus
798 500 1060 544 SenogalliensiS,
1088 509 1170 532 unus
1196 509 1232 532 ex
1257 499 1465 532 familiaribus
1496 500 1663 534 Clementis
1688 501 1743 533 PP.
1768 501 1821 534 XII
1848 501 1889 534 74
1913 502 1942 534 b.

434 557 557 590 Antonii
582 556 639 598 (S.)
664 554 791 587 Abbatis
815 554 919 594 Ordo,
944 553 1009 585 604
1032 563 1070 592 α;
1094 552 1166 585 vide
1189 551 1332 585 Monachi
1356 552 1536 585 Maronitae.

430 609 553 642 Antonii
579 609 635 651 (S.)
662 606 845 639 Viennensis
870 606 969 646 Ordo,
986 606 1057 639 ride
1076 604 1224 639 Canonici
1245 605 1407 648 regulares
1427 604 1552 638 Ordinis
1573 605 1602 638 S.
1623 605 1748 639 Antonii
1770 606 1964 640 Viennensis.

430 661 622 705 Approbatio
646 658 827 703 apostolica.
847 676 890 683 -
915 657 1109 702 Approbatio
1134 657 1395 691 constitutionum
1413 657 1564 690 Ordinum
1586 658 1796 701 regularium,
1815 659 1885 692 vide
1905 658 1966 692 Or-

516 712 605 745 dines
630 711 796 754 reputares
824 710 880 742 sub
911 711 977 743 suis
1008 711 1134 751 titulis3
1161 729 1203 735 ·-—
1235 710 1436 743 decretorum
1462 711 1671 754 capitulorum
1697 711 1891 753 generalium
1917 711 1965 744 vel

515 764 768 808 provincialium,
789 763 860 796 vide
884 764 1014 796 Decreta
1042 764 1254 807 capitulorum
1278 763 1428 797 Ordinum
1453 763 1665 806 regularium,
1695 768 1723 796 et
1749 764 1820 796 loca
1844 763 1962 805 citatem

514 837 556 842 —-
582 818 783 850 decretorum
809 817 1118 859 Congregationuin,
1148 817 1220 850 vide
1249 817 1379 850 Decreta
1403 816 1689 858 Congregationum
1715 815 1744 849 S.
1773 816 1806 849 R.
1836 816 1868 848 E.
1899 826 1966 849 car-

514 870 676 910 dinalium,
700 874 729 902 et
754 868 1000 902 Constitutioues
1027 869 1236 912 particulares
1261 873 1291 901 et
1315 873 1382 901 acta
1406 868 1543 912 publica.

426 922 776 956 Archiconfraternitas.
801 941 844 945 -—
868 921 1208 955 Archiconfraternitas
1232 921 1366 954 nationis
1391 921 1576 955 Senensiuin
1602 920 1633 953 in
1655 921 1738 954 Urbe
1769 921 1800 954 in
1833 921 1965 955 ecclesia

513 975 542 1008 S.
568 974 751 1008 Catharinae
777 974 920 1016 erigitur,
945 973 1009 1006 198
1033 985 1052 1006 a
1077 977 1107 1007 et
1128 983 1205 1016 seq.;
1230 973 1301 1006 vide
1324 974 1578 1007 Confi-aternitas.
1813 973 1816 976 ’

426 1028 678 1071 Arcliihospitale
705 1027 733 1059 S.
760 1026 895 1069 Spiritus
919 1026 950 1058 in
981 1026 1073 1059 Saxia
1106 1026 1261 1069 impotens
1292 1027 1373 1059 foret
1404 1027 1442 1059 ad
1475 1026 1639 1059 ferendum
1664 1037 1744 1060 onus
1776 1028 1962 1062 admittendi

516 1091 552 1114 ac
576 1080 678 1113 alendi
703 1079 859 1123 proiectos
884 1079 965 1112 intra
990 1084 1020 1112 et
1045 1084 1132 1111 extra
1157 1079 1249 1112 Urbis
1274 1079 1452 1112 districtum
1470 1085 1558 1113 natos
1582 1079 1635 1124 qui
1659 1080 1698 1113 ad
1722 1080 1799 1113 illud
1824 1070 1964 1124 quoiidie

516 1132 768 1167 numerosissimi
793 1132 979 1172 afferuntur,
1006 1132 1070 1165 316
1095 1133 1125 1173 Ι);
1152 1132 1182 1164 id
1207 1132 1392 1166 incumbere
1416 1133 1586 1176 unicuique
1608 1134 1790 1177 provinciae
1807 1134 1963 1176 statuitur,

513 1187 578 1220 317
603 1197 640 1226 a,
668 1185 869 1219 confessariis
893 1185 925 1217 in
957 1185 1010 1217 illo
1042 1185 1260 1218 conceduntur
1288 1185 1451 1219 facultates
1482 1185 1544 1219 iam
1572 1196 1740 1219 concessae
1771 1187 1963 1231 presbyteris

515 1239 714 1273 confessariis
739 1238 903 1282 hospitalis
927 1239 961 1270 B.
980 1238 1017 1271 M.
1036 1238 1074 1271 de
1099 1238 1215 1280 Gratia,
1241 1238 1461 1272 Consolatione
1486 1243 1517 1271 et
1540 1239 1683 1281 Porticu,
1709 1238 1775 1272 364
1800 1240 1817 1272 b
1841 1245 1872 1273 et
1895 1250 1959 1284 seq.

430 1294 519 1326 Artes
544 1292 717 1325 medicinae
741 1296 772 1324 et
797 1291 976 1333 chirurgiae
1001 1291 1166 1323 exercendi
1191 1291 1321 1325 facultas
1346 1291 1494 1325 tribuitur
1517 1291 1701 1336 Capuccinis
1725 1292 1820 1326 Gallis
1845 1292 1964 1327 missio·

516 1345 613 1379 nariis
639 1345 669 1377 in
694 1344 836 1388 partibus
862 1343 1053 1384 infidelium,
1079 1343 1120 1377 ⁶26
1145 1345 1172 1377 b.

425 1398 625 1432 Auditorium
651 1397 765 1430 Sacrae
790 1398 902 1436 Rotae,
928 1397 998 1429 vide
1022 1397 1118 1430 Rotae
1143 1397 1256 1430 Sacrae
1279 1397 1488 1430 Auditorium.

426 1451 654 1495 Augustiniani.
674 1470 718 1474 -
735 1450 973 1484 Provinciarum
990 1450 1180 1483 Peruntinae
1204 1455 1234 1483 et
1250 1450 1404 1484 Chilensis
1422 1456 1604 1492 conventus,
1624 1451 1655 1484 in
1672 1451 1786 1495 quibus
1803 1457 1874 1485 octo
1891 1452 1964 1485 reli-

514 1503 594 1548 giosi
619 1503 659 1536 ali
684 1513 746 1536 non
771 1507 919 1546 possent,
944 1502 1102 1546 supprimi
1128 1503 1286 1537 mandavit
1312 1503 1427 1536 Paulus
1451 1504 1490 1544 V,
1516 1504 1556 1544 ¹13
1585 1504 1649 1536 suis
1676 1505 1849 1547 privilegiis
1872 1506 1964 1539 resti-

515 1557 589 1597 tuti,
610 1556 630 1589 3
650 1568 690 1597 αξ,
716 1555 948 1598 incorrigibiles
968 1566 1030 1599 qua
1058 1555 1207 1588 methodo
1231 1555 1271 1588 ab
1295 1555 1343 1588 his
1368 1556 1539 1599 provinciis
1564 1557 1726 1599 eiiciendi‚
1743 1557 1808 1590 496
1827 1558 1860 1599 b3
1887 1569 1963 1602 qua-

513 1615 586 1643 tuor
611 1609 804 1652 antiquiores
835 1608 966 1652 parochi
997 1608 1180 1652 provineiae
1207 1608 1316 1641 Mexici
1348 1609 1479 1642 huiusce
1507 1608 1632 1643 Ordinis
1659 1610 1808 1643 fruuntur
1834 1611 1962 1655 privile-

514 1663 573 1704 giis
600 1662 742 1705 priorum
764 1661 1006 1705 provincialium
1030 1660 1170 1694 eiusdem
1188 1661 1380 1704 provinciae,
1405 1661 1469 1695 387
1499 1663 1516 1695 b
1543 1668 1573 1695 et
1600 1673 1675 1706 seq.;
1697 1669 1793 1706 quoto
1820 1669 1962 1708 tempore

514 1714 694 1747 huiusmodi
711 1713 842 1757 parochi
860 1723 967 1746 curam
985 1713 1162 1746 animarum
1184 1713 1297 1747 debent
1313 1724 1461 1748 exercere
1477 1714 1515 1747 ad
1532 1715 1699 1758 privilegia
1722 1716 1962 1760 provincialium

514 1766 750 1810 consequenda,
775 1766 875 1807 ihicl.;
901 1771 965 1798 tres
989 1776 1115 1809 quoque
1139 1766 1252 1800 fratres
1274 1767 1455 1810 provinciae
1479 1767 1573 1800 huius
1597 1768 1792 1812 antiquiores
1815 1768 1964 1803 doctores

512 1819 654 1862 graduati
680 1820 710 1851 in
734 1818 937 1852 universitate
969 1818 1129 1851 Mexicana
1154 1819 1377 1862 magistrorum
1409 1819 1532 1853 Ordinis
1559 1821 1734 1864 privilegiis
1765 1821 1810 1854 uti
1841 1822 1961 1863 valent,

511 1872 575 1905 3902
593 1873 620 1912 b,
641 1871 837 1905 conditiones
857 1871 1066 1914 requirendae
1083 1871 1120 1904 ad
1138 1872 1380 1915 acquisitionem
1399 1873 1580 1906 huiusmodi
1598 1873 1849 1917 privilegiorum,
1866 1875 1959 1916 ibid.;

511 1926 623 1958 fratres
650 1925 743 1958 huius
767 1924 948 1968 provinciae
980 1925 1199 1967 confugientes
1222 1925 1261 1958 ad
1285 1925 1363 1958 alios
1387 1925 1520 1959 Ordines
1544 1926 1608 1959 suis
1632 1926 1848 1969 superioribus
1871 1928 1962 1960 resti-

512 1979 637 2019 tuendi,
662 1978 725 2011 509
750 1989 771 2010 α
795 1983 825 2010 et
848 1988 925 2022 seqs,
952 1979 1060 2021 quales
1085 1977 1224 2011 civitates
1249 1978 1354 2011 Italiae
1380 1978 1618 2022 principaliores
1642 1978 1861 2021 intelligendae
1885 1980 1961 2021 sint,

513 2031 543 2063 in
564 2031 677 2074 quibus
693 2030 834 2073 religiosi
859 2040 986 2063 cursum
1004 2030 1208 2064 decennalem
1226 2030 1470 2074 praedicationis
1485 2031 1574 2064 verbi
1591 2031 1644 2064 Dei
1669 2042 1822 2075 peragere
1845 2033 1962 2067 debent

511 2083 548 2114 ad
571 2082 744 2125 magisterii
762 2083 901 2115 lauream
923 2083 1192 2126 consequendam,
1211 2083 1274 2116 550
1291 2084 1323 2123 b3
1341 2084 1434 2117 lectio
1454 2094 1579 2127 quoque
1596 2085 1779 2128 Scripturae
1798 2096 1853 2129 per
1877 2086 1961 2119 idem

512 2141 635 2178 tempus
659 2134 764 2167 habita
788 2135 820 2167 in
845 2135 978 2168 ecclesia
1002 2135 1030 2168 S.
1050 2135 1215 2178 Augustini
1246 2135 1285 2168 de
1313 2136 1397 2169 Urbe
1421 2136 1535 2169 sufficit
1558 2137 1596 2169 ad
1621 2137 1768 2170 eumdem
1796 2138 1959 2181 effectum,

513 2187 571 2220 551
602 2198 636 2227 a,
662 2188 693 2219 in
718 2187 858 2230 priorem
882 2188 1062 2230 generalem
1087 2188 1160 2230 eligi
1186 2188 1207 2220 ii
1232 2194 1377 2231 possunt,
1395 2189 1448 2232 qui
1469 2189 1607 2222 officium
1625 2191 1841 2233 procuratoris
1865 2201 1959 2234 gene-

511 2240 585 2273 ralis
610 2241 658 2272 vel
682 2240 854 2273 assistentis
885 2240 1042 2283 generalis
1068 2247 1293 2281 exercuerunt,
1317 2242 1402 2274 nulla
1427 2245 1588 2286 expectata
1612 2243 1763 2287 temporis
1788 2244 1958 2286 vacatione,

510 2291 573 2325 568
599 2303 618 2324 α
642 2298 672 2325 et
695 2304 771 2336 seq.;
796 2293 826 2325 in
851 2294 911 2326 hoc
936 2293 1067 2334 Ordine,
1091 2304 1127 2326 ac
1152 2293 1339 2337 praesertim
1365 2294 1396 2327 in
1420 2295 1583 2338 provincia
1608 2296 1777 2337 Mexicana,
1796 2306 1860 2330 non
1876 2297 1958 2330 reci-

511 2344 616 2387 piendi
642 2344 773 2378 inulam
797 2350 826 2378 et
849 2347 988 2387 mestizi,
1014 2346 1078 2378 500
1100 2346 1117 2378 b
1141 2351 1171 2378 et
1194 2357 1257 2390 seq.

420 2397 638 2439 Augustiniani
664 2397 850 2431 Excalceati.
876 2417 918 2423 —
941 2398 1091 2442 Capitulis
1120 2398 1318 2441 generalibus
1336 2399 1462 2434 Ordinis
1485 2401 1578 2434 huius
1601 2401 1857 2435 Excalceatorum
1882 2402 1959 2436 Con-

508 2449 701 2492 gregationis
738 2450 906 2494 Hispaniae
937 2456 967 2484 et
999 2451 1159 2484 indiarum
1190 2452 1351 2495 prohibita
1383 2453 1509 2487 collatio
1540 2454 1825 2497 provincialatuum
1858 2454 1958 2488 hono-

509 2502 683 2543 rariorum,
711 2502 775 2536 103
800 2514 820 2537 a
846 2508 876 2537 et
899 2514 977 2548 seq.;
1003 2503 1110 2537 vicarii
1136 2504 1314 2547 generales,
1339 2516 1402 2549 quo
1434 2511 1578 2550 tempore
1602 2511 1689 2539 extra
1722 2507 1893 2550 capitulum
1918 2507 1957 2540 ad

512 2555 695 2589 vicariatum
731 2556 762 2589 in
797 2557 859 2590 vim
895 2562 1084 2594 statutorum
1116 2563 1146 2592 et
1180 2558 1439 2603 Congregationis
1473 2560 1655 2595 huiusmodi
1690 2561 1956 2603 subintraverint,
