2232 3178
57 240 104 267 Αιι.
123 237 152 264 C.
169 234 235 263 1738

854 229 995 254 CLEMENS
1018 228 1063 252 ΧΠ
1087 228 1136 252 ΡΡ.

283 290 329 311 xv.
358 280 567 310 Procuratores
595 288 696 309 omnes
727 279 935 309 conventuales
957 281 985 307 et

243 329 495 359 administratores
517 328 660 358 bonorum
683 338 734 359 seu
751 328 919 358 facultatum
936 337 985 356 cu·
1005 335 1006 343 ¹

242 377 363 408 iuslibet
384 381 545 407 conventus
567 386 617 407 seu
642 377 758 415 collegii
775 376 898 415 singulis
913 385 984 414 qua-

243 426 448 456 drimestribus
484 426 627 456 rationem
660 426 784 455 reddant
807 425 868 454 suis
901 424 986 453 mini-

243 475 313 505 stris
335 479 363 505 et
399 475 575 505 consiliariis
607 475 642 504 de
665 474 835 504 executione
865 481 984 503 suorum

243 524 405 554 officiorum
421 549 428 562 ,
454 533 486 554 ac
508 524 543 554 de
566 524 692 564 acceptis
714 528 742 554 et
764 523 900 562 expensis
934 532 985 561 pro

244 582 344 603 eorum
377 573 582 613 expeditione:
618 574 646 603 in
681 581 766 612 quein
791 572 925 601 ellectum
949 571 986 601 sit

244 621 319 651 liber
341 622 369 652 in
393 625 461 651 arca
485 622 572 651 trium
595 621 738 659 clavium,
762 621 790 650 in
814 630 870 660 quo
892 619 986 649 dictae

244 670 371 700 rationes
394 670 571 707 scribantur,
595 674 622 700 et
644 669 739 700 debita
763 678 814 709 pro
836 673 864 698 et
886 673 985 698 contra

245 723 422 749 conventum
438 744 445 757 ,
470 729 535 750 cum
568 719 756 749 annotatione
779 717 853 754 diei,
879 717 988 747 mensis

245 772 274 799 et
296 768 387 807 anni,
411 777 604 808 personarum
628 778 642 797 a
666 767 794 807 quibus,
818 771 846 797 et
869 766 934 796 linis
958 766 986 795 in

245 827 332 857 quem
348 822 495 848 contracta
510 821 588 848 sunt.
603 818 635 847 Et
648 817 754 847 librum
768 817 855 846 istum
873 815 988 855 quando

246 867 373 897 etsicut
395 871 509 897 ceteros
539 866 710 896 monasterii
742 866 840 896 visitet
872 865 989 905 provin-

247 916 341 953 cialis,
366 919 394 946 et
416 920 636 956 procuratorem
654 916 697 945 vel
720 914 988 945 administratorem

246 974 305 995 non
328 965 497 996 reddentem
519 965 625 995 dictam
644 965 787 995 rationem
810 967 941 994 amoveat
955 963 989 993 ab

248 1014 360 1052 ostici03
384 1015 554 1045 reddentem
577 1023 657 1048 vero,
688 1013 737 1044 sed
769 1023 826 1044 non
851 1013 988 1051 fideliter,

248 1063 390 1094 arbitratu
413 1073 464 1094 suo
487 1063 599 1103 puniat.

287 1122 349 1144 xvt.
380 1112 480 1143 Sciant
502 1113 580 1143 enim
609 1112 736 1142 ministri
768 1116 797 1142 et
829 1111 991 1142 consiliarii

248 1161 327 1202 ipsos
350 1171 408 1192 non
440 1171 504 1193 esse
541 1167 745 1202 procuratores
776 1166 988 1197 conventuum,

249 1220 303 1241 nec
324 1211 469 1242 bonorum
492 1211 763 1249 administrat01·es;
788 1211 896 1250 quippe
911 1219 991 1240 com-

249 1260 419 1298 munitates,
434 1270 558 1300 quorum
572 1265 639 1291 sunt
651 1260 736 1297 bona,
754 1259 992 1300 procuratoribus

249 1318 301 1339 seu
334 1309 623 1340 administratoribus
656 1319 706 1349 per
735 1319 819 1339 suum
847 1308 993 1339 authenti-

250 1367 317 1388 cum
341 1358 508 1389 mandatum
524 1368 538 1389 a
555 1368 585 1389 se
608 1358 760 1389 destinatis
783 1358 927 1396 integram
945 1358 994 1387 ad-

250 1408 496 1438 ministrationem
522 1408 741 1438 commiserunt.
762 1407 903 1437 Ministris
924 1417 993 1437 vero

252 1461 281 1486 et
303 1458 480 1488 consiliariis
513 1457 606 1488 solum
638 1457 775 1496 competit
797 1457 925 1487 rationes
948 1466 993 1486 re·

251 1509 402 1545 ceptorum
430 1510 458 1536 et
487 1515 681 1545 expensorum
710 1514 841 1541 sumere,
865 1505 992 1535 fructus-

251 1564 309 1594 que
332 1559 360 1585 et
382 1555 524 1593 redditus,
545 1555 608 1595 qui¹
630 1555 774 1586 bonorum
798 1555 941 1585 culturam
966 1559 994 1584 et

253 1605 506 1635 conservationem
525 1610 612 1644 atque
629 1604 794 1635 debitorum
818 1605 993 1634 solutionem

253 1652 340 1684 liberi
364 1663 417 1693 pro
439 1658 585 1684 conventu
609 1663 660 1684 seu
693 1653 816 1691 collegio
846 1655 995 1692 reperian-

253 1705 314 1741 tur,
339 1703 368 1733 in
391 1705 459 1733 arca
482 1704 570 1733 trium
589 1703 715 1733 clavium
732 1707 759 1733 et
776 1702 995 1732 communitatis

253 1751 380 1782 officinis
393 1761 535 1792 reponere
551 1752 586 1782 ad
603 1761 687 1782 usum
711 1756 739 1782 et
761 1761 901 1791 expensas
917 1761 996 1781 com-

254 1801 417 1831 munitatis.

294 1858 362 1880 xvn.
386 1850 514 1890 Ideoque
536 1850 733 1890 praecipimus
755 1850 783 1880 in
800 1850 908 1880 virtute
930 1859 997 1879 san-

254 1903 317 1930 ctae
339 1899 532 1937 obedientiae,
556 1904 584 1930 et
606 1899 659 1929 sub
683 1905 836 1939 praecepto
859 1900 995 1938 formali,

255 1949 389 1989 patribus
416 1949 560 1979 ministris
587 1953 615 1978 et
642 1949 840 1987 consiliariis,
863 1959 916 1979 nec
939 1958 997 1979 non

255 1998 495 2037 procuratoribus
517 2002 545 2028 et
566 1998 855 2028 administratoribus
878 1998 998 2037 quibus-

256 2056 399 2086 cumque,
424 2047 501 2086 quod
525 2057 621 2086 neque
651 2047 738 2086 primi
761 2047 921 2086 supradicti
949 2056 999 2076 au-

256 2095 345 2126 deant
366 2096 477 2135 aliquid
510 2097 627 2134 exigere
649 2101 698 2126 aut
730 2097 863 2135 accipere
896 2106 910 2125 a
934 2106 999 2135 pro-

257 2145 442 2175 curatoribus
458 2149 486 2175 et
504 2145 804 2181 administratoribus,
818 2150 934 2185 praeter
952 2155 996 2183 ea,

258 2204 344 2234 quae,
369 2194 472 2224 solutis
493 2195 658 2233 solvendis,
682 2195 826 2234 factisque
849 2195 997 2234 expensis,

258 2242 350 2273 libera
375 2243 562 2283 reperiantur
595 2253 646 2283 pro
668 2248 833 2281 conventu3
858 2254 911 2274 nec
946 2244 998 2282 hi,

258 2292 394 2322 videlicet
431 2297 637 2332 procuratores
670 2297 698 2322 et
731 2293 999 2330 administratores,

259 2341 338 2372 aliud
362 2342 432 2381 ipsis
455 2341 622 2382 petentibus
645 2342 785 2379 reddant,
817 2347 845 2372 et
877 2343 952 2381 quod
977 2342 999 2372 si

260 2394 403 2429 cogantur
425 2400 439 2421 a
463 2400 515 2420 suo
535 2391 679 2429 ministro,
698 2391 774 2421 illico
791 2391 1000 2430 provincialem

260 2440 416 2470 certiorem
440 2440 548 2470 saciant
580 2440 616 2470 de
646 2439 805 2476 violentia,
830 2439 883 2470 sub
906 2442 1002 2480 poena

261 2489 434 2528 privationis
464 2489 551 2519 officii
583 2488 686 2518 similis
719 2489 748 2519 in
782 2494 953 2528 perpetuum
973 2500 1002 2520 0-

261 2538 380 2570 mnibus
401 2539 691 2570 contravenientibus
714 2539 782 2574 huic
805 2544 972 2580 praecepto.

298 2643 309 2669 1
332 2641 442 2670 Videtur
461 2641 542 2670 desse
558 2644 623 2677 pose
643 2642 680 2678 (n.
694 2642 743 2677 iu).

1067 286 1146 306 xviu.
1169 276 1290 314 Nullus,
1314 276 1375 307 sive
1412 276 1554 311 minister,
1579 276 1639 306 sive
1664 285 1770 315 procu-

1027 330 1117 363 rator,
1153 327 1213 356 sive
1246 327 1466 356 administrator
1498 325 1642 356 bonorum
1666 326 1768 364 possit,

1027 385 1079 405 nec
1103 376 1136 405 ad
1159 376 1246 405 breve
1263 380 1388 415 tempus,
1405 376 1473 405 dare
1490 376 1518 405 in
1535 375 1769 405 arrendationem

1027 423 1101 453 bona
1125 424 1300 461 fructifera,
1324 434 1397 464 quae
1428 428 1590 454 conventus
1622 423 1709 453 liabet
1740 424 1770 452 in

1028 482 1120 511 agro,
1145 474 1168 502 si
1203 474 1340 513 expensis
1373 474 1589 504 communitatis
1623 472 1770 503 elaborata

1029 522 1137 551 suerint
1170 522 1350 561 aliquando,
1375 523 1430 552 nisi
1465 521 1718 552 consentientibus
1741 530 1770 550 o-

1006 593 1007 602 ,
1029 570 1147 600 mnibus
1175 571 1337 609 suffragiis,
1362 580 1419 600 non
1443 571 1536 600 solum
1560 570 1769 607 habitantium,

1029 619 1079 649 sed
1104 620 1192 649 etiam
1226 620 1439 659 pertinentium
1463 620 1497 649 ad
1528 620 1646 649 domum
1679 619 1771 656 illam,

1029 672 1058 698 et
1080 669 1114 698 de
1137 668 1260 698 licentia,
1282 669 1373 708 patris
1406 668 1613 708 provincialis,
1638 668 1704 707 qui,
1727 667 1771 697 in-

1030 719 1131 757 specta
1162 718 1312 754 utilitate,
1337 727 1399 747 eam
1434 717 1592 753 concedet,
1616 716 1773 746 dummodo

1030 776 1087 796 non
1111 767 1218 797 dentur
1241 767 1275 797 ad
1299 767 1387 796 vitam
1411 766 1557 800 alicuius,
1581 775 1634 795 nec
1657 766 1690 795 ad
1714 774 1774 794 ma-

1030 816 1074 853 gis
1110 820 1225 855 tempus
1262 825 1349 855 quam
1383 815 1416 845 ad
1450 815 1609 845 triennium
1646 814 1774 845 ministri

1030 864 1163 894 actualis.

1213 942 1360 965 REGULAE
1386 942 1486 965 CAPUT
1513 942 1587 964 XLII.

1093 997 1115 1015 St
1131 997 1181 1019 quis
1196 996 1263 1015 huius
1278 996 1369 1015 ordinis
1385 996 1459 1014 frater
1473 999 1527 1014 esse
1542 995 1651 1015 voluerit.
1667 996 1715 1013 ete.

1032 1048 1102 1079 CAP.
1127 1057 1193 1078 xLu.
1220 1065 1254 1069 -
1279 1047 1318 1077 De
1340 1047 1526 1080 noritintibus,
1556 1056 1587 1075 ac
1609 1047 1774 1084 receptione,

1093 1098 1251 1127 educatione
1274 1101 1299 1126 ct
1321 1096 1515 1135 approbatione
1539 1096 1714 1124 novitiorum.

1074 1174 1093 1194 1.
1117 1164 1259 1204 Superior
1281 1163 1426 1202 generalis
1455 1172 1521 1192 cum
1544 1172 1688 1192 consensu
1712 1171 1776 1200 pro-

1036 1213 1170 1243 vincialis
1193 1213 1222 1243 in
1246 1212 1376 1252 qualibet
1398 1211 1550 1251 provincia
1574 1211 1706 1248 designet
1728 1210 1778 1240 do-

1036 1272 1097 1292 mos
1120 1262 1302 1292 necessarias
1326 1270 1377 1300 pro
1394 1260 1565 1290 educatione
1589 1260 1776 1288 novitiorum.

1035 1312 1069 1342 Et
1087 1320 1201 1351 semper
1224 1311 1282 1340 sint
1307 1310 1496 1348 segregatae¹
1516 1318 1529 1337 a
1550 1308 1732 1347 frequenti2'13
1750 1312 1778 1337 et

1036 1360 1126 1390 semel
1159 1359 1350 1398 designatae,
1386 1368 1444 1388 uon
1478 1357 1685 1396 relinquantur
1716 1356 1779 1386 sine

1036 1410 1117 1449 gravi
1141 1410 1241 1439 causa.
1271 1408 1399 1438 Ministri
1429 1411 1525 1437 autem
1562 1408 1707 1437 dictarum
1730 1406 1779 1435 do-

1036 1468 1150 1490 morum
1183 1458 1343 1498 prudentes
1378 1457 1436 1487 sint
1467 1461 1494 1487 et
1523 1456 1728 1493 observantes,
1752 1459 1780 1485 et

1036 1510 1086 1548 qui
1119 1508 1175 1538 iam
1208 1507 1316 1537 suerint
1350 1507 1394 1544 (si
1419 1506 1481 1535 fieri
1506 1505 1615 1544 possit)
1646 1503 1777 1542 magistri

1037 1557 1216 1586 novitiorum
1239 1560 1267 1585 et
1291 1555 1500 1595 professorum.

1077 1615 1105 1635 11.
1129 1605 1270 1634 Similiter
1293 1604 1428 1643 superior
1450 1603 1596 1641 generalis
1619 1603 1706 1640 eligat
1723 1611 1782 1631 ma-

1038 1655 1161 1693 gistrum
1185 1653 1363 1683 novitiorum
1386 1662 1451 1682 cum
1475 1652 1596 1681 consilio
1619 1651 1783 1690 provincia-

1039 1704 1086 1741 lis,
1112 1713 1164 1742 pro
1187 1703 1270 1732 cuius
1294 1702 1445 1741 provincia
1468 1701 1597 1739 eligitur,
1614 1704 1641 1730 et
1663 1700 1700 1729 sit
1718 1709 1780 1739 per-

1039 1762 1109 1783 sona
1132 1752 1317 1792 spiritualis,
1342 1751 1487 1790 prudens,
1511 1750 1592 1779 docta
1622 1753 1650 1779 et
1678 1753 1781 1789 potens

1041 1801 1153 1831 viribus
1176 1801 1211 1830 ad
1240 1800 1367 1838 rigorem
1401 1800 1476 1829 vitae
1499 1798 1662 1828 communis
1695 1798 1781 1828 susti-

1040 1851 1179 1888 nendum,
1205 1854 1290 1888 atque
1313 1850 1421 1884 etiam,
1445 1848 1495 1887 qui
1519 1848 1604 1877 t'uerit
1627 1847 1783 1886 aliquando

1042 1900 1180 1937 magister
1215 1908 1318 1928 recens
1361 1898 1559 1937 professorum
1599 1896 1782 1926 studentium

1042 1948 1256 1988 philosophiae,
1281 1951 1330 1976 aut
1352 1946 1561 1984 con-magister
1583 1946 1781 1983 novitiorum,

1042 1999 1085 2028 vel
1110 1999 1238 2027 vicarius
1260 1996 1386 2027 alicuius
1405 1996 1520 2033 collegii
1544 1995 1707 2033 theologiae
1726 1999 1784 2024 stu-

1041 2047 1173 2077 dentium
1211 2051 1261 2075 aut
1299 2046 1402 2075 domus
1440 2045 1630 2074 novitiorum.
1672 2044 1783 2073 Poterit

1042 2097 1128 2126 etiam
1165 2095 1298 2134 superior
1320 2094 1465 2133 generalis
1487 2094 1595 2131 eligere
1622 2092 1783 2130 con-inagi-

1042 2151 1116 2175 stros
1128 2146 1148 2182 ²,
1167 2145 1301 2175 consulto
1324 2143 1473 2182 magistro,
1499 2147 1529 2172 ut
1552 2143 1641 2180 eligat
1664 2143 1782 2179 religio-

1042 2205 1106 2226 sum
1130 2195 1186 2234 ipsi
1209 2194 1398 2230 benevisum,
1421 2202 1455 2222 ac
1477 2193 1562 2230 genio
1595 2196 1622 2222 et
1655 2191 1785 2221 moribus

1043 2255 1100 2275 non
1124 2244 1306 2278 absimilem,
1331 2253 1367 2273 ne
1391 2243 1482 2279 sorte,
1508 2241 1531 2271 si
1566 2241 1654 2270 alium
1679 2241 1783 2278 eligat,

1043 2294 1138 2334 potius
1160 2292 1337 2323 discordiam
1370 2292 1571 2330 scissurasque
1593 2290 1670 2319 inter
1701 2289 1786 2318 disci-

1045 2344 1127 2383 pulos
1155 2342 1339 2380 introducat,
1363 2349 1450 2380 quam
1478 2339 1617 2377 magistro
1650 2338 1786 2368 iuvamen

1044 2393 1164 2424 tribuat.

1083 2451 1124 2472 111.
1149 2440 1322 2481 Superiores
1344 2442 1459 2476 curent,
1477 2437 1553 2477 quod
1573 2436 1701 2475 religiosi
1718 2445 1787 2465 con-

1044 2491 1194 2521 ventuales
1210 2490 1403 2520 novitiatuum
1427 2488 1486 2518 sint
1503 2488 1583 2517 valde
1600 2487 1785 2517 observantes

1044 2545 1073 2571 et
1093 2539 1288 2579 exemplares.

1083 2600 1092 2624 1
1115 2597 1186 2624 Edit.
1207 2596 1290 2623 Main.
1313 2596 1385 2630 legit.
1405 2598 1557 2630 seyrcyula
1577 2598 1616 2626 (ti.
1632 2594 1682 2626 τ.).

1079 2642 1095 2669 2
1115 2642 1209 2677 Aptius
1228 2641 1287 2676 lege
1307 2640 1551 2675 con-mayz'slrum
1572 2640 1612 2674 (a.
1629 2638 1675 2673 T0).

1667 217 1732 252 475
1778 226 1826 253 An.
1850 226 1878 254 c.
1896 227 1962 256 1738

1816 1207 1845 1227 De
1859 1180 1971 1227 {missenu-

1788 1234 1838 1257 bus,
1860 1235 1878 1253 in
1895 1234 1972 1260 quibus

1790 1260 1895 1290 1³11urandi
1925 1262 1973 1280 sunt

1790 1290 1872 1308 nonin.
