2232 3178
244 257 296 284 Αη.
316 257 346 284 c.
370 257 437 284 ¹735
482 247 523 281 68

333 1057 424 1077 ῘὶιήΰιΊί-

241 1087 285 1104 ctu<
296 1084 339 1104 xm
351 1085 424 1104 {lecre-

241 1114 268 1129 vit
279 1111 386 1134 digniores

438 314 611 346 nnccxxxv‚
645 315 676 339 Vl
703 304 855 338 kalendas
881 304 1017 348 augusti,
1042 304 1174 349 pontili-

438 363 525 391 catus
550 358 651 391 nostri
678 368 761 391 anno
786 368 829 391 vi.

472 417 531 445 Dat.
552 417 595 444 die
614 417 647 444 27
670 417 726 443 iulii
749 417 826 450 1735,
850 417 947 452 pontif.
970 426 1039 445 anno
1060 425 1095 445 Vl.

745 468 779 501 F.
800 469 888 502 card.
908 469 1093 504 Omvnnius.

737 589 864 623 CLXIII.

437 658 647 701 Confirmatio
672 660 841 692 cuiusdam
866 660 1073 703 parant-aphi
1104 670 1176 692 con-

478 712 661 744 stitutionis
689 712 853 745 Benedicti
877 713 946 746 PP.
972 713 1065 746 XIII
1091 713 1177 745 circa

477 765 678 797 vacationem
694 765 899 798 abbatIarum
928 766 1177 799 obtinendarum

479 818 512 849 111.
539 818 793 861 Conyregyatione
815 819 1024 861 reqularium
1047 819 1080 852 S.
1098 818 1174 852 Sal-

478 871 600 903 vator-is
626 871 761 904 Ordinis
785 873 893 904 sancti
916 872 1114 915 Augustini.

647 943 781 970 clemens
801 943 880 977 Papa
901 943 964 977 XII,

573 987 609 1014 ad
629 987 762 1014 futuram
782 988 827 1014 rei
848 988 1034 1015 memoriam.

479 1048 493 1091 ἓ
511 1048 542 1081 l.
562 1048 685 1091 Exponi
704 1050 798 1082 nobis
817 1060 923 1092 nuper
940 1049 1015 1082 fecit
1040 1049 1177 1082 dilectus

383 1111 423 1156 υἷας
436 1101 519 1135 filius
536 1102 673 1135 Ioannes
693 1102 844 1135 Albertus
862 1103 900 1135 ‹ie
917 1102 1053 1136 Grandis
1079 1103 1178 1136 abbas

366 1153 595 1197 1‹›=‚4gene1=atis
632 1154 900 1197 Congregationis
938 1155 970 1188 S.
1004 1155 1177 1189 Salvatoris

241 1187 298 1210 esse*
315 1196 422 1210 assumen-

295 1233 299 1239 .
327 1206 564 1242 quamtum-dinis
593 1207 612 1239 S
654 1207 836 1249 Augustini,
864 1208 948 1251 quod
977 1219 1035 1250 per
1060 1209 1178 1241 consti-

241 1243 423 1263 monasterueius·

241 1269 425 1317 iffi‘c‘iagssssuffiissi
437 1259 591 1292 tutionem
619 1259 720 1292 felicis
745 1260 984 1293 recordationis
1011 1261 1176 1294 Benedicti

437 1312 494 1345 Pr.
516 1312 581 1345 >1111
606 1313 870 1355 praedecessoris
896 1313 996 1347 nostri
1027 1324 1109 1347 anno
1128 1315 1178 1346 In-

437 1364 634 1398 carnationis
661 1365 839 1398 dominicae
863 1376 1033 1407 nnccxxix,
1055 1378 1098 1400 vn
1124 1367 1178 1400 ka-

437 1418 548 1452 lendas
574 1418 697 1461 aprilis,
721 1418 927 1462 pontificatus
964 1420 1011 1452 sui
1049 1430 1133 1453 anno
1158 1431 1178 1453 v

438 1476 627 1512 emanatam,
646 1481 740 1515 quam
759 1482 817 1505 nos
835 1482 895 1516 per
912 1472 1007 1505 aliam
1033 1478 1177 1506 nostram

436 1525 701 1558 constitutionem
721 1525 760 1557 'ad
785 1526 960 1569 pristinum
994 1531 1110 1560 statum
1142 1538 1178 1561 ac

436 1578 609 1611 terminum
636 1578 768 1611 omnino
800 1579 986 1612 reduximus
1018 1585 1048 1613 et
1076 1580 1175 1613 redu-

436 1636 517 1664 ctam
541 1642 612 1664 esse
632 1630 822 1673 voluimus¹,
842 1632 927 1665 inter
943 1632 1005 1666 alia
1031 1633 1179 1666 statuitur

436 1689 466 1716 et
491 1684 697 1725 decernitur,
733 1686 842 1728 quod,
876 1685 953 1718 licet
985 1685 1178 1728 dispositio,

436 1747 518 1780 quae
545 1737 683 1770 habetur
707 1737 737 1769 in
763 1737 880 1770 litteris
906 1738 978 1780 piae
1004 1739 1180 1772 memoriae

435 1791 524 1824 Pauli
562 1791 664 1834 Papae
695 1791 718 1823 V
757 1792 1017 1835 praedecessoris
1056 1795 1181 1837 pariter

435 1844 548 1885 nostri,
576 1854 710 1888 quarum
744 1844 872 1877 initium
899 1851 946 1878 est
969 1845 1066 1879 Alias
1090 1851 1180 1879 motu

433 1898 579 1942 proprio,
605 1904 680 1937 etc„
705 1898 821 1941 quibus
848 1909 1005 1941 personae
1031 1900 1178 1934 diversae

435 1951 576 1985 nationis
605 1961 642 1985 ac
679 1951 802 1994 patriae
839 1952 877 1985 ad
913 1953 1058 1996 regimen
1084 1965 1179 1997 prae-

435 2005 612 2037 laturarum
643 2005 915 2038 monasteriorum
957 2006 1061 2040 dictae
1097 2006 1179 2040 Con-

437 2058 634 2101 gregationis
658 2057 689 2091 S.
712 2057 887 2091 Salvatoris
920 2059 1037 2092 assumi
1071 2066 1180 2093 vetan-

436 2115 497 2150 tur,
524 2116 554 2144 et
580 2110 662 2143 natis
690 2111 743 2143 ubi
782 2111 842 2144 sita
878 2117 953 2145 sunt
985 2114 1179 2147 monasteria

436 2164 640 2206 praelaturas
658 2165 786 2198 easdem
805 2165 946 2198 conferri
972 2167 1177 2210 praecipitur,

437 2216 609 2250 retroactis
633 2217 838 2260 temporibus
859 2218 946 2251 utilis
968 2229 1039 2252 esse
1057 2224 1176 2262 potue-

438 2270 492 2310 rit,
518 2271 741 2311 nihilominus,
760 2281 831 2304 eum
857 2272 898 2304 ob
924 2272 1083 2305 desectum
1110 2273 1179 2306 ido—

435 2333 575 2356 neorum
601 2324 762 2357 interdum
796 2335 861 2357 non
894 2325 1029 2358 idoncos
1054 2337 1181 2368 promo-

436 2387 526 2418 vere,
563 2381 616 2409 aut
651 2377 855 2420 praelaturas
888 2377 974 2420 ipsas
1010 2388 1075 2411 non
1110 2379 1179 2411 sine

436 2440 554 2472 magno
591 2429 749 2472 regularis
786 2429 976 2473 disciplinae
1009 2436 1040 2464 et
1072 2441 1178 2464 rerum

437 2483 709 2517 monasteriorum
735 2482 930 2517 detrimento
949 2494 1064 2517 vacuas
1082 2485 1179 2518 relin-

439 2546 536 2579 quere
564 2541 723 2580 oporteat,
760 2537 844 2570 idem
870 2535 1063 2571 Benedictus
1088 2549 1179 2581 prae-

437 2588 602 2630 decessor,
625 2589 809 2624 huiusmodi
848 2591 937 2634 gravi
974 2591 1179 2625 incommodo

474 2654 484 2679 1
508 2651 580 2680 Edit.
602 2651 681 2681 Main.
703 2652 767 2687 legit
786 2653 918 2681 volumus
939 2653 980 2688 (R.
998 2654 1046 2688 T.).

1020 254 1205 280 BULLARIUM
1232 255 1392 281 ROMANUM

1221 298 1392 338 occurrere
1421 305 1547 345 volens,
1574 315 1610 338 ae
1643 309 1676 337 ut
1708 305 1862 348 deinceps
1887 314 1960 348 per-

1221 368 1328 399 sonae⁷
1354 357 1386 390 in
1417 357 1549 390 abbates
1573 358 1845 391 monasteriorum
1871 367 1961 401 prae-

1221 410 1324 443 dictae
1338 410 1608 453 Congregationis
1623 411 1843 451 assumendae,
1861 410 1960 443 sacris

1220 463 1361 503 litteris,
1397 463 1570 506 prudentia
1608 469 1640 496 et
1675 463 1858 496 maturitate
1895 463 1962 496 sint

1220 517 1502 556 commendabiles,
1519 522 1550 550 et
1565 516 1701 550 idonaee
1718 518 1757 550 ad
1776 517 1912 550 feliciter
1929 517 1960 549 in

1220 570 1443 613 spiritualibus
1465 576 1496 603 et
1513 571 1748 613 temporalibus
1766 570 1962 603 monasteria

1219 622 1289 665 ipsa
1325 623 1510 665 dirigenda,
1544 622 1788 666 dispositionem
1823 623 1962 655 litteras-

1220 686 1282 718 que
1303 676 1486 719 praedietas
1512 675 1653 708 eiusdem
1669 675 1756 708 Pauli
1773 675 1961 718 praedeces-

1220 728 1315 768 soris,
1331 739 1457 761 necnon
1477 728 1555 761 alias
1573 729 1770 762 recolendae
1788 728 1961 761 memoriae

1222 781 1393 815 Alexandri
1410 781 1514 824 Papae
1531 781 1588 821 Vll,
1605 781 1716 815 itidem
1733 781 1961 825 praedecesso-

1220 834 1263 866 ris
1277 834 1388 873 nostri,
1403 833 1595 877 incipientes
1606 833 1658 867 Act
1672 834 1876 879 apostolicae,
1891 838 1960 875 ete„

1221 886 1349 929 quibus,
1367 886 1452 919 inter
1466 892 1584 926 cetera,
1598 887 1845 930 Congregationi
1861 886 1963 921 S.Sal-

1221 939 1338 972 vatoris
1365 939 1552 972 huiusmodi
1579 939 1740 973 abbatiam
1767 940 1962 984 infrascripti

1221 992 1410 1025 monasterii
1438 997 1539 1026 terrae
1561 992 1650 1026 Centi
1679 994 1837 1027 dioecesis
1859 994 1963 1027 Bono-

1221 1045 1344 1078 niensis
1370 1047 1561 1090 presbytero
1587 1047 1732 1089 professo
1766 1053 1796 1080 et
1821 1047 1853 1080 in
1879 1047 1963 1080 dicta

1223 1100 1307 1131 terra
1334 1106 1415 1139 orto,
1443 1100 1505 1138 vel,
1531 1099 1562 1131 in
1590 1099 1659 1132 eius
1685 1101 1856 1141 desectum,
1889 1100 1965 1133 Fer-

1221 1153 1372 1192 rariensi,
1391 1153 1581 1185 conserendi
1603 1153 1758 1196 obligatio
1776 1153 1963 1196 iniungitur,

1221 1206 1252 1238 in
1287 1198 1348 1238 hac
1384 1212 1474 1249 parte
1508 1212 1641 1246 tantum,
1668 1207 1699 1239 in
1725 1207 1861 1250 reliquis
1885 1217 1964 1240 vero

1222 1259 1253 1291 in
1282 1269 1340 1291 suo
1366 1259 1484 1292 robore
1511 1260 1745 1302 permansuris,
1783 1260 1821 1293 de
1853 1260 1963 1293 medio

1221 1312 1351 1344 sustulit
1364 1316 1394 1344 et
1408 1312 1578 1354 abrogavit
1594 1323 1601 1352 ;
1623 1313 1872 1346 occurrentibus
1888 1323 1963 1346 vero

1222 1365 1425 1398 abbatiarum
1460 1365 1692 1407 vacationibus,
1723 1366 1894 1410 praecepit
1929 1371 1965 1399 ut

1222 1419 1318 1452 abhas
1355 1419 1518 1461 generalis
1555 1424 1586 1452 et
1620 1425 1760 1463 quatuor
1784 1420 1964 1453 visitatores

1223 1472 1324 1505 dictae
1350 1471 1620 1515 Congregationis
1642 1473 1825 1515 digniorem
1852 1483 1965 1516 perso-

1222 1536 1295 1558 nam
1322 1535 1357 1558 ex
1384 1525 1562 1568 provincia,
1580 1526 1611 1558 in
1628 1537 1690 1569 qua
1707 1526 1837 1559 abbatia
1849 1536 1964 1560 vacans

1223 1578 1283 1611 sita
1309 1578 1421 1620 suerit,
1448 1579 1640 1620 desumant,
1673 1590 1744 1612 cum
1772 1580 1832 1612 hac
1858 1585 1964 1613 tamen

1223 1633 1345 1674 regula,
1372 1632 1470 1675 quod,
1491 1632 1608 1665 ceteris
1624 1633 1766 1676 paribuS,
1785 1633 1965 1677 respective

1223 1684 1379 1728 praeferri
1406 1685 1546 1718 debeant
1564 1685 1709 1728 religiosi
1728 1686 1874 1719 canonici
1894 1697 1966 1730 pro-

1224 1737 1405 1781 pinquioris
1437 1739 1624 1771 monasterii
1659 1739 1897 1782 provinciarum
1925 1750 1966 1773 e·-

1224 1791 1349 1823 iusdem
1375 1790 1667 1834 Congregationis,
1702 1792 1823 1836 quique
1849 1793 1965 1827 saltem

1224 1844 1255 1877 in
1284 1844 1567 1887 trigesimoquinto
1593 1856 1670 1878 suae
1696 1846 1807 1878 aetatis
1833 1851 1864 1878 et
1889 1846 1966 1879 duo-

1223 1896 1350 1931 decimo
1368 1898 1544 1942 religiosae
1558 1899 1773 1942 professionis
1791 1909 1875 1933 anno
1893 1910 1966 1933 con-

1223 1951 1322 1984 stituti
1349 1951 1510 1992 existant,
1545 1957 1576 1985 et
1612 1957 1725 1996 postea
1761 1964 1821 1997 per
1851 1963 1965 1987 novem

1224 2014 1329 2038 annos
1355 2015 1426 2038 cum
1451 2005 1547 2038 laude
1577 2009 1607 2038 et
1633 2006 1866 2049 discipulorum
1891 2017 1966 2051 pro-

1224 2058 1306 2091 sectu
1325 2058 1572 2102 philosophiam
1591 2064 1644 2091 aut
1663 2060 1861 2104 theologiam
1875 2071 1965 2104 prae-

1223 2111 1375 2154 legerint‚
1400 2112 1449 2144 vel
1476 2116 1624 2155 tyronum
1651 2112 1809 2155 regimen,
1836 2123 1892 2146 seu
1915 2124 1965 2146 cu-

1223 2174 1290 2197 ram
1316 2164 1505 2206 animarum,
1529 2164 1560 2197 in
1579 2164 1642 2198 illis
1669 2166 1813 2199 ecclesiis
1840 2166 1964 2199 dumta-

1223 2223 1275 2249 xat
1314 2218 1430 2261 quibus
1469 2218 1647 2251 inserviunt
1683 2219 1781 2252 iidem
1818 2220 1964 2253 canonici

1222 2271 1253 2303 S.
1274 2271 1458 2312 Salvatoris,
1478 2271 1603 2314 ibique¹
1629 2272 1714 2314 viget
1732 2273 1890 2315 regularis
1908 2273 1966 2306 ob—

1222 2324 1392 2364 servantia,
1426 2324 1642 2366 exercuerint,
1667 2335 1722 2358 seu
1757 2325 1966 2368 quadragesi-

1223 2377 1297 2410 mali
1318 2382 1463 2420 tempore
1482 2388 1590 2410 sacras
1608 2379 1780 2411 conciones
1805 2378 1837 2411 in
1856 2379 1964 2412 civita-

1223 2430 1307 2463 tibus
1326 2431 1364 2464 ad
1383 2431 1539 2474 populum
1567 2431 1755 2472 habuerint,
1774 2433 1822 2465 vel
1846 2442 1963 2465 munus

1223 2483 1440 2526 praesidentis
1477 2485 1608 2518 actualis
1644 2485 1871 2526 sustinuerint,
1906 2495 1962 2519 seu

1222 2547 1280 2579 per
1304 2537 1490 2581 quindecim
1510 2548 1668 2572 annorum
1690 2539 1829 2582 spatium
1847 2548 1963 2582 procu-

1222 2590 1382 2624 rationem
1397 2591 1532 2624 alicuius
1550 2591 1738 2626 monasterii
1753 2591 1962 2626 laudabiliter

1261 2654 1268 2680 l
1295 2651 1385 2681 Potius
1403 2653 1463 2690 lege
1484 2654 1589 2690 ubique
1607 2655 1648 2690 (n.
1664 2655 1713 2690 1.).

1966 255 2015 282 An.
2035 254 2065 282 c.
2088 255 2155 282 ¹735
2205 235 2232 309 {5³
