2232 3178
274 172 322 197 Λη.
339 169 367 196 c.
398 169 463 196 1737
511 158 574 192 ⁶296

310 812 455 837 'transumptis

274 839 343 858 danda
360 840 417 859 titius.

467 217 662 257 fundatoris,
691 227 707 248 a
734 215 847 258 primis
871 214 1015 257 vesperis
1041 224 1144 257 usque
1170 213 1209 247 ad

467 281 618 304 occasum
645 269 724 302 solis
754 268 818 301 diei
846 267 1033 300 huiusmodi
1071 267 1209 309 singulis

467 324 559 357 annis
600 324 715 356 devote
753 320 973 360 visitaverint,
998 326 1029 353 et
1064 320 1110 353 ilii
1150 331 1209 363 pro

467 375 723 409 christianorum
739 373 922 416 principum
935 374 1121 414 concordi&
1135 373 1210 406 liae-

467 440 574 462 resum
602 427 828 470 extirpatione,
855 436 890 459 ac
915 427 947 459 S.
970 426 1008 458 M.
1028 426 1063 458 E.
1092 427 1210 459 exalta-

467 482 553 514 tione
581 481 649 523 pias
675 480 713 512 ad
740 479 841 511 Deum
867 489 983 522 preces
1018 477 1208 518 effuderint,

466 534 644 578 plenariam
670 532 815 566 omnium
846 537 1052 575 pcccatorum
1078 542 1209 565 suorum

467 585 702 629 indulgentiam
728 590 759 618 et
783 585 1011 618 remissionem
1029 585 1211 618 misericor-

468 640 553 673 diter
578 639 610 671 in
636 638 774 671 Domino
811 638 1031 671 concedimus.
1058 639 1212 671 Praesen-

469 693 553 725 tibus
580 692 747 736 perpetuis
780 691 894 725 suturis
922 691 1126 735 temporibus
1158 702 1211 724 va-

468 746 587 779 lituris.

512 800 584 842 §ln
619 800 774 832 Volumus
810 804 916 832 autem
952 804 987 830 ut
1024 798 1210 831 earumdem

468 852 692 896 praesentium
713 852 893 885 litterarum
916 851 1136 895 transumptis,
1154 861 1210 884 seu

469 898 638 948 exempli&
656 905 753 938 etiarn
769 905 945 948 impressis,
961 916 1058 938 manu
1075 905 1210 937 alicuius

468 958 586 990 notarii
622 957 744 1001 publici
781 958 997 1001 subscriptis,
1035 963 1066 990 et
1102 957 1211 1000 sigillo

468 1021 627 1054 personae
652 1011 685 1042 in
706 1010 925 1044 ecclesiastica
952 1010 1107 1053 dignitate
1139 1021 1213 1044 con-

468 1064 596 1097 stitutae
639 1064 787 1104 munitis,
815 1064 929 1097 eadem
965 1074 1098 1107 prorsus
1132 1064 1211 1097 fides

469 1117 669 1157 adhibeatur,
691 1128 773 1160 quae
795 1117 1007 1150 adhiberetur
1026 1116 1105 1160 ipsis
1123 1127 1213 1160 prae-

470 1170 615 1204 sentibus
641 1170 665 1203 si
692 1170 799 1203 forent
835 1170 998 1203 exhibitae
1023 1172 1073 1204 vel
1104 1176 1213 1204 osten-

470 1234 538 1257 sae.

512 1277 627 1309 Datum
646 1277 783 1318 Romae,
807 1277 892 1320 apud
916 1277 947 1310 S.
968 1277 1099 1311 Mariam
1118 1278 1213 1311 Maio-

471 1341 559 1371 rem,
591 1330 651 1363 sub
682 1332 803 1364 annulo
838 1330 1032 1372 Piscatoris,
1057 1331 1109 1364 die
1134 1342 1212 1366 xx111

471 1384 664 1427 septembris
679 1393 890 1423 nnccxxxvu,
920 1384 1134 1427 pontificatus
1153 1396 1213 1418 no-

472 1438 528 1471 stri
549 1449 635 1471 anno
666 1448 736 1471 vul.

506 1501 570 1527 Dat.
583 1499 628 1528 die
638 1500 672 1527 23
683 1500 851 1536 septembris
863 1501 943 1535 1737,
955 1501 1058 1536 pontif.
1075 1509 1147 1529 anno
1158 1508 1212 1529 vui.

723 1555 756 1587 F.
782 1554 958 1588 cardinalis
983 1555 1167 1590 Otlvffluus.

784 1706 897 1741 CCXII.

476 1778 688 1821 Confirmatio
712 1778 1006 1822 chiroyraplzorum
1031 1789 1127 1823 super
1151 1779 1215 1812 dis-

518 1832 696 1865 tributione
720 1832 800 1864 salis
826 1843 841 1865 a
868 1834 1001 1866 cartella
1025 1834 1214 1876 nuncupata

518 1886 554 1918 in
579 1886 707 1918 civitate
730 1885 940 1919 Anconilami
953 1897 989 1919 cic
1008 1886 1103 1919 illius
1127 1891 1215 1920 statu

517 1944 545 1973 et
570 1940 726 1972 comitatu
750 1939 914 1982 facienda.

683 2021 820 2047 Clemens
841 2020 923 2053 Papa
942 2020 1007 2051 XII,

610 2067 646 2093 ad
669 2066 807 2092 futuram
828 2065 873 2092 rei
894 2065 1082 2092 memoriam.

1056 164 1235 190 BULLARIUM
1259 163 1413 189 ROMANUM

1254 218 1285 245 et
1309 212 1557 251 universitatum
1581 212 1688 246 Status
1714 213 1812 246 nostri
1839 213 1993 246 Ecclesia-

1254 266 1325 299 stici
1351 267 1555 310 praepositae
1581 267 1745 309 praesecto
1764 267 1932 306 directum,
1950 266 1994 299 ei-

1254 318 1327 352 dem
1352 319 1470 352 civitati
1497 320 1680 352 facultatem
1717 324 1748 352 et
1779 319 1913 362 gratiam
1940 320 1994 352 de-

1253 371 1404 405 veniendi
1444 372 1483 404 ad
1520 372 1784 406 distributionem
1825 372 1923 412 salis,
1959 377 1995 404 ut

1254 426 1431 468 vulgariter
1457 425 1585 465 dicitur,
1603 437 1623 457 ιι
1640 425 1787 466 amella,
1807 435 1902 469 super
1919 436 1996 469 qua·

1255 478 1335 512 libet
1359 480 1511 522 persona,
1539 479 1634 512 etiam
1654 478 1871 512 ecclesiastica
1897 485 1927 512 et
1948 490 1996 512 re-

1255 532 1370 574 gulari,
1397 532 1603 575 privilegiata
1628 543 1663 565 ac
1688 531 1992 575 privilegiatissima,

1255 595 1315 617 nec
1340 595 1406 618 non
1432 586 1599 628 praedicta
1626 585 1754 618 civitate
1771 612 1778 625 ‚
1805 590 1872 618 toto
1909 585 1995 618 illius

1254 637 1342 670 Statu
1368 643 1399 671 et
1424 638 1592 678 comitatu,
1619 649 1689 671 cum
1715 638 1812 671 variis
1838 637 1997 671 facultati-

1254 692 1313 724 bus
1338 697 1369 725 et
1393 691 1634 735 provisionibus
1670 693 1708 725 ad
1733 692 1862 733 ‘bonum
1888 692 1997 725 distri-

1255 744 1396 777 butionis
1422 744 1497 777 salis
1523 744 1709 778 huiusmodi
1735 744 1835 778 finem
1861 745 1997 778 tenden-

1256 796 1356 837 tibus,
1382 797 1621 838 concessimus·,

1299 851 1313 893 ᾗ
1339 850 1369 882 02.
1397 851 1434 883 Et
1459 850 1596 884 subinde
1623 861 1681 894 per
1702 851 1790 884 aliud
1808 851 1912 884 simile
1931 851 2000 884 chi·

1256 903 1457 946 rographum
1475 914 1532 946 per
1550 914 1607 937 nos
1625 903 1796 946 signatum,
1815 904 1920 937 eidem
1938 904 1999 937 Do-

1256 956 1374 988 minico
1412 956 1574 989 cardinali
1609 963 1640 989 et
1679 957 1845 1000 praesecto
1885 957 1998 990 itidem

1257 1008 1436 1049 directum,
1463 1010 1502 1042 ad
1544 1010 1720 1043 tollendam
1760 1020 1999 1054 quamcumque

1256 1061 1454 1095 dubietatem
1480 1072 1562 1106 quae
1582 1072 1682 1105 super
1704 1062 1999 1105 comprehensione

1256 1115 1396 1148 aliarum
1431 1125 1650 1159 personarum
1686 1115 1871 1160 specificam
1897 1122 1928 1150 et
1952 1117 2000 1150 in-

1257 1168 1420 1202 dividuam
1471 1169 1671 1203 mentionem
1714 1170 2000 1213 praetendentium

1257 1222 1377 1256 exoriri
1403 1228 1535 1266 posset,
1567 1223 1797 1266 primodictum
1834 1223 2000 1268 chirogra-

1255 1276 1358 1319 phum
1387 1276 1618 1310 confirmantes
1645 1277 1887 1318 declaravimus,
1912 1279 2000 1322 quod

1257 1332 1337 1364 tales
1364 1341 1534 1374 personae,
1560 1330 1696 1364 Ordines
1714 1332 1891 1374 regulares,
1915 1331 2000 1365 mili-

1259 1390 1360 1424 tares,
1386 1384 1543 1427 patentati
1560 1412 1567 1425 ,
1594 1384 1789 1427 privilegiati
1815 1388 1846 1418 et
1870 1385 2001 1428 privile-

1258 1437 1438 1480 giatissimi,
1465 1437 1520 1480 qui
1546 1437 1731 1480 specificam
1750 1442 1782 1470 et
1799 1437 2000 1471 individuam

1258 1490 1458 1523 mentionem
1498 1490 1727 1533 requirerent,
1769 1490 2000 1534 comprehensi

1258 1549 1470 1584 remaneant3
1507 1554 1543 1576 ac
1578 1543 1647 1576 iura
1683 1544 1835 1577 Gamerae
1871 1550 2000 1578 nostrae

1259 1597 1466 1641 Apostolieae
1500 1597 1750 1640 quomodolibet
1782 1597 2002 1641 competentia

1259 1651 1517 1683 reservavimus:
1545 1656 1576 1683 et
1612 1650 1705 1689 alias,
1732 1656 1830 1694 prout
1866 1650 2000 1684 uberius

1259 1704 1444 1739 continetur
1461 1704 1493 1736 in
1511 1703 1604 1737 dictis
1622 1704 1854 1747 chirographis
1879 1703 2001 1737 tenoris

1259 1758 1423 1802 sequentis
1449 1757 1620 1791 videlicet:

1303 1813 1317 1855 ξ
1341 1812 1373 1845 3.
1396 1811 1671 1845 Reverendissimo
1696 1810 1864 1844 cardinale
1887 1810 2002 1844 Dome-

1259 1866 1331 1899 m‘co
1356 1865 1499 1906 Riviera‚
1520 1865 1651 1908 prefecto
1677 1864 1765 1897 della
1790 1869 1901 1898 nostra
1921 1865 2002 1899 Con-

1258 1920 1449 1964 9re9azz'0ne
1473 1918 1521 1951 ἄρ’
1537 1920 1648 1962 syram*
1670 1929 1684 1952 e
1709 1918 1792 1952 buon
1815 1929 1961 1962 poverno.

1304 1973 1336 2006 (ji
1353 1974 1393 2006 ha
1409 1973 1484 2006 fatto
1503 1977 1751 2015 rappresentare
1766 1973 1796 2005 la
1811 1978 1923 2005 nostra
1941 1972 2001 2006 cit-

1261 2028 1290 2060 ta
1303 2027 1334 2060 di
1348 2027 1493 2066 Ancona,
1510 2026 1570 2058 che
1586 2025 1830 2068 pacificamente
1845 2026 1999 2068 godendo

1260 2091 1276 2113 e
1302 2079 1509 2123 possedendo
1535 2089 1594 2122 per
1618 2079 1769 2121 legittimi
1788 2079 1871 2112 titoli
1896 2079 2000 2112 anche

2009 990 2074 1011 heudi

1998 165 2046 191 An,
2064 165 2093 192 c.
2117 165 2178 194 ¹737
2230 159 2232 163 ⁴

2071 859 2188 881 nectarus-it

2008 886 2140 911 postmodum
2168 887 2188 908 in

2010 912 2066 932 dicto
2086 912 2188 937 chironi-a>
2224 929 2227 933 Α

2010 938 2052 964 pho
2075 944 2145 959 omnus
2168 944 2188 960 ο-
2226 961 2227 968 ¹

2011 970 2080 994 ΠΙΙΙΙΙὶΡ
2099 970 2187 990 compre*

2011 1045 2067 1064 tione
2083 1044 2162 1070 dignos.

2051 1821 2121 1842 Tenor
2135 1820 2190 1848 prim!

2012 1848 2156 1875 chirographi.

2128 991 2188 1012 etiam
2226 999 2227 1014 ς

2011 1018 2110 1042 specifica
2134 1023 2187 1039 rnen-
2226 1027 2227 1031 =

316 2145 462 2170 Chii-ographo

311 2179 314 2182 v
353 2178 356 2182 .
413 2178 416 2181 ι
517 2138 532 2181 g
551 2137 583 2169 1.
600 2136 722 2179 Exponi
742 2136 835 2169 nobis
854 2146 958 2178 nuper
976 2135 1121 2168 fecerunt
1139 2135 1216 2168 dile-

278 2174 516 2224 ΕΙῖῘῘιΙὲυἶΕςωι-’ἶξί-εῑί
536 2190 591 2223 filii
619 2189 837 2223 communitas
857 2195 888 2222 et
904 2189 1054 2222 homines
1080 2189 1214 2223 civitatis

278 2227 317 2244 tat.
352 2226 463 2245 Anconita-

278 2250 605 2297 {¹13⁹,„‘'¹e⁸l‘f¹='i‚·‘flnostrae
643 2243 883 2283 Anconitanae,
912 2243 999 2286 quod
1032 2243 1111 2275 alias
1138 2253 1214 2282 nos,

278 2284 391 2341 giwjfff'zi‘ii
410 2284 462 2325 'iffi
474 2309 533 2342 per
557 2297 811 2339 chirographum
833 2306 930 2328 manu
949 2297 1059 2328 nostra
1079 2295 1217 2329 subscri-

279 2337 290 2351 Π
307 2331 399 2351 Lamud*
474 2357 579 2395 ptum,
608 2355 639 2383 et
665 2350 782 2382 dilecto
808 2348 876 2382 filio
913 2354 1025 2382 nostro
1050 2349 1215 2383 Dominico

474 2405 503 2438 S.
536 2404 572 2436 R.
603 2403 637 2436 Ε.
664 2403 857 2448 presbytero
895 2402 1052 2435 cardinali
1089 2402 1216 2435 Riviera

474 2461 661 2500 nuncupato
687 2455 955 2500 Congregationis
980 2455 1216 2489 venerabilium

475 2511 612 2544 fratrum
637 2514 822 2543 nostrorum
848 2509 995 2543 eiusdem
1015 2508 1130 2542 S.R.E.
1151 2519 1217 2542 car-

477 2563 634 2598 dinalium
658 2563 746 2597 bono
772 2562 924 2606 regimini
949 2562 1216 2597 communitatum

1260 2133 1390 2167 onerosi
1415 2134 1446 2166 la
1469 2132 1625 2176 privativa
1650 2132 1680 2164 di
1706 2133 1848 2165 vendere
1880 2132 1902 2165 il
1934 2134 2001 2167 sale

1260 2189 1292 2221 in
1319 2193 1400 2220 tutta
1426 2188 1455 2220 la
1481 2186 1573 2226 citta,
1613 2186 1775 2220 territorio
1802 2197 1817 2219 e
1843 2186 1958 2229 luoghi
1984 2197 2001 2221 e

1260 2241 1402 2274 territori
1441 2240 1492 2273 del
1529 2251 1586 2273 suo
1611 2239 1699 2273 Stato
1725 2250 1741 2273 e
1767 2240 1928 2281 contario,
1953 2240 2001 2274 sia

1260 2294 1428 2338 spediente
1453 2303 1511 2337 per
1535 2293 1743 2326 l'indennita
1764 2292 1794 2325 di
1821 2303 1894 2326 essa
1912 2290 1999 2334 citta,

1260 2348 1320 2381 che
1345 2357 1404 2391 per
1428 2346 1603 2380 l'addietro
1636 2347 1679 2379 ha
1711 2346 1812 2389 patito
1837 2357 1882 2379 un
1906 2351 2000 2380 nota-

1259 2401 1418 2434 bilissimo
1445 2399 1604 2433 sbilaneio
1630 2400 1684 2432 nel
1709 2403 1870 2442 provento
1888 2399 1919 2432 di
1938 2400 2001 2433 tale

1259 2454 1415 2498 privativa
1440 2453 1726 2497 respettivamente
1763 2452 1825 2485 alle
1861 2462 2000 2495 persone

1259 2518 1277 2541 a
1305 2508 1347 2541 lei
1385 2512 1530 2550 soggette
1569 2517 1629 2551 per
1667 2506 1754 2540 varie
1794 2506 2001 2550 irreparabili

1260 2572 1356 2596 cause
1382 2572 1398 2595 e
1424 2560 1659 2605 speeiahnente
1682 2560 1760 2595 delli
1787 2559 1999 2594 contrabandi
