2232 3178
46 239 94 266 An.
109 235 139 263 C.
161 232 229 262 ¹736

82 455 226 479 Praesenlium

47 485 162 515 litterarum
200 488 203 500 ι

47 515 116 534 mnas.

97 1253 230 1274 obstantium

53 1280 171 1306 derogatio.

93 2159 237 2186 ‘ri-anznmpus

58 2185 127 2208 danda
141 2186 202 2209 Πάθη,

855 229 998 254 CLEMENS
1025 229 1071 253 xu
1095 230 1145 253 1²1³.

218 279 283 314 ‘cis
304 290 363 324 pro
381 285 526 323 tempore
545 279 710 313 existentis
741 279 875 311 arbitrio
896 278 979 310 infli-

237 333 351 376 gendis
368 333 496 377 poenis,
519 333 631 366 eadem
649 332 848 371 auctoritate,
865 338 977 364 tenore

237 386 476 430 praesentium,
505 386 732 430 prohibemus.

280 441 295 483 ἓ
319 441 352 474 3.
378 440 610 480 Decet-nentes,
636 440 765 473 easdem
789 435 980 482 praesentes

193 484 362 526 ¹''titteras
387 503 519 536 semper
551 492 679 532 sirmas,
710 493 831 525 validas
857 497 889 525 et
913 491 981 524 esti-

239 556 329 579 caces
348 546 489 579 existere
509 552 540 579 et
557 546 635 587 fore,
653 556 796 589 suosque
816 545 981 588 plenarios

239 605 271 633 et
294 599 441 643 integros
467 599 598 633 effectus
624 599 735 633 sortiri
762 605 792 632 et
815 599 979 636 obtinere,

238 664 274 686 ae
298 653 376 693 illis,
393 654 432 686 ad
455 664 536 696 quos
558 658 684 696 spectat
707 658 738 686 et
755 663 813 696 pro
837 658 982 695 tempore

239 707 509 750 quandocumque
524 706 696 749 spectabit,
717 707 750 739 in
776 706 927 739 omnibus
951 710 983 738 et

240 770 300 802 per
317 759 427 792 omnia
452 759 639 802 plenissime
666 759 858 801 suffragari,
886 765 918 791 ct
944 759 981 791 ab

240 812 286 845 eis
310 812 495 856 respective
529 812 761 845 inviolabiliter
797 812 981 852 observari,

241 866 351 910 sicque
377 866 409 898 in
433 865 622 909 praemissis
660 876 719 909 per
751 876 982 909 quoscumque

240 920 367 953 iudices
398 919 582 954 ordinarios
607 925 638 952 et
664 920 855 962 delegatos,
885 919 982 951 etiam

240 983 410 1006 causarum
444 973 556 1016 palatii
590 972 764 1016 apostolici
796 972 981 1012 auditores,

240 1026 377 1059 iudicari
404 1032 435 1060 et
460 1026 590 1059 definiri
625 1027 766 1066 debere,
795 1036 830 1058 ac
855 1025 981 1058 irritum

241 1085 273 1114 et
297 1080 394 1114 inane
412 1080 438 1113 si
457 1090 550 1113 secus
571 1090 669 1123 super
696 1080 746 1112 liis
765 1090 782 1111 a
800 1090 981 1122 quoquam,

241 1134 354 1177 quavis
387 1135 599 1174 auctoritate,
628 1133 771 1166 scienter
806 1134 856 1166 rel
890 1133 984 1176 igno-

241 1193 360 1227 ranter,
388 1187 564 1229 contigerit
588 1187 751 1220 attentari.

286 1242 301 1285 §
325 1241 356 1274 2.
384 1242 453 1275 Non
473 1241 677 1274 obstantibus
696 1240 984 1274 constitutionibus

243 1300 275 1329 et
299 1294 558 1328 ordinationibus
578 1294 778 1337 apostolicis,
798 1305 834 1326 ac
848 1294 986 1336 Congre-

242 1340 382 1391 gationis
396 1348 628 1382 monachorum
645 1348 875 1391 praefatorum,
888 1348 983 1381 etiam

244 1402 438 1441 iuramento,
457 1400 704 1435 confirmatione
730 1401 919 1444 apostoliea,
935 1403 984 1435 vel

245 1455 356 1499 quavis
381 1453 531 1487 firmitate
545 1454 608 1487 alia
622 1454 797 1495 roboratis,
817 1454 943 1487 statutis
956 1460 986 1488 et

245 1508 554 1548 consuetudinibus,
581 1508 761 1551 privilegiis
778 1519 917 1552 quoque⁷
939 1509 986 1541 in-

245 1562 341 1596 dultis
352 1567 384 1595 et
400 1562 517 1595 litteris
532 1561 721 1604 apostolicis
740 1561 771 1594 in
786 1562 986 1594 contrarium

246 1615 501 1659 praemissorum
527 1615 778 1659 quomodolibet
802 1615 986 1655 concessis,

245 1669 442 1702 confirmatis
456 1675 488 1702 et
504 1668 683 1709 innovatis;
705 1669 820 1712 quibus
836 1669 987 1702 omnibus

246 1729 277 1756 et
294 1723 441 1765 singulis,
459 1723 591 1756 illorum
610 1728 740 1756 tenores
760 1723 987 1766 praesentibus

244 1787 304 1820 pro
335 1777 432 1820 plene
469 1782 500 1809 et
531 1776 730 1809 sufficienter
757 1777 922 1820 expressis
951 1788 987 1810 ac

247 1830 286 1862 de
313 1830 410 1863 verbo
432 1830 470 1862 ad
496 1830 632 1862 verbum
660 1829 791 1862 insertis
816 1830 986 1871 habentes,

246 1882 309 1916 illis
335 1883 415 1916 alias
448 1883 481 1915 in
506 1893 564 1916 suo
590 1882 707 1916 robore
741 1882 988 1926 permansuris,

247 1937 286 1970 ad
321 1937 579 1981 praemissorum
618 1936 791 1978 effectum,
824 1937 885 1970 hac
919 1938 988 1970 vice

248 1991 433 2033 dumtaxat,
468 1990 657 2035 specialiter
693 1997 724 2024 et
751 2002 903 2034 expresse
935 1992 990 2025 de-

248 2055 421 2088 rogamus;
449 2045 635 2089 ceterisque
661 2045 833 2079 contrariis
859 2045 990 2089 quibus-

248 2110 400 2144 cumque.

293 2155 309 2196 g
343 2153 374 2187 6.
409 2153 562 2187 Volumus
597 2159 704 2187 autem
733 2159 767 2187 ut
804 2154 990 2187 carumdem

249 2207 470 2252 praesentium
493 2208 673 2241 litterarum
693 2209 916 2251 transumptis,
935 2218 991 2241 seu

250 2261 408 2305 exemplis
423 2287 432 2302 ‚
457 2261 552 2294 etiam
578 2261 756 2304 impressis,
776 2272 872 2294 manu
893 2262 992 2294 alicu-

250 2315 298 2348 ius
322 2315 439 2348 notarii
465 2314 586 2358 publici
610 2314 811 2358 subscriptis,
833 2321 864 2347 et
884 2314 991 2357 sigillo

250 2378 409 2411 personae
436 2366 469 2400 in
495 2367 717 2401 ecclesiastica
742 2367 897 2410 dignitate
916 2378 994 2401 con-

250 2421 381 2454 stitutae
399 2420 540 2461 munitis,
557 2421 668 2453 eadem
685 2431 817 2464 prorsus
832 2420 910 2454 tides
924 2421 993 2453 ubi-

250 2484 311 2517 que
337 2479 402 2507 tam
425 2474 456 2506 in
479 2473 599 2506 iudicio
618 2484 712 2516 quam
734 2479 823 2507 extra
841 2474 994 2507 adhibea-

251 2533 313 2568 tur,
331 2538 413 2571 quae
433 2527 512 2570 ipsis
532 2527 762 2570 praesentibus
783 2527 995 2561 adhiberetur

249 2581 275 2615 si
302 2581 409 2614 forent
435 2580 598 2614 exhibitae
623 2581 673 2613 vel
699 2585 860 2614 ostensae.

295 2634 409 2670 Datum
436 2634 568 2676 Romae,
596 2634 680 2678 apud
699 2634 730 2668 S.
751 2633 884 2668 Mariam
901 2635 995 2669 Maio·

1663 218 1727 252 195
1774 229 1822 254 An.
1839 230 1866 255 (1.
1891 229 1956 256 ¹736

1023 289 1108 318 rem,
1135 277 1194 310 sub
1220 278 1342 311 annulo
1360 277 1549 317 piscatoris,
1569 276 1618 309 die
1639 286 1669 309 n·
1688 276 1762 309 maii

1023 341 1224 372 unccxxxvt,
1250 331 1459 375 pontificatus
1484 331 1586 364 nostri
1608 341 1692 364 anno
1718 340 1760 362 vi.

1059 394 1120 421 Dat.
1142 394 1186 422 die
1208 395 1222 421 4
1243 393 1304 421 maii
1327 395 1404 427 1735,
1424 393 1521 430 pontif.
1541 402 1613 420 anno
1633 400 1668 420 vi.

1352 446 1385 478 F.
1413 446 1504 479 card.
1532 445 1717 478 Omvenius.

1324 599 1464 633 CLXXX.

1026 679 1271 723 Indulyenstae,
1289 679 1376 713 cilicis
1396 679 1583 712 docentibus
1599 685 1626 713 et
1642 678 1767 713 adultis

1070 733 1270 766 discentibus
1295 733 1480 766 doctrinam
1506 734 1700 766 cristianam
1731 734 1767 766 in

1074 788 1164 829 Urbe,
1192 787 1307 827 Italici,
1335 787 1520 830 insulisque
1543 787 1768 820 adiacentibus

1070 851 1252 879 concessae,
1277 840 1318 873 nd
1341 841 1508 873 universos
1543 840 1769 882 christifideles

1071 894 1269 937 ubicumque
1295 893 1438 926 locorum
1463 894 1633 926 existentes
1662 897 1770 926 exten-

1071 947 1203 980 duntur.

1239 1020 1372 1047 clemens
1395 1020 1475 1053 Papa
1495 1020 1565 1054 XII,

1146 1063 1183 1090 ad
1202 1068 1384 1098 perpetuam
1403 1064 1450 1091 rei
1471 1063 1654 1091 memoriam.

1072 1135 1244 1168 Pastoratis
1271 1135 1380 1175 officii,
1406 1146 1469 1178 quo
1496 1135 1676 1167 catholicae
1709 1132 1767 1166 Ec-

1028 1189 1144 1221 clesiae
1161 1188 1307 1231 regimini
1322 1188 1431 1221 divina
1445 1188 1656 1230 dispositione
1677 1197 1770 1230 prae-

1028 1241 1181 1281 sidemus,
1208 1241 1353 1273 debitum
1379 1240 1489 1283 exigit,
1506 1246 1541 1273 ut
1560 1240 1598 1272 ad
1618 1251 1653 1273 ea
1672 1240 1771 1283 potis-

1029 1295 1145 1327 simum
1168 1305 1278 1327 euram
1305 1299 1335 1327 et
1351 1293 1603 1327 sollicitudinem
1629 1298 1772 1326 nostram

1030 1347 1258 1388 intendamus,
1284 1358 1367 1392 quae
1405 1348 1443 1381 ad
1481 1348 1661 1391 augendam
1695 1347 1773 1380 tide-

1030 1402 1107 1435 lium
1134 1402 1329 1445 religionem
1367 1407 1398 1434 et
1433 1402 1610 1434 animarum
1636 1402 1772 1435 salutem

1030 1455 1062 1487 in
1088 1454 1201 1498 primis
1227 1455 1414 1488 conducere
1441 1455 1473 1488 in
1493 1455 1632 1488 Domino
1650 1453 1772 1498 conspi—

1030 1509 1145 1541 cimus.

1074 1562 1088 1605 §
1109 1562 1137 1594 l.
1156 1561 1243 1595 Alias
1261 1561 1421 1605 siquidem
1440 1560 1497 1594 ad¹
1515 1562 1633 1594 uberes
1653 1561 1790 1601 fructus
1818 1571 1856 1592 uu·r
1874 1572 1967 1592 t'ontii'ex

1031 1627 1066 1649 ac
1087 1616 1321 1659 spiritualium²
1341 1615 1601 1648 christifidelium
1627 1598 1968 1655 aedifica-ffissssssffii¹¹¹³cii¹r⁴1³j

1032 1670 1174 1710 tionem,
1202 1680 1284 1712 quae
1312 1680 1349 1702 ex
1376 1669 1505 1701 assiduo
1532 1679 1589 1700 usu
1617 1674 1647 1701 et
1673 1655 1881 1711 expli-{llllt'll
1897 1653 1969 1699 01‘23'-

1032 1723 1159 1756 catione
1185 1721 1372 1755 catechismi
1397 1722 1464 1754 sive
1494 1721 1662 1755 doctrinae
1689 1706 1968 1762 ctu-i-Ussi‘jsst'llissssm'ssss

1031 1777 1154 1810 stianae
1178 1776 1350 1820 provenire
1371 1775 1601 1815 noscebantur,
1620 1780 1774 1818 paternae
1785 1759 1969 1811 233...¹33{l3'¹'³·0231

1033 1830 1211 1873 dirigentes
1237 1829 1509 1863 considerationis
1535 1834 1663 1862 nostrae
1682 1812 1970 1860 intui-wuoewnendn'

1034 1889 1120 1925 tum,
1148 1884 1292 1917 diversas
1317 1883 1549 1922 ordinationes,
1566 1894 1582 1914 a
1604 1882 1773 1915 nonnullis

1034 1938 1186 1971 Romanis
1220 1936 1430 1970 Pontificibus
1463 1935 1773 1979 praedecessoribus

1034 1990 1153 2025 nostris
1178 1990 1215 2023 ad
1242 1990 1497 2034 promovendum
1524 1989 1584 2022 hoe
1620 1989 1709 2032 pium
1746 1989 1777 2020 ti-

1034 2044 1165 2088 delique
1192 2045 1315 2087 Populo
1341 2044 1422 2076 adeo
1446 2042 1662 2075 necessarium
1681 2052 1774 2085 opus,

1035 2109 1099 2141 quo
1127 2098 1181 2131 ille
1208 2097 1283 2130 lidei
1310 2096 1490 2130 catholicae
1517 2095 1709 2129 rudimentis
1742 2106 1777 2127 ac

1035 2152 1194 2196 mysteriis
1232 2151 1486 2193 christianisque
1521 2150 1691 2183 virtutibus
1728 2149 1776 2181 in-

1035 2206 1182 2246 struitur,
1208 2204 1384 2238 salubriter
1410 2203 1526 2243 editas,
1552 2213 1609 2246 per
1635 2203 1775 2236 edictum

1037 2260 1088 2293 die
1113 2270 1152 2293 xv
1179 2259 1365 2292 novembris
1390 2268 1534 2291 unccxxx
1559 2257 1645 2289 iussu
1667 2262 1776 2289 nostro

1036 2315 1278 2358 promulgatum
1313 2311 1592 2351 confirmavimus,
1619 2321 1655 2342 ac
1680 2309 1777 2342 etiam

1036 2366 1277 2410 ampliarimus:
1309 2371 1340 2398 ct
1376 2365 1514 2397 subinde
1551 2363 1777 2396 christifideles

1038 2426 1099 2453 tam
1125 2421 1227 2453 almae
1255 2418 1348 2451 Urbis
1374 2423 1513 2458 nostrae,
1540 2427 1634 2460 «piam
1652 2416 1778 2448 univer-

1037 2484 1089 2507 sae
1115 2473 1244 2513 ltaliae,
1279 2483 1314 2505 ac
1349 2472 1525 2503 insularum
1562 2469 1777 2502 adiacentium

1037 2537 1095 2570 pro
1123 2532 1271 2569 tempore
1298 2525 1486 2563 existentes,
1513 2528 1547 2555 nt
1573 2533 1694 2566 operae
1720 2522 1778 2554 liu-

1807 1144 1928 1165 Exordium-

1073 2599 1083 2625 1
1109 2597 1260 2632 Praeposit.
1282 2596 1320 2622 αιΙ
1340 2603 1389 2622 nos
1409 2594 1537 2621 addimus
1557 2594 1595 2628 (n.
1614 2595 1664 2629 τ.).

1072 2643 1087 2669 ‘2
1107 2643 1203 2679 Aptius
1223 2642 1281 2678 lege
1301 2641 1485 2677 spiritualem
1506 2640 1545 2675 (a.
1562 2639 1608 2675 τ.).
