2232 3178
24 240 75 268 An.
94 236 123 265 C.
139 235 205 263 1737

24 302 104 323 mmo
125 298 159 319 die
180 283 285 327 apsis,
304 293 363 316 nos
380 282 608 315 consistorium
623 287 783 315 secretum
803 282 842 316 de
861 293 950 316 more

23 327 71 349 maii
81 329 201 346 unccxxxvn

24 359 92 400 ⁰1¹i¹⁰⁹⁵
102 353 137 398 {¹²¹³
153 354 200 396 ¹¹¹d'10
211 336 381 370 convocari
408 335 559 368 iussimus
571 362 578 376 ,
607 336 637 368 in
664 346 728 379 quo
755 335 894 368 dilectus
920 335 952 367 si-

23 387 35 402 2
51 385 99 400 21⁵2ss
132 384 167 398 G‘dl'
184 383 199 396 l·

23 407 80 427 nales
109 390 270 433 unanumillus
307 389 464 423 All[OnlUS
489 389 579 422 Fflllx
617 389 700 422 lli-[lli
737 389 768 422 S.
796 389 950 422 Pl‘ssXCdlS

22 432 378 487 :ffffiii‘iqfflzi’iiipresbyter
411 442 585 476 cardinalis
610 441 831 475 Zondadarius
868 453 951 474 nun-

23 486 365 539 fflssssiiiffliffcupatus,
392 506 449 529 suo
487 502 518 528 et
554 496 651 528 totius
680 495 950 538 Congregationis

209 559 377 582 sacrorum
399 549 519 582 rituum
538 549 680 589 nomine,
702 549 844 592 primum
865 554 951 581 retu-

210 603 269 644 lit,
304 603 484 646 scripturas
526 613 738 646 processuum
776 602 951 645 omniaque

210 667 325 690 causae
352 662 421 690 acta
444 656 505 690 rite
531 657 680 690 confecta
705 656 813 698 fuisse,
833 662 864 689 et
881 657 951 699 ple-

208 709 375 743 nissimam
403 710 606 743 auctoritatis
631 715 662 742 et
686 709 848 751 legitimae
878 719 953 752 pro-

209 763 350 796 bationis
377 763 438 796 vim
465 763 633 803 obtinere;
660 762 795 802 deinde,
821 763 856 795 B.
879 763 952 795 Vin-

209 817 307 850 centii
333 817 406 857 vita,
430 816 600 851 virtutibus
627 828 663 850 ac
689 816 855 850 miraculis
880 817 952 850 dili-

209 876 323 913 genter
358 870 526 914 expositis,
553 882 585 904 se
623 877 654 904 et
690 875 819 904 ceteros
845 871 950 903 dictae

209 923 482 967 Congregationis
507 924 691 958 cardinales
717 924 862 957 unanimi
889 924 952 957 sus·

209 977 313 1021 l'ragio
337 988 496 1018 censere,
528 978 562 1011 B.
590 977 814 1018 Vincentium,
849 978 874 1011 si
909 979 952 1011 ita

209 1031 304 1064 nobis
339 1031 519 1071 videretur,
556 1042 653 1075 posse
691 1032 722 1064 in
758 1031 951 1065 Sanctorum

209 1085 393 1127 catalogum
431 1084 592 1118 adscribi:
627 1085 660 1117 in
700 1095 839 1128 quorum
877 1095 952 1118 sen-

210 1137 343 1171 tentiam
380 1137 495 1181 reliqui
522 1148 633 1171 omnes
660 1139 864 1179 cardinales,
895 1139 951 1182 qui

209 1196 397 1235 praesentes
423 1190 570 1231 aderant,
599 1197 845 1225 concesserunt.

20 1252 199 1300 blisngenztciisqffi
254 1246 270 1287 g
294 1243 348 1277 42.
382 1243 485 1282 Quare
511 1245 542 1277 in
569 1251 632 1277 tam
665 1249 776 1278 sancto
802 1255 838 1278 ac
863 1246 951 1288 gravi

21 1298 342 1341 riopontirexcarmegotio
375 1297 455 1331 nihil
490 1298 622 1331 omnino
648 1298 852 1332 necessariae
879 1299 952 1333 dili-

21 1332 107 1357 uiantes,
116 1333 199 1353 archie-

21 1351 339 1396 oiseowetce-gentiae
364 1351 672 1395 praetermittentes,
689 1363 724 1385 ex
747 1362 837 1386 more
862 1352 952 1386 insti-

19 1387 343 1449 ἷξῖοἶοτῗῖῗιῗῗιῗῖῑιιῑοᾳυθ
369 1405 529 1439 maiorum
555 1405 761 1439 decrevimus
787 1412 821 1439 ut
845 1407 885 1441 ad
904 1409 952 1441 ul-

18 1439 199 1513 Ξοὲιὲἶῖἶίῗὲἶυυῗ
210 1460 330 1494 teriora
354 1459 602 1504 procederetur.
620 1460 656 1493 Et
673 1466 748 1504 post
773 1462 952 1495 nonnullos

73 1507 78 1513 ’
209 1514 278 1547 dies
304 1513 437 1557 publico
462 1513 660 1547 consistorio
687 1521 897 1558 congregato,
919 1516 951 1549 in

209 1577 248 1601 eo
285 1567 422 1601 dilectus
459 1565 544 1600 filius
581 1567 723 1601 Thomas
759 1568 952 1603 Antamorus

210 1619 442 1654 consistorialis
474 1621 567 1654 aulae
599 1626 729 1654 nostrae
763 1622 950 1663 advocatus,

209 1673 324 1707 eximia
349 1674 384 1707 B.
412 1673 571 1706 Vincentii
598 1674 772 1715 charitate,
798 1675 880 1709 vitae
907 1676 954 1709 in-

210 1727 370 1767 nocentia,
391 1733 423 1761 et
441 1727 605 1761 miraculis
631 1728 761 1772 copiose
780 1730 950 1770 enarratis,

211 1781 370 1815 carissimi
396 1780 428 1813 in
454 1780 582 1814 Christo
601 1781 657 1815 tilii
677 1783 780 1815 nostri
799 1783 953 1816 Ludovici

211 1835 408 1869 Francorum
435 1835 521 1878 regis
547 1836 808 1869 christianissimi
842 1843 873 1870 et
905 1848 954 1871 ca-

210 1889 359 1922 rissimae
384 1889 416 1921 in
435 1888 565 1922 Christo
583 1888 667 1922 filiae
686 1895 817 1923 nostrae
836 1890 953 1924 Mariae

211 1943 397 1977 eorumdem
422 1942 621 1976 Francorum
647 1943 779 1986 reginae
805 1944 954 1977 christia-

212 1995 365 2029 nissimae
391 1995 457 2029 eius
483 1995 649 2039 coniugis,
676 1996 817 2030 aliorum
844 1997 955 2031 catho-

212 2050 347 2084 licorum
362 2049 560 2094 principum,
576 2060 705 2083 necnon
720 2051 954 2085 venerabilium

213 2103 349 2137 fratrum
367 2108 556 2137 nostrorum
575 2103 897 2148 archiepiscoporum
925 2110 956 2138 et

212 2157 460 2202 episcoporum,
498 2162 530 2191 et
564 2157 709 2191 universi
746 2158 825 2191 cleri
863 2159 954 2202 regni

213 2211 398 2253 Galliarum,
426 2212 588 2256 totiusque
614 2211 749 2256 insuper
774 2212 956 2256 Congrega-

214 2264 312 2298 tionis
336 2265 605 2308 presbyterorum
643 2265 861 2298 saecularium
887 2265 957 2299 Mis-

214 2317 316 2351 sionis
353 2318 502 2358 nomine,
542 2323 575 2350 ut
611 2318 646 2352 B.
683 2318 884 2352 vincentium
924 2319 955 2352 in

213 2370 403 2404 Sanctorum
429 2372 609 2414 catalogum
635 2372 759 2405 referre
788 2373 954 2415 vellemus,

214 2424 405 2467 suppliciter
429 2435 446 2456 a
470 2425 565 2457 nobis
593 2425 780 2468 postulavit.
807 2425 870 2459 Nos
902 2437 957 2458 au-

215 2481 298 2518 tem,
326 2487 387 2521 pro
412 2476 459 2510 rei
489 2477 696 2520 gravissimae
730 2479 956 2521 magnitudine

214 2530 369 2564 maturius
394 2530 499 2563 adhuc
520 2540 591 2563 cum
617 2531 859 2565 venerabilibus
892 2532 956 2566 sra-

217 2583 319 2617 tribus
344 2583 466 2617 nostris
491 2582 523 2616 S.
544 2583 580 2616 R.
602 2583 636 2616 E.
669 2584 890 2618 cardinalibus
926 2591 958 2619 et

847 232 988 258 CLEMENS
1013 232 1057 257 ΧΠ
1082 233 1130 257 PP.

1632 223 1696 257 ⁶243
1742 233 1794 260 An.
1817 233 1930 262 &1737

993 282 1173 315 herandum
1199 292 1272 315 esse
1298 286 1483 322 censentes,
1499 281 1646 326 publicas
1667 293 1737 315 ora-

996 335 1100 368 tiones
1119 340 1150 368 et
1166 335 1288 369 ieiunia
1306 336 1492 377 indiximus,
1507 342 1603 380 atque
1623 346 1735 369 omnes

994 388 1223 422 christifideles
1263 389 1385 423 hortati
1423 400 1531 423 sumus
1571 395 1606 422 ut
1636 389 1737 422 Deum

994 442 1163 476 nobiscum
1200 449 1413 486 precarentur
1448 448 1482 476 ut
1515 444 1606 476 daret
1642 443 1736 476 nobis

995 495 1145 538 spiritum
1177 497 1356 540 sapientiae
1388 503 1420 530 et
1453 497 1635 530 intellectus
1673 508 1737 540 quo

996 549 1079 582 haec
1103 560 1221 583 arcana
1246 552 1410 591 caelestia,
1429 562 1511 594 quae
1533 551 1661 584 ratione
1680 551 1738 583 hu-

995 604 1090 634 mana
1127 603 1365 646 comprehendi
1403 614 1468 637 non
1502 609 1655 648 possunt,
1682 614 1738 637 co-

996 665 1230 697 gnosceremus
1248 683 1255 697 ‚
1302 662 1334 690 et
1383 657 1583 690 illuminaret
1623 658 1737 690 oculos

995 709 1113 741 mentis
1138 715 1279 750 nostrae,
1299 716 1345 751 ut,
1364 711 1441 754 quid
1463 711 1495 743 in
1515 711 1575 744 hac
1593 710 1738 753 gravissi-

996 763 1045 794 ma
1070 765 1164 795 causa
1189 763 1367 795 secundum
1394 763 1536 796 divinum
1554 763 1740 806 beneplaci-

997 820 1062 848 tum
1088 817 1297 849 statuendum
1324 822 1420 856 essct,
1445 816 1716 860 perspiceremus.

1040 872 1056 912 ξ
1082 869 1134 903 43.
1160 870 1283 903 Deinde
1309 870 1395 903 aliud
1422 871 1653 904 consistorium
1690 880 1740 903 se·
1764 879 1934 905 tnsmuipnmim

1751 909 1879 926 consustorto
1899 907 1934 925 <ina

996 925 1211 968 mipublicum
1232 935 1249 957 a
1267 924 1362 958 nobis
1381 925 1528 957 habitum
1548 930 1605 965 est,
1625 924 1657 957 in
1675 935 1738 968 quo
1751 939 1779 953 vn
1806 939 1856 952 *unu
1884 933 1934 952 meu

1751 960 1807 983 anni,
1839 960 1935 979 Pontifex

997 979 1092 1013 etiam
1119 978 1331 1023 patriarchas,
1359 979 1627 1022 archiepiscopos
1653 984 1685 1012 et
1711 986 1806 1033 ⁶³1}ng
1823 987 1936 1032 53:33ng

997 1033 1153 1076 piscopos
1186 1033 1217 1065 in
1249 1032 1344 1065 Curia
1369 1030 1514 1066 Romanii
1541 1033 1715 1066 existentes
1731 1040 1814 1073 ,timus
1831 1040 1912 1060 iumen-

996 1086 1241 1130 protonotarios
1269 1097 1401 1130 quoque
1425 1092 1580 1127 nostros,
1613 1086 1667 1130 qui
1702 1097 1739 1120 ex

996 1150 1135 1173 numero
1162 1140 1334 1180 dicuntur,
1362 1145 1394 1172 et
1417 1140 1498 1173 sacri
1524 1140 1635 1183 palatii
1662 1150 1740 1183 apo-

996 1192 1102 1226 stolici
1125 1203 1293 1226 causarum
1312 1193 1478 1226 auditores
1498 1193 1658 1226 interesse
1677 1193 1741 1225 ius-

996 1247 1109 1280 simus.
1138 1246 1259 1285 Quibus
1285 1246 1519 1290 praesentibus,
1548 1257 1620 1279 cum
1646 1247 1741 1290 plura

996 1312 1012 1333 a
1038 1300 1132 1334 nohis
1166 1300 1205 1333 de
1237 1300 1351 1333 eximia
1376 1300 1548 1333 sanctitate
1574 1300 1656 1333 servi
1684 1299 1740 1332 Dei

996 1365 1031 1388 ac
1056 1355 1291 1388 miraculorum
1329 1354 1517 1387 celebritate
1543 1363 1740 1387 commemo-

996 1413 1064 1441 rata
1091 1407 1239 1448 fuissent,
1267 1407 1438 1441 recensitis
1464 1407 1560 1441 etiam
1579 1407 1741 1440 instantiis

995 1460 1236 1494 catholicorum
1261 1460 1465 1504 principum,
1492 1466 1523 1493 et
1547 1460 1741 1504 praesertim

996 1514 1099 1548 enixis
1124 1514 1276 1558 precibus
1310 1514 1483 1548 universae
1508 1514 1741 1557 Congregatio-

996 1567 1047 1600 nis
1073 1567 1341 1612 presbyterorum
1369 1568 1590 1600 saecularium
1617 1567 1741 1600 Missio-

997 1620 1056 1661 nis,
1070 1631 1182 1654 omnes
1198 1621 1393 1664 rogavimus,
1407 1626 1451 1661 ut,
1463 1621 1541 1664 quid
1557 1626 1740 1661 censerent,

997 1674 1112 1708 liberis
1137 1673 1299 1718 suffragiis
1327 1680 1540 1718 exponerent.
1559 1674 1608 1708 llli
1634 1680 1740 1707 autem

998 1728 1117 1771 singuli
1154 1739 1190 1761 ex
1228 1728 1345 1761 ordine
1381 1728 1532 1771 gravibus
1569 1728 1738 1761 sententiis

998 1782 1091 1814 dictis
1110 1782 1366 1825 responderunt,
1387 1792 1452 1815 uno
1472 1792 1527 1815 ore
1545 1782 1739 1815 benedicen-

999 1841 1045 1868 tes
1071 1836 1181 1875 Deum,
1209 1836 1469 1868 B.Yincenti111n
1495 1836 1581 1869 inter
1605 1836 1740 1870 Sanctos

998 1889 1213 1923 Confessores
1239 1890 1467 1933 reponendum
1496 1900 1579 1923 esse.
1619 1891 1740 1923 [lorum

998 1945 1144 1976 omnium
1170 1944 1281 1976 audito
1308 1954 1481 1983 consensu,
1499 1944 1613 1978 intimo
1632 1944 1740 1977 cordis

999 1996 1113 2030 atl'ectu
1141 1997 1353 2030 exultavimus
1378 1997 1409 2030 in
1436 1996 1571 2030 Domino
1589 1997 1642 2040 qui
1665 2008 1741 2031 con-

999 2051 1116 2084 cordes
1144 2050 1287 2084 efficeret
1320 2051 1453 2084 fratrum
1480 2056 1663 2084 nostrorum
1690 2062 1741 2084 vo-

1000 2105 1139 2137 luntates
1166 2108 1200 2136 ut
1225 2114 1345 2137 nomen
1366 2103 1434 2137 eius
1452 2103 1692 2147 glorificaretur
1710 2105 1740 2137 in

1000 2168 1092 2191 servo
1119 2169 1189 2199 suo,
1206 2158 1244 2191 ad
1265 2168 1359 2202 quem
1386 2158 1626 2199 honorandum,
1641 2169 1742 2202 qnan-

1002 2217 1066 2245 tum
1099 2211 1250 2245 homines
1282 2213 1436 2246 mortales
1460 2218 1618 2256 possunt,
1644 2213 1742 2247 corda

1000 2270 1110 2298 nostra
1134 2266 1322 2309 impelleret
1347 2271 1378 2299 et
1403 2272 1527 2299 mentes
1555 2273 1680 2299 nostras
1707 2267 1742 2299 il-

1001 2320 1168 2353 lustraret.
1211 2319 1321 2362 ltaque
1362 2319 1615 2353 canonizationis
1657 2319 1741 2353 diem

1001 2373 1195 2413 indiximus,
1224 2383 1345 2416 eosque
1370 2373 1568 2413 monuimus,
1593 2378 1626 2405 ut
1651 2374 1681 2405 in
1708 2384 1741 2406 o-

999 2426 1182 2459 rationibus
1224 2437 1261 2459 ac
1300 2426 1430 2459 ieiuniis
1470 2432 1738 2469 perseverantes,

1000 2480 1094 2512 nobis
1120 2479 1151 2512 in
1179 2484 1268 2512 tanto
1289 2489 1390 2522 opere
1416 2480 1609 2523 exequendo
1629 2490 1742 2523 super-

1000 2543 1078 2566 num
1098 2534 1206 2566 lumen
1225 2538 1322 2576 atque
1342 2533 1495 2565 auxilium
1516 2533 1739 2576 impetrarent.

1045 2587 1059 2630 g
1084 2586 1138 2619 44.
1167 2586 1324 2619 Omnibus
1350 2591 1456 2618 autem
1483 2586 1543 2618 rite
1569 2587 1739 2629 absolutis,
1753 2593 1884 2641 *offigutm
1900 2594 1938 2638 3th

215 2637 334 2671 ceteris
360 2636 616 2681 archiepiscopis
639 2642 669 2670 et
695 2638 859 2683 episcopis
883 2639 958 2672 deli·
1002 2650 1084 2683 quae
1111 2650 1148 2671 ex
1174 2638 1272 2672 sacris
1310 2639 1596 2672 constitutionibus
1630 2640 1937 2675 Roma-minimatum
