2232 3178
286 228 335 253 An.
359 227 386 253 c.
409 227 472 254 1738
518 218 580 251 344

311 761 342 780 lus
366 763 417 785 patr·
429 768 464 780 un-

283 788 315 807 tu:
334 788 413 812 prumtis
424 790 457 805 ϊιι

284 820 330 832 wi«-
342 814 419 837 trevium
430 815 462 833 de>

284 843 382 861 ενι-ιιιΙυν,

477 276 621 309 eiusdem
642 275 717 308 iuris
738 275 976 317 abrogationem
999 279 1030 307 et
1050 273 1215 306 extinctio—

478 339 549 361 nem
575 340 591 361 a
617 328 709 360 nobis
748 338 805 370 per
838 332 1029 370 praesentes
1064 331 1098 358 ut
1121 335 1215 369 prae-

478 381 577 414 fertur
596 382 693 413 sactus
712 379 914 423 respective¹,
932 380 1011 412 iuris
1030 379 1213 412 huiusmodi

478 433 721 476 compensatio,
747 437 842 474 prout
867 442 1006 474 aequum
1033 431 1214 474 rationique

477 496 655 518 consonum
685 485 795 523 suerit,
821 484 1018 527 p1‘0v1daque
1045 484 1125 517 ratio
1151 494 1214 526 po·-

476 537 656 577 stulaverit,
683 537 714 570 in
740 543 908 580 posterum
934 537 1117 579 statuetur),
1139 547 1214 579 apo-

477 591 589 623 stolica
630 591 845 630 auctoritate,
876 590 1062 622 carumdem
1103 595 1214 622 tenore

477 643 707 686 praesentium,
723 642 881 685 perpetuo
897 640 1122 680 reservamus“y
1140 652 1214 674 con-

476 697 622 730 cedimus
649 702 679 730 et
704 696 918 739 assignamus.

520 751 534 793 ἓ
553 750 584 783 3.
601 750 733 783 Necnon
748 750 797 782 ius
813 750 1001 792 patronatus
1019 753 1049 781 et
1065 758 1214 791 praesen-

478 803 565 836 tandi
585 814 619 835 ac
637 803 824 835 nominandi
852 802 1038 835 huiusmodi
1061 812 1137 833 vere
1164 811 1212 834 re-

476 856 563 898 gium
590 856 744 894 existere,
772 866 807 887 ac
830 855 934 888 eidem
959 855 1071 887 Ioanni
1098 858 1129 887 et
1155 865 1213 897 pro

477 916 623 952 tempore
643 908 791 941 existenti
818 908 1035 950 Portugalliae
1055 913 1085 940 et
1102 907 1214 949 Algar-

475 963 602 995 biorum
623 961 688 1003 regi
711 961 885 1004 praedicto,
904 971 967 993 non
987 971 1024 993 ex
1042 960 1213 1003 privilegio

475 1014 665 1058 apostolico,
688 1013 741 1046 sed
765 1024 802 1047 ex
827 1015 901 1046 vera
926 1013 1096 1056 primaeva,
1119 1012 1211 1052 reali,

475 1069 600 1107 actuali,
624 1068 731 1110 plena,
749 1067 875 1109 integra
894 1073 924 1099 et
942 1065 1129 1099 omnimoda
1148 1065 1213 1097 sun-

475 1121 604 1154 datione
629 1131 665 1152 ac
690 1122 846 1163 perpetua
864 1119 1029 1152 dotatione
1048 1123 1212 1161 compete-

475 1185 518 1214 re,
534 1179 563 1207 et
578 1174 617 1206 ad
633 1173 783 1206 loannem
800 1178 829 1205 et
846 1182 904 1215 pro
921 1177 1064 1215 tempore
1080 1170 1215 1204 existen-

475 1233 538 1260 tem
557 1226 772 1268 Portugalliae
799 1231 829 1258 et
854 1225 1079 1267 Algarbiorum
1102 1234 1211 1267 regem

475 1281 676 1324 praedictum
692 1279 864 1323 pertinere,
881 1278 1026 1321 illudque
1045 1278 1124 1318 vim,
1143 1278 1213 1311 est‘e-

476 1340 570 1375 ctum,
586 1339 743 1373 naturam,
763 1333 950 1376 qualitatem
967 1338 997 1365 et
1014 1333 1212 1366 validitatem

476 1387 575 1419 iuris³
598 1387 789 1430 patronatus
815 1385 896 1428 regii
922 1385 1109 1418 huiusmodi
1131 1385 1213 1418 obti-

474 1449 563 1479 nere,
582 1450 616 1471 ac
635 1438 678 1471 uti
698 1439 760 1471 tale
779 1439 837 1470 sub
856 1448 1059 1481 quacumque
1078 1438 1213 1480 deroga-

477 1492 564 1525 tione
586 1491 856 1534 iurispatronatus
878 1501 912 1523 ev
940 1490 1112 1533 privilegio
1138 1501 1213 1533 apo-

477 1544 592 1577 stolico
618 1545 668 1576 vel
694 1543 932 1576 consuetudine
970 1548 1023 1575 aut
1060 1542 1214 1585 praescri-

476 1597 586 1641 ptione
611 1596 775 1639 acquisiti,
803 1595 898 1628 etiam
937 1606 1007 1628 cum
1045 1596 1212 1638 quibusvis

476 1649 779 1694 praegnantissimis
799 1654 829 1682 et
848 1648 1079 1682 efficacissimis
1097 1649 1212 1689 verbis,

477 1705 652 1744 clausulis,
677 1714 712 1736 ac
738 1703 833 1735 etiam
859 1702 1060 1735 irritantibus
1087 1708 1118 1735 et
1142 1702 1212 1735 aliis

477 1756 666 1790 fortioribus
686 1755 834 1795 decretis,
853 1755 949 1788 etiam
968 1766 1039 1789 cum
1060 1757 1211 1794 clausula,

478 1811 622 1851 Quorum
642 1814 774 1849 tenores,
795 1814 864 1849 eto,
885 1809 915 1841 in
933 1819 1133 1852 quacumque
1153 1810 1213 1842 dis-

476 1863 650 1906 positione,
669 1861 766 1894 etiam
792 1872 851 1905 per
875 1862 956 1894 viam
975 1862 1214 1895 constitutionis

476 1915 568 1958 legis,
595 1920 791 1957 nostraeque
818 1920 848 1947 et
873 1914 1092 1948 Cancellariae
1128 1915 1214 1958 Apo-

476 1969 609 2002 stolicae
638 1969 779 2010 regulae,
799 1967 894 2000 etiam
921 1978 978 2011 per
1002 1978 1062 2001 nos
1089 1973 1120 2001 et
1145 1979 1214 2001 suc-

477 2032 623 2054 cessores
660 2025 787 2053 nostros
826 2021 987 2053 Romanos
1027 2020 1210 2062 Pontifices,

477 2075 572 2107 etiam
599 2079 697 2114 motu,
725 2073 861 2106 scientia
887 2079 918 2106 et
943 2074 1112 2117 potestatis
1145 2076 1214 2116 ple-

476 2128 627 2161 nitudine
652 2127 833 2167 similibus,
859 2127 954 2160 etiam
982 2128 1214 2161 concistoriali-

477 2187 533 2221 ter,
552 2190 611 2223 pro
632 2185 778 2222 tempore
797 2180 1102 2223 quomodocumque
1121 2181 1211 2221 sacta,

476 2233 628 2266 concessa
664 2237 695 2265 ct
719 2234 884 2273 emanata,
910 2232 1095 2266 nullatenus
1131 2244 1214 2266 com-

475 2285 639 2330 prehendi
656 2312 663 2325 ,
691 2295 750 2317 nec
776 2285 846 2317 itti⁴
871 2285 939 2318 ullo
964 2295 1107 2329 unquam
1135 2293 1213 2319 tem-

476 2349 574 2383 pore,
600 2338 696 2371 etiam
723 2338 849 2371 ratione
875 2338 1012 2371 cuiusvis
1049 2338 1112 2372 litis
1138 2350 1214 2382 pen-

477 2391 606 2425 dentiae
650 2392 698 2424 vel
739 2390 916 2423 vacationis
964 2391 1049 2434 apud
1097 2391 1211 2425 Sedem

513 2482 523 2506 1
546 2480 629 2506 Deest
646 2479 759 2506 verbum
775 2487 816 2506 ex.
833 2487 859 2514 g.
876 2478 1048 2513 competebat
1063 2480 1103 2510 (11.
1119 2480 1168 2506 ΤΛ.

510 2524 525 2550 2
540 2523 697 2550 Absolvitur
707 2523 825 2559 syntaxis
836 2523 941 2559 incepta
956 2531 1017 2558 pag.
1030 2523 1080 2550 359
1092 2532 1109 2550 a
1122 2524 1213 2559 (R.T.).

510 2569 526 2595 3
547 2568 614 2595 Edit.
635 2568 719 2595 Main.
741 2568 806 2602 legit
823 2568 869 2595 ius
889 2576 937 2603 pro
957 2568 1034 2596 iuris
1055 2568 1091 2603 (n.
1108 2570 1159 2603 T.)-

510 2612 526 2640 4
548 2611 664 2639 Pessime
685 2612 751 2639 edit.
768 2611 846 2640 Μαίη.
860 2612 923 2647 legit
934 2612 983 2639 illo
998 2620 1045 2648 pro
1060 2612 1106 2641 itti
1119 2612 1212 2648 (παπ).

1046 224 1227 249 nULt,An1U1tt
1252 224 1407 248 ROMANUM

1258 273 1445 315 praefatam,
1460 272 1554 306 etiam
1573 283 1608 306 ex
1624 274 1716 306 causa
1735 272 1990 316 permutationis,

1259 326 1306 358 vel
1332 325 1568 366 devolutionis,
1594 336 1648 358 seu
1687 326 1749 359 alio
1788 336 1992 369 quocumque

1259 383 1437 421 praetextu,
1455 390 1490 411 ac
1510 389 1546 411 ex
1565 389 1767 422 quacumque
1783 381 1877 412 causa
1896 389 1993 422 quan-

1260 431 1371 463 tumvis
1397 431 1525 474 urgenti
1552 436 1583 464 et
1607 431 1763 474 legitima,
1782 442 1842 474 per
1861 441 1918 464 nos
1936 441 1991 464 seu

1258 484 1418 516 Romanos
1445 483 1614 516 Pontifices
1633 493 1838 516 successores
1864 488 1992 516 nostros

1259 547 1316 579 pro
1341 542 1484 579 tempore
1500 536 1690 576 existentes,
1709 537 1754 569 vel
1770 536 1883 570 Sedem
1904 546 1992 579 prae-

1259 590 1387 629 dictam,
1419 594 1471 621 aut
1497 589 1583 621 illius
1610 589 1704 621 etiam
1726 590 1765 622 de
1784 591 1885 622 latere
1911 590 1993 632 lega-

1261 648 1320 683 tos,
1348 642 1442 675 etiam
1469 647 1581 681 motu,
1606 642 1738 675 scientia
1763 648 1794 676 et
1826 642 1993 685 potestatis

1259 695 1461 738 plenitudine
1487 694 1660 734 similibus,
1694 705 1750 727 seu
1776 694 1915 728 cuiusvis
1947 694 1994 728 in-

1260 747 1337 779 tuitu
1366 752 1397 780 et
1421 747 1715 790 contemplatione,
1741 757 1799 790 per
1824 757 1994 790 quascum-

1258 810 1319 842 que
1345 800 1468 833 litteras
1496 800 1702 843 apostolicas,
1721 805 1751 832 et
1774 810 1992 843 quascumque

1258 852 1354 885 etiam
1381 852 1659 895 derogatoriarum
1695 851 1929 894 derogatorias,
1956 863 1992 886 ac

1259 905 1409 938 fortiores
1435 911 1467 938 et
1490 905 1634 938 insolitas
1666 906 1840 945 clausulas,
1866 915 1994 938 necnon

1258 958 1418 991 irritantia
1452 963 1482 991 et
1507 959 1568 991 alia
1604 959 1733 992 decreta
1769 969 1994 1002 quaecumque

1258 1011 1288 1043 in
1307 1021 1340 1043 se
1358 1011 1573 1051 continentes,
1591 1011 1741 1053 derogari
1758 1022 1866 1054 posse,
1888 1022 1993 1054 neque

1258 1063 1386 1104 debere,
1413 1069 1468 1096 aut
1493 1065 1681 1106 derogatum
1700 1065 1839 1104 censeri;
1865 1074 1993 1096 necnon

1257 1128 1368 1150 omnes
1393 1123 1423 1151 et
1448 1128 1665 1161 quascumque
1691 1117 1892 1158 collationes,
1919 1127 1994 1160 pro-

1259 1171 1413 1210 visiones,
1438 1171 1656 1210 commendas,
1683 1170 1827 1213 aliasque
1853 1170 1992 1214 disposi-

1257 1224 1361 1257 tiones
1387 1224 1425 1256 de
1452 1224 1601 1256 omnibus
1629 1229 1660 1256 et
1685 1223 1823 1266 singulis
1853 1223 1992 1266 dignita-

1258 1278 1343 1310 tibus
1377 1288 1413 1310 ac
1446 1277 1691 1309 canonicatibus
1727 1283 1758 1310 et
1782 1277 1990 1319 praebendis,

1256 1340 1382 1363 necnon
1408 1329 1588 1373 capellania
1613 1329 1765 1372 praefata,
1791 1340 1828 1362 ac
1853 1329 1992 1363 dimidiis

1257 1383 1499 1417 canonicatibus
1518 1383 1724 1425 dimidiisque
1743 1382 1939 1426 praebendis
1958 1394 1994 1416 ac

1258 1437 1473 1481 quartanariis
1507 1436 1670 1478 praefatae
1696 1435 1849 1468 ecclesiae
1875 1435 1993 1480 Ulyssi-

1258 1490 1413 1533 poneusis
1451 1489 1618 1522 orientalis
1653 1494 1765 1522 contra
1806 1489 1993 1522 earumdem

1257 1542 1478 1586 praesentium
1507 1548 1662 1582 tenorem,
1688 1547 1719 1574 et
1739 1541 1815 1574 alias
1840 1552 1934 1585 quarn
1953 1542 1992 1575 ad

1257 1596 1555 1640 praesentationem
1571 1596 1699 1629 loannis
1717 1601 1748 1628 et
1765 1606 1823 1638 pro
1845 1600 1992 1638 tempore

1258 1649 1425 1682 existentis
1459 1649 1674 1691 Portugalliae
1701 1654 1732 1681 et
1762 1647 1992 1691 Algarbiorum

1259 1703 1344 1744 regis
1371 1702 1524 1745 praefati,
1551 1712 1606 1733 seu
1642 1702 1680 1735 de
1705 1701 1792 1734 illius
1817 1711 1989 1742 consensu,

1258 1760 1288 1788 et
1314 1755 1344 1787 in
1372 1756 1417 1788 eis
1442 1754 1661 1787 institutiones
1687 1755 1726 1787 ad
1757 1754 1994 1797 praesentatio-

1257 1818 1329 1840 nem
1367 1807 1575 1847 huiusmodi,
1600 1807 1677 1840 alias
1710 1818 1806 1851 quam
1841 1818 1899 1851 per
1934 1817 1992 1851 pro

1258 1867 1404 1904 tempore
1430 1860 1619 1895 existentem
1645 1859 1929 1904 archiepiscopum
1953 1859 1993 1893 U-

1256 1914 1515 1958 lyssiponensem
1542 1913 1748 1954 orientalem,
1775 1913 1811 1945 ad
1838 1923 1934 1956 quem
1959 1917 1994 1946 ut

1256 1968 1439 2010 praefertur
1464 1966 1512 1998 ius
1530 1965 1719 1998 instituendi
1741 1965 1895 2008 privative
1920 1976 1994 2009 per-

1257 2021 1360 2052 tinere
1385 2025 1415 2052 et
1440 2024 1586 2062 spectare
1624 2019 1759 2058 debeat,
1787 2018 1882 2051 etiam
1908 2019 1992 2062 apud

1256 2074 1372 2106 Sedem
1398 2072 1574 2115 praefatam
1595 2082 1655 2115 pro
1683 2077 1827 2115 tempore
1855 2072 1994 2105 vacanti-

1256 2127 1324 2166 bus,
1341 2125 1504 2168 quibusvis
1525 2124 1676 2168 personis
1702 2125 1761 2157 sub
1787 2125 1994 2168 quibuscum-

1257 2190 1318 2223 que
1343 2179 1517 2212 verborum
1544 2177 1808 2221 expressionibus
1833 2189 1892 2221 pro
1914 2183 1994 2212 tem-

1257 2243 1336 2276 pore
1363 2233 1461 2265 factas
1487 2242 1541 2264 seu
1562 2231 1734 2270 faciendas,
1755 2242 1992 2276 processusque

1258 2286 1396 2328 desuper
1420 2284 1549 2318 habitos
1574 2294 1629 2317 seu
1657 2284 1836 2325 habendos,
1861 2295 1897 2317 ac
1917 2284 1992 2318 inde

1257 2348 1315 2381 pro
1353 2343 1496 2381 tempore
1538 2334 1701 2380 sequenda
1741 2347 1990 2380 quaecumque,

1257 2393 1346 2425 nulla
1381 2396 1411 2424 et
1447 2391 1604 2431 invalida,
1645 2390 1828 2434 nulliusque
1865 2391 1992 2424 roboris

1257 2446 1305 2478 vel
1332 2445 1486 2477 momenti
1513 2444 1582 2477 sore
1608 2448 1640 2476 et
1665 2454 1749 2484 esse,
1777 2454 1813 2477 ac
1837 2454 1897 2486 pro
1917 2443 1992 2477 nul-

1256 2498 1296 2531 lis
1322 2502 1354 2531 et
1378 2496 1505 2530 inseetis
1542 2496 1657 2529 haberi
1693 2501 1725 2529 et
1758 2496 1906 2537 censeri,
1932 2505 1993 2529 nec

1257 2551 1304 2584 ius
1340 2555 1394 2583 aut
1431 2551 1608 2584 coloratum
1640 2549 1767 2583 titulum
1802 2549 1993 2593 possidendi

1257 2604 1407 2648 cuiquam
1433 2603 1597 2645 tribuere,
1623 2613 1684 2637 nec
1707 2613 1767 2648 per
1790 2602 1846 2637 illa
1870 2603 1992 2649 acquiri
