2232 3178
277 237 327 265 An.
345 236 375 264 C.
397 234 464 262 ¹739

511 225 575 259 518

472 283 668 322 praeseferat,
692 282 763 311 alios
796 281 881 311 etiam
906 280 1116 319 cuiuscumque
1139 280 1207 309 reli-

471 331 565 369 gionis
601 331 644 360 vel
681 330 797 360 Ordinis
820 330 848 359 in
873 329 1035 359 districtum
1059 329 1206 358 missionis

472 379 703 417 capuccinorum
720 378 905 416 designatum
922 377 956 406 ad
971 377 1123 406 missiones
1140 377 1206 406 mit-

473 430 549 463 tere,
574 426 651 464 ipsos
678 430 772 455 autem
802 425 1002 455 missionarios
1028 424 1207 464 Capuccinos

473 474 542 503 alibi
564 474 597 503 ad
622 474 776 503 missiones
799 474 856 512 (ad
881 477 995 512 tempus
1019 473 1136 511 tamen)
1159 472 1208 501 ab·

474 522 589 559 legare,
619 522 787 551 fundatione
819 522 921 551 domus
955 529 1070 560 semper
1103 520 1205 557 salva,

472 580 582 609 suoque
605 570 633 599 in
656 570 759 599 robore
781 579 894 608 semper
917 570 1012 598 firma.

513 628 558 648 xv.
582 618 661 654 Quod
688 620 712 648 si
736 627 805 648 vero
829 617 1060 657 Capuccinorum
1087 617 1206 654 religio,

472 667 574 697 domus
596 667 667 696 haec
690 666 858 704 missionis,
882 676 933 695 seu
957 666 1133 695 missiouarii
1165 666 1209 694 su-

473 716 546 745 turis
569 715 716 754 perpetuis
739 715 939 754 temporibus,
964 715 1102 744 adversus
1126 723 1210 752 prae-

472 765 567 793 dictas
590 764 678 801 leges,
704 768 785 802 pacta
807 768 835 792 ct
857 763 1056 800 condumum,
1081 762 1209 801 quidque

474 822 524 852 per
545 821 698 842 recursum
721 813 781 842 sive
804 812 1066 851 dispensationem,
1092 811 1211 849 privile-

473 861 534 899 gia,
560 870 610 900 per
645 861 717 890 latas
747 861 789 889 vel
823 860 956 889 serendas
979 860 1007 889 iu
1030 859 1209 889 contrarium

472 910 648 947 sanctiones,
671 919 721 939 seu
744 913 771 939 et
793 910 910 939 demum
934 918 985 948 per
1007 908 1091 938 aliam
1111 917 1212 947 quam-

473 967 596 997 cumque
619 958 695 987 viam
717 957 938 995 excogitabilem
968 957 1003 987 de
1026 957 1152 994 mundo,
1176 956 1211 986 de

474 1007 547 1036 facto
577 1006 621 1036 vel
657 1006 691 1036 de
729 1007 810 1042 iure,
834 1010 997 1043 attentare,
1028 1005 1212 1035 salubremve

473 1056 667 1085 intentionem
699 1056 774 1085 hanc
806 1059 955 1092 nostram,
989 1063 1062 1093 quae
1097 1057 1141 1083 est
1180 1057 1212 1083 ut

474 1104 589 1143 penitus
611 1113 625 1133 e
649 1103 799 1142 provincia
821 1104 923 1133 nostra
940 1102 1131 1132 eliminentur
1146 1102 1213 1131 hae-

473 1161 564 1189 reses,
588 1152 745 1189 invertere,
767 1151 946 1187 modificare,
971 1151 1015 1180 vel
1038 1151 1123 1180 aliter
1145 1150 1212 1180 huic

474 1210 592 1240 quoquo
615 1201 732 1230 demum
750 1200 834 1230 modo
853 1200 993 1238 derogare
1010 1208 1213 1238 praesumpse-

474 1249 550 1286 rint,
574 1248 709 1278 noverint
729 1248 777 1278 illa
801 1252 829 1278 et
851 1248 898 1277 isti
922 1247 1113 1287 omnipotenti
1136 1247 1211 1284 Deo,

474 1296 569 1334 nobis,
593 1296 808 1326 successoribus
837 1300 865 1326 et
894 1295 1052 1325 venerabili
1085 1296 1212 1334 capitulo

475 1349 574 1375 nostro
591 1346 806 1375 strictissimam
825 1345 968 1375 rationem
983 1344 1151 1380 reddum-1¹,
1169 1354 1212 1374 se-

475 1402 531 1432 que
565 1393 796 1431 indignationem
830 1397 981 1430 nostram,
1010 1402 1212 1423 successorum

476 1445 640 1471 nostrorum
671 1445 699 1471 et
728 1441 848 1481 praefati
882 1440 1057 1471 venerabilis
1090 1440 1212 1480 capituli

476 1491 659 1528 incursuros,
683 1490 745 1520 sine
768 1499 891 1529 quorum
914 1494 941 1519 et
968 1489 1054 1519 huius
1077 1498 1213 1528 expresso

476 1548 631 1577 consensu,
656 1539 823 1578 praemissis
845 1537 970 1577 legibus,
988 1538 1081 1577 pactis
1103 1542 1130 1567 et
1146 1547 1214 1567 con-

476 1587 637 1617 ditionibus
653 1595 751 1624 nemo,
770 1595 954 1626 quacumque
976 1586 1064 1616 etiam
1087 1585 1212 1615 auctori·

477 1640 535 1666 tate
557 1636 676 1674 fulgeat,
701 1644 830 1674 unquam
866 1634 972 1674 poterit
994 1634 1153 1672 derogare;
1176 1634 1214 1663 si-

476 1685 594 1724 quidem
618 1684 838 1722 derogationem
860 1684 999 1722 aliquam,
1024 1683 1214 1712 modificatio-

476 1741 542 1762 nem
566 1733 610 1762 vel
632 1732 887 1762 commutationem
910 1731 996 1761 huius
1018 1736 1133 1761 nostrae
1150 1731 1214 1770 piae

477 1781 648 1811 intentionis
670 1791 728 1811 non
749 1780 942 1820 impetrandi,
975 1784 1025 1809 aut
1051 1780 1136 1809 aliter
1164 1788 1214 1818 per

477 1839 507 1859 se
527 1839 557 1859 se
578 1830 622 1859 vel
639 1829 711 1859 alios
734 1829 893 1868 quidquam
910 1829 940 1858 in
957 1828 1137 1858 contrarium
1155 1836 1213 1857 non

478 1877 650 1915 attentandi,
668 1877 737 1917 quin
754 1877 848 1916 potius
865 1886 931 1906 vero
948 1877 1094 1916 praedicta
1117 1876 1212 1906 omnia

478 1931 506 1956 et
527 1927 642 1965 singula
665 1926 812 1966 perpetuis
835 1926 941 1955 suturis
965 1925 1144 1964 temporibus
1163 1933 1214 1964 pro

479 1985 563 2015 posse
585 1985 686 2005 eorum
709 1975 834 2005 fideliter
849 1979 878 2005 et
893 1975 1000 2013 iugiter
1023 1973 1213 2013 adimplendi,

479 2033 564 2064 saepe
587 2028 764 2054 memoratus
788 2028 870 2063 pater
892 2023 1081 2063 provincialis
1096 2026 1124 2052 et
1146 2023 1216 2052 deti-

479 2074 588 2103 nitores
610 2073 727 2113 proprio
743 2082 843 2103 eorum
860 2081 1062 2102 successorum
1079 2076 1106 2102 et
1129 2072 1216 2102 totius

481 2123 647 2161 provinciae
665 2123 794 2160 nomine,
811 2122 886 2152 datis
908 2122 937 2151 in
961 2122 989 2151 id
1011 2126 1039 2151 et
1062 2121 1144 2151 nobis
1168 2130 1217 2150 ex-

481 2170 615 2200 tradictis
644 2170 860 2208 reversalibus,
884 2169 1055 2199 solemniter
1082 2169 1216 2208 bonaque

482 2218 536 2248 fide
560 2219 804 2258 expromiserunt.

561 2268 592 2297 ln
626 2277 749 2307 quorum
773 2267 903 2296 omnium
933 2266 1020 2296 fidem
1054 2270 1081 2296 et
1112 2265 1216 2302 robur,

482 2317 640 2346 accedente
663 2316 747 2346 toties
775 2315 885 2345 narrati
919 2315 1092 2345 venerabilis
1126 2314 1218 2344 nostri

483 2365 603 2404 capituli
626 2374 781 2403 consensu,
801 2365 852 2394 bas
875 2364 950 2402 lieri,
968 2364 1119 2402 eidemque
1145 2362 1218 2402 patri

484 2414 657 2453 provinciali
675 2418 703 2443 et
719 2412 924 2443 definitoribus
943 2412 1056 2442 extradi
1072 2412 1218 2449 iussimus,

483 2463 696 2503 subscriptione
726 2464 826 2492 nostra
858 2466 886 2492 et
920 2461 1097 2501 appensione
1132 2460 1220 2498 sigilli

483 2513 575 2542 nostri
598 2512 717 2542 maioris
741 2511 878 2541 munitas.
895 2510 974 2545 Quae
996 2509 1155 2540 dabuntur²
1170 2508 1219 2538 Sa-

520 2573 530 2598 1
554 2570 709 2606 Legendum
729 2570 893 2597 reddituros
912 2570 954 2603 (n.
969 2569 1018 2603 Τ.).

519 2615 535 2643 2
555 2615 657 2643 Forsan
677 2616 823 2643 dabantur
842 2616 882 2649 (a.
898 2614 948 2646 Τ.).

1056 231 1237 256 BULLARIUM
1261 230 1418 255 ROMANUM

1249 278 1382 317 lisburgi,
1400 278 1429 308 in
1447 278 1601 317 metropoli
1625 278 1738 317 nostra,
1754 277 1808 308 hac
1823 276 1892 308 dier
1907 285 1986 307 men-

1250 327 1289 356 sis
1311 326 1412 366 aprilis
1434 335 1612 356 MDchxxvl.

1761 365 1945 395 Leopotnos.

1289 424 1346 454 Nos
1382 433 1497 463 quoque
1520 423 1568 453 Dei
1591 423 1687 462 gratia
1715 422 1844 453 Andreas
1865 421 1986 452 Iacobus

1251 482 1347 503 comes
1376 473 1410 502 de
1444 472 1648 502 Dietrichstein
1679 471 1862 511 praepositus
1891 480 1939 502 are

2131 0 2232 82 l!

2020 432 2134 455 consensus
2142 440 2174 456 ea.

2115 493 2174 514 nuper

1251 521 1412 560 presbyter,
1445 520 1607 559 Leopoldus
1643 520 1782 550 Ernestus
1817 519 1847 549 L.
1879 521 1915 548 B.
1952 512 2097 548 denarrans.

1250 570 1396 605 Firmian,
1434 569 1534 599 divina
1566 569 1676 608 pariter
1708 568 1803 607 gratia.
1836 568 1986 606 decanus,

1252 618 1423 648 Franciscus
1457 617 1670 647 Maximilianus
1692 626 1788 646 comes
1821 616 1856 646 de
1889 617 1990 646 Liecti-

1252 666 1377 696 tenstein
1400 666 1508 703 senior,
1533 670 1683 704 totumque
1699 665 1859 704 capitulum
1882 669 1989 694 metro-

1253 714 1388 754 politicae
1415 713 1555 743 ecclesiae
1584 713 1831 751 Salisburgensis,
1864 712 1988 742 fatemur

1252 767 1280 793 et
1301 767 1475 792 attestamur
1498 761 1607 799 omnia,
1631 771 1704 800 quae
1732 761 1761 790 in
1785 760 1988 800 praesentibus

1253 811 1357 841 litteris
1371 810 1571 846 continentur,
1586 814 1684 839 nostro
1697 818 1841 839 consensu
1859 813 1987 848 peracta,

1254 860 1433 899 proindeque
1462 859 1611 897 perpetuis
1644 858 1774 888 venturis
1810 856 1991 896 temporibus

1254 907 1432 938 observanda
1456 917 1534 944 esse3
1559 916 1610 946 pro
1633 906 1716 936 cuius
1739 905 1924 936 roboratione
1954 905 1991 934 si-

1254 957 1355 995 gillum
1381 960 1512 985 nostrum
1548 955 1709 994 capitulare
1736 953 1939 994 appendimus,
1963 956 1992 983 et

1254 1015 1307 1035 nos
1330 1004 1489 1044 supradicti
1513 1004 1707 1043 praepositus,
1732 1003 1871 1040 decanus,
1895 1011 1928 1032 ac
1947 1011 1991 1032 se-

1254 1054 1321 1083 nior
1343 1054 1430 1082 hasce
1462 1052 1576 1082 litteras
1608 1051 1742 1081 manibus
1775 1050 1902 1090 propriis
1924 1049 1992 1079 sub-

1255 1102 1439 1141 scripsimus.
1456 1101 1543 1131 Datae
1567 1100 1730 1139 Salisburgi
1747 1100 1793 1130 die
1808 1109 1867 1130 xxn
1883 1098 1991 1129 mensis

1255 1151 1323 1180 maii
1347 1159 1423 1180 anno
1446 1158 1624 1179 tmecxxxvi.

1296 1199 1435 1229 ANDnEAs
1458 1200 1582 1229 laconas
1605 1208 1702 1228 comes
1724 1198 1759 1228 de
1774 1197 1991 1233 Dietriclistein,

1256 1250 1439 1289 praepositus
1477 1248 1718 1286 Salisburgensis.
1751 1264 1790 1269 —
1820 1247 1991 1276 LEoPOLDUs

1256 1298 1409 1328 Enmssrrs
1439 1298 1469 1327 L.
1494 1298 1526 1327 B.
1558 1297 1592 1327 de
1623 1296 1752 1326 Firmian
1785 1295 1922 1326 decanus.
1956 1313 1992 1317 —

1255 1347 1438 1376 Falisciscns
1460 1346 1674 1376 Msmnmxus
1707 1353 1804 1374 comes
1835 1344 1870 1374 de
1895 1343 1994 1373 Lieeh-

1256 1395 1381 1425 tenstein
1404 1395 1512 1424 senior.

1257 1475 1310 1506 Nos
1332 1474 1484 1513 Leopoldus
1498 1498 1505 1512 ‚
1530 1474 1580 1503 Dei
1600 1474 1693 1512 pratici
1725 1472 1948 1511 archiepiscopus
1969 1474 1995 1501 et

1294 1524 1425 1562 prinecps
1455 1522 1687 1560 Sult’sburgensis,
1711 1521 1828 1551 Sanctae
1856 1518 1935 1550 Sedis
1966 1529 1995 1548 α-

1294 1571 1442 1610 postolicae
1481 1570 1584 1608 legatus
1617 1574 1711 1604 natus,
1744 1569 1850 1608 primas
1883 1567 1996 1598 Germa-

1297 1621 1370 1656 niae,
1389 1624 1440 1649 etc.

1296 1685 1490 1716 Ferventibus
1513 1685 1587 1715 votis
1610 1685 1638 1714 in
1655 1684 1683 1714 id
1702 1683 1789 1714 unice
1807 1682 1995 1717 intendentes

1258 1738 1300 1772 ut,
1321 1734 1403 1763 hoste
1426 1738 1525 1764 nostro
1549 1733 1726 1772 (haereticos
1754 1731 1906 1762 seditiosos
1929 1730 1996 1761 suh-

2185 95 2190 125 l

2189 130 2190 137 1

2188 167 2191 188 l

1993 228 2044 256 An.
2059 228 2088 256 c.
2108 231 2171 260 1739
2191 232 2192 269 j

1942 470 1987 500 hi-
1998 460 2057 488 pituli
2073 459 2174 482 saus-nur·
2194 468 2195 471 ¹

1999 491 2067 511 gensis

2028 1695 2129 1716 fundatio
2135 1694 2180 1716 ml·-
2208 1706 2211 1714 2

2006 1722 2070 1743 sionis
2085 1721 2179 1748 Capricul-

2006 1754 2079 1770 uorum
2091 1748 2111 1769 in
2120 1747 2179 1769 Rada
2210 1759 2211 1769 l

1258 1783 1333 1812 ditos
1356 1785 1470 1812 nostros
1492 1781 1718 1820 intelligimus),
1742 1781 1799 1810 Deo
1821 1777 2056 1819 opitulante,⁸1³²·

1258 1832 1315 1861 iam
1339 1832 1447 1869 fugato,
1471 1831 1499 1860 id
1522 1830 1654 1860 deleatur
1677 1829 1804 1869 penitus,
1821 1836 1857 1859 ne
1872 1829 1995 1865 intrent,

1259 1884 1290 1909 ut
1313 1879 1580 1918 perhorrescimus,
1612 1882 1676 1917 post
1706 1877 1914 1907 discessionem
1946 1886 1998 1906 no-

1259 1932 1348 1958 stram
1371 1928 1438 1957 novi
1462 1927 1523 1967 lupi
1546 1935 1678 1966 rapaceS,
1699 1926 1780 1964 gregi
1795 1935 1853 1955 non
1876 1934 1998 1964 parcen-

1259 1981 1313 2015 tes,
1338 1986 1411 2006 neve
1434 1976 1563 2006 haeresis
1578 1998 1585 2012 ‚
1609 1975 1745 2005 herculea
1778 1974 1868 2005 veluti
1890 1974 1995 2013 hydra,

1259 2025 1360 2064 utique
1396 2033 1461 2054 cum
1494 2024 1604 2054 maiore
1636 2023 1787 2062 religionis
1814 2032 1846 2053 ac
1869 2022 1998 2061 regionis

1259 2078 1375 2104 nostrae
1397 2073 1527 2112 periculo
1550 2072 1722 2111 damnisque
1743 2072 1883 2101 continuo
1899 2069 1998 2110 repul-

1260 2122 1342 2159 lulet,
1366 2130 1513 2160 novasque
1536 2121 1693 2150 identidem
1718 2120 1793 2150 vires
1814 2127 1997 2149 reassumere

1260 2173 1403 2206 attentet,
1427 2169 1600 2199 auctoritate
1633 2170 1734 2198 nostra
1757 2166 1998 2207 archiepiscopali

1261 2223 1288 2248 et
1321 2218 1475 2257 principali
1515 2218 1673 2247 clementer
1706 2221 1734 2247 et
1767 2216 1887 2246 insimul
1922 2215 1998 2246 serio

1262 2267 1429 2307 paternitati
1469 2270 1535 2296 tuae
1570 2266 1778 2296 committimus
1793 2289 1801 2303 ‚
1835 2269 1997 2304 quatenus,

1262 2325 1337 2354 quae
1360 2319 1424 2354 post
1446 2316 1580 2344 ultimam
1595 2315 1812 2344 haereticorum
1831 2313 2000 2351 emigratio-

1262 2373 1327 2393 nem
1366 2364 1396 2393 in
1428 2364 1612 2402 praefectura
1648 2364 1751 2392 nostra
1786 2361 2000 2392 Radtstadiensi

1263 2422 1314 2452 per
1336 2417 1432 2452 patres
1455 2412 1572 2442 Ordinis
1595 2412 1637 2441 tui
1664 2412 1756 2441 sancti
1775 2411 1924 2440 Francisci
1949 2410 2000 2440 Ca-

1264 2462 1454 2501 puccinorum
1479 2466 1535 2491 tam
1559 2460 1746 2490 laudabiliter
1769 2463 1907 2499 tantoque
1938 2459 2001 2488 ani-

1264 2519 1377 2541 marum
1399 2511 1495 2540 fructu
1518 2510 1650 2549 inceptae
1672 2513 1700 2539 et
1727 2512 1898 2548 prosecutae
1921 2508 1999 2537 suere

1263 2560 1429 2589 catecheses
1451 2563 1479 2588 et
1501 2558 1711 2596 excursiones,
1730 2557 1771 2587 sic
1793 2557 1949 2594 instituas,
1968 2557 2000 2585 ut

1264 2608 1343 2639 omni
1365 2608 1465 2639 sutura
1486 2611 1578 2638 aetate
1610 2607 1779 2647 perdurent.
1802 2605 1941 2637 Volumus
1962 2603 2001 2635 si·-
