2232 3178
27 214 74 241 An.
93 208 122 238 C.
137 206 206 236 1738

90 2074 105 2095 Λ
125 2073 218 2095 Clemen-

43 2103 62 2122 ιο
92 2100 135 2122 vttt
170 2100 218 2121 data

43 2127 136 2155 Philippo
150 2127 183 2149 111,

836 199 975 224 emamus

214 253 282 287 riae
315 251 469 295 Philippo
499 250 525 283 II
558 255 631 282 tunc
665 248 800 291 Angliae
828 248 897 290 regi
926 253 956 280 et

213 305 444 349 Hispaniarum
481 303 621 347 principi
654 312 713 346 pro
749 312 784 335 se
824 302 955 344 suisque

213 359 410 393 haeredibus
438 363 469 391 et
497 356 742 390 successoribus
774 354 956 396 Aragoniae

214 412 347 455 regibus
366 438 373 451 ,
399 416 461 443 tam
497 410 650 443 masculis
681 419 777 453 quam
806 407 955 445 seminis,

216 476 252 499 ex
277 476 316 499 eo
342 467 431 498 recta
455 465 542 498 linea
563 463 853 500 descendentibus,
875 461 958 493 natis

215 524 247 552 et
275 518 469 557 nascituris,
501 529 537 551 ac
566 517 637 550 aliis
666 515 814 560 personis
835 515 866 547 in
887 524 958 547 con·

216 572 420 606 cessionibus
451 571 524 604 Iulii
555 576 586 604 et
610 571 726 604 Leonis
746 568 959 611 comprehen-

216 626 271 666 sis,
304 631 336 659 et
366 636 425 669 per
453 636 507 658 eos
525 625 658 665 vocatis,
684 625 717 656 in
736 623 869 656 seudum
888 631 959 665 per-

215 684 361 725 petuum,
382 689 440 722 pro
468 678 564 711 solito
586 688 693 710 annuo
720 687 815 709 censu
835 680 957 718 septem

216 733 305 767 mille
331 733 521 766 ducatorum
546 731 614 764 auri
644 731 683 763 de
712 730 847 763 Camera
875 734 905 761 et
924 739 960 760 u-

216 787 290 820 nius
316 785 479 829 parasreni
510 785 574 818 albi
612 784 794 824 solvendo,
832 788 863 816 et
899 783 959 815 sub

217 836 485 878 conditionibus,
512 836 627 875 modis,
655 835 777 875 formis,
805 833 961 867 adiectio-

217 890 313 924 nibus
332 918 340 931 ,
367 889 643 934 promissionibus
659 916 666 929 ,
691 888 864 928 clausulis,
890 897 962 919 eau-

218 945 313 985 telis,
339 945 558 977 voluntatibus
585 949 616 976 et
641 942 903 976 ordinationibus
930 941 961 973 in

217 997 336 1031 litteris
362 997 432 1030 Iulii
454 1003 486 1030 et
504 996 716 1030 concessione
734 995 852 1028 Leonis
872 1004 963 1037 prae-

220 1051 430 1084 decessorum
456 1049 644 1083 huiusmodi
672 1048 853 1089 contentis,
881 1058 962 1090 quae

219 1115 281 1149 per
306 1104 454 1137 eamdem
479 1103 596 1136 Sedem
622 1100 798 1135 remissae⁴
825 1111 889 1133 non
908 1111 964 1143 ap-

219 1163 392 1202 parerent,
417 1157 570 1190 similiter
594 1156 776 1197 concessit,
804 1161 836 1188 et
861 1155 900 1187 de
926 1165 963 1187 eo

220 1212 327 1256 ipsum
353 1211 541 1254 Philippum
568 1221 679 1252 regem
711 1210 897 1249 investivit,
935 1214 966 1241 et

221 1265 324 1298 dictus
345 1265 517 1308 Philippus
543 1275 598 1297 rex
624 1274 685 1307 per
711 1263 876 1306 quondam
894 1263 966 1295 Fer-

223 1318 403 1351 dinandum
424 1318 630 1350 Franciscum
646 1318 762 1350 Avalos
781 1317 819 1350 de
838 1316 966 1359 Aquino

222 1371 448 1404 marchionem
473 1371 635 1404 piscariae
660 1375 737 1402 tunc
754 1370 786 1402 in
816 1369 966 1402 humanis

223 1431 390 1468 agentem,
417 1430 448 1457 ct
473 1424 574 1467 ipsius
601 1423 745 1467 Philippi
770 1423 856 1466 regis
883 1423 965 1466 apud

223 1478 338 1512 Iulium
364 1478 655 1521 praedecessorem
681 1482 713 1509 et
738 1476 853 1510 Sedem
879 1486 968 1519 prae·

225 1532 327 1566 dictos
345 1537 591 1576 procuratorem
608 1531 794 1574 specialem,
812 1531 969 1563 obedien-

225 1586 300 1619 tiam
319 1612 326 1626 ,
353 1585 543 1628 homagium
569 1591 600 1618 et
624 1585 839 1617 iuramentum
866 1583 969 1617 udeli-

225 1639 297 1672 tatis
311 1644 504 1672 consuetum
519 1638 694 1682 praestitit,
713 1643 809 1682 prout
827 1637 970 1681 inipsius

225 1692 296 1725 Iulii
322 1692 585 1736 praedecessoris
612 1691 731 1725 litteris
746 1691 876 1734 plenius
894 1701 971 1724 con-

226 1745 362 1778 tinetur.
389 1745 475 1784 Quae
501 1745 611 1778 omnia
627 1745 713 1777 idem
728 1744 899 1788 Philippus
914 1755 968 1777 rex

226 1798 408 1832 successive
429 1809 489 1842 per
506 1799 630 1831 Bullam
650 1808 740 1831 suam
759 1809 892 1831 auream
911 1797 970 1829 sub

228 1852 338 1885 datum
364 1852 522 1885 Bruxellis
547 1862 633 1885 anno
658 1852 786 1884 Domini
815 1861 901 1885 MDLv
919 1851 970 1884 die

227 1905 406 1940 1octobris
444 1916 541 1938 manu
579 1906 635 1937 sua
671 1905 886 1948 subscriptam
918 1916 973 1948 ap-

227 1959 400 2003 probando
426 1963 458 1991 et
482 1958 686 2002 acceptando
715 1958 884 1992 consessus
914 1958 974 1991 suit

229 2018 262 2046 et
286 2013 491 2055 recognovit.

273 2066 288 2110 Q
312 2065 344 2098 4.
373 2065 489 2098 Postea
513 2076 589 2099 vero
614 2066 716 2098 felicis
737 2065 973 2099 recordationis

229 2119 379 2153 Clemens
405 2119 491 2162 Papa
509 2118 573 2151 VIII
599 2119 836 2162 praedecessor
851 2124 972 2159 noster,

231 2173 344 2207 eodem
368 2172 519 2216 Philippo
544 2172 569 2205 ΙΙ
594 2172 677 2205 viam
702 2172 873 2205 universae
905 2183 974 2205 car-

230 2226 280 2260 nis
305 2227 476 2269 ingresso,
504 2236 641 2269 regnum
667 2226 774 2269 ipsum
796 2226 925 2259 Siciliae
944 2231 976 2259 et

230 2280 434 2313 Hierusalem
459 2289 531 2312 cum
554 2280 620 2312 tota
641 2281 726 2312 terra
741 2280 819 2312 citra
834 2280 974 2312 Pharum

231 2344 335 2377 usque
353 2333 391 2366 ad
411 2332 552 2366 confinia
574 2338 731 2365 terrarum
752 2333 896 2366 eiusdem
916 2333 975 2366 Ito-

232 2397 348 2420 manae
372 2386 547 2426 Ecclesiae,
563 2388 696 2429 excepta
721 2386 847 2419 civitate
873 2387 976 2420 Bene-

232 2442 373 2474 ventana
409 2451 480 2474 cum
515 2441 584 2474 eius
618 2440 801 2481 territorio,
828 2441 975 2474 districtu

235 2499 267 2527 et
291 2494 500 2538 pertinentiis
525 2504 585 2537 per
610 2504 644 2526 se
683 2504 738 2527 seu
764 2494 833 2526 eius
863 2498 895 2527 et
919 2505 977 2528 no-

235 2551 319 2581 stros
344 2548 614 2591 praedecessores
651 2547 813 2580 Romanos
844 2547 976 2581 Pontifi-

236 2611 290 2635 ces
315 2601 490 2643 distinctis,
517 2612 554 2635 ac
579 2611 692 2635 eorum
718 2601 850 2643 incolis,
881 2612 978 2646 quam

1001 198 1046 222 ΧΠ
1070 198 1119 221 PP.

999 247 1061 279 sibi
1088 251 1119 279 et
1144 245 1250 278 eidem
1271 244 1437 279 Ecclesiae
1463 244 1651 288 specialiter
1667 244 1742 277 reti-

1000 300 1078 340 nuit,
1106 300 1212 332 clarae
1227 299 1402 332 memoriae
1421 299 1573 342 Philippo
1592 298 1629 330 ΙΙΙ
1645 297 1742 330 etiam

1000 354 1230 397 Hispaniarum
1256 353 1324 396 regi
1351 353 1514 386 catholico
1532 363 1591 396 pro
1610 362 1643 384 se
1663 351 1743 383 suis-

1001 417 1062 450 que
1090 407 1287 440 haeredibus
1322 412 1354 439 et
1385 405 1629 439 successoribus
1664 405 1743 436 Ara-

1000 460 1116 502 goniae
1142 460 1284 502 regibus,
1313 466 1373 492 tam
1399 459 1553 492 masculis
1580 469 1675 501 quam
1701 458 1745 490 se-

1002 513 1104 553 minis,
1132 523 1168 545 ex
1196 524 1234 546 eo
1254 516 1343 545 recta
1361 513 1443 546 linea
1460 511 1743 550 descendentibus,

1002 566 1084 599 natis
1111 571 1143 599 et
1167 566 1356 606 nascituris,
1383 572 1415 598 et
1439 565 1510 598 a1iis
1536 565 1686 608 personis
1713 564 1746 596 in

1003 620 1273 653 concessionibus
1300 620 1470 663 utriusque
1496 619 1567 652 Iulii
1584 625 1615 652 et
1630 618 1747 652 Leonis

1003 674 1294 717 praedecessorum
1321 673 1507 706 huiusmodi
1531 673 1748 716 comprehen-

1003 728 1059 767 sis,
1087 733 1118 760 et
1142 738 1202 770 per
1226 738 1280 760 eos
1308 726 1440 767 vocatis,
1467 727 1500 759 in
1526 726 1658 759 seudum
1678 735 1748 769 per-

1003 785 1139 824 petuum
1166 790 1225 824 pro
1251 779 1349 813 solito
1376 790 1484 812 annuo
1511 790 1608 812 censu
1625 784 1749 822 septem

1005 835 1093 867 mille
1121 835 1311 867 ducatorum
1337 834 1490 866 similium
1517 839 1548 865 et
1571 832 1665 865 unius
1692 843 1749 875 pa-

1004 887 1124 920 rasreni
1150 888 1215 920 albi
1241 893 1274 919 ut
1299 887 1484 930 praefertur
1509 886 1689 926 solvendo,
1718 890 1750 918 et

1005 941 1065 973 sul)
1092 940 1358 980 conditionibus,
1396 940 1518 980 modis,
1555 939 1685 978 formis,
1716 949 1750 970 a·

1006 995 1239 1035 diectionibus,
1268 994 1553 1038 promissionibus,
1578 992 1748 1033 clausulis,

1006 1049 1156 1089 cautelis,
1183 1047 1407 1081 voluntatibus
1426 1052 1457 1080 et
1477 1045 1751 1085 ordinationibus,

1008 1103 1039 1134 in
1065 1102 1183 1135 litteris
1207 1101 1375 1144 utriusque
1393 1100 1465 1134 Iulii
1487 1107 1518 1133 et
1541 1099 1751 1133 concessione

1008 1155 1125 1188 Leonis
1146 1154 1438 1198 praedecessorum
1465 1152 1650 1186 huiusmodi
1678 1162 1754 1185 con-

1010 1208 1107 1241 tentis
1123 1235 1130 1248 ,
1158 1218 1295 1251 quorum
1321 1206 1546 1240 remissionem
1561 1216 1621 1250 per
1636 1205 1753 1238 Sedem

1009 1261 1210 1305 praedictam
1236 1261 1353 1294 factam
1379 1260 1478 1293 fuisse
1515 1270 1582 1293 non
1617 1269 1754 1302 appare-

1010 1322 1080 1357 ret,
1107 1315 1272 1360 praestitis
1299 1320 1404 1348 tamen
1430 1314 1519 1357 prius
1545 1314 1651 1346 eidem
1685 1312 1755 1345 Cle-

1010 1370 1110 1403 menti
1130 1368 1378 1413 praedecessori
1397 1373 1427 1401 et
1444 1367 1518 1401 Sedi
1537 1373 1569 1400 et
1588 1366 1754 1400 Ecclesiae

1011 1423 1188 1467 praedictis
1215 1422 1349 1456 nomine
1374 1421 1475 1465 ipsius
1493 1420 1690 1464 PhilippiIII
1710 1430 1756 1452 re-

1013 1478 1060 1520 gis
1087 1488 1147 1521 per
1170 1476 1276 1510 bonae
1301 1475 1479 1509 memoriae
1506 1474 1682 1507 Antonium
1716 1474 1755 1506 de

1012 1531 1160 1565 Cardona
1195 1536 1227 1564 et
1258 1530 1428 1571 Corduba,
1457 1530 1571 1563 ducem
1605 1529 1754 1569 Svessae,

1012 1585 1134 1618 Sornae
1161 1590 1192 1618 et
1216 1584 1377 1624 Vahenae,
1404 1583 1556 1617 comitem
1582 1582 1706 1615 Labrac
1726 1587 1758 1615 et

1013 1638 1168 1677 Palamos,
1184 1637 1410 1671 vicecomitem
1437 1637 1476 1670 de
1501 1636 1645 1679 lbregar,
1660 1641 1692 1669 et
1710 1635 1757 1678 ip-

1014 1691 1079 1724 sius
1107 1691 1250 1734 Philippi
1276 1691 1314 1723 lII
1351 1691 1439 1733 regis
1476 1689 1758 1732 consanguineum

1015 1750 1047 1778 et
1072 1744 1308 1784 consiliarium,
1328 1744 1411 1788 apud
1439 1744 1590 1777 cumdem
1613 1743 1759 1776 Clemen-

1017 1803 1080 1831 tem
1107 1798 1393 1842 praedecessorem
1421 1802 1453 1830 ct
1476 1797 1595 1830 Sedem
1632 1796 1761 1840 praedi-

1016 1858 1099 1886 ctam
1121 1857 1284 1886 oratorem
1303 1857 1334 1884 et
1350 1857 1597 1895 procuratorem
1616 1861 1652 1883 ac
1669 1861 1760 1883 man-

1017 1907 1176 1940 datarium
1203 1915 1297 1938 suum
1322 1905 1518 1948 specialem,
1536 1910 1567 1937 et
1586 1914 1645 1948 per
1670 1915 1759 1937 eum-

1017 1961 1090 1994 dem
1129 1960 1329 1993 Clementem
1366 1958 1538 1999 admissis,
1572 1957 1761 1991 obedientia

1016 2021 1112 2058 atquc
1138 2014 1292 2056 homagio
1318 2023 1355 2046 ac
1380 2013 1566 2046 iuramento
1584 2012 1758 2051 fidelitatis,

1017 2069 1075 2101 sub
1101 2069 1189 2100 certa
1215 2072 1290 2099 tunc
1315 2067 1466 2109 expressa
1503 2066 1605 2098 forma
1638 2065 1762 2109 pariter

1017 2121 1178 2155 concessit
1202 2125 1234 2153 et
1259 2120 1415 2162 elargitus
1441 2119 1498 2152 suit
1517 2147 1524 2160 ,
1560 2124 1591 2152 et
1625 2129 1761 2162 regnum

1018 2175 1123 2219 ipsum
1150 2173 1303 2217 Philippo
1323 2173 1359 2205 ΙΙΙ
1382 2173 1462 2216 regi,
1487 2173 1583 2206 modo
1610 2178 1641 2205 ct
1663 2173 1763 2206 forma

1017 2227 1216 2272 praemissis
1242 2226 1436 2265 inseudavit,
1465 2231 1563 2269 prout
1581 2226 1612 2257 in
1635 2224 1763 2268 praedi-

1018 2281 1058 2313 cti
1077 2280 1252 2314 Clementis
1268 2279 1534 2323 praedecessoris
1552 2278 1612 2310 sub
1627 2278 1763 2321 pIumbo

1019 2334 1079 2367 sub
1105 2334 1215 2366 datum
1234 2333 1355 2366 Romae
1375 2332 1460 2375 apud
1476 2331 1507 2364 S.
1524 2331 1663 2364 Marcum
1679 2341 1763 2363 auno

1019 2388 1255 2421 Incarnationis
1281 2386 1465 2420 dominicae
1490 2394 1623 2424 mnxcm,
1648 2395 1665 2417 v
1692 2384 1764 2418 idus

1020 2442 1237 2486 septembris,
1263 2440 1472 2484 pontificatus
1502 2439 1551 2471 sui
1581 2449 1665 2472 anno
1690 2449 1763 2479 v111,

1020 2495 1181 2538 expeditis
1206 2494 1324 2528 litteris
1350 2492 1480 2536 plenius
1506 2492 1702 2525 continetur

1058 2549 1102 2591 Q
1097 2548 1116 2579 Γ
1152 2547 1296 2580 Subinde
1321 2546 1616 2586 autcn1‚d«st1ucto
1643 2545 1765 2589 Philip·
1776 2549 1961 2598 Ass—haffuffi

1023 2612 1063 2645 po
1082 2602 1130 2643 III,
1150 2601 1234 2643 Gres·
1238 2600 1327 2634 orius
1347 2600 1396 2632 ΒΧ
1415 2599 1647 2643 praedecessor
1667 2599 1883 2633 etia1n1w1101v

1636 186 1700 220 379
1749 194 1799 221 An.
1821 194 1849 221 c.
1869 194 1936 222 1738
