2232 3178
265 184 314 210 An.
336 184 364 211 c.
387 183 455 210 1737
502 173 564 207 ⁶288
1048 180 1236 206 nontamen
1263 180 1423 206 nonaxon

458 234 601 267 cerdotis
620 243 771 277 expresse
787 232 938 276 professi,
953 231 1117 274 huiusque
1132 240 1201 263 cau-

459 298 512 321 sae
531 286 749 330 postulaturis,
768 282 1078 329 supplicationibus⁴
1105 283 1200 316 nobis

460 347 492 374 et
517 340 594 373 huie
612 340 746 372 Sanctae
764 338 839 371 Sedi
865 348 961 381 super
985 337 1049 370 hoc
1073 336 1202 369 humili-

461 399 510 426 ter
531 392 690 435 porrectis
721 391 864 433 benigne
900 390 1059 429 inclinati,
1086 389 1125 422 de
1150 399 1203 421 su-

460 445 626 489 pradictae
645 443 915 487 Congregationis
941 443 1079 476 consilio
1106 448 1136 475 et
1156 452 1203 475 as-

461 508 578 537 sensu,
613 496 806 530 auctoritate
847 496 1048 539 apostolica,
1091 500 1203 528 tenore

461 549 696 594 praesentium,
731 549 938 591 indulgemus
968 554 1002 580 ut
1037 547 1203 591 praes-atus

462 613 570 636 servus
595 602 648 634 Dei
675 601 833 644 Iosephus
868 611 885 634 a
910 601 1065 634 Leonissa
1101 600 1205 643 impo-

462 662 582 689 sterum
609 655 695 688 Beati
723 655 853 688 nomine
879 659 1095 698 nuncupetur,
1124 654 1205 686 eius-

463 719 524 752 que
549 718 666 751 corpus
694 714 725 741 et
750 707 910 751 reliquiae
944 706 1143 740 venerationi
1171 706 1205 739 fi-

462 762 584 795 delium
622 762 712 801 (non
747 766 853 793 tamen
880 760 912 792 in
938 758 1206 803 processionibus

463 815 766 857 circumferendae)
795 818 1013 857 exponantur,
1047 812 1205 855 imagines

464 879 594 912 quoque
631 867 729 900 radiis
765 877 821 899 seu
857 865 1085 909 splendoribus
1111 875 1206 898 exor-

464 927 592 961 nentur,
619 925 715 963 atque
741 919 779 952 de
806 929 842 952 eo
869 918 1042 962 quotannis
1078 917 1130 950 die
1165 917 1207 950 se-

464 975 535 1008 licis
573 973 642 1007 eius
683 972 835 1005 transitus
853 999 860 1012 ,
888 982 944 1005 seu
975 972 1038 1004 alia
1063 971 1115 1004 die
1141 980 1206 1003 non

464 1027 620 1071 impedita
645 1027 732 1060 illam
759 1025 944 1059 immediate
970 1024 1133 1068 sequenti,
1160 1034 1208 1056 re-

465 1081 584 1114 citetur
609 1079 750 1113 officium
778 1084 809 1112 et
832 1079 932 1112 missa
957 1078 1143 1112 celebretur
1169 1077 1207 1109 de

465 1133 629 1168 communi
649 1132 849 1166 Confessoris
875 1142 941 1165 non
961 1131 1139 1172 Pontificis‚
1165 1131 1209 1163 iu-

465 1194 516 1222 xta
537 1187 682 1220 rubricas
699 1185 850 1219 breviarii
870 1192 901 1219 et
918 1185 1056 1218 missalis
1073 1184 1208 1218 romani.

295 1256 391 1277 orm-ium
411 1254 456 1275 eius
511 1241 526 1286 ἓ
550 1241 581 1275 3.
605 1241 707 1273 Porro
727 1239 950 1273 recitationem
970 1239 1065 1272 officii
1085 1243 1117 1271 et
1134 1238 1210 1271 mis-

272 1281 520 1335 Iffflffi‘tc'iffl'ffflsslsae
547 1293 803 1328 celebrationem
826 1292 1013 1325 huiusmodi
1040 1292 1110 1325 fieri
1138 1302 1211 1325 con-

272 1338 343 1357 mum.
467 1348 610 1382 cedimus
645 1347 811 1380 dumtaxat
846 1346 878 1378 in
910 1345 1063 1378 universo
1089 1345 1210 1378 Ordine

466 1401 627 1435 Minorum
648 1400 752 1433 saneti
770 1399 935 1441 Francisci
953 1398 1210 1442 Capuccinorum

468 1455 636 1498 utriusque
654 1464 761 1494 sexus,
782 1453 814 1486 in
833 1454 905 1486 loco
924 1453 1101 1486 Leonissae
1121 1452 1211 1485 dioe-

468 1508 548 1542 cesis
574 1507 786 1550 Spoletanae,
813 1506 845 1539 in
870 1517 933 1549 quo
959 1511 1053 1539 natus
1085 1510 1156 1546 est,
1181 1511 1213 1538 et

469 1561 522 1595 ubi
548 1560 735 1594 venerabile
760 1558 862 1603 ipsius
888 1569 1005 1602 corpus
1023 1558 1210 1602 requiescit,

469 1623 564 1661 atque
589 1617 621 1649 in
649 1617 733 1649 terra
751 1614 920 1648 Amatricis
940 1614 1098 1647 Reatinae
1124 1614 1213 1647 dioe-

468 1670 550 1703 cesis
575 1670 661 1703 unde
688 1669 726 1701 ad
754 1670 862 1702 caelos
889 1667 1035 1708 evolavit,
1054 1667 1093 1700 ab
1111 1667 1213 1700 omni-

467 1725 526 1757 bus
551 1723 723 1766 utriusque
741 1732 835 1755 sexus
861 1720 1127 1754 christifidelibus
1149 1725 1212 1753 tam

468 1776 689 1810 saecularibus
720 1786 815 1818 quam
847 1774 1068 1818 regularibus,
1095 1774 1149 1817 qui
1174 1772 1212 1806 ad

469 1832 572 1865 Horas
598 1829 771 1863 canonicas
797 1833 961 1869 tenentur,
989 1833 1029 1868 et,
1056 1832 1212 1871 quantum

469 1885 507 1918 ad
544 1883 657 1917 missas
692 1882 827 1922 attinet,
861 1881 957 1915 etiam
984 1882 1023 1914 ab
1060 1880 1210 1914 omnibus

471 1937 695 1971 sacerdotibus
720 1936 758 1969 ad
784 1936 946 1976 ecclesias,
968 1935 999 1968 in
1026 1935 1142 1978 quibus
1168 1934 1212 1968 se-

471 1997 554 2024 stum
582 1994 805 2033 perageretur,
835 1989 1084 2023 confluentibus.

276 2051 457 2076 Prinmtiueanno
514 2045 528 2087 S
552 2044 583 2077 lt.
604 2043 787 2082 Praeterea,
807 2043 912 2086 primo
940 2042 1102 2075 dumtaxat
1126 2051 1212 2074 anno

276 2078 372 2133 fingi?
401 2078 488 2130 {iffi-‘1
513 2097 595 2130 datis
621 2097 712 2129 hisce
738 2096 864 2135 litteris,
890 2101 932 2135 et,
961 2095 1069 2139 quoad
1095 2095 1211 2137 Indias,

277 2131 488 2204 ii'ffssuss'fflffifa
514 2150 566 2183 die
599 2160 663 2193 quo
689 2149 823 2182 eaedem
848 2148 975 2182 litterae
1001 2148 1075 2181 illuc
1100 2159 1209 2190 perre-

277 2190 317 2209 ab'
471 2204 577 2237 nerint
605 2202 802 2242 inchoando,
830 2201 862 2234 in
888 2201 1034 2234 ecclesiis
1071 2201 1212 2242 Ordinis,

472 2257 534 2292 loci
571 2267 607 2289 ac
650 2261 756 2288 terrae
797 2255 1017 2299 praefatorum
1055 2255 1213 2288 solemnia

472 2308 719 2344 beatificationis
744 2307 844 2352 ipsius
871 2308 952 2341 servi
978 2308 1035 2340 Dei
1061 2318 1132 2340 cum
1166 2308 1213 2341 os-

474 2364 545 2397 flcio
572 2369 604 2397 et
628 2362 723 2395 missa
749 2362 808 2394 sub
835 2362 896 2393 ritu
924 2360 1044 2404 duplici
1078 2361 1212 2402 maiori,

473 2417 525 2450 dic
551 2417 590 2450 ab
617 2414 795 2448 Ordinariis
822 2415 1003 2457 respective
1030 2413 1214 2454 constituta,

474 2475 644 2514 postquam
671 2474 777 2502 tamen
802 2467 833 2501 in
854 2467 993 2501 ccclesia
1007 2466 1215 2501 Laterancnsi

512 2543 521 2568 ¹
545 2540 612 2568 Male
633 2539 699 2567 edit.
720 2539 799 2567 Main.
822 2539 888 2574 legit
906 2538 1140 2574 supplicantibus
1169 2545 1217 2574 pro

472 2584 736 2620 supplicationibus
758 2588 798 2621 (n.
815 2588 866 2618 τ.).

1244 229 1283 263 de
1308 229 1394 263 Urbe
1420 229 1583 263 celebrata
1600 230 1719 264 suerint
1739 230 1851 263 eadem
1870 229 1987 263 solem-

1245 282 1307 323 nia,
1333 293 1393 326 pro
1412 293 1474 326 qua
1488 293 1522 315 re
1540 283 1625 316 diem
1644 294 1704 317 xxn
1723 282 1882 316 currentis
1900 292 1988 314 nien-

1245 335 1289 368 sis
1315 335 1393 368 iunii
1421 335 1637 378 assignamus,
1659 335 1783 379 pariter
1800 334 1987 368 celebrandi

1246 388 1379 421 facimus
1404 394 1611 432 potestatem.

1290 441 1304 484 5
1330 441 1359 474 5.
1385 441 1454 474 Non
1481 441 1684 474 obstantibus
1706 440 1989 475 constitutionibus

1247 498 1277 526 ct
1298 493 1557 527 ordinationibus
1576 493 1776 537 apostolicis,
1796 505 1832 527 ac
1850 494 1989 527 decretis

1248 546 1286 579 de
1312 557 1377 579 nou
1403 548 1492 580 cultu
1518 547 1630 588 editis,
1658 547 1838 590 ceterisque
1865 551 1991 580 contra-

1250 599 1304 632 riis
1332 600 1601 644 quibuscumque.

1293 654 1307 697 g
1345 654 1376 686 6.
1405 654 1557 688 Volumus
1593 660 1699 688 autem
1735 659 1769 687 ut
1805 654 1991 688 earumdem

1250 707 1470 749 praesentium
1495 708 1678 741 litterarum
1702 706 1918 750 transumptis,
1937 717 1992 740 seu

1250 760 1428 803 exemplis,
1466 760 1560 792 etiam
1594 759 1780 803 impressis,
1812 770 1908 792 manu
1943 769 1993 792 se-

1251 812 1381 844 cretarii
1413 812 1517 845 dictae
1543 811 1811 855 Congregationis
1847 811 1995 844 cardina-

1251 865 1328 897 lium
1371 866 1586 908 subscriptis,
1625 871 1657 898 et
1693 865 1799 908 sigillo
1840 865 1993 909 praefecti

1252 917 1397 951 eiusdem
1425 918 1693 961 Congregationis
1712 918 1857 958 munitis,
1878 918 1992 951 eadem

1252 981 1385 1013 prorsus
1411 970 1490 1004 sides
1507 971 1546 1003 ab
1565 962 1720 1004 omnibus
1737 977 1768 1004 et
1792 971 1912 1014 ubique
1932 976 1994 1004 tam

1252 1024 1284 1056 in
1310 1024 1431 1057 iudicio
1457 1034 1552 1068 quam
1586 1030 1675 1057 extra
1704 1024 1784 1058 illud
1817 1024 1993 1065 habeatur,

1253 1088 1335 1120 quae
1371 1078 1451 1121 ipsis
1488 1077 1718 1120 praesentibus
1756 1077 1935 1111 haberetur
1969 1077 1995 1110 si

1255 1131 1360 1164 forent
1385 1130 1549 1164 exhibitae
1574 1131 1623 1163 vel
1650 1135 1814 1163 ostensae.

1298 1184 1410 1216 Datum
1432 1184 1563 1224 Romae,
1585 1184 1670 1227 apud
1695 1183 1726 1217 S.
1754 1182 1883 1216 Mariam
1901 1182 1996 1216 Maio-

1256 1249 1336 1278 rem,
1357 1237 1416 1270 sub
1438 1238 1559 1270 annulo
1578 1237 1758 1276 Piscatoris,
1779 1237 1830 1270 die
1848 1246 1898 1270 xix
1915 1236 1995 1270 iunii

1254 1301 1456 1332 tinccxxxvn,
1476 1290 1684 1334 pontificatus
1710 1290 1812 1324 nostri
1832 1301 1917 1324 anno
1936 1300 1990 1324 vn.

1289 1354 1350 1380 Dat.
1368 1352 1411 1380 die
1435 1352 1464 1380 19
1485 1352 1552 1379 iunii
1574 1351 1653 1385 1737,
1675 1351 1773 1387 pontis.
1796 1359 1868 1379 anno
1888 1358 1935 1379 vlt.

1562 1495 1687 1529 CCVIII.

1257 1575 1465 1617 Confirmatio
1506 1574 1623 1608 decreti
1659 1573 1800 1618 capituti
1838 1572 1999 1616 qeneralis

1301 1629 1436 1663 Ordinis
1461 1628 1715 1663 Carmelitaritm
1731 1627 2000 1661 Eoecalceatorum

1299 1693 1396 1726 super
1420 1682 1580 1715 divisione
1604 1686 1632 1714 et
1664 1681 1748 1714 nocti
1779 1680 2000 1723 assiynatione

1300 1740 1524 1775 conventuum,
1541 1745 1614 1768 cum
1631 1733 1836 1778 impositione
1851 1733 2000 1777 perpetui

1299 1789 1439 1822 silentii.

1469 1869 1605 1896 clemens
1626 1868 1706 1902 Papa
1725 1868 1788 1901 ΧΠ,
1897 1904 1901 1908 .

1398 1916 1434 1941 ad
1455 1914 1591 1941 futuram
1619 1914 1665 1941 rei
1684 1913 1873 1941 memoriam.

1305 1984 1509 2028 Apostolicae
1557 1983 1800 2027 procurationis
1848 1983 1996 2017 ministe-

1255 2038 1361 2078 rium,
1396 2037 1481 2080 quod
1519 2041 1685 2079 pastorum
1722 2036 1876 2079 princeps
1911 2036 2000 2070 lesus

1255 2091 1400 2125 Christus
1425 2100 1484 2133 per
1499 2088 1696 2122 ineffabilem
1713 2089 1906 2122 clementiae
1924 2099 2000 2122 suae

1256 2142 1485 2177 abundantiam
1511 2142 1726 2175 imbecillitati
1752 2147 1881 2176 nostrae
1901 2142 2002 2187 impo-

1256 2207 1333 2230 nere
1359 2196 1511 2239 <lignatus
1536 2200 1608 2238 est,
1633 2205 1650 2227 a
1676 2194 1771 2228 nobis
1808 2194 1930 2238 exigit,
1967 2199 2001 2230 ut

1257 2263 1293 2286 ea
1319 2251 1498 2291 interdum,
1522 2259 1604 2294 quae
1630 2249 1725 2283 certis
1750 2249 1998 2283 rationabilibus

1257 2316 1294 2338 ex
1321 2303 1424 2337 causis
1450 2303 1547 2336 etiam
1574 2313 1591 2336 a
1615 2302 1709 2336 nobis
1735 2313 1891 2336 concessa
1918 2307 2001 2340 sunt,

1258 2359 1327 2402 ipsa
1352 2356 1491 2390 subinde
1519 2366 1628 2389 rerum
1646 2355 1848 2399 experientia
1865 2356 2000 2390 suaden-

1260 2417 1299 2452 te,
1318 2415 1351 2444 et
1374 2409 1551 2443 maioribus
1576 2420 1612 2443 ex
1639 2409 1755 2450 causis,
1774 2409 1892 2453 quibus
1911 2419 2002 2454 prae-

1259 2464 1371 2497 sertim
1404 2462 1491 2496 sclici
1527 2461 1790 2496 christifidelium
1821 2461 1879 2495 sub
1911 2463 2000 2496 suavi

1261 2517 1429 2560 religionis
1466 2517 1542 2560 iugo
1577 2516 1743 2550 Altissimo
1779 2515 2002 2550 famulantium

1261 2572 1357 2606 statui
1391 2577 1422 2606 et
1453 2569 1574 2605 salubri
1612 2570 1771 2614 gubernio
1809 2569 2001 2612 consulitur,

1994 180 2040 207 An.
2063 181 2092 207 C.
2112 181 2177 209 ¹737
2228 194 2229 199 ¹

2043 450 2180 472 Otustaniibuu

1964 493 1969 499 .
1999 477 2096 503 derogat.

2037 661 2181 687 Trannuinpti·

2001 688 2060 709 credi
2077 688 2142 709 iubet.

2037 1991 2176 2013 Pron-mium.
