2232 3178
248 222 299 248 An.
315 221 344 248 C.
364 220 430 248 1740
475 210 539 244 668

276 1278 418 1300 Prooemium.

265 2330 295 2351 Ad
306 2329 409 2351 tollendos
418 2335 439 2350 a·

256 2357 397 2382 huSiis,quiin
406 2362 438 2376 va-

257 2384 293 2402 riis
303 2382 365 2403 Urbis
375 2382 440 2403 tribu-

257 2409 340 2429 nalibus
352 2414 439 2434 irrepse-

259 2437 307 2455 rant
316 2451 320 2458 ,
347 2435 439 2460 Congre-

257 2462 363 2486 gationem
375 2462 438 2487 parti-

257 2487 353 2507 cularem
375 2487 436 2514 depu-

259 2516 289 2536 tat
304 2514 407 2536 Clemens.

440 269 570 302 beretur
584 266 707 301 eisdem
724 266 951 310 praesentibus
968 264 993 298 si
1012 263 1176 298 exhibitae

442 322 548 354 forent
573 322 621 354 vel
646 325 809 354 ostensae.

484 374 596 406 Datum
618 373 754 413 Romae,
773 372 858 415 apud
880 371 912 404 S.
932 371 1060 403 Mariam
1082 369 1179 402 Maio-

440 437 507 458 rem
531 426 590 457 sul)
615 426 737 457 annulo
759 424 943 464 PiscatoriS,
966 424 1017 456 die
1039 434 1110 456 xxvr
1136 423 1178 455 ia-

440 478 543 511 nuarii
559 487 699 516 trecen,
715 477 921 520 pontificatus
937 476 1036 509 nostri
1052 486 1136 508 anno
1153 486 1179 507 x.

475 539 531 566 Dat.
553 539 596 565 die
615 539 650 564 215
669 539 784 565 ianuarii
806 539 885 572 1740,
911 537 1005 573 pontif.
1027 546 1098 564 anno
1118 546 1143 564 x.

748 591 783 623 D.
811 591 901 624 card.
930 590 1133 624 Passioivnus.

713 739 904 773 CCLXXVII.

438 814 637 859 Approbatio
672 815 914 847 nonnullarum
944 814 1183 846 resolutionum

485 868 753 911 Conyreyatiom's
770 868 989 911 particularis
1006 879 1025 900 α
1041 868 1183 900 Sanctis-

483 922 565 952 simo
589 920 761 963 deputatae
785 930 882 963 super
906 921 1055 963 reyistris
1080 921 1117 952 in
1141 920 1184 962 of-

483 972 567 1014 ficiis
591 974 797 1005 notariorum
820 983 931 1005 sacrae
956 973 1055 1006 Rotae
1079 972 1180 1005 audi-

486 1025 563 1057 [orii
583 1030 826 1058 emanaturum.

648 1100 782 1128 Clemens
804 1101 978 1135 episcopus,

625 1152 735 1172 servus
756 1152 914 1172 servorum
936 1145 1000 1178 Dei,

552 1190 588 1216 ad
611 1193 785 1223 perpetuam
804 1190 849 1218 rei
870 1191 1056 1218 memoriam.

489 1260 652 1292 Romanus
678 1260 835 1300 Pontifex,
862 1261 1016 1303 providus
1042 1261 1184 1294 iustitiae

445 1314 550 1345 cultor
575 1323 590 1345 a
617 1313 682 1345 Deo
709 1314 902 1346 constitutus
935 1313 966 1345 in
998 1314 1096 1346 terris
1114 1340 1121 1353 ‚
1147 1324 1184 1347 ex

444 1365 534 1407 vigili
568 1375 729 1408 operosae
766 1376 840 1398 suae
878 1366 996 1398 mentis
1030 1366 1184 1409 indagine

443 1418 588 1450 libenter
613 1418 751 1450 intendit
768 1418 806 1451 ad
826 1428 872 1459 ea,
891 1429 949 1461 per
970 1429 1050 1461 quae
1068 1418 1101 1451 in
1118 1419 1186 1462 qui-

443 1471 585 1504 buslibet
604 1470 832 1511 tribunalibus,
851 1471 1042 1514 praesertim
1061 1471 1092 1504 in
1110 1482 1185 1504 cau-

445 1534 549 1556 sarum
576 1524 685 1567 palatii
705 1523 807 1557 nostri
826 1523 1016 1565 auditoris¹‚
1041 1524 1186 1557 notario-

445 1587 515 1609 rum
541 1576 634 1609 labor
658 1576 855 1619 illorumque
887 1587 1013 1609 merces
1046 1577 1077 1609 in
1103 1577 1186 1609 eius-

447 1628 519 1661 dem
544 1628 687 1661 iustitiae
712 1629 804 1662 lance
830 1639 935 1672 aequo
956 1628 1041 1661 inter
1060 1640 1093 1662 se
1113 1629 1187 1661 sub-

445 1681 558 1713 sistant
582 1681 749 1723 pondere,
776 1685 808 1713 et
833 1681 1030 1724 litigantium
1056 1681 1125 1714 iura
1154 1681 1185 1714 in

447 1743 556 1766 eorum
583 1733 698 1766 officiis
723 1733 809 1767 fideli
836 1734 876 1766 ad
901 1734 1094 1767 iudiciorum
1121 1736 1188 1767 lau-

447 1787 520 1819 dem
546 1791 578 1818 et
601 1796 777 1829 perennem
804 1786 999 1829 litigantium
1028 1787 1188 1820 indemni-

446 1844 545 1872 tatem
559 1844 732 1872 serventur
749 1839 868 1879 studio,
890 1840 1105 1882 extinctisque
1127 1840 1188 1873 liti-

446 1892 519 1932 bus,
540 1902 621 1924 nova
647 1902 712 1924 non
738 1892 862 1924 oriatur
886 1902 986 1935 super
1006 1893 1112 1925 litium
1135 1903 1188 1925 ex-

447 1944 620 1977 tinctarum
646 1945 836 1977 huiusmodi
871 1946 1020 1988 expensis
1045 1945 1110 1978 litis
1135 1956 1188 1979 oc-

447 1998 546 2037 casio,
572 1998 626 2030 sed
653 1997 775 2030 iustitia
800 2002 829 2030 et
856 1998 997 2030 charitas
1016 1998 1048 2031 in
1074 1999 1187 2031 eodem

448 2050 620 2089 auditorio,
640 2050 672 2082 in
695 2061 758 2094 quo
776 2050 942 2093 graviores
964 2051 1186 2083 universorum

448 2101 594 2134 fidelium
620 2108 854 2146 promoventur
879 2113 1007 2143 causae,
1033 2103 1130 2136 veluti
1158 2103 1188 2135 in

449 2155 634 2187 earumdem
650 2156 804 2188 concluso
824 2155 931 2196 horto,
949 2155 1085 2188 invicem
1104 2155 1189 2188 inter

450 2217 485 2239 se
511 2207 715 2250 prospiciant
734 2213 764 2240 et
783 2214 894 2241 mutuo
922 2209 1108 2241 osculentur
1123 2219 1190 2241 am-

450 2260 559 2303 plexu.

494 2313 509 2356 g
535 2313 566 2345 1.
593 2313 668 2346 Cum
695 2313 802 2357 itaque
828 2324 887 2346 nos
913 2324 1027 2356 nuper7
1053 2314 1090 2347 ad
1117 2315 1192 2354 sub:

451 2367 628 2399 movendas
652 2368 826 2399 nonnullas
845 2367 930 2398 inter
954 2367 1089 2399 dilectos
1108 2356 1190 2400 tilios

452 2429 623 2451 causarum
650 2419 759 2462 palatii
779 2419 879 2452 nostri
905 2419 1075 2462 apostolici
1102 2426 1191 2452 nota-

453 2472 517 2504 rios
544 2482 579 2503 ex
599 2474 661 2504 una
687 2477 718 2503 et
738 2482 907 2504 causarum
932 2472 1117 2504 huiusmodi
1139 2483 1190 2516 pa¹

489 2599 497 2624 1
522 2596 617 2631 Aptius
636 2596 694 2632 lege
715 2596 864 2625 auditorio
884 2598 924 2631 (n.
939 2596 987 2631 r.).

1003 215 1189 240 'BULLARIUM
1215 213 1373 239 ROMANUM

1969 216 2021 240 Λη.
2038 215 2151 242 (21740

1223 268 1333 296 tronos
1358 268 1390 296 et
1415 263 1591 306 respective
1616 263 1781 305 litigantes
1799 273 1837 296 ex
1857 262 1983 296 altera

1223 316 1370 358 partibus
1397 321 1526 349 exortas
1552 316 1770 358 quaestiones,
1796 325 1903 348 nenon
1921 315 1961 348 ad

1223 367 1423 401 dirimendos
1449 368 1626 401 nonnullos
1651 368 1682 400 in
1702 367 1890 401 eorumdem
1908 378 1962 400 au-

1223 420 1333 453 ditorii
1353 421 1540 454 huiusmodi
1566 421 1767 465 notariorum
1789 420 1902 453 officiis
1929 420 1962 452 in

1223 472 1351 506 illorum
1367 479 1398 506 et
1416 473 1610 516 litigantium
1625 473 1870 516 praeiudicium,
1886 483 1963 506 con-

1224 530 1271 558 tra
1296 527 1431 560 sormam
1455 532 1487 559 et
1512 532 1660 559 tenorem
1693 525 1960 560 constitutionum

1224 584 1254 611 et
1279 579 1485 612 decretorum
1511 579 1590 611 alias
1608 589 1668 622 pro
1687 579 1812 622 aequali
1839 578 1964 620 litigan-

1225 631 1302 664 tium
1322 637 1353 664 et
1372 632 1574 665 notariorum
1597 631 1781 664 huiusmodi
1807 631 1963 664 indemni-

1226 688 1289 716 tate
1321 695 1339 717 a
1363 684 1532 717 nonnullis
1564 683 1718 717 Romanis
1752 683 1963 716 Pontificibus

1225 736 1536 780 praedecessoribus
1577 737 1696 770 nostris
1739 740 1962 769 emanaturum

1226 794 1257 821 et
1283 789 1457 831 editorum,
1477 800 1613 834 quarum
1634 795 1665 822 et
1690 800 1827 833 quorum
1848 798 1964 832 respe-

1225 841 1306 875 ctive
1333 847 1465 876 tenores
1482 843 1710 886 praesentibus
1724 853 1782 886 pro
1802 841 1963 885 expressis

1227 894 1340 928 haberi
1355 897 1512 936 volumus,
1528 896 1668 939 irreptos
1682 896 1811 935 abusus,
1826 895 1966 937 Congre-

1225 948 1392 990 gationem
1416 948 1644 991 particularem
1672 949 1811 981 duorum
1825 948 1854 981 S.
1870 947 1906 981 R.
1927 947 1961 980 E.

1226 1000 1441 1033 cardinalium
1474 1001 1678 1044 duorumque
1707 1001 1870 1033 Romanae
1900 1000 1961 1034 Cu-

1226 1052 1293 1085 riae
1329 1055 1566 1097 praelatorum,
1604 1055 1771 1094 videlicet,
1806 1052 1965 1087 Vincentii

1228 1112 1304 1139 tunc
1329 1106 1360 1139 S.
1388 1107 1585 1150 Honnphrii,
1610 1118 1697 1140 nunc
1722 1117 1795 1140 vero
1820 1106 1851 1139 S.
1879 1107 1965 1139 Petri

1227 1159 1266 1191 ad
1286 1159 1426 1201 Vincula,
1446 1161 1549 1199 Petra,
1570 1160 1812 1203 poenitentiarii
1832 1159 1965 1192 maioris

1227 1222 1264 1246 ac
1288 1212 1461 1245 visitatoris
1496 1213 1665 1256 apostolici
1691 1223 1792 1256 super
1815 1212 1965 1245 omnibus

1228 1265 1438 1298 tribunalium
1463 1272 1592 1298 nostrae
1627 1265 1721 1299 Urbis
1757 1266 1871 1299 officiis
1897 1275 1967 1308 spe-

1228 1319 1366 1352 cialibus
1387 1320 1426 1352 ad
1444 1319 1476 1352 id
1495 1319 1700 1353 facultatibus
1725 1319 1892 1353 concessis
1911 1319 1968 1352 deo

1228 1372 1335 1414 legati,
1354 1382 1390 1404 ac
1414 1371 1555 1405 Marcelli
1574 1372 1605 1405 S.
1623 1372 1739 1406 Mariae
1762 1372 1792 1405 in
1820 1371 1966 1405 Aracaeli

1227 1426 1410 1468 respective
1433 1425 1599 1458 titulorum
1613 1425 1879 1469 presbyterorum
1894 1424 1968 1457 Pas-

1228 1477 1292 1512 sari
1318 1478 1500 1521 respective
1535 1485 1809 1522 nuncupatorum,
1836 1488 1872 1511 ac
1895 1488 1969 1521 pro-

1229 1529 1385 1563 auditoris
1407 1531 1519 1572 nostri,
1538 1531 1729 1564 dilectorum
1756 1531 1896 1564 filiorum
1914 1541 1969 1563 no-

1229 1587 1391 1622 strorum,
1416 1594 1544 1616 necnon
1570 1583 1746 1617 Marcellini
1765 1583 1871 1625 Corio,
1894 1588 1968 1616 tunc

1229 1642 1360 1668 nostrae
1394 1635 1487 1668 Urbis
1521 1636 1705 1679 praedictae
1738 1637 1968 1679 gubernatoris

1230 1694 1262 1721 et
1286 1689 1562 1728 vice-camerarii,
1587 1700 1623 1722 ao
1649 1689 1792 1732 magistri
1818 1688 1970 1722 Ludovici

1229 1742 1366 1782 Merlini,
1384 1742 1569 1784 signaturae
1594 1748 1727 1775 nostrae
1752 1742 1892 1776 iustitiae
1916 1753 1971 1775 vo-

1230 1795 1349 1835 tantis,
1376 1799 1408 1827 et
1433 1795 1463 1826 in
1489 1795 1756 1837 Congregationis
1781 1795 1969 1839 praedictae

1230 1847 1441 1880 secretarium
1470 1848 1575 1888 electi,
1594 1848 1785 1881 dilectorum
1811 1847 1969 1887 tiliorum,

1231 1905 1262 1933 et
1280 1901 1386 1944 quoad
1405 1900 1627 1934 Marcellinum
1646 1912 1732 1935 nunc
1750 1901 1778 1934 S.
1796 1901 1832 1935 R.
1850 1901 1885 1934 E.
1906 1911 1970 1935 car-

1230 1953 1371 1987 dinalem
1397 1953 1492 1986 Corio
1518 1960 1738 1998 nuncupatum
1763 1953 1888 1989 nostri¹
1915 1954 1970 1988 de-

1229 2006 1412 2049 putavimus
1426 2005 1459 2038 ²:

1275 2058 1289 2101 ξ
1314 2058 1343 2091 2.
1368 2058 1406 2091 Et
1429 2058 1643 2102 Congregatio
1669 2060 1836 2103 praedicta
1859 2059 1970 2093 habita

1230 2112 1290 2144 sub
1331 2111 1382 2144 die
1419 2122 1502 2145 xxvii
1544 2111 1680 2144 ianuarii
1720 2123 1805 2146 anno
1842 2112 1970 2146 Domini

1231 2174 1410 2205 mnccxxxv,
1425 2175 1458 2197 re
1473 2170 1598 2198 n‘iuture
1615 2166 1769 2206 discussa,
1786 2166 1971 2210 auditisque

1232 2217 1272 2249 ad
1304 2217 1448 2260 singulas
1480 2218 1700 2252 resolutiones
1738 2225 1800 2252 tam
1836 2219 1970 2253 notariis

1232 2270 1385 2303 auditorii
1401 2270 1571 2313 praedicti,
1592 2281 1687 2314 quam
1706 2271 1831 2304 dilectis
1847 2272 1972 2315 pariter

1232 2323 1305 2356 filiis
1332 2323 1499 2356 Dominico
1524 2324 1707 2357 Ionantonii
1733 2329 1764 2357 et
1788 2324 1971 2367 Guglielmo

1233 2376 1331 2409 Ricca
1356 2386 1393 2409 ex
1415 2376 1657 2419 antiquioribus
1683 2377 1829 2420 patronis
1849 2377 1888 2410 de
1905 2377 1973 2410 col-

1233 2428 1319 2470 legio
1345 2434 1558 2471 patronorum
1585 2439 1754 2462 causarum
1781 2429 1892 2472 palatii
1917 2439 1973 2462 no-

1233 2481 1288 2514 stri
1313 2481 1471 2524 praedicti
1505 2492 1564 2524 pro
1595 2482 1752 2515 interesse
1777 2482 1972 2525 litigantium

1270 2553 1278 2576 1
1303 2552 1358 2579 Vox
1373 2552 1465 2580 nostri
1479 2555 1587 2587 praeter
1603 2560 1661 2580 rem
1677 2560 1736 2580 esse
1753 2552 1858 2580 videtur
1874 2553 1910 2588 (n.
1922 2554 1971 2587 zu).

1268 2595 1285 2622 2
1300 2595 1339 2623 Ex
1355 2600 1426 2631 synt.
1442 2596 1551 2632 legend.
1569 2597 1804 2632 deputaverimus
1817 2599 1855 2632 (n.
1873 2598 1922 2632 Τ.).

2014 2067 2090 2089 Editae
2112 2067 2160 2088 inde

1980 2095 2094 2116 nonnullae
2131 2094 2162 2115 le-

1981 2126 2023 2147 ges.
