2232 3178
3 224 8 232 .
31 201 79 230 An.
93 199 122 228 C.
143 198 210 227 ¹738

835 199 977 224 CLEMENS
1004 199 1050 223 XII
1075 199 1124 223 PP.

256 255 295 276 111.
317 246 424 277 Omnes
445 247 476 277 in
499 248 647 278 communi
663 247 708 277 bis
724 247 752 277 in
776 247 832 284 die,
849 257 956 287 nempe

217 295 383 326 immediate
406 300 473 326 ante
499 296 654 336 prandium
681 300 709 327 et
739 300 803 336 post
826 297 960 335 antipho-

217 353 284 373 nam
308 344 468 383 Benedicta,
491 345 686 375 conscientiae
709 345 815 375 saciant
837 354 957 375 examen

217 402 268 431 per
289 393 415 432 spatium
438 394 497 424 sere
519 398 639 424 octavae
664 394 754 434 partis
778 395 875 424 horae.
904 394 957 429 Qui

217 445 314 471 autem
337 443 541 472 communitati
574 447 644 472 tunc
676 443 778 472 adesse
801 443 955 482 nequivit,

216 489 395 530 ubicumque
408 492 510 528 fuerit,
524 492 625 522 eadem
639 492 711 521 hora
725 492 810 522 faciat
823 501 954 522 examen.

256 549 295 570 xv.
319 541 462 571 Omnibus
496 541 576 571 seriis
609 541 767 579 secundis,
796 541 907 580 quartis
930 545 957 570 et

217 590 308 619 sextis
331 590 418 620 totius
441 590 511 620 anni
542 594 605 630 post
634 590 859 629 Completorium
875 614 882 627 ,
913 589 957 618 vel

216 642 283 677 post
306 648 431 669 examen
454 643 644 677 nocturnum,
662 638 827 668 communis
846 638 895 667 flat
910 638 958 667 tla-

215 687 345 726 gellatio,
370 692 398 718 et
420 688 532 718 tamdiu
548 688 643 725 duret,
661 688 801 727 quamdiu
824 692 958 717 cantetur

216 737 346 776 psalmus
369 737 502 767 Miserere
524 747 589 767 curn
623 737 801 776 antiphonae
824 736 958 766 versibus

216 789 244 815 et
268 786 449 816 orationihus
471 787 501 816 in
524 790 624 816 nostro
652 786 858 816 caeremoniali
888 786 959 815 assi-

216 834 321 872 gnatis.
355 835 548 874 Excipiuntur
580 835 678 873 vigilia
706 839 733 865 ot
755 835 817 865 dies
850 835 959 865 Nativi-

217 884 285 914 tatis
307 884 423 914 Domini
446 894 510 914 cum
535 884 628 914 tribus
644 884 811 914 immediate
835 894 959 924 sequen-

217 932 312 969 tibus,
336 934 397 964 dies
420 934 497 963 enim
513 935 521 950 ¹
545 934 728 973 vespertinus
760 938 788 964 et
810 934 873 964 dies
896 934 959 973 ipse

217 981 479 1020 Circumctsionis,
504 992 617 1012 necnon
640 983 738 1020 vigilia
763 987 791 1012 et
814 983 874 1012 dies
897 983 957 1021 ipsa

217 1029 420 1070 Epiphaniae,
440 1031 500 1060 dies
520 1031 679 1070 vespertini
698 1035 726 1060 et
744 1031 805 1061 dies
822 1031 876 1070 ipsi
894 1041 960 1061 san-

217 1083 331 1108 ctorum
355 1079 588 1119 patriarcharum
606 1083 770 1109 nostrorum
793 1079 910 1110 Ioannis
933 1085 960 1110 ct

217 1127 341 1166 Felicis,
366 1138 398 1158 ac
421 1128 548 1167 denique
571 1128 643 1158 scria
667 1130 793 1158 secunda
818 1129 957 1167 Paschae,

218 1176 289 1206 seria
311 1177 438 1206 secunda
462 1177 665 1213 Pentecostes‚
689 1182 717 1207 et
739 1182 863 1217 utraque
886 1179 957 1208 feria

218 1230 320 1265 quarta
344 1230 410 1256 ante
433 1226 640 1256 Ascensionem
665 1227 777 1256 scilicet
799 1232 827 1257 et
852 1228 957 1257 festum

218 1273 356 1314 Corporis
386 1275 504 1306 Christi.
535 1275 564 1306 Si
597 1280 692 1305 autem
724 1276 752 1305 in
782 1276 959 1316 supradictis

218 1324 300 1354 seriis
317 1325 430 1355 venerit
454 1325 582 1354 solemne
605 1326 722 1363 Festum,
741 1325 846 1364 poterit
864 1325 893 1355 in
909 1335 959 1355 an-

219 1373 374 1412 tecedenti,
394 1374 438 1403 vel
460 1374 593 1413 sequenti
617 1374 671 1412 die,
689 1374 733 1404 vel
755 1374 785 1404 in
807 1374 869 1414 ipso
886 1375 958 1405 festo

218 1427 283 1462 post
306 1423 481 1453 matutinum
513 1423 576 1453 fieri
607 1424 774 1462 flagellatio.
797 1424 875 1459 Quae
897 1425 959 1464 qui-

219 1473 283 1502 dem
308 1473 358 1502 siat
380 1473 410 1502 in
433 1473 568 1503 omnibus
602 1474 682 1503 seriis
711 1474 829 1504 maioris
852 1474 960 1504 hebdo-

219 1522 332 1558 madae,
355 1522 429 1552 itaut
451 1522 520 1552 seria
545 1531 590 1559 ιν,
607 1532 624 1551 v
646 1527 673 1553 et
691 1532 716 1553 ri
732 1523 861 1562 psalmus
878 1524 960 1553 Mise-

218 1581 280 1601 rere
297 1575 342 1600 ter
358 1575 493 1601 cantetur
508 1571 537 1600 in
554 1572 686 1611 qnalibet
707 1573 874 1611 disciplina,
892 1582 957 1602 cum

219 1619 252 1659 pi.
273 1620 398 1650 Christus
420 1622 510 1659 sactus
528 1625 565 1650 es!
579 1631 630 1660 pro
650 1621 734 1659 nobis,
758 1626 817 1659 ete,
842 1625 870 1651 et
892 1631 958 1651 ora-

219 1668 297 1697 tione
324 1667 447 1707 Respice,
470 1672 501 1698 ut
523 1669 553 1698 in
576 1669 670 1699 officio
693 1669 810 1699 illorum
834 1670 956 1708 dierum,

218 1715 325 1756 fiatque
349 1720 412 1756 post
435 1717 622 1747 matutinum.

258 1774 286 1795 v.
311 1765 511 1805 Praecipimus
544 1767 574 1796 in
605 1767 713 1798 virtute
746 1772 863 1798 sanctae
893 1768 958 1799 obe-

219 1814 357 1852 dientiae,
375 1819 403 1845 et
418 1814 471 1845 sub
496 1820 651 1855 praecepto
674 1817 799 1856 formali,
823 1817 958 1848 omnihus

220 1863 367 1902 religiosis
384 1868 440 1894 tam
459 1864 596 1903 praelatis
619 1875 706 1904 quam
729 1866 865 1904 subditis,
883 1867 959 1906 quod

220 1913 345 1952 singulis
369 1914 454 1943 annis
477 1914 583 1944 saciant
600 1924 651 1954 per
672 1915 771 1945 decem
794 1916 856 1946 dies
878 1925 959 1946 exer-

220 1961 288 1992 citia
312 1962 476 2001 spiritualia
510 1963 538 1992 in
569 1963 652 1993 cellis
675 1964 753 2002 suis,
779 1965 821 1994 vel
849 1965 879 1994 in
903 1965 959 1995 alio

220 2010 284 2041 loco
306 2016 440 2051 separato
463 2012 497 2042 ad
520 2012 548 2041 id
571 2012 726 2046 destinato,
752 2014 836 2044 modo
859 2018 887 2044 et
906 2015 960 2045 sor-

221 2061 270 2089 ma
284 2059 312 2089 in
330 2059 449 2091 Ordinis
470 2062 663 2092 instructione
683 2063 882 2102 praescriptis.
899 2063 960 2099 Ouo

221 2113 352 2148 tempore
375 2119 440 2140 cum
464 2111 673 2140 communitate
707 2112 800 2141 solum
824 2113 961 2142 intersint

221 2158 378 2196 matutino,
394 2158 514 2197 primae,
527 2159 729 2198 completorio,
743 2160 869 2190 orationi
884 2170 961 2191 men-

222 2207 295 2244 tali,
320 2207 448 2237 examini
481 2208 700 2246 conscientiae,
733 2209 906 2248 disciplinae
934 2215 962 2240 et

221 2255 388 2293 refectorio,
400 2255 478 2285 iuxta
494 2256 667 2294 prudentem
684 2257 887 2287 instructionis
903 2259 962 2288 dis-

223 2303 405 2344 positionem.
438 2304 609 2334 Huiusmodi
639 2309 735 2335 antem
759 2307 899 2336 exercitia
922 2307 960 2336 ita

223 2351 286 2381 fieri
309 2352 416 2382 debent
447 2357 478 2382 ut
508 2353 649 2382 medietas
684 2354 773 2384 totius
801 2356 963 2385 communi-

223 2401 291 2431 tatis
313 2401 434 2431 insimul
457 2405 485 2431 et
508 2402 601 2441 primo
624 2402 720 2440 faciat,
745 2407 773 2432 et
796 2408 893 2442 postea
910 2404 962 2434 im-

223 2450 347 2480 mediate
369 2451 460 2481 altera
483 2451 638 2487 medietas,
663 2451 735 2489 nisi,
761 2456 872 2482 attento
895 2453 963 2482 reli-

223 2498 370 2536 giosorum
401 2508 543 2537 numero,
568 2499 702 2529 minister
732 2500 761 2530 in
785 2504 843 2530 tres
866 2505 962 2540 partes

224 2555 305 2577 suam
338 2547 578 2578 communitatem
618 2548 726 2578 iudicet
763 2549 960 2580 dividendam.

261 2604 270 2629 1
293 2602 406 2630 Videtur
425 2602 569 2638 legendum
588 2602 678 2631 etiam
697 2605 735 2638 (n.
753 2604 802 2638 r.).

1639 189 1698 222 411

1001 247 1127 287 Tempus
1143 257 1222 286 vero,
1240 247 1269 277 in
1293 258 1349 288 quo
1373 248 1435 278 fieri
1458 247 1564 278 debent
1587 248 1738 286 exercitia,

1001 297 1057 327 erit
1078 297 1113 327 ab
1136 297 1331 328 instructione
1354 297 1579 337 praescriptum.

1185 375 1335 398 REGULAE
1373 375 1472 398 CAPUT
1497 375 1560 398 mv.

1000 427 1099 450 Singulis
1115 433 1206 450 quoque
1221 429 1328 447 noctibus
1339 434 1380 451 pro
1390 430 1453 448 statu
1468 430 1493 448 et
1506 433 1564 451 pace
1579 429 1601 448 S.
1613 430 1631 446 R
1650 429 1666 446 Β
1679 441 1683 450 ,
1695 430 1741 447 etc.

1000 479 1096 509 CAPt'T
1127 489 1183 510 xlv.
1210 498 1244 502 ——
1278 481 1317 510 De
1349 482 1493 520 sacrificiis
1523 486 1547 510 el
1575 481 1743 510 emtionibus

1039 531 1176 567 faciendis
1199 540 1251 569 pro
1277 531 1443 560 credentiae
1465 535 1573 560 sanetae
1595 531 1744 560 catholicae

1039 578 1116 616 fidei,
1132 588 1200 617 paee
1223 580 1295 608 inler
1314 580 1457 618 principes
1470 580 1643 616 christianos,
1658 580 1745 618 copti-

1040 627 1092 663 ris,
1115 627 1331 665 hemsactoribns
1352 632 1376 657 el
1400 628 1516 666 reliquis
1538 628 1677 658 Ecclesiae
1699 639 1744 657 'ne-

1040 676 1219 705 ccssilotibns.

1041 748 1060 768 1.
1094 738 1202 769 Stricte
1235 739 1434 779 praecipimus
1467 740 1604 770 omnibus
1636 740 1745 770 nostris

1001 787 1159 826 religiosis,
1185 788 1261 827 quod
1286 789 1314 818 in
1339 788 1400 818 suis
1423 789 1587 827 sacrificiis,
1607 789 1746 819 orationi-

1002 836 1067 873 bus,
1092 837 1349 867 communionibus
1365 841 1392 867 et
1408 837 1473 867 aliis
1492 838 1575 867 bonis
1594 838 1743 877 operibus,

1004 889 1059 914 tam
1086 885 1115 915 in
1139 886 1288 915 communi
1312 895 1399 925 quam
1419 886 1448 916 in
1473 886 1643 926 particulari
1666 896 1746 917 exer-

1003 934 1115 971 cendis,
1134 934 1223 964 Deum
1247 939 1330 964 orent
1354 944 1405 974 pro
1428 935 1605 965 exaltatione
1627 941 1745 965 sanctae

1003 983 1164 1013 catholicae
1178 983 1246 1012 fidei
1262 988 1290 1013 et
1308 992 1377 1022 pace
1393 983 1419 1013 S.
1438 984 1472 1014 Ιὶ.
1491 984 1536 1022 Ε.,
1555 992 1607 1023 pro
1627 984 1745 1014 Summo

1003 1033 1144 1063 Pontifice
1164 1056 1171 1070 ,
1195 1032 1304 1062 nostris
1326 1032 1446 1070 regibus
1479 1037 1507 1062 ct
1539 1033 1722 1072 principibus
1737 1058 1744 1071 ,

1004 1091 1056 1121 pro
1079 1082 1198 1111 domino
1222 1082 1367 1111 cardinali
1391 1086 1557 1120 protectore
1580 1083 1671 1112 nostri
1693 1082 1747 1113 Or-

1002 1131 1092 1167 dinis,
1117 1140 1168 1170 pro
1191 1131 1322 1160 eiusdem
1346 1130 1464 1160 Ordinis
1481 1132 1702 1162 conservatione
1718 1136 1746 1161 et

1004 1184 1160 1217 augmento
1191 1179 1359 1218 spirituali,
1384 1189 1435 1218 pro
1459 1179 1696 1210 benefactoribus
1718 1185 1746 1210 et

1005 1229 1129 1268 captivis
1152 1229 1333 1263 christianis
1358 1233 1386 1258 et
1409 1229 1455 1258 his
1478 1239 1529 1268 pro
1552 1229 1659 1269 quibus
1681 1230 1746 1259 uni-

1003 1278 1124 1308 versalis
1141 1278 1270 1308 Ecclesia
1294 1278 1446 1308 consuevit
1462 1288 1556 1308 orare.
1574 1279 1746 1318 Specialitcr

1003 1332 1099 1358 autem
1124 1337 1175 1367 pro
1198 1328 1255 1357 fine
1278 1327 1334 1357 isto
1356 1328 1509 1366 sequentia
1532 1328 1614 1357 siant.

1042 1386 1073 1406 n.
1090 1376 1218 1415 Singulis
1231 1376 1376 1415 noctibus,
1393 1381 1548 1416 antequam
1563 1377 1597 1406 ad
1611 1386 1745 1407 somnum

1003 1426 1178 1465 capiendum
1212 1425 1343 1463 religiosi
1378 1435 1407 1455 se
1441 1426 1616 1464 conferant,
1645 1435 1746 1456 omnes

1003 1475 1089 1504 simul
1113 1475 1142 1505 in
1165 1474 1292 1505 ecclesia
1324 1474 1370 1504 vel
1394 1475 1422 1504 in
1448 1475 1538 1505 choro
1561 1476 1667 1513 magna
1697 1475 1745 1504 de-

1004 1525 1118 1554 votione
1146 1524 1272 1554 recitent
1301 1523 1491 1563 antiphonam
1520 1524 1569 1554 SS.
1593 1524 1745 1554 Trinitatis

1002 1573 1152 1602 Benedicta
1174 1574 1209 1601 sit
1231 1577 1333 1609 sancta,
1349 1576 1408 1609 etc„
1425 1581 1490 1601 cum
1508 1572 1527 1611 ,r
1559 1577 1586 1602 et
1602 1573 1744 1609 oratione,

1003 1626 1089 1661 prout
1110 1621 1140 1651 in
1163 1626 1262 1651 nostro
1286 1621 1433 1658 manuali;
1455 1625 1482 1650 et
1500 1621 1582 1651 sinito
1597 1622 1747 1651 conscien-

1003 1671 1058 1701 tiae
1074 1670 1218 1707 examine,
1237 1670 1362 1700 recitent
1381 1670 1517 1699 similiter
1533 1670 1664 1700 litaniam
1684 1670 1746 1701 lau-

1003 1724 1133 1750 retanam
1152 1719 1356 1749 sanctissimae
1379 1719 1429 1749 Dei
1453 1719 1597 1757 Parentis,
1615 1724 1701 1758 prout
1716 1719 1746 1749 in

1002 1769 1103 1799 eodem
1126 1768 1276 1798 manuali:
1300 1772 1328 1798 et
1355 1769 1404 1807 qui
1435 1768 1568 1806 legitima
1589 1768 1746 1808 impeditus

1003 1819 1091 1848 causa
1113 1818 1260 1847 interesse
1283 1817 1309 1847 ei
1332 1826 1389 1847 non
1413 1817 1562 1856 potuerit,
1585 1817 1667 1847 illam
1689 1817 1747 1856 pri-

1002 1866 1090 1895 vatim
1112 1865 1226 1895 recitet.

1043 1924 1083 1944 111.
1108 1914 1140 1944 In
1163 1913 1299 1944 omnibus
1333 1913 1486 1950 domibus,
1511 1923 1569 1944 non
1592 1914 1744 1953 collegiis,

1004 1963 1133 1994 sabbatis
1156 1964 1245 1994 totius
1269 1963 1339 1993 anni
1362 1967 1494 1993 cantetur
1510 1964 1598 1993 missa
1624 1964 1654 1993 B.
1685 1964 1747 1994 Vir-

1004 2013 1080 2051 ginis
1107 2013 1235 2050 Mariae,
1260 2012 1319 2042 illis
1349 2013 1480 2051 exceptis
1508 2013 1538 2042 in
1572 2013 1677 2052 quibus
1700 2023 1748 2043 oc-

1004 2062 1130 2092 currerit
1160 2062 1215 2091 alia
1250 2061 1337 2091 missa
1372 2062 1502 2091 canenda
1530 2071 1564 2091 ex
1587 2062 1746 2101 designatis

1004 2120 1066 2150 cap.
1090 2120 1128 2145 XI,
1152 2110 1165 2149 ἓ
1189 2111 1215 2148 1,
1239 2119 1320 2139 num.
1346 2119 1387 2147 vi,
1411 2119 1524 2140 necnon
1548 2110 1648 2148 vigilia
1669 2111 1748 2140 Nati-

1005 2160 1103 2190 vitatis
1119 2159 1246 2196 Domini,
1263 2159 1370 2189 octavis
1398 2159 1603 2198 privilegiatis,
1627 2160 1746 2189 sabbato

1004 2209 1081 2239 infra
1105 2214 1236 2239 octavam
1260 2208 1399 2248 Corporis
1422 2209 1550 2245 Christi,
1574 2213 1602 2238 et
1624 2209 1744 2238 sabbato

1005 2259 1035 2288 in
1059 2268 1115 2298 qno
1138 2258 1284 2288 celebrari
1306 2257 1409 2296 incipit
1431 2258 1592 2296 capitulum
1614 2263 1746 2287 nostrum

1005 2307 1141 2345 generale
1175 2307 1218 2336 vel
1253 2306 1441 2346 provinciale.
1463 2306 1492 2335 Si
1516 2311 1610 2335 autem
1638 2307 1668 2336 in
1691 2307 1746 2336 alio

1005 2355 1103 2395 aliquo
1126 2354 1246 2385 sabbato
1273 2355 1436 2384 occurrerit
1458 2354 1596 2391 obligatio
1622 2355 1746 2384 canendi

1005 2404 1076 2433 alias
1095 2404 1198 2433 missas
1216 2413 1267 2443 pro
1284 2403 1444 2440 dotatione,
1463 2403 1554 2432 aliove
1570 2403 1664 2440 titulo,
1684 2403 1745 2432 sive

1005 2453 1149 2491 gratuito,
1173 2453 1234 2482 sive
1258 2461 1392 2488 onerem,
1417 2461 1474 2481 non
1497 2451 1562 2480 ideo
1585 2452 1746 2482 omittenda

1005 2505 1049 2531 est
1071 2501 1220 2540 praedicta
1251 2501 1338 2531 missa
1366 2500 1415 2531 SS.
1441 2500 1568 2538 Virginis
1583 2525 1590 2539 ,
1614 2511 1666 2540 pro
1689 2510 1745 2541 qua

1006 2550 1075 2589 (nisi
1098 2551 1186 2580 fuerit
1203 2550 1317 2588 dotata)
1341 2548 1520 2588 stipendium
1544 2559 1600 2579 non
1624 2551 1746 2590 recipia-

1006 2604 1062 2630 tur.
1087 2599 1242 2629 Praeterea
1272 2599 1301 2628 in
1325 2598 1461 2629 omnihus
1493 2599 1686 2630 conventibus
1719 2606 1745 2630 et

1750 199 1798 225 An.
1816 197 1845 225 C.
1870 198 1935 225 ¹738
