2232 3178
14 213 62 242 An.
77 211 106 239 C.
128 209 194 238 ¹738

53 1788 89 1838 m!
102 1788 189 1837 {onesta

25 1844 96 1872 ratmm
121 1847 190 1863 recre-

31 1871 90 1890 ιιοιιο.

814 205 956 231 CLEMENS
980 205 1025 229 xlx
1049 205 1099 229 PP.

199 260 336 294 attamen,
353 256 377 286 si
393 256 549 286 necessitas
567 255 769 296 postulaverit,
786 254 936 285 humiliter
961 256 963 299 ξ

199 306 265 336 illos
287 309 446 342 moneant,
475 305 550 344 quod
579 305 604 334 si
635 305 730 334 adhuc
752 313 809 334 uon
834 303 939 334 subve-

201 354 277 385 nerit
294 356 302 371 ¹
316 379 324 393 ,
358 354 444 384 liceat
466 355 508 384 eis
540 354 713 393 provinciali
736 353 936 390 denunciare,

200 402 248 442 qui
271 403 414 442 praelatos
437 402 584 432 convictos
607 402 719 442 puniat.
961 440 962 444 Ἰ

238 460 268 481 11.
292 451 400 481 Omnes
415 451 444 481 in
461 451 647 481 refectorium
664 451 698 480 ad
717 451 840 490 primam
858 459 940 479 men-
961 490 962 493 Ἴ

200 510 260 530 sam
282 501 467 530 conveniant.
490 500 522 530 ln
545 501 595 530 illo
618 500 750 530 mantilia
774 509 831 529 non
856 499 911 528 sint
930 523 936 536 ‚

199 549 249 579 sed
277 559 329 588 pro
358 549 481 587 singulis
510 549 647 579 fratribus
675 548 808 587 singulae
835 557 940 587 parvae

200 606 337 636 mappae:
355 598 480 636 patinae,
499 598 650 635 scutellae,
669 601 800 636 paterae,
818 600 846 625 et
861 595 941 625 simi-
961 591 963 617 l

199 645 236 676 lia
259 646 323 676 alba
346 656 404 676 non
427 647 498 685 sint,
516 647 573 676 nisi
589 651 702 676 tantum
727 655 778 685 pro
801 644 938 675 infirmis.
961 620 964 681 l,

239 704 280 724 111.
305 694 390 725 Omni
414 700 544 735 tempore
563 695 592 725 in
615 695 778 734 quantitate
801 693 859 724 cibi
882 702 941 723 ser-
962 730 963 735 1

199 747 283 773 vetur
305 744 501 781 uniformitas,
516 753 570 774 nec
592 743 726 783 superior
749 752 878 782 unquam
895 752 940 771 va-
962 766 964 790 4

199 793 353 822 riationem
387 793 480 833 quoad
514 793 569 823 hoc
606 793 780 832 permittat,
812 791 964 839 exceptis¹

199 842 313 879 magnis
334 842 545 872 festivitatibus
560 865 567 877 ‚
590 841 618 871 in
650 841 757 881 quibus
779 840 941 870 extraordi-
963 843 964 853 ¹

200 890 291 925 naria,
310 896 394 930 prout
413 891 501 921 moris
518 895 571 927 est,
590 890 855 924 ministrabuntur;
879 899 940 919 mos

201 939 278 969 enim
302 944 329 969 et
352 940 531 970 consuetudo
554 940 584 969 in
611 939 806 969 instructione
831 939 941 978 reperi·
963 958 964 963 ,

198 992 246 1018 tur
267 998 415 1028 expressa.

238 1046 276 1067 ιν.
300 1037 331 1067 In
356 1038 511 1068 refectorio
537 1047 653 1077 semper
676 1037 800 1067 meridie
824 1041 851 1066 et
875 1046 941 1067 sero
963 1043 964 1061 t

199 1086 285 1117 lectio
307 1086 450 1117 habeatur
473 1087 654 1126 spiritualis,
672 1088 787 1117 serrata
810 1096 939 1116 ceremo-

199 1135 285 1165 nialis
307 1136 397 1165 nostri
417 1136 619 1175 dispositione.

239 1192 267 1213 v.
290 1184 322 1214 In
356 1184 492 1214 omnibns
526 1184 719 1214 conventibus
754 1189 782 1214 et
810 1184 941 1223 collegiis

201 1233 357 1273 prandium
375 1234 424 1264 flat
437 1238 500 1273 post
514 1234 698 1263 undecimam
714 1234 832 1269 horam3
850 1243 941 1272 quan-

200 1283 235 1312 do
250 1292 317 1312 vero
333 1283 480 1313 ieiunatur
492 1292 525 1312 ex
538 1282 685 1312 Ecclesiae
698 1286 863 1321 praecepto,
877 1286 941 1321 post
962 1299 964 1323 ξ

200 1331 382 1361 undecimam
406 1336 434 1361 et
455 1331 604 1364 dimidiam
625 1331 685 1361 fiat.
705 1331 796 1361 Coena
817 1331 878 1360 sive
896 1340 942 1360 re-

200 1379 376 1410 fectiuncula
396 1389 545 1420 nunquam
565 1380 602 1410 sit
619 1384 685 1409 ante
702 1379 938 1419 completorium.

238 1438 278 1459 Vl.
303 1429 389 1459 Extra
422 1429 663 1459 communitatem
693 1438 779 1459 nemo
809 1429 941 1458 comedat

200 1478 245 1508 vel
259 1477 339 1508 bibat
355 1478 465 1517 absque
479 1480 614 1517 expressa
629 1478 791 1518 superioris
807 1478 938 1508 licentia.

238 1535 288 1557 vu.
313 1527 344 1556 In
367 1527 530 1556 refectoriis
546 1527 653 1557 nostris
671 1536 729 1557 non
746 1527 941 1557 admittantur
962 1546 964 1557 ι

199 1575 365 1606 saeculares
379 1599 387 1614 ‚
411 1575 467 1605 nisi
489 1585 556 1605 raro
578 1575 782 1606 benefactores
804 1576 848 1605 vel
876 1585 940 1615 per-

200 1634 288 1655 sonae
312 1634 426 1663 graves.
450 1624 540 1664 quue
565 1625 736 1664 praesertim
754 1625 840 1655 vitari
856 1625 942 1655 debet

199 1674 229 1704 in
252 1675 333 1704 festis
356 1674 555 1713 solemnibus,
579 1674 810 1714 professionibus
833 1678 862 1704 et
880 1675 940 1714 pri-

199 1722 254 1752 mis
277 1723 378 1752 sacris.

239 1781 259 1801 ι.
283 1771 316 1801 ln
338 1771 532 1802 conventibus
565 1772 673 1802 nostris
704 1782 805 1803 omnes
836 1773 964 1803 fratres*

201 1821 288 1852 simul
315 1821 345 1851 in
368 1820 433 1851 loco
455 1831 513 1851 uno
544 1830 660 1861 semper
689 1827 753 1861 post
785 1823 940 1862 prandium

201 1879 252 1910 per
268 1880 357 1901 unam
380 1870 480 1900 horam
498 1871 708 1901 recreationem
725 1870 873 1910 habeant,
891 1881 942 1902 ex-

200 1920 293 1960 ceptis
316 1920 396 1950 feriis
419 1920 538 1950 maioris
565 1919 764 1951 hebdomadae
779 1945 786 1959 ‚
810 1925 839 1951 et
861 1921 942 1951 insu-

201 1978 253 2009 per
275 1969 362 1999 aliam
384 1969 485 1999 horam
515 1974 579 2009 post
607 1979 727 2000 coenam
751 1980 802 2001 seu
826 1980 941 2010 vesper-

201 2018 292 2048 tinam
315 2019 515 2054 resectionem,
539 2029 554 2049 a
577 2019 717 2050 Paschate
739 2029 831 2060 usque
847 2020 882 2050 ad
897 2021 942 2050 ul-

202 2067 301 2097 timam
325 2067 401 2098 diem
425 2067 708 2107 septembriS,aci11
731 2069 940 2099 festivitatibus

201 2116 382 2146 solemnibus
405 2117 492 2146 totius
514 2117 596 2155 anni,
619 2121 647 2147 et
670 2127 684 2147 a
708 2117 808 2156 vigilia
830 2117 940 2148 Nativi-

201 2165 269 2195 tatis
292 2175 384 2205 usque
407 2165 442 2195 ad
464 2166 655 2206 Epiphaniam
671 2191 678 2204 ‚
706 2171 792 2206 atque
814 2167 843 2197 in
867 2167 940 2197 seria

200 2214 331 2245 secunda
353 2219 381 2245 et
404 2215 492 2244 tertia
508 2219 573 2254 post
594 2216 769 2246 dominicam
794 2215 941 2256 Quinqua-

200 2263 353 2301 gesimae,
388 2274 501 2294 necnon
535 2264 650 2303 quando
683 2274 717 2294 ex
744 2265 940 2295 instructione

201 2311 288 2342 fuerit
310 2316 417 2343 statuta
441 2313 594 2343 recreatio.
618 2313 753 2343 Attamen
787 2314 890 2344 novitii
912 2319 940 2345 et

200 2369 302 2391 recens
326 2361 463 2401 professi,
480 2371 535 2401 qua
558 2361 604 2392 die
627 2364 711 2392 sacra
733 2363 940 2393 communione

200 2410 300 2440 refecti
323 2410 445 2449 suerint,
463 2415 528 2450 post
545 2411 701 2451 prandium
726 2421 783 2442 non
807 2421 941 2443 recreen-

200 2461 257 2489 tur.
275 2459 309 2489 Et
325 2463 382 2490 tam
397 2460 452 2499 ipsi
472 2469 558 2500 quam
583 2460 749 2500 philopliiae
772 2460 940 2491 scholastici

200 2517 266 2538 cum
289 2508 350 2538 suis
374 2509 522 2547 magistris
538 2518 654 2548 semper
676 2508 803 2539 habeant
825 2519 940 2540 recrea-

198 2556 307 2588 tionem
333 2557 503 2588 disiunetim
527 2567 541 2587 a
565 2557 820 2588 conventualibus.

234 2612 244 2637 1
268 2610 383 2638 Videtur
402 2610 547 2646 legendum
566 2611 751 2640 subvenerint
770 2611 813 2646 (u.
829 2611 879 2646 r.).

1022 263 1052 284 11.
1078 253 1109 283 In
1133 252 1364 283 recreationibus
1381 261 1480 282 omnes
1497 261 1562 281 cum
1581 251 1723 280 modestia.

961 303 962 344 ζ
983 307 1011 332 et
1033 303 1155 332 honesta
1178 301 1322 340 gravitate
1350 310 1379 331 se
1402 305 1521 339 gerant·⁷
1544 300 1658 337 legatur
1682 298 1722 328 ibi

961 346 962 354 ¹
983 361 1030 381 res
1053 352 1149 391 aliqua
1174 351 1348 390 spiritualiS,
1366 351 1411 380 vel
1434 350 1469 379 de
1492 350 1543 379 illa
1565 354 1677 387 agatur,
1695 352 1723 377 et

961 430 962 435 ,
983 400 1086 429 saltem
1109 400 1143 429 de
1173 399 1261 429 rebus
1293 398 1551 434 indifferentibus3
1575 407 1632 427 non
1655 406 1722 426 vero

983 448 1017 477 de
1034 448 1224 486 genealogiis,
1242 448 1392 487 stirpibus,
1407 447 1586 483 nationibus,
1607 446 1721 486 patriis,

984 497 1098 526 nuntiis
1122 501 1149 526 et
1170 496 1339 526 rumorIbus
1355 496 1509 525 inutilibus
1531 496 1565 525 ad
1589 495 1725 525 aedifica-

985 546 1095 575 tionem
1119 549 1147 574 et
1177 545 1338 584 profectum
1366 545 1552 581 anima1um3
1579 544 1724 583 verbaque

985 593 1093 631 iocosa,
1118 594 1221 629 faceta,
1245 593 1420 622 detractoria
1448 602 1504 622 non
1529 593 1647 628 dicant,
1672 602 1725 622 nec

984 642 1188 672 contentiones
1212 641 1350 671 habeant.
1374 642 1410 672 [t
1437 646 1533 671 autem
1557 641 1724 680 supradicta

984 690 1189 727 observentur,
1214 690 1349 729 superior
1372 689 1603 719 recreationibus
1625 689 1726 719 adesse

985 743 1085 775 curet,
1110 742 1137 768 et
1164 738 1232 767 huic
1265 737 1468 768 constitutioni
1502 738 1726 768 contraveniens

962 791 964 818 ξ
985 787 1180 826 flagellatione
1204 787 1353 826 puniatur.

1024 846 1065 866 111.
1089 835 1209 871 Quando
1232 835 1423 865 recreationis
1447 835 1542 873 gratia
1565 835 1693 873 religiosi
1711 845 1725 864 e

985 891 1131 915 conventu
1154 886 1292 922 exierint,
1311 890 1447 915 n‘taueant
1470 885 1547 914 intra
1571 885 1653 914 illum
1678 885 1727 923 qui

986 935 1049 965 eius
1084 934 1311 972 obligationibus
1344 935 1511 963 satisfacere
1545 933 1669 963 valeant.
1698 933 1726 963 Si

986 984 1184 1014 recreationes
1217 983 1467 1012 extraordinariae
1495 987 1578 1012 extra
1602 991 1728 1011 conveu-

987 1039 1047 1063 tum
1072 1033 1193 1071 fuerint,
1219 1033 1247 1061 in
1271 1032 1369 1071 aliqua
1392 1032 1462 1061 vitta
1485 1041 1535 1061 seu
1558 1031 1728 1060 suburbana

985 1082 1080 1119 domo,
1106 1082 1149 1111 vel
1173 1081 1312 1120 praedm,
1338 1081 1486 1119 praelatus
1514 1080 1648 1118 designet
1672 1084 1729 1109 ter-

986 1130 1110 1168 minum,
1128 1130 1161 1159 ad
1179 1138 1265 1169 quem
1289 1129 1419 1167 religiosi
1438 1129 1578 1159 accedere
1602 1130 1726 1168 possint,

985 1184 1012 1208 et
1030 1188 1116 1218 quem
1133 1188 1190 1208 non
1215 1179 1447 1216 trasgrediantur
1463 1178 1572 1217 absque
1589 1179 1727 1218 expressa

963 1238 964 1243 ¹
986 1227 1093 1257 ibidem
1118 1227 1311 1266 praesidentis
1335 1227 1466 1256 licentia.

1024 1285 1062 1305 lv.
1087 1276 1173 1305 Nullo
1196 1280 1327 1315 tempore
1353 1276 1483 1314 religiosi
1502 1276 1594 1305 nostri
1613 1285 1727 1305 comoe-

963 1334 964 1337 ’
984 1326 1056 1363 dias,
1069 1325 1176 1354 aliosve
1193 1329 1285 1362 actus,
1304 1325 1417 1354 tametsi
1434 1325 1614 1364 spirituales,
1629 1328 1725 1362 agant,

985 1383 1039 1403 nec
1063 1373 1184 1413 praelati
1208 1373 1243 1402 ab
1267 1373 1309 1402 eis
1330 1373 1375 1410 agi
1399 1374 1582 1412 permittant,
1600 1382 1652 1403 nec
1676 1382 1727 1412 pro

984 1423 1087 1462 quovis
1110 1422 1167 1451 alio
1190 1422 1257 1451 ludo
1281 1426 1309 1451 et
1332 1421 1526 1452 oblectatione
1550 1426 1644 1451 vestes
1668 1431 1730 1451 sae-

984 1472 1126 1501 cularium
1151 1471 1186 1500 de
1209 1472 1278 1501 foris
1301 1475 1428 1510 portent,
1447 1480 1499 1501 nec
1523 1471 1650 1510 propriis
1669 1480 1726 1500 non

984 1521 1103 1551 dentur.
1127 1520 1181 1555 Qui
1208 1524 1306 1550 autem
1339 1521 1559 1550 contravenerit
1590 1519 1634 1549 vel
1661 1529 1729 1549 con-

985 1571 1130 1599 travenire
1144 1569 1321 1608 permiserit,
1339 1579 1352 1599 a
1371 1569 1542 1608 provinciali
1558 1578 1658 1598 severe
1676 1578 1729 1607 pu-

985 1619 1093 1649 niatur.
1118 1619 1140 1648 A
1164 1618 1266 1656 vigilia
1290 1627 1357 1647 vero
1380 1618 1545 1648 Nativitatis
1579 1627 1670 1656 usque
1693 1617 1728 1646 ad

985 1668 1177 1707 Epiphaniam
1201 1667 1351 1697 dumtaxat
1381 1671 1518 1706 poterunt
1541 1667 1631 1697 nostri
1666 1676 1727 1696 mu-

985 1717 1053 1747 sicis
1076 1717 1118 1746 uti
1137 1716 1354 1746 instrumentis

1024 1774 1052 1795 v.
1076 1765 1180 1796 Nullus
1210 1774 1340 1804 unquam
1374 1770 1510 1805 procuret
1533 1774 1586 1795 nec
1610 1763 1729 1804 permit-

985 1820 1025 1845 tat
1042 1815 1120 1855 quod
1148 1815 1177 1845 in
1197 1816 1305 1845 nostris
1328 1815 1460 1845 ecclesiis
1483 1814 1728 1854 repraesentatio-

985 1873 1037 1894 nes
1053 1865 1141 1894 etiam
1165 1864 1285 1894 omnino
1308 1864 1476 1903 spirituales
1500 1863 1591 1899 fiant3
1611 1863 1660 1902 qui
1684 1872 1728 1892 se-

984 1923 1035 1943 cus
1058 1914 1181 1952 fecerit,
1206 1913 1286 1952 gravi
1310 1914 1403 1954 poena
1426 1913 1460 1943 ad
1484 1912 1639 1942 arbitrium
1664 1921 1728 1951 pro-

985 1962 1118 1992 vincialis
1142 1963 1293 2002 puniatur.

1166 2044 1317 2068 REGULAE
1340 2044 1441 2068 CAPUT
1460 2045 1548 2068 xvnl.

1127 2099 1209 2117 Vinum
1230 2098 1367 2117 sumendum
1381 2103 1393 2116 n
1408 2098 1526 2120 stati-ihus,
1543 2098 1590 2117 eto.

1028 2150 1125 2181 CAPUT
1151 2158 1230 2180 xvm.
1254 2167 1293 2172 —
1315 2149 1354 2179 De
1376 2149 1520 2179 sobrietate
1542 2149 1684 2178 servanda.

1026 2227 1045 2247 1.
1069 2218 1091 2246 Α
1115 2216 1261 2255 religiosis
1278 2239 1285 2253 ,
1310 2216 1483 2256 praesertim
1517 2215 1701 2245 discalceatis
1717 2238 1724 2251 ‚

988 2266 1070 2296 valde
1093 2266 1187 2296 aliena
1216 2270 1260 2296 est
1283 2265 1508 2305 intemperantia
1530 2269 1558 2294 et
1581 2264 1726 2294 ebrietas:

986 2319 1202 2354 proptereaque
1231 2314 1355 2353 quilibet
1377 2315 1406 2343 in
1429 2314 1483 2343 hac
1505 2314 1629 2343 materia
1652 2313 1729 2342 defe-

984 2368 1049 2393 ctus
1071 2372 1246 2403 magnopere
1268 2363 1445 2402 reprebendi
1462 2367 1490 2392 et
1510 2361 1606 2401 puniri
1630 2361 1725 2390 debet.

984 2412 1079 2448 Quare
1102 2413 1126 2442 si
1149 2412 1215 2452 quis
1238 2412 1338 2451 (quod
1361 2411 1435 2441 Deus
1468 2410 1604 2449 avertat)
1627 2409 1727 2439 ebrius

985 2461 1145 2501 aliquando
1177 2461 1378 2501 deprehensus
1402 2460 1510 2496 fuerit,
1535 2459 1558 2488 si
1588 2459 1727 2489 acciderit

985 2511 1048 2541 sine
1071 2510 1219 2549 scandalo,
1238 2511 1330 2549 poena
1347 2509 1450 2548 culpae
1474 2508 1571 2547 gravis
1590 2508 1727 2547 puniatur

985 2570 1036 2599 per
1057 2569 1107 2590 sex
1131 2560 1193 2589 dies
1209 2570 1215 2593 ;
1233 2559 1257 2588 si
1277 2568 1341 2588 cum
1365 2558 1511 2591 scandalo,
1538 2558 1574 2587 sit
1597 2557 1727 2588 incarce-

984 2613 1065 2640 ratus
1089 2618 1139 2648 per
1162 2613 1220 2638 tres
1243 2617 1380 2646 menses,
1403 2612 1431 2638 et
1460 2607 1590 2646 privatus
1613 2607 1676 2637 loco
1698 2611 1726 2637 et

1615 193 1680 227 413
1727 202 1917 229 An.c.1738
