<?xml version="1.0" encoding="UTF-8"?>
<!DOCTYPE html PUBLIC "-//W3C//DTD XHTML 1.0 Transitional//EN"
    "http://www.w3.org/TR/xhtml1/DTD/xhtml1-transitional.dtd">
<html xmlns="http://www.w3.org/1999/xhtml" xml:lang="en" lang="en">
 <head>
  <title>
</title>
<meta http-equiv="Content-Type" content="text/html;charset=utf-8" />
  <meta name='ocr-system' content='tesseract 3.04.00' />
  <meta name='ocr-capabilities' content='ocr_page ocr_carea ocr_par ocr_line ocrx_word'/>
</head>
<body>
  <div class='ocr_page' id='page_1' title='image "./bullarumdiplomat24cath_0438.png"; bbox 0 0 2232 3178; ppageno 0'>
   <div class='ocr_carea' id='block_1_1' title="bbox 271 233 566 270">
    <p class='ocr_par' dir='ltr' id='par_1_1' title="bbox 271 233 566 270">
     <span class='ocr_line' id='line_1_1' title="bbox 271 233 566 270; baseline -0.007 -2"><span class='ocrx_word' id='word_1_1' title='bbox 271 242 319 269; x_wconf 79' lang='grc' dir='ltr'>Αιι.</span> <span class='ocrx_word' id='word_1_2' title='bbox 337 242 368 270; x_wconf 88' lang='lat' dir='ltr'>c.</span> <span class='ocrx_word' id='word_1_3' title='bbox 388 242 455 270; x_wconf 79' lang='lat'><strong>¹738</strong></span> <span class='ocrx_word' id='word_1_4' title='bbox 502 233 566 267; x_wconf 60' lang='lat' dir='ltr'>lioli</span> 
     </span>
    </p>
   </div>
   <div class='ocr_carea' id='block_1_2' title="bbox 463 291 1203 475">
    <p class='ocr_par' dir='ltr' id='par_1_2' title="bbox 463 291 1203 475">
     <span class='ocr_line' id='line_1_2' title="bbox 466 291 1202 332; baseline 0.001 -11"><span class='ocrx_word' id='word_1_5' title='bbox 466 291 568 321; x_wconf 80' lang='lat' dir='ltr'>babitu</span> <span class='ocrx_word' id='word_1_6' title='bbox 592 292 665 321; x_wconf 90' lang='lat' dir='ltr'>mori</span> <span class='ocrx_word' id='word_1_7' title='bbox 696 292 866 331; x_wconf 78' lang='lat' dir='ltr'>contingat,</span> <span class='ocrx_word' id='word_1_8' title='bbox 900 292 1097 332; x_wconf 87' lang='lat' dir='ltr'>praecipimus</span> <span class='ocrx_word' id='word_1_9' title='bbox 1127 293 1202 332; x_wconf 87' lang='lat' dir='ltr'>quod</span> 
     </span>
     <span class='ocr_line' id='line_1_3' title="bbox 464 340 1203 380; baseline 0.003 -12"><span class='ocrx_word' id='word_1_10' title='bbox 464 348 565 369; x_wconf 85' lang='lat' dir='ltr'>omues</span> <span class='ocrx_word' id='word_1_11' title='bbox 588 340 733 369; x_wconf 82' lang='lat' dir='ltr'>dormiant</span> <span class='ocrx_word' id='word_1_12' title='bbox 756 349 820 369; x_wconf 85' lang='lat' dir='ltr'>cum</span> <span class='ocrx_word' id='word_1_13' title='bbox 849 341 1013 379; x_wconf 85' lang='lat' dir='ltr'>scapulario</span> <span class='ocrx_word' id='word_1_14' title='bbox 1045 350 1132 380; x_wconf 89' lang='lat' dir='ltr'>parvo</span> <span class='ocrx_word' id='word_1_15' title='bbox 1163 341 1203 370; x_wconf 87' lang='lat' dir='ltr'>la-</span> 
     </span>
     <span class='ocr_line' id='line_1_4' title="bbox 463 388 1203 427; baseline 0.004 -11"><span class='ocrx_word' id='word_1_16' title='bbox 463 397 529 424; x_wconf 89' lang='lat' dir='ltr'>neo,</span> <span class='ocrx_word' id='word_1_17' title='bbox 547 388 622 426; x_wconf 86' lang='lat' dir='ltr'>quod</span> <span class='ocrx_word' id='word_1_18' title='bbox 647 388 764 427; x_wconf 91' lang='lat' dir='ltr'>quidem</span> <span class='ocrx_word' id='word_1_19' title='bbox 787 389 895 418; x_wconf 85' lang='lat' dir='ltr'>infirmi</span> <span class='ocrx_word' id='word_1_20' title='bbox 916 389 945 418; x_wconf 91' lang='lat' dir='ltr'>in</span> <span class='ocrx_word' id='word_1_21' title='bbox 969 389 1044 419; x_wconf 76' lang='lat' dir='ltr'>lecto</span> <span class='ocrx_word' id='word_1_22' title='bbox 1063 389 1203 419; x_wconf 80' lang='lat' dir='ltr'>cubantes</span> 
     </span>
     <span class='ocr_line' id='line_1_5' title="bbox 464 437 790 475; baseline 0.006 -11"><span class='ocrx_word' id='word_1_23' title='bbox 464 444 614 475; x_wconf 83' lang='lat' dir='ltr'>nunquam</span> <span class='ocrx_word' id='word_1_24' title='bbox 630 437 790 467; x_wconf 79' lang='lat' dir='ltr'>dimittant.</span> 
     </span>
    </p>
   </div>
   <div class='ocr_carea' id='block_1_3' title="bbox 647 516 1015 542">
    <p class='ocr_par' dir='ltr' id='par_1_3' title="bbox 647 516 1015 542">
     <span class='ocr_line' id='line_1_6' title="bbox 647 516 1015 542; baseline 0.008 -4"><span class='ocrx_word' id='word_1_25' title='bbox 647 516 794 539; x_wconf 67' lang='lat' dir='ltr'>REGULAE</span> <span class='ocrx_word' id='word_1_26' title='bbox 821 516 921 540; x_wconf 64' lang='lat' dir='ltr'>CAPUT</span> <span class='ocrx_word' id='word_1_27' title='bbox 947 519 1015 542; x_wconf 83' lang='lat' dir='ltr'><strong>VIH.</strong></span> 
     </span>
    </p>
   </div>
   <div class='ocr_carea' id='block_1_4' title="bbox 574 566 1082 589">
    <p class='ocr_par' dir='ltr' id='par_1_4' title="bbox 574 566 1082 589">
     <span class='ocr_line' id='line_1_7' title="bbox 574 566 1082 589; baseline 0.01 -7"><span class='ocrx_word' id='word_1_28' title='bbox 574 566 600 582; x_wconf 77' lang='lat'>11²</span> <span class='ocrx_word' id='word_1_29' title='bbox 615 566 692 588; x_wconf 75' lang='lat' dir='ltr'>cappla</span> <span class='ocrx_word' id='word_1_30' title='bbox 707 567 732 584; x_wconf 77' lang='lat' dir='ltr'>et</span> <span class='ocrx_word' id='word_1_31' title='bbox 756 568 889 589; x_wconf 68' lang='lat' dir='ltr'>scapulariis</span> <span class='ocrx_word' id='word_1_32' title='bbox 914 568 1019 589; x_wconf 69' lang='lat' dir='ltr'>stau-um.</span> <span class='ocrx_word' id='word_1_33' title='bbox 1035 569 1082 588; x_wconf 72' lang='lat' dir='ltr'>eto.</span> 
     </span>
    </p>
   </div>
   <div class='ocr_carea' id='block_1_5' title="bbox 461 616 1202 706">
    <p class='ocr_par' dir='ltr' id='par_1_5' title="bbox 461 616 1202 706">
     <span class='ocr_line' id='line_1_8' title="bbox 461 616 1202 659; baseline 0.005 -14"><span class='ocrx_word' id='word_1_34' title='bbox 461 616 559 645; x_wconf 75' lang='lat' dir='ltr'><strong>CAPUT</strong></span> <span class='ocrx_word' id='word_1_35' title='bbox 583 626 644 646; x_wconf 80' lang='lat' dir='ltr'>vlu.</span> <span class='ocrx_word' id='word_1_36' title='bbox 669 635 703 639; x_wconf 94' lang='lat'>—</span> <span class='ocrx_word' id='word_1_37' title='bbox 728 618 767 647; x_wconf 84' lang='lat' dir='ltr'>De</span> <span class='ocrx_word' id='word_1_38' title='bbox 789 629 869 648; x_wconf 82' lang='lat' dir='ltr'>cruce</span> <span class='ocrx_word' id='word_1_39' title='bbox 895 621 1032 658; x_wconf 60' lang='lat' dir='ltr'>portanda</span> <span class='ocrx_word' id='word_1_40' title='bbox 1064 622 1092 649; x_wconf 74' lang='lat' dir='ltr'>in</span> <span class='ocrx_word' id='word_1_41' title='bbox 1114 622 1202 659; x_wconf 69' lang='lat' dir='ltr'>cappzi</span> 
     </span>
     <span class='ocr_line' id='line_1_9' title="bbox 721 667 936 706; baseline 0.009 -11"><span class='ocrx_word' id='word_1_42' title='bbox 721 671 745 695; x_wconf 83' lang='lat' dir='ltr'>et</span> <span class='ocrx_word' id='word_1_43' title='bbox 768 667 936 706; x_wconf 78' lang='lat' dir='ltr'>scapulario.</span> 
     </span>
    </p>
   </div>
   <div class='ocr_carea' id='block_1_6' title="bbox 459 727 1203 961">
    <p class='ocr_par' dir='ltr' id='par_1_6' title="bbox 459 727 1203 961">
     <span class='ocr_line' id='line_1_10' title="bbox 540 727 1201 770; baseline 0.006 -14"><span class='ocrx_word' id='word_1_44' title='bbox 540 727 615 757; x_wconf 84' lang='lat' dir='ltr'>Crux</span> <span class='ocrx_word' id='word_1_45' title='bbox 639 727 721 758; x_wconf 88' lang='lat' dir='ltr'>rubei</span> <span class='ocrx_word' id='word_1_46' title='bbox 745 732 772 758; x_wconf 91' lang='lat' dir='ltr'>et</span> <span class='ocrx_word' id='word_1_47' title='bbox 792 729 920 759; x_wconf 87' lang='lat' dir='ltr'>caerulei</span> <span class='ocrx_word' id='word_1_48' title='bbox 955 730 1085 769; x_wconf 84' lang='lat' dir='ltr'>coloris,</span> <span class='ocrx_word' id='word_1_49' title='bbox 1116 740 1201 770; x_wconf 87' lang='lat' dir='ltr'>quam</span> 
     </span>
     <span class='ocr_line' id='line_1_11' title="bbox 462 777 1202 817; baseline 0.007 -12"><span class='ocrx_word' id='word_1_50' title='bbox 462 777 545 806; x_wconf 82' lang='lat' dir='ltr'>iuxta</span> <span class='ocrx_word' id='word_1_51' title='bbox 567 777 696 815; x_wconf 74' lang='lat' dir='ltr'>regulam</span> <span class='ocrx_word' id='word_1_52' title='bbox 721 783 837 817; x_wconf 86' lang='lat' dir='ltr'>portare</span> <span class='ocrx_word' id='word_1_53' title='bbox 859 778 964 809; x_wconf 84' lang='lat' dir='ltr'>debent</span> <span class='ocrx_word' id='word_1_54' title='bbox 991 780 1119 817; x_wconf 84' lang='lat' dir='ltr'>religiosi</span> <span class='ocrx_word' id='word_1_55' title='bbox 1153 790 1202 810; x_wconf 93' lang='lat' dir='ltr'>no-</span> 
     </span>
     <span class='ocr_line' id='line_1_12' title="bbox 459 824 1203 867; baseline 0.005 -14"><span class='ocrx_word' id='word_1_56' title='bbox 459 824 513 854; x_wconf 83' lang='lat' dir='ltr'>stri</span> <span class='ocrx_word' id='word_1_57' title='bbox 536 825 565 854; x_wconf 76' lang='grc' dir='ltr'>ιιι</span> <span class='ocrx_word' id='word_1_58' title='bbox 589 827 679 865; x_wconf 77' lang='lat' dir='ltr'>cappa</span> <span class='ocrx_word' id='word_1_59' title='bbox 702 831 729 856; x_wconf 90' lang='lat' dir='ltr'>et</span> <span class='ocrx_word' id='word_1_60' title='bbox 751 827 936 866; x_wconf 84' lang='lat' dir='ltr'>scapulario,</span> <span class='ocrx_word' id='word_1_61' title='bbox 957 827 991 857; x_wconf 85' lang='lat' dir='ltr'>sil</span> <span class='ocrx_word' id='word_1_62' title='bbox 1016 827 1125 867; x_wconf 84' lang='lat' dir='ltr'>absque</span> <span class='ocrx_word' id='word_1_63' title='bbox 1152 838 1203 858; x_wconf 87' lang='lat' dir='ltr'>cu-</span> 
     </span>
     <span class='ocr_line' id='line_1_13' title="bbox 459 872 1200 915; baseline 0.008 -15"><span class='ocrx_word' id='word_1_64' title='bbox 459 872 538 901; x_wconf 64' lang='lat' dir='ltr'>riosa</span> <span class='ocrx_word' id='word_1_65' title='bbox 568 875 682 912; x_wconf 75' lang='lat' dir='ltr'>sutura,</span> <span class='ocrx_word' id='word_1_66' title='bbox 715 874 908 912; x_wconf 76' lang='lat' dir='ltr'>longitudinis</span> <span class='ocrx_word' id='word_1_67' title='bbox 941 876 1028 906; x_wconf 81' lang='lat' dir='ltr'>unIus</span> <span class='ocrx_word' id='word_1_68' title='bbox 1051 876 1150 915; x_wconf 86' lang='lat' dir='ltr'>palmi,</span> <span class='ocrx_word' id='word_1_69' title='bbox 1174 881 1200 906; x_wconf 88' lang='lat' dir='ltr'>et</span> 
     </span>
     <span class='ocr_line' id='line_1_14' title="bbox 459 920 878 961; baseline 0.007 -11"><span class='ocrx_word' id='word_1_70' title='bbox 459 920 622 951; x_wconf 89' lang='lat' dir='ltr'>latitudinis</span> <span class='ocrx_word' id='word_1_71' title='bbox 644 922 731 952; x_wconf 89' lang='lat' dir='ltr'>unius</span> <span class='ocrx_word' id='word_1_72' title='bbox 754 923 878 961; x_wconf 77' lang='lat' dir='ltr'>pollicis.</span> 
     </span>
    </p>
   </div>
   <div class='ocr_carea' id='block_1_7' title="bbox 657 1004 998 1029">
    <p class='ocr_par' dir='ltr' id='par_1_7' title="bbox 657 1004 998 1029">
     <span class='ocr_line' id='line_1_15' title="bbox 657 1004 998 1029; baseline 0.009 -3"><span class='ocrx_word' id='word_1_73' title='bbox 657 1004 804 1027; x_wconf 65' lang='lat' dir='ltr'>REGULAE</span> <span class='ocrx_word' id='word_1_74' title='bbox 830 1005 930 1029; x_wconf 69' lang='lat' dir='ltr'><strong>CAPUT</strong></span> <span class='ocrx_word' id='word_1_75' title='bbox 955 1006 998 1029; x_wconf 78' lang='lat' dir='ltr'>lx.</span> 
     </span>
    </p>
   </div>
   <div class='ocr_carea' id='block_1_8' title="bbox 477 1052 1181 1077">
    <p class='ocr_par' dir='ltr' id='par_1_8' title="bbox 477 1052 1181 1077">
     <span class='ocr_line' id='line_1_16' title="bbox 477 1052 1181 1077; baseline 0.007 -8"><span class='ocrx_word' id='word_1_76' title='bbox 477 1053 502 1070; x_wconf 80' lang='grc' dir='ltr'>Ιιι</span> <span class='ocrx_word' id='word_1_77' title='bbox 517 1052 595 1070; x_wconf 67' lang='grc' dir='ltr'>κιαι-ί</span> <span class='ocrx_word' id='word_1_78' title='bbox 611 1052 719 1071; x_wconf 70' lang='lat' dir='ltr'>otdmom</span> <span class='ocrx_word' id='word_1_79' title='bbox 735 1054 758 1073; x_wconf 78' lang='grc' dir='ltr'>Β.</span> <span class='ocrx_word' id='word_1_80' title='bbox 774 1054 876 1072; x_wconf 73' lang='lat' dir='ltr'>vtetoriu</span> <span class='ocrx_word' id='word_1_81' title='bbox 892 1056 1017 1076; x_wconf 77' lang='lat' dir='ltr'>sequantur</span> <span class='ocrx_word' id='word_1_82' title='bbox 1033 1055 1119 1077; x_wconf 80' lang='lat' dir='ltr'>clei-tei,</span> <span class='ocrx_word' id='word_1_83' title='bbox 1136 1056 1181 1074; x_wconf 81' lang='lat' dir='ltr'>etc.</span> 
     </span>
    </p>
   </div>
   <div class='ocr_carea' id='block_1_9' title="bbox 538 1103 1120 1191">
    <p class='ocr_par' dir='ltr' id='par_1_9' title="bbox 538 1103 1120 1191">
     <span class='ocr_line' id='line_1_17' title="bbox 538 1103 1120 1135; baseline 0.005 -3"><span class='ocrx_word' id='word_1_84' title='bbox 538 1103 635 1133; x_wconf 75' lang='lat' dir='ltr'><strong>CAPUT</strong></span> <span class='ocrx_word' id='word_1_85' title='bbox 658 1112 698 1135; x_wconf 81' lang='lat' dir='ltr'>lx.</span> <span class='ocrx_word' id='word_1_86' title='bbox 722 1120 760 1125; x_wconf 90' lang='lat'>—</span> <span class='ocrx_word' id='word_1_87' title='bbox 782 1104 821 1134; x_wconf 77' lang='lat' dir='ltr'>De</span> <span class='ocrx_word' id='word_1_88' title='bbox 844 1108 944 1134; x_wconf 59' lang='lat' dir='ltr'>rasura</span> <span class='ocrx_word' id='word_1_89' title='bbox 966 1111 1120 1135; x_wconf 77' lang='lat' dir='ltr'>nostrorum</span> 
     </span>
     <span class='ocr_line' id='line_1_18' title="bbox 726 1152 928 1191; baseline 0.005 -10"><span class='ocrx_word' id='word_1_90' title='bbox 726 1152 928 1191; x_wconf 63' lang='lat' dir='ltr'>relipc&#39;osorum.</span> 
     </span>
    </p>
   </div>
   <div class='ocr_carea' id='block_1_10' title="bbox 455 1214 1199 1789">
    <p class='ocr_par' dir='ltr' id='par_1_10' title="bbox 455 1214 1199 1584">
     <span class='ocr_line' id='line_1_19' title="bbox 498 1214 1199 1254; baseline 0.004 -10"><span class='ocrx_word' id='word_1_91' title='bbox 498 1223 517 1244; x_wconf 91' lang='lat'>1.</span> <span class='ocrx_word' id='word_1_92' title='bbox 541 1214 657 1244; x_wconf 88' lang='lat' dir='ltr'>Fratres</span> <span class='ocrx_word' id='word_1_93' title='bbox 680 1215 810 1254; x_wconf 86' lang='lat' dir='ltr'>deputati</span> <span class='ocrx_word' id='word_1_94' title='bbox 841 1216 875 1245; x_wconf 89' lang='lat' dir='ltr'>ad</span> <span class='ocrx_word' id='word_1_95' title='bbox 906 1216 1028 1246; x_wconf 81' lang='lat' dir='ltr'>eliorum</span> <span class='ocrx_word' id='word_1_96' title='bbox 1063 1221 1199 1247; x_wconf 76' lang='lat' dir='ltr'>tonsuras</span> 
     </span>
     <span class='ocr_line' id='line_1_20' title="bbox 461 1262 1199 1303; baseline 0.004 -11"><span class='ocrx_word' id='word_1_97' title='bbox 461 1262 612 1293; x_wconf 80' lang='lat' dir='ltr'>clericales</span> <span class='ocrx_word' id='word_1_98' title='bbox 644 1264 755 1303; x_wconf 86' lang='lat' dir='ltr'>amplas</span> <span class='ocrx_word' id='word_1_99' title='bbox 784 1264 931 1302; x_wconf 75' lang='lat' dir='ltr'>habeant,</span> <span class='ocrx_word' id='word_1_100' title='bbox 955 1266 993 1294; x_wconf 87' lang='lat' dir='ltr'>ita</span> <span class='ocrx_word' id='word_1_101' title='bbox 1018 1271 1048 1295; x_wconf 91' lang='lat' dir='ltr'>ut</span> <span class='ocrx_word' id='word_1_102' title='bbox 1070 1266 1199 1295; x_wconf 90' lang='lat' dir='ltr'>circulus</span> 
     </span>
     <span class='ocr_line' id='line_1_21' title="bbox 457 1312 1197 1351; baseline 0.004 -10"><span class='ocrx_word' id='word_1_103' title='bbox 457 1312 631 1351; x_wconf 87' lang='lat' dir='ltr'>capillorum</span> <span class='ocrx_word' id='word_1_104' title='bbox 656 1313 742 1342; x_wconf 90' lang='lat' dir='ltr'>trium</span> <span class='ocrx_word' id='word_1_105' title='bbox 762 1313 919 1351; x_wconf 77' lang='lat' dir='ltr'>dIgitorum</span> <span class='ocrx_word' id='word_1_106' title='bbox 937 1314 1122 1344; x_wconf 86' lang='lat' dir='ltr'>latitudinem</span> <span class='ocrx_word' id='word_1_107' title='bbox 1139 1324 1197 1344; x_wconf 83' lang='lat' dir='ltr'>non</span> 
     </span>
     <span class='ocr_line' id='line_1_22' title="bbox 457 1360 1198 1401; baseline 0.004 -12"><span class='ocrx_word' id='word_1_108' title='bbox 457 1360 590 1397; x_wconf 80' lang='lat' dir='ltr'>excedat,</span> <span class='ocrx_word' id='word_1_109' title='bbox 610 1370 705 1400; x_wconf 80' lang='lat' dir='ltr'>neque</span> <span class='ocrx_word' id='word_1_110' title='bbox 726 1361 760 1390; x_wconf 87' lang='lat' dir='ltr'>ad</span> <span class='ocrx_word' id='word_1_111' title='bbox 784 1362 896 1392; x_wconf 81' lang='lat' dir='ltr'>radices</span> <span class='ocrx_word' id='word_1_112' title='bbox 919 1363 1035 1391; x_wconf 86' lang='lat' dir='ltr'>aurium</span> <span class='ocrx_word' id='word_1_113' title='bbox 1059 1372 1111 1401; x_wconf 89' lang='lat' dir='ltr'>per</span> <span class='ocrx_word' id='word_1_114' title='bbox 1126 1363 1198 1393; x_wconf 88' lang='lat' dir='ltr'>duos</span> 
     </span>
     <span class='ocr_line' id='line_1_23' title="bbox 456 1407 1196 1448; baseline 0.004 -11"><span class='ocrx_word' id='word_1_115' title='bbox 456 1407 564 1446; x_wconf 81' lang='lat' dir='ltr'>digitos</span> <span class='ocrx_word' id='word_1_116' title='bbox 587 1410 744 1448; x_wconf 81' lang='lat' dir='ltr'>pertingat.</span> <span class='ocrx_word' id='word_1_117' title='bbox 768 1410 811 1439; x_wconf 86' lang='lat' dir='ltr'>Ad</span> <span class='ocrx_word' id='word_1_118' title='bbox 846 1411 1075 1440; x_wconf 78' lang='lat' dir='ltr'>uniformitatem</span> <span class='ocrx_word' id='word_1_119' title='bbox 1099 1416 1196 1441; x_wconf 87' lang='lat' dir='ltr'>autem</span> 
     </span>
     <span class='ocr_line' id='line_1_24' title="bbox 456 1458 1195 1497; baseline 0.005 -11"><span class='ocrx_word' id='word_1_120' title='bbox 456 1458 631 1487; x_wconf 87' lang='lat' dir='ltr'>servandam</span> <span class='ocrx_word' id='word_1_121' title='bbox 666 1459 695 1488; x_wconf 90' lang='lat' dir='ltr'>in</span> <span class='ocrx_word' id='word_1_122' title='bbox 718 1459 848 1497; x_wconf 88' lang='lat' dir='ltr'>qualibet</span> <span class='ocrx_word' id='word_1_123' title='bbox 870 1459 955 1489; x_wconf 90' lang='lat' dir='ltr'>domo</span> <span class='ocrx_word' id='word_1_124' title='bbox 989 1460 1026 1490; x_wconf 87' lang='lat' dir='ltr'>sit</span> <span class='ocrx_word' id='word_1_125' title='bbox 1060 1469 1195 1490; x_wconf 81' lang='lat' dir='ltr'>mensura</span> 
     </span>
     <span class='ocr_line' id='line_1_25' title="bbox 455 1506 1196 1544; baseline 0.005 -9"><span class='ocrx_word' id='word_1_126' title='bbox 455 1506 563 1544; x_wconf 89' lang='lat' dir='ltr'>quain</span> <span class='ocrx_word' id='word_1_127' title='bbox 591 1507 637 1536; x_wconf 90' lang='lat' dir='ltr'>die</span> <span class='ocrx_word' id='word_1_128' title='bbox 673 1516 793 1537; x_wconf 84' lang='lat' dir='ltr'>rasurae</span> <span class='ocrx_word' id='word_1_129' title='bbox 829 1508 899 1537; x_wconf 88' lang='lat' dir='ltr'>dicti</span> <span class='ocrx_word' id='word_1_130' title='bbox 933 1508 1036 1538; x_wconf 89' lang='lat' dir='ltr'>circuli</span> <span class='ocrx_word' id='word_1_131' title='bbox 1073 1509 1196 1539; x_wconf 80' lang='lat' dir='ltr'>latitudo</span> 
     </span>
     <span class='ocr_line' id='line_1_26' title="bbox 456 1559 654 1584; baseline 0.01 -2"><span class='ocrx_word' id='word_1_132' title='bbox 456 1559 654 1584; x_wconf 81' lang='lat' dir='ltr'>mensuretur.</span> 
     </span>
    </p>

    <p class='ocr_par' dir='ltr' id='par_1_11' title="bbox 455 1603 1197 1789">
     <span class='ocr_line' id='line_1_27' title="bbox 495 1603 1197 1646; baseline 0.006 -14"><span class='ocrx_word' id='word_1_133' title='bbox 495 1612 526 1632; x_wconf 95' lang='grc' dir='ltr'>ιι.</span> <span class='ocrx_word' id='word_1_134' title='bbox 551 1603 628 1634; x_wconf 87' lang='lat' dir='ltr'>Laici</span> <span class='ocrx_word' id='word_1_135' title='bbox 652 1604 757 1634; x_wconf 82' lang='lat' dir='ltr'>barbas</span> <span class='ocrx_word' id='word_1_136' title='bbox 776 1614 910 1635; x_wconf 86' lang='lat' dir='ltr'>erescere</span> <span class='ocrx_word' id='word_1_137' title='bbox 926 1606 1054 1636; x_wconf 83' lang='lat' dir='ltr'>modeste</span> <span class='ocrx_word' id='word_1_138' title='bbox 1077 1607 1197 1646; x_wconf 88' lang='lat' dir='ltr'>permit-</span> 
     </span>
     <span class='ocr_line' id='line_1_28' title="bbox 456 1653 1196 1695; baseline 0.005 -14"><span class='ocrx_word' id='word_1_139' title='bbox 456 1656 516 1682; x_wconf 89' lang='lat' dir='ltr'>tant</span> <span class='ocrx_word' id='word_1_140' title='bbox 538 1653 573 1682; x_wconf 90' lang='lat' dir='ltr'>ad</span> <span class='ocrx_word' id='word_1_141' title='bbox 596 1654 810 1693; x_wconf 77' lang='lat' dir='ltr'>praescriptum</span> <span class='ocrx_word' id='word_1_142' title='bbox 833 1655 967 1693; x_wconf 88' lang='lat' dir='ltr'>regulae,</span> <span class='ocrx_word' id='word_1_143' title='bbox 992 1656 1066 1685; x_wconf 89' lang='lat' dir='ltr'>itaut</span> <span class='ocrx_word' id='word_1_144' title='bbox 1086 1661 1196 1695; x_wconf 89' lang='lat' dir='ltr'>tempo-</span> 
     </span>
     <span class='ocr_line' id='line_1_29' title="bbox 455 1702 1196 1741; baseline 0.007 -11"><span class='ocrx_word' id='word_1_145' title='bbox 455 1710 519 1730; x_wconf 87' lang='lat' dir='ltr'>rum</span> <span class='ocrx_word' id='word_1_146' title='bbox 542 1702 641 1741; x_wconf 90' lang='lat' dir='ltr'>capilli</span> <span class='ocrx_word' id='word_1_147' title='bbox 669 1703 810 1732; x_wconf 90' lang='lat' dir='ltr'>uniantur</span> <span class='ocrx_word' id='word_1_148' title='bbox 832 1712 898 1733; x_wconf 91' lang='lat' dir='ltr'>cum</span> <span class='ocrx_word' id='word_1_149' title='bbox 931 1703 1032 1734; x_wconf 73' lang='lat' dir='ltr'>barba.</span> <span class='ocrx_word' id='word_1_150' title='bbox 1058 1704 1116 1734; x_wconf 87' lang='lat' dir='ltr'>Nec</span> <span class='ocrx_word' id='word_1_151' title='bbox 1138 1705 1196 1735; x_wconf 91' lang='lat' dir='ltr'>illis</span> 
     </span>
     <span class='ocr_line' id='line_1_30' title="bbox 456 1750 1091 1789; baseline 0.006 -10"><span class='ocrx_word' id='word_1_152' title='bbox 456 1759 582 1789; x_wconf 89' lang='lat' dir='ltr'>unquam</span> <span class='ocrx_word' id='word_1_153' title='bbox 606 1750 750 1781; x_wconf 87' lang='lat' dir='ltr'>clericalis</span> <span class='ocrx_word' id='word_1_154' title='bbox 772 1761 880 1782; x_wconf 87' lang='lat' dir='ltr'>corona</span> <span class='ocrx_word' id='word_1_155' title='bbox 903 1753 1091 1783; x_wconf 80' lang='lat' dir='ltr'>concedatur.</span> 
     </span>
    </p>
   </div>
   <div class='ocr_carea' id='block_1_11' title="bbox 659 1832 988 1857">
    <p class='ocr_par' dir='ltr' id='par_1_12' title="bbox 659 1832 988 1857">
     <span class='ocr_line' id='line_1_31' title="bbox 659 1832 988 1857; baseline 0.003 -1"><span class='ocrx_word' id='word_1_156' title='bbox 659 1832 806 1856; x_wconf 63' lang='lat' dir='ltr'>REGULAE</span> <span class='ocrx_word' id='word_1_157' title='bbox 833 1833 934 1857; x_wconf 66' lang='lat' dir='ltr'>CAPUT</span> <span class='ocrx_word' id='word_1_158' title='bbox 958 1835 974 1857; x_wconf 70' lang='grc' dir='ltr'>λ</span> <span class='ocrx_word' id='word_1_159' title='bbox 982 1850 988 1856; x_wconf 92' lang='grc'><em>.</em></span> 
     </span>
    </p>
   </div>
   <div class='ocr_carea' id='block_1_12' title="bbox 528 1881 1121 1905">
    <p class='ocr_par' dir='ltr' id='par_1_13' title="bbox 528 1881 1121 1905">
     <span class='ocr_line' id='line_1_32' title="bbox 528 1881 1121 1905; baseline 0.005 -6"><span class='ocrx_word' id='word_1_160' title='bbox 528 1881 612 1900; x_wconf 73' lang='lat' dir='ltr'>Annos</span> <span class='ocrx_word' id='word_1_161' title='bbox 627 1881 676 1900; x_wconf 71' lang='lat' dir='ltr'>nive</span> <span class='ocrx_word' id='word_1_162' title='bbox 691 1882 767 1900; x_wconf 71' lang='lat' dir='ltr'>mulos</span> <span class='ocrx_word' id='word_1_163' title='bbox 785 1881 858 1901; x_wconf 72' lang='lat' dir='ltr'>ltceat</span> <span class='ocrx_word' id='word_1_164' title='bbox 872 1882 906 1900; x_wconf 75' lang='lat' dir='ltr'>eis</span> <span class='ocrx_word' id='word_1_165' title='bbox 921 1883 1058 1905; x_wconf 71' lang='lat' dir='ltr'>ascendero.</span> <span class='ocrx_word' id='word_1_166' title='bbox 1074 1884 1121 1902; x_wconf 68' lang='lat' dir='ltr'>ete.</span> 
     </span>
    </p>
   </div>
   <div class='ocr_carea' id='block_1_13' title="bbox 454 1932 1197 2070">
    <p class='ocr_par' dir='ltr' id='par_1_14' title="bbox 454 1932 1197 2070">
     <span class='ocr_line' id='line_1_33' title="bbox 454 1932 1197 1973; baseline 0.003 -11"><span class='ocrx_word' id='word_1_167' title='bbox 454 1932 552 1962; x_wconf 70' lang='lat' dir='ltr'><strong>CAPUT</strong></span> <span class='ocrx_word' id='word_1_168' title='bbox 576 1943 603 1963; x_wconf 85' lang='lat' dir='ltr'>x.</span> <span class='ocrx_word' id='word_1_169' title='bbox 628 1951 666 1957; x_wconf 98' lang='lat'><strong>—</strong></span> <span class='ocrx_word' id='word_1_170' title='bbox 690 1933 730 1963; x_wconf 83' lang='lat' dir='ltr'>De</span> <span class='ocrx_word' id='word_1_171' title='bbox 753 1934 795 1963; x_wconf 79' lang='lat' dir='ltr'>his</span> <span class='ocrx_word' id='word_1_172' title='bbox 818 1944 885 1973; x_wconf 81' lang='lat' dir='ltr'>quae</span> <span class='ocrx_word' id='word_1_173' title='bbox 911 1936 1016 1973; x_wconf 68' lang='lat' dir='ltr'>fratres</span> <span class='ocrx_word' id='word_1_174' title='bbox 1037 1935 1131 1964; x_wconf 73' lang='lat' dir='ltr'>debent</span> <span class='ocrx_word' id='word_1_175' title='bbox 1153 1935 1197 1964; x_wconf 84' lang='lat' dir='ltr'>ob-</span> 
     </span>
     <span class='ocr_line' id='line_1_34' title="bbox 494 1983 1196 2022; baseline 0.004 -11"><span class='ocrx_word' id='word_1_176' title='bbox 494 1991 603 2012; x_wconf 79' lang='lat' dir='ltr'>servare</span> <span class='ocrx_word' id='word_1_177' title='bbox 632 1983 739 2021; x_wconf 81' lang='lat' dir='ltr'>quando</span> <span class='ocrx_word' id='word_1_178' title='bbox 770 1984 823 2012; x_wconf 80' lang='lat' dir='ltr'>iter</span> <span class='ocrx_word' id='word_1_179' title='bbox 854 1984 981 2022; x_wconf 76' lang='lat' dir='ltr'>faciunt,</span> <span class='ocrx_word' id='word_1_180' title='bbox 1012 1984 1091 2014; x_wconf 80' lang='lat' dir='ltr'>etde</span> <span class='ocrx_word' id='word_1_181' title='bbox 1119 1985 1196 2014; x_wconf 80' lang='lat' dir='ltr'>modo</span> 
     </span>
     <span class='ocr_line' id='line_1_35' title="bbox 492 2031 819 2070; baseline 0.003 -10"><span class='ocrx_word' id='word_1_182' title='bbox 492 2031 603 2070; x_wconf 80' lang='lat' dir='ltr'>petendi</span> <span class='ocrx_word' id='word_1_183' title='bbox 624 2031 819 2070; x_wconf 77' lang='lat' dir='ltr'>eleemosynas.</span> 
     </span>
    </p>
   </div>
   <div class='ocr_carea' id='block_1_14' title="bbox 451 2093 1195 2677">
    <p class='ocr_par' dir='ltr' id='par_1_15' title="bbox 454 2093 1195 2321">
     <span class='ocr_line' id='line_1_36' title="bbox 494 2093 1195 2134; baseline 0.007 -12"><span class='ocrx_word' id='word_1_184' title='bbox 494 2101 514 2122; x_wconf 89' lang='lat'>1.</span> <span class='ocrx_word' id='word_1_185' title='bbox 538 2093 606 2123; x_wconf 91' lang='lat' dir='ltr'>Muli</span> <span class='ocrx_word' id='word_1_186' title='bbox 629 2094 689 2123; x_wconf 87' lang='lat' dir='ltr'>sive</span> <span class='ocrx_word' id='word_1_187' title='bbox 711 2094 835 2132; x_wconf 86' lang='lat' dir='ltr'>mulae¹,</span> <span class='ocrx_word' id='word_1_188' title='bbox 860 2104 931 2134; x_wconf 87' lang='lat' dir='ltr'>quas</span> <span class='ocrx_word' id='word_1_189' title='bbox 953 2096 1058 2126; x_wconf 87' lang='lat' dir='ltr'>fratres</span> <span class='ocrx_word' id='word_1_190' title='bbox 1080 2101 1195 2127; x_wconf 88' lang='lat' dir='ltr'>nostros</span> 
     </span>
     <span class='ocr_line' id='line_1_37' title="bbox 455 2142 1195 2182; baseline 0.005 -11"><span class='ocrx_word' id='word_1_191' title='bbox 455 2142 612 2172; x_wconf 85' lang='lat' dir='ltr'>ascendere</span> <span class='ocrx_word' id='word_1_192' title='bbox 635 2143 735 2180; x_wconf 82' lang='lat' dir='ltr'>regula</span> <span class='ocrx_word' id='word_1_193' title='bbox 768 2144 922 2182; x_wconf 89' lang='lat' dir='ltr'>permittit,</span> <span class='ocrx_word' id='word_1_194' title='bbox 948 2145 1104 2175; x_wconf 92' lang='lat' dir='ltr'>mediocris</span> <span class='ocrx_word' id='word_1_195' title='bbox 1137 2146 1195 2176; x_wconf 89' lang='lat' dir='ltr'>sint</span> 
     </span>
     <span class='ocr_line' id='line_1_38' title="bbox 454 2191 1195 2231; baseline 0.005 -11"><span class='ocrx_word' id='word_1_196' title='bbox 454 2195 604 2228; x_wconf 79' lang='lat' dir='ltr'>staturae3</span> <span class='ocrx_word' id='word_1_197' title='bbox 628 2191 877 2231; x_wconf 90' lang='lat' dir='ltr'>exhortamurque</span> <span class='ocrx_word' id='word_1_198' title='bbox 910 2193 1062 2231; x_wconf 89' lang='lat' dir='ltr'>religiosos</span> <span class='ocrx_word' id='word_1_199' title='bbox 1085 2198 1116 2224; x_wconf 95' lang='lat' dir='ltr'>ut</span> <span class='ocrx_word' id='word_1_200' title='bbox 1145 2203 1195 2224; x_wconf 87' lang='lat' dir='ltr'>cu-</span> 
     </span>
     <span class='ocr_line' id='line_1_39' title="bbox 454 2240 1194 2273; baseline 0.004 -3"><span class='ocrx_word' id='word_1_201' title='bbox 454 2245 520 2270; x_wconf 86' lang='lat' dir='ltr'>rent</span> <span class='ocrx_word' id='word_1_202' title='bbox 542 2240 698 2271; x_wconf 88' lang='lat' dir='ltr'>observare</span> <span class='ocrx_word' id='word_1_203' title='bbox 722 2241 897 2272; x_wconf 86' lang='lat' dir='ltr'>laudabilem</span> <span class='ocrx_word' id='word_1_204' title='bbox 926 2242 1043 2273; x_wconf 89' lang='lat' dir='ltr'>Ordinis</span> <span class='ocrx_word' id='word_1_205' title='bbox 1072 2252 1194 2273; x_wconf 86' lang='lat' dir='ltr'>consue-</span> 
     </span>
     <span class='ocr_line' id='line_1_40' title="bbox 455 2289 913 2321; baseline 0.004 -2"><span class='ocrx_word' id='word_1_206' title='bbox 455 2289 586 2320; x_wconf 87' lang='lat' dir='ltr'>tudinem</span> <span class='ocrx_word' id='word_1_207' title='bbox 608 2291 706 2320; x_wconf 83' lang='lat' dir='ltr'>asinos</span> <span class='ocrx_word' id='word_1_208' title='bbox 724 2291 913 2321; x_wconf 89' lang='lat' dir='ltr'>ascendendi.</span> 
     </span>
    </p>

    <p class='ocr_par' dir='ltr' id='par_1_16' title="bbox 451 2339 1195 2627">
     <span class='ocr_line' id='line_1_41' title="bbox 493 2339 1194 2378; baseline 0.004 -10"><span class='ocrx_word' id='word_1_209' title='bbox 493 2347 524 2370; x_wconf 87' lang='lat'>11.</span> <span class='ocrx_word' id='word_1_210' title='bbox 548 2339 669 2374; x_wconf 81' lang='lat' dir='ltr'>Quando</span> <span class='ocrx_word' id='word_1_211' title='bbox 691 2339 820 2378; x_wconf 79' lang='lat' dir='ltr'>religiosi</span> <span class='ocrx_word' id='word_1_212' title='bbox 842 2340 899 2370; x_wconf 89' lang='lat' dir='ltr'>iter</span> <span class='ocrx_word' id='word_1_213' title='bbox 920 2341 1031 2371; x_wconf 86' lang='lat' dir='ltr'>faciunt</span> <span class='ocrx_word' id='word_1_214' title='bbox 1053 2341 1083 2371; x_wconf 90' lang='lat' dir='ltr'>in</span> <span class='ocrx_word' id='word_1_215' title='bbox 1107 2342 1194 2371; x_wconf 91' lang='lat' dir='ltr'>mulis</span> 
     </span>
     <span class='ocr_line' id='line_1_42' title="bbox 454 2388 1191 2429; baseline 0.003 -11"><span class='ocrx_word' id='word_1_216' title='bbox 454 2388 584 2428; x_wconf 89' lang='lat' dir='ltr'>propriis</span> <span class='ocrx_word' id='word_1_217' title='bbox 605 2388 758 2427; x_wconf 83' lang='lat' dir='ltr'>religionis</span> <span class='ocrx_word' id='word_1_218' title='bbox 791 2398 849 2419; x_wconf 89' lang='lat' dir='ltr'>non</span> <span class='ocrx_word' id='word_1_219' title='bbox 881 2394 1000 2419; x_wconf 88' lang='lat' dir='ltr'>utantur</span> <span class='ocrx_word' id='word_1_220' title='bbox 1021 2390 1169 2429; x_wconf 88' lang='lat' dir='ltr'>ephippiis</span> <span class='ocrx_word' id='word_1_221' title='bbox 1184 2415 1191 2429; x_wconf 89' lang='lat'>,</span> 
     </span>
     <span class='ocr_line' id='line_1_43' title="bbox 453 2437 1195 2475; baseline 0.004 -9"><span class='ocrx_word' id='word_1_222' title='bbox 453 2437 514 2467; x_wconf 87' lang='lat' dir='ltr'>sive</span> <span class='ocrx_word' id='word_1_223' title='bbox 538 2437 630 2475; x_wconf 82' lang='lat' dir='ltr'>sellis,</span> <span class='ocrx_word' id='word_1_224' title='bbox 655 2437 704 2467; x_wconf 91' lang='lat' dir='ltr'>sed</span> <span class='ocrx_word' id='word_1_225' title='bbox 727 2438 844 2468; x_wconf 84' lang='lat' dir='ltr'>clitellis</span> <span class='ocrx_word' id='word_1_226' title='bbox 861 2448 917 2468; x_wconf 91' lang='lat' dir='ltr'>non</span> <span class='ocrx_word' id='word_1_227' title='bbox 941 2438 1041 2468; x_wconf 87' lang='lat' dir='ltr'>fraeno</span> <span class='ocrx_word' id='word_1_228' title='bbox 1060 2448 1125 2469; x_wconf 90' lang='lat' dir='ltr'>cum</span> <span class='ocrx_word' id='word_1_229' title='bbox 1145 2440 1195 2469; x_wconf 87' lang='lat' dir='ltr'>ba-</span> 
     </span>
     <span class='ocr_line' id='line_1_44' title="bbox 453 2486 1194 2529; baseline 0.003 -13"><span class='ocrx_word' id='word_1_230' title='bbox 453 2486 536 2516; x_wconf 86' lang='lat' dir='ltr'>benis</span> <span class='ocrx_word' id='word_1_231' title='bbox 559 2487 722 2526; x_wconf 69' lang='lat' dir='ltr'>cmrigatis,</span> <span class='ocrx_word' id='word_1_232' title='bbox 745 2487 795 2517; x_wconf 89' lang='lat' dir='ltr'>sed</span> <span class='ocrx_word' id='word_1_233' title='bbox 819 2497 856 2518; x_wconf 82' lang='lat' dir='ltr'>ex</span> <span class='ocrx_word' id='word_1_234' title='bbox 879 2488 1000 2527; x_wconf 87' lang='lat' dir='ltr'>canabo,</span> <span class='ocrx_word' id='word_1_235' title='bbox 1026 2498 1079 2518; x_wconf 87' lang='lat' dir='ltr'>nec</span> <span class='ocrx_word' id='word_1_236' title='bbox 1101 2492 1194 2529; x_wconf 86' lang='lat' dir='ltr'>stape-</span> 
     </span>
     <span class='ocr_line' id='line_1_45' title="bbox 453 2536 1191 2576; baseline 0.004 -11"><span class='ocrx_word' id='word_1_237' title='bbox 453 2536 537 2566; x_wconf 80' lang='lat' dir='ltr'>dibus</span> <span class='ocrx_word' id='word_1_238' title='bbox 560 2536 673 2573; x_wconf 60' lang='lat' dir='ltr'>semels,</span> <span class='ocrx_word' id='word_1_239' title='bbox 697 2536 747 2566; x_wconf 87' lang='lat' dir='ltr'>sed</span> <span class='ocrx_word' id='word_1_240' title='bbox 766 2537 882 2575; x_wconf 80' lang='lat' dir='ltr'>ligneiS.</span> <span class='ocrx_word' id='word_1_241' title='bbox 899 2537 954 2573; x_wconf 89' lang='lat' dir='ltr'>Qui</span> <span class='ocrx_word' id='word_1_242' title='bbox 969 2547 1052 2568; x_wconf 87' lang='lat' dir='ltr'>secus</span> <span class='ocrx_word' id='word_1_243' title='bbox 1075 2538 1191 2576; x_wconf 85' lang='lat' dir='ltr'>fecerit,</span> 
     </span>
     <span class='ocr_line' id='line_1_46' title="bbox 451 2584 1161 2627; baseline 0.004 -13"><span class='ocrx_word' id='word_1_244' title='bbox 451 2584 599 2615; x_wconf 84' lang='lat' dir='ltr'>subiaceat</span> <span class='ocrx_word' id='word_1_245' title='bbox 623 2594 732 2625; x_wconf 87' lang='lat' dir='ltr'>poenae</span> <span class='ocrx_word' id='word_1_246' title='bbox 754 2585 789 2616; x_wconf 84' lang='lat' dir='ltr'>ad</span> <span class='ocrx_word' id='word_1_247' title='bbox 811 2585 967 2617; x_wconf 85' lang='lat' dir='ltr'>arbitrium</span> <span class='ocrx_word' id='word_1_248' title='bbox 990 2587 1161 2627; x_wconf 85' lang='lat' dir='ltr'>superioris.</span> 
     </span>
    </p>

    <p class='ocr_par' dir='ltr' id='par_1_17' title="bbox 487 2638 1008 2677">
     <span class='ocr_line' id='line_1_47' title="bbox 487 2638 1008 2677; baseline 0.004 -11"><span class='ocrx_word' id='word_1_249' title='bbox 487 2642 500 2666; x_wconf 83' lang='grc' dir='ltr'><strong><em>ι</em></strong></span> <span class='ocrx_word' id='word_1_250' title='bbox 522 2638 593 2668; x_wconf 74' lang='lat' dir='ltr'>Edu.</span> <span class='ocrx_word' id='word_1_251' title='bbox 614 2640 697 2667; x_wconf 72' lang='lat' dir='ltr'>Mam.</span> <span class='ocrx_word' id='word_1_252' title='bbox 717 2641 784 2677; x_wconf 82' lang='lat' dir='ltr'>legit</span> <span class='ocrx_word' id='word_1_253' title='bbox 802 2642 884 2670; x_wconf 71' lang='lat' dir='ltr'>mula</span> <span class='ocrx_word' id='word_1_254' title='bbox 903 2643 941 2677; x_wconf 75' lang='lat' dir='ltr'>(n.</span> <span class='ocrx_word' id='word_1_255' title='bbox 958 2641 1008 2677; x_wconf 81' lang='grc' dir='ltr'>τ.).</span> 
     </span>
    </p>
   </div>
   <div class='ocr_carea' id='block_1_15' title="bbox 1217 327 1228 1706">
    <p class='ocr_par' dir='ltr' id='par_1_18' title="bbox 1217 327 1228 1706">
     <span class='ocr_line' id='line_1_48' title="bbox 1217 327 1228 1706; baseline 0 0"><span class='ocrx_word' id='word_1_256' title='bbox 1217 327 1228 1706; x_wconf 95' lang='lat' dir='ltr'> </span> 
     </span>
    </p>
   </div>
   <div class='ocr_carea' id='block_1_16' title="bbox 1216 327 1228 2042">
    <p class='ocr_par' dir='ltr' id='par_1_19' title="bbox 1216 327 1228 2042">
     <span class='ocr_line' id='line_1_49' title="bbox 1216 327 1228 2042; baseline 0 0"><span class='ocrx_word' id='word_1_257' title='bbox 1216 327 1228 2042; x_wconf 95' lang='lat' dir='ltr'> </span> 
     </span>
    </p>
   </div>
   <div class='ocr_carea' id='block_1_17' title="bbox 1049 243 1415 268">
    <p class='ocr_par' dir='ltr' id='par_1_20' title="bbox 1049 243 1415 268">
     <span class='ocr_line' id='line_1_50' title="bbox 1049 243 1415 268; baseline 0 0"><span class='ocrx_word' id='word_1_258' title='bbox 1049 243 1233 268; x_wconf 79' lang='lat' dir='ltr'><strong>BULLARIUM</strong></span> <span class='ocrx_word' id='word_1_259' title='bbox 1256 243 1415 268; x_wconf 72' lang='lat' dir='ltr'><strong>ROMANUM</strong></span> 
     </span>
    </p>
   </div>
   <div class='ocr_carea' id='block_1_18' title="bbox 1236 292 1986 2677">
    <p class='ocr_par' dir='ltr' id='par_1_21' title="bbox 1245 292 1986 769">
     <span class='ocr_line' id='line_1_51' title="bbox 1288 292 1984 332; baseline 0.001 -11"><span class='ocrx_word' id='word_1_260' title='bbox 1288 301 1328 326; x_wconf 85' lang='grc' dir='ltr'><strong><em>ιιι,</em></strong></span> <span class='ocrx_word' id='word_1_261' title='bbox 1354 292 1458 322; x_wconf 83' lang='lat' dir='ltr'>Nullus</span> <span class='ocrx_word' id='word_1_262' title='bbox 1481 292 1537 322; x_wconf 88' lang='lat' dir='ltr'>iter</span> <span class='ocrx_word' id='word_1_263' title='bbox 1558 293 1644 322; x_wconf 78' lang='lat' dir='ltr'>faciat</span> <span class='ocrx_word' id='word_1_264' title='bbox 1676 293 1785 332; x_wconf 84' lang='lat' dir='ltr'>absque</span> <span class='ocrx_word' id='word_1_265' title='bbox 1815 292 1934 323; x_wconf 70' lang='lat' dir='ltr'>licentia</span> <span class='ocrx_word' id='word_1_266' title='bbox 1955 292 1984 323; x_wconf 89' lang='lat' dir='ltr'>in</span> 
     </span>
     <span class='ocr_line' id='line_1_52' title="bbox 1246 341 1986 381; baseline 0.004 -12"><span class='ocrx_word' id='word_1_267' title='bbox 1246 341 1364 379; x_wconf 83' lang='lat' dir='ltr'>scriptis</span> <span class='ocrx_word' id='word_1_268' title='bbox 1388 341 1560 380; x_wconf 81' lang='lat' dir='ltr'>superioris,</span> <span class='ocrx_word' id='word_1_269' title='bbox 1585 342 1630 371; x_wconf 81' lang='lat' dir='ltr'>cui</span> <span class='ocrx_word' id='word_1_270' title='bbox 1653 343 1791 381; x_wconf 88' lang='lat' dir='ltr'>competit</span> <span class='ocrx_word' id='word_1_271' title='bbox 1814 342 1893 372; x_wconf 88' lang='lat' dir='ltr'>illam</span> <span class='ocrx_word' id='word_1_272' title='bbox 1917 352 1986 372; x_wconf 92' lang='lat' dir='ltr'>con-</span> 
     </span>
     <span class='ocr_line' id='line_1_53' title="bbox 1246 389 1983 430; baseline 0.003 -12"><span class='ocrx_word' id='word_1_273' title='bbox 1246 389 1359 426; x_wconf 75' lang='lat' dir='ltr'>cedere,</span> <span class='ocrx_word' id='word_1_274' title='bbox 1382 389 1410 418; x_wconf 91' lang='lat' dir='ltr'>in</span> <span class='ocrx_word' id='word_1_275' title='bbox 1443 399 1497 428; x_wconf 86' lang='lat' dir='ltr'>qua</span> <span class='ocrx_word' id='word_1_276' title='bbox 1532 390 1584 419; x_wconf 81' lang='lat' dir='ltr'>iste</span> <span class='ocrx_word' id='word_1_277' title='bbox 1606 390 1771 428; x_wconf 82' lang='lat' dir='ltr'>designabit</span> <span class='ocrx_word' id='word_1_278' title='bbox 1793 395 1907 430; x_wconf 88' lang='lat' dir='ltr'>tempus</span> <span class='ocrx_word' id='word_1_279' title='bbox 1932 400 1983 430; x_wconf 91' lang='lat' dir='ltr'>pro</span> 
     </span>
     <span class='ocr_line' id='line_1_54' title="bbox 1247 438 1985 479; baseline 0.004 -13"><span class='ocrx_word' id='word_1_280' title='bbox 1247 438 1350 467; x_wconf 82' lang='lat' dir='ltr'>itinere</span> <span class='ocrx_word' id='word_1_281' title='bbox 1365 462 1372 475; x_wconf 85' lang='lat'>,</span> <span class='ocrx_word' id='word_1_282' title='bbox 1396 438 1520 468; x_wconf 81' lang='lat' dir='ltr'>statione</span> <span class='ocrx_word' id='word_1_283' title='bbox 1542 443 1569 468; x_wconf 89' lang='lat' dir='ltr'>et</span> <span class='ocrx_word' id='word_1_284' title='bbox 1591 439 1770 469; x_wconf 85' lang='lat' dir='ltr'>reversione.</span> <span class='ocrx_word' id='word_1_285' title='bbox 1794 439 1827 469; x_wconf 92' lang='lat' dir='ltr'>Et</span> <span class='ocrx_word' id='word_1_286' title='bbox 1850 440 1985 479; x_wconf 89' lang='lat' dir='ltr'>superior</span> 
     </span>
     <span class='ocr_line' id='line_1_55' title="bbox 1245 487 1982 527; baseline 0.004 -12"><span class='ocrx_word' id='word_1_287' title='bbox 1245 496 1277 515; x_wconf 80' lang='lat' dir='ltr'>ac</span> <span class='ocrx_word' id='word_1_288' title='bbox 1301 487 1460 516; x_wconf 87' lang='lat' dir='ltr'>consiliarii</span> <span class='ocrx_word' id='word_1_289' title='bbox 1485 492 1664 525; x_wconf 84' lang='lat' dir='ltr'>conventus,</span> <span class='ocrx_word' id='word_1_290' title='bbox 1688 498 1702 517; x_wconf 87' lang='lat' dir='ltr'>a</span> <span class='ocrx_word' id='word_1_291' title='bbox 1726 498 1783 527; x_wconf 85' lang='lat' dir='ltr'>quo</span> <span class='ocrx_word' id='word_1_292' title='bbox 1805 489 1982 526; x_wconf 86' lang='lat' dir='ltr'>egredietur,</span> 
     </span>
     <span class='ocr_line' id='line_1_56' title="bbox 1245 535 1983 566; baseline 0.004 -3"><span class='ocrx_word' id='word_1_293' title='bbox 1245 535 1351 564; x_wconf 80' lang='lat' dir='ltr'>dietam</span> <span class='ocrx_word' id='word_1_294' title='bbox 1376 536 1540 565; x_wconf 82' lang='lat' dir='ltr'>facultatem</span> <span class='ocrx_word' id='word_1_295' title='bbox 1558 535 1742 566; x_wconf 87' lang='lat' dir='ltr'>subscribant</span> <span class='ocrx_word' id='word_1_296' title='bbox 1765 537 1892 566; x_wconf 89' lang='lat' dir='ltr'>notando</span> <span class='ocrx_word' id='word_1_297' title='bbox 1907 537 1983 566; x_wconf 88' lang='lat' dir='ltr'>diem</span> 
     </span>
     <span class='ocr_line' id='line_1_57' title="bbox 1247 584 1985 624; baseline 0.005 -13"><span class='ocrx_word' id='word_1_298' title='bbox 1247 592 1374 612; x_wconf 83' lang='lat' dir='ltr'>mensem</span> <span class='ocrx_word' id='word_1_299' title='bbox 1406 588 1433 613; x_wconf 91' lang='lat' dir='ltr'>et</span> <span class='ocrx_word' id='word_1_300' title='bbox 1455 593 1563 613; x_wconf 89' lang='lat' dir='ltr'>annum</span> <span class='ocrx_word' id='word_1_301' title='bbox 1598 593 1649 624; x_wconf 86' lang='lat' dir='ltr'>per</span> <span class='ocrx_word' id='word_1_302' title='bbox 1683 584 1769 614; x_wconf 87' lang='lat' dir='ltr'>verba</span> <span class='ocrx_word' id='word_1_303' title='bbox 1791 589 1820 615; x_wconf 86' lang='lat' dir='ltr'>et</span> <span class='ocrx_word' id='word_1_304' title='bbox 1842 595 1900 614; x_wconf 89' lang='lat' dir='ltr'>non</span> <span class='ocrx_word' id='word_1_305' title='bbox 1933 595 1985 624; x_wconf 88' lang='lat' dir='ltr'>per</span> 
     </span>
     <span class='ocr_line' id='line_1_58' title="bbox 1246 632 1983 672; baseline 0.004 -12"><span class='ocrx_word' id='word_1_306' title='bbox 1246 640 1394 661; x_wconf 88' lang='lat' dir='ltr'>numeros.</span> <span class='ocrx_word' id='word_1_307' title='bbox 1419 632 1472 667; x_wconf 80' lang='lat' dir='ltr'>Qui</span> <span class='ocrx_word' id='word_1_308' title='bbox 1495 637 1590 662; x_wconf 83' lang='lat' dir='ltr'>autem</span> <span class='ocrx_word' id='word_1_309' title='bbox 1613 633 1688 662; x_wconf 90' lang='lat' dir='ltr'>ultra</span> <span class='ocrx_word' id='word_1_310' title='bbox 1706 637 1821 672; x_wconf 87' lang='lat' dir='ltr'>tempus</span> <span class='ocrx_word' id='word_1_311' title='bbox 1842 633 1983 663; x_wconf 89' lang='lat' dir='ltr'>determi-</span> 
     </span>
     <span class='ocr_line' id='line_1_59' title="bbox 1246 682 1985 722; baseline 0.007 -14"><span class='ocrx_word' id='word_1_312' title='bbox 1246 684 1344 710; x_wconf 89' lang='lat' dir='ltr'>natum</span> <span class='ocrx_word' id='word_1_313' title='bbox 1369 685 1532 711; x_wconf 81' lang='lat' dir='ltr'>remoratus</span> <span class='ocrx_word' id='word_1_314' title='bbox 1566 682 1663 718; x_wconf 89' lang='lat' dir='ltr'>fuerit,</span> <span class='ocrx_word' id='word_1_315' title='bbox 1694 691 1709 712; x_wconf 88' lang='lat' dir='ltr'>a</span> <span class='ocrx_word' id='word_1_316' title='bbox 1733 682 1885 722; x_wconf 88' lang='lat' dir='ltr'>superiore</span> <span class='ocrx_word' id='word_1_317' title='bbox 1916 692 1985 713; x_wconf 89' lang='lat' dir='ltr'>con-</span> 
     </span>
     <span class='ocr_line' id='line_1_60' title="bbox 1247 730 1757 769; baseline 0.002 -10"><span class='ocrx_word' id='word_1_318' title='bbox 1247 734 1349 759; x_wconf 89' lang='lat' dir='ltr'>ventus</span> <span class='ocrx_word' id='word_1_319' title='bbox 1372 730 1510 769; x_wconf 86' lang='lat' dir='ltr'>puniatur</span> <span class='ocrx_word' id='word_1_320' title='bbox 1532 732 1642 760; x_wconf 65' lang='lat' dir='ltr'>attenta</span> <span class='ocrx_word' id='word_1_321' title='bbox 1665 732 1757 761; x_wconf 68' lang='lat' dir='ltr'>mora.</span> 
     </span>
    </p>

    <p class='ocr_par' dir='ltr' id='par_1_22' title="bbox 1239 779 1984 1784">
     <span class='ocr_line' id='line_1_61' title="bbox 1285 779 1983 820; baseline 0.004 -13"><span class='ocrx_word' id='word_1_322' title='bbox 1285 787 1323 807; x_wconf 83' lang='grc' dir='ltr'>ιν.</span> <span class='ocrx_word' id='word_1_323' title='bbox 1349 779 1488 808; x_wconf 78' lang='lat' dir='ltr'>Itinerans</span> <span class='ocrx_word' id='word_1_324' title='bbox 1503 804 1509 815; x_wconf 82' lang='lat'><strong><em>‚</em></strong></span> <span class='ocrx_word' id='word_1_325' title='bbox 1535 779 1568 809; x_wconf 86' lang='lat' dir='ltr'>ad</span> <span class='ocrx_word' id='word_1_326' title='bbox 1593 779 1688 809; x_wconf 88' lang='lat' dir='ltr'>locum</span> <span class='ocrx_word' id='word_1_327' title='bbox 1711 780 1863 810; x_wconf 81' lang='lat' dir='ltr'>dumtaxat</span> <span class='ocrx_word' id='word_1_328' title='bbox 1884 784 1912 810; x_wconf 89' lang='lat' dir='ltr'>et</span> <span class='ocrx_word' id='word_1_329' title='bbox 1933 790 1983 820; x_wconf 89' lang='lat' dir='ltr'>op-</span> 
     </span>
     <span class='ocr_line' id='line_1_62' title="bbox 1247 827 1981 867; baseline 0.005 -12"><span class='ocrx_word' id='word_1_330' title='bbox 1247 827 1344 865; x_wconf 85' lang='lat' dir='ltr'>pidum</span> <span class='ocrx_word' id='word_1_331' title='bbox 1368 828 1396 857; x_wconf 90' lang='lat' dir='ltr'>in</span> <span class='ocrx_word' id='word_1_332' title='bbox 1420 828 1540 857; x_wconf 68' lang='lat' dir='ltr'>licentia</span> <span class='ocrx_word' id='word_1_333' title='bbox 1563 828 1759 865; x_wconf 75' lang='lat' dir='ltr'>designatum,</span> <span class='ocrx_word' id='word_1_334' title='bbox 1780 833 1808 858; x_wconf 88' lang='lat' dir='ltr'>et</span> <span class='ocrx_word' id='word_1_335' title='bbox 1826 829 1873 858; x_wconf 70' lang='lat' dir='ltr'>via</span> <span class='ocrx_word' id='word_1_336' title='bbox 1888 830 1981 867; x_wconf 70' lang='lat' dir='ltr'>recta,</span> 
     </span>
     <span class='ocr_line' id='line_1_63' title="bbox 1247 877 1982 916; baseline 0.005 -12"><span class='ocrx_word' id='word_1_337' title='bbox 1247 881 1357 915; x_wconf 79' lang='lat' dir='ltr'>pergat.</span> <span class='ocrx_word' id='word_1_338' title='bbox 1382 877 1496 906; x_wconf 79' lang='lat' dir='ltr'>Curiam</span> <span class='ocrx_word' id='word_1_339' title='bbox 1530 878 1641 916; x_wconf 82' lang='lat' dir='ltr'>regiam</span> <span class='ocrx_word' id='word_1_340' title='bbox 1675 878 1769 908; x_wconf 84' lang='lat' dir='ltr'>adbuc</span> <span class='ocrx_word' id='word_1_341' title='bbox 1792 878 1867 908; x_wconf 88' lang='lat' dir='ltr'>intra</span> <span class='ocrx_word' id='word_1_342' title='bbox 1900 888 1982 908; x_wconf 87' lang='lat' dir='ltr'>suam</span> 
     </span>
     <span class='ocr_line' id='line_1_64' title="bbox 1245 925 1983 964; baseline 0.005 -11"><span class='ocrx_word' id='word_1_343' title='bbox 1245 925 1383 954; x_wconf 84' lang='lat' dir='ltr'>familiam</span> <span class='ocrx_word' id='word_1_344' title='bbox 1408 926 1506 955; x_wconf 82' lang='lat' dir='ltr'>nullus</span> <span class='ocrx_word' id='word_1_345' title='bbox 1529 926 1721 964; x_wconf 73' lang='lat' dir='ltr'>ingrediatur,</span> <span class='ocrx_word' id='word_1_346' title='bbox 1746 936 1798 956; x_wconf 86' lang='lat' dir='ltr'>nec</span> <span class='ocrx_word' id='word_1_347' title='bbox 1821 927 1900 957; x_wconf 91' lang='lat' dir='ltr'>illius</span> <span class='ocrx_word' id='word_1_348' title='bbox 1922 936 1983 957; x_wconf 89' lang='lat' dir='ltr'>am-</span> 
     </span>
     <span class='ocr_line' id='line_1_65' title="bbox 1246 973 1981 1013; baseline 0.005 -12"><span class='ocrx_word' id='word_1_349' title='bbox 1246 973 1339 1002; x_wconf 90' lang='lat' dir='ltr'>bitum</span> <span class='ocrx_word' id='word_1_350' title='bbox 1364 983 1415 1012; x_wconf 87' lang='lat' dir='ltr'>per</span> <span class='ocrx_word' id='word_1_351' title='bbox 1438 974 1564 1012; x_wconf 84' lang='lat' dir='ltr'>spatium</span> <span class='ocrx_word' id='word_1_352' title='bbox 1598 975 1684 1004; x_wconf 90' lang='lat' dir='ltr'>unius</span> <span class='ocrx_word' id='word_1_353' title='bbox 1716 975 1828 1013; x_wconf 77' lang='lat' dir='ltr'>leucae,</span> <span class='ocrx_word' id='word_1_354' title='bbox 1851 975 1915 1005; x_wconf 85' lang='lat' dir='ltr'>sine</span> <span class='ocrx_word' id='word_1_355' title='bbox 1937 976 1981 1005; x_wconf 90' lang='lat' dir='ltr'>sui</span> 
     </span>
     <span class='ocr_line' id='line_1_66' title="bbox 1247 1020 1984 1061; baseline 0.003 -12"><span class='ocrx_word' id='word_1_356' title='bbox 1247 1020 1413 1059; x_wconf 76' lang='lat' dir='ltr'>superioris·</span> <span class='ocrx_word' id='word_1_357' title='bbox 1430 1021 1574 1058; x_wconf 81' lang='lat' dir='ltr'>generalis</span> <span class='ocrx_word' id='word_1_358' title='bbox 1596 1021 1750 1057; x_wconf 80' lang='lat' dir='ltr'>facultate3</span> <span class='ocrx_word' id='word_1_359' title='bbox 1782 1031 1876 1061; x_wconf 85' lang='lat' dir='ltr'>neque</span> <span class='ocrx_word' id='word_1_360' title='bbox 1899 1030 1984 1061; x_wconf 89' lang='lat' dir='ltr'>prae-</span> 
     </span>
     <span class='ocr_line' id='line_1_67' title="bbox 1246 1069 1981 1107; baseline 0.004 -10"><span class='ocrx_word' id='word_1_361' title='bbox 1246 1072 1328 1097; x_wconf 85' lang='lat' dir='ltr'>textu</span> <span class='ocrx_word' id='word_1_362' title='bbox 1351 1069 1619 1107; x_wconf 76' lang='lat' dir='ltr'>conventualitatiS,</span> <span class='ocrx_word' id='word_1_363' title='bbox 1644 1070 1707 1099; x_wconf 88' lang='lat' dir='ltr'>sine</span> <span class='ocrx_word' id='word_1_364' title='bbox 1730 1070 1810 1100; x_wconf 91' lang='lat' dir='ltr'>illius</span> <span class='ocrx_word' id='word_1_365' title='bbox 1837 1079 1981 1100; x_wconf 87' lang='lat' dir='ltr'>consensu</span> 
     </span>
     <span class='ocr_line' id='line_1_68' title="bbox 1245 1117 1982 1157; baseline 0.005 -12"><span class='ocrx_word' id='word_1_366' title='bbox 1245 1117 1402 1155; x_wconf 86' lang='lat' dir='ltr'>praestito¹</span> <span class='ocrx_word' id='word_1_367' title='bbox 1426 1117 1599 1156; x_wconf 85' lang='lat' dir='ltr'>provinciali</span> <span class='ocrx_word' id='word_1_368' title='bbox 1622 1118 1700 1147; x_wconf 90' lang='lat' dir='ltr'>illius</span> <span class='ocrx_word' id='word_1_369' title='bbox 1725 1119 1903 1157; x_wconf 86' lang='lat' dir='ltr'>provinciae,</span> <span class='ocrx_word' id='word_1_370' title='bbox 1927 1119 1982 1149; x_wconf 87' lang='lat' dir='ltr'>sub</span> 
     </span>
     <span class='ocr_line' id='line_1_69' title="bbox 1244 1165 1981 1206; baseline 0.003 -12"><span class='ocrx_word' id='word_1_371' title='bbox 1244 1167 1338 1204; x_wconf 71' lang='lat' dir='ltr'>poena</span> <span class='ocrx_word' id='word_1_372' title='bbox 1360 1165 1533 1205; x_wconf 79' lang='lat' dir='ltr'>privationis</span> <span class='ocrx_word' id='word_1_373' title='bbox 1566 1166 1645 1196; x_wconf 83' lang='lat' dir='ltr'>vocis</span> <span class='ocrx_word' id='word_1_374' title='bbox 1667 1171 1695 1196; x_wconf 89' lang='lat' dir='ltr'>et</span> <span class='ocrx_word' id='word_1_375' title='bbox 1717 1167 1772 1196; x_wconf 91' lang='lat' dir='ltr'>loci</span> <span class='ocrx_word' id='word_1_376' title='bbox 1807 1176 1857 1206; x_wconf 87' lang='lat' dir='ltr'>per</span> <span class='ocrx_word' id='word_1_377' title='bbox 1889 1176 1981 1197; x_wconf 91' lang='lat' dir='ltr'>unum</span> 
     </span>
     <span class='ocr_line' id='line_1_70' title="bbox 1242 1214 1981 1252; baseline 0.004 -10"><span class='ocrx_word' id='word_1_378' title='bbox 1242 1223 1351 1243; x_wconf 86' lang='lat' dir='ltr'>annum</span> <span class='ocrx_word' id='word_1_379' title='bbox 1375 1218 1434 1243; x_wconf 87' lang='lat' dir='ltr'>tum</span> <span class='ocrx_word' id='word_1_380' title='bbox 1469 1214 1646 1252; x_wconf 78' lang='lat' dir='ltr'>ingredienti</span> <span class='ocrx_word' id='word_1_381' title='bbox 1675 1219 1735 1244; x_wconf 90' lang='lat' dir='ltr'>tum</span> <span class='ocrx_word' id='word_1_382' title='bbox 1764 1224 1831 1245; x_wconf 90' lang='lat' dir='ltr'>eum</span> <span class='ocrx_word' id='word_1_383' title='bbox 1854 1215 1981 1246; x_wconf 88' lang='lat' dir='ltr'>mittenti</span> 
     </span>
     <span class='ocr_line' id='line_1_71' title="bbox 1242 1264 1980 1303; baseline 0.001 -11"><span class='ocrx_word' id='word_1_384' title='bbox 1242 1264 1338 1293; x_wconf 83' lang='lat' dir='ltr'>statim</span> <span class='ocrx_word' id='word_1_385' title='bbox 1369 1264 1553 1302; x_wconf 65' lang='lat' dir='ltr'>applicanda.</span> <span class='ocrx_word' id='word_1_386' title='bbox 1586 1264 1755 1294; x_wconf 77' lang='lat' dir='ltr'>Ceterorum</span> <span class='ocrx_word' id='word_1_387' title='bbox 1779 1268 1875 1294; x_wconf 88' lang='lat' dir='ltr'>autem</span> <span class='ocrx_word' id='word_1_388' title='bbox 1900 1264 1980 1303; x_wconf 91' lang='lat' dir='ltr'>prin-</span> 
     </span>
     <span class='ocr_line' id='line_1_72' title="bbox 1242 1312 1982 1352; baseline 0.003 -11"><span class='ocrx_word' id='word_1_389' title='bbox 1242 1312 1338 1351; x_wconf 86' lang='lat' dir='ltr'>cipum</span> <span class='ocrx_word' id='word_1_390' title='bbox 1363 1313 1459 1342; x_wconf 89' lang='lat' dir='ltr'>curias</span> <span class='ocrx_word' id='word_1_391' title='bbox 1482 1312 1557 1342; x_wconf 85' lang='lat' dir='ltr'>iutra</span> <span class='ocrx_word' id='word_1_392' title='bbox 1575 1322 1642 1342; x_wconf 83' lang='lat' dir='ltr'>suas</span> <span class='ocrx_word' id='word_1_393' title='bbox 1665 1313 1831 1352; x_wconf 88' lang='lat' dir='ltr'>provincias</span> <span class='ocrx_word' id='word_1_394' title='bbox 1854 1314 1982 1343; x_wconf 85' lang='lat' dir='ltr'>existen-</span> 
     </span>
     <span class='ocr_line' id='line_1_73' title="bbox 1242 1361 1982 1401; baseline 0.003 -11"><span class='ocrx_word' id='word_1_395' title='bbox 1242 1366 1283 1390; x_wconf 89' lang='lat' dir='ltr'>tes</span> <span class='ocrx_word' id='word_1_396' title='bbox 1306 1371 1338 1391; x_wconf 79' lang='lat' dir='ltr'>ex</span> <span class='ocrx_word' id='word_1_397' title='bbox 1363 1361 1479 1391; x_wconf 77' lang='lat' dir='ltr'>licentia</span> <span class='ocrx_word' id='word_1_398' title='bbox 1503 1361 1548 1390; x_wconf 88' lang='lat' dir='ltr'>sui</span> <span class='ocrx_word' id='word_1_399' title='bbox 1572 1362 1761 1401; x_wconf 89' lang='lat' dir='ltr'>provincialis</span> <span class='ocrx_word' id='word_1_400' title='bbox 1796 1362 1910 1400; x_wconf 80' lang='lat' dir='ltr'>ingredi</span> <span class='ocrx_word' id='word_1_401' title='bbox 1934 1371 1982 1401; x_wconf 91' lang='lat' dir='ltr'>po-</span> 
     </span>
     <span class='ocr_line' id='line_1_74' title="bbox 1242 1410 1981 1450; baseline 0.003 -11"><span class='ocrx_word' id='word_1_402' title='bbox 1242 1413 1349 1439; x_wconf 83' lang='lat' dir='ltr'>terunt.</span> <span class='ocrx_word' id='word_1_403' title='bbox 1374 1411 1411 1439; x_wconf 79' lang='lat' dir='ltr'>At</span> <span class='ocrx_word' id='word_1_404' title='bbox 1434 1419 1512 1447; x_wconf 92' lang='lat' dir='ltr'>vero,</span> <span class='ocrx_word' id='word_1_405' title='bbox 1538 1415 1567 1440; x_wconf 80' lang='lat' dir='ltr'>ut</span> <span class='ocrx_word' id='word_1_406' title='bbox 1591 1411 1677 1440; x_wconf 89' lang='lat' dir='ltr'>unius</span> <span class='ocrx_word' id='word_1_407' title='bbox 1710 1411 1880 1450; x_wconf 87' lang='lat' dir='ltr'>provinciae</span> <span class='ocrx_word' id='word_1_408' title='bbox 1913 1410 1981 1441; x_wconf 89' lang='lat' dir='ltr'>reli-</span> 
     </span>
     <span class='ocr_line' id='line_1_75' title="bbox 1240 1459 1980 1498; baseline 0.003 -10"><span class='ocrx_word' id='word_1_409' title='bbox 1240 1459 1312 1497; x_wconf 83' lang='lat' dir='ltr'>giosi</span> <span class='ocrx_word' id='word_1_410' title='bbox 1349 1459 1552 1498; x_wconf 77' lang='lat' dir='ltr'>ingrediantur</span> <span class='ocrx_word' id='word_1_411' title='bbox 1584 1460 1695 1489; x_wconf 81' lang='lat' dir='ltr'>curiam</span> <span class='ocrx_word' id='word_1_412' title='bbox 1728 1460 1802 1489; x_wconf 92' lang='lat' dir='ltr'>intra</span> <span class='ocrx_word' id='word_1_413' title='bbox 1840 1459 1980 1490; x_wconf 88' lang='lat' dir='ltr'>ambitum</span> 
     </span>
     <span class='ocr_line' id='line_1_76' title="bbox 1240 1508 1982 1548; baseline 0.003 -11"><span class='ocrx_word' id='word_1_414' title='bbox 1240 1508 1359 1537; x_wconf 85' lang='lat' dir='ltr'>alterius</span> <span class='ocrx_word' id='word_1_415' title='bbox 1378 1532 1385 1545; x_wconf 80' lang='lat'>‚</span> <span class='ocrx_word' id='word_1_416' title='bbox 1419 1518 1432 1537; x_wconf 85' lang='lat' dir='ltr'>a</span> <span class='ocrx_word' id='word_1_417' title='bbox 1465 1509 1615 1547; x_wconf 86' lang='lat' dir='ltr'>superiore</span> <span class='ocrx_word' id='word_1_418' title='bbox 1646 1509 1776 1546; x_wconf 83' lang='lat' dir='ltr'>generali</span> <span class='ocrx_word' id='word_1_419' title='bbox 1808 1509 1863 1538; x_wconf 87' lang='lat' dir='ltr'>erit</span> <span class='ocrx_word' id='word_1_420' title='bbox 1894 1518 1982 1548; x_wconf 82' lang='lat' dir='ltr'>expe-</span> 
     </span>
     <span class='ocr_line' id='line_1_77' title="bbox 1239 1557 1981 1597; baseline 0.003 -11"><span class='ocrx_word' id='word_1_421' title='bbox 1239 1557 1341 1587; x_wconf 78' lang='lat' dir='ltr'>ctanda</span> <span class='ocrx_word' id='word_1_422' title='bbox 1368 1557 1510 1587; x_wconf 82' lang='lat' dir='ltr'>facultas:</span> <span class='ocrx_word' id='word_1_423' title='bbox 1541 1567 1597 1597; x_wconf 86' lang='lat' dir='ltr'>quo</span> <span class='ocrx_word' id='word_1_424' title='bbox 1620 1567 1687 1587; x_wconf 85' lang='lat' dir='ltr'>vero</span> <span class='ocrx_word' id='word_1_425' title='bbox 1710 1559 1743 1587; x_wconf 88' lang='lat' dir='ltr'>ad</span> <span class='ocrx_word' id='word_1_426' title='bbox 1771 1567 1921 1588; x_wconf 87' lang='lat' dir='ltr'>accessum</span> <span class='ocrx_word' id='word_1_427' title='bbox 1946 1558 1981 1588; x_wconf 86' lang='lat' dir='ltr'>ad</span> 
     </span>
     <span class='ocr_line' id='line_1_78' title="bbox 1239 1605 1980 1642; baseline 0.003 -7"><span class='ocrx_word' id='word_1_428' title='bbox 1239 1605 1353 1635; x_wconf 85' lang='lat' dir='ltr'>Curiam</span> <span class='ocrx_word' id='word_1_429' title='bbox 1378 1606 1561 1635; x_wconf 86' lang='lat' dir='ltr'>Pontificiam</span> <span class='ocrx_word' id='word_1_430' title='bbox 1578 1630 1585 1642; x_wconf 86' lang='lat'>,</span> <span class='ocrx_word' id='word_1_431' title='bbox 1609 1611 1762 1636; x_wconf 86' lang='lat' dir='ltr'>serventur</span> <span class='ocrx_word' id='word_1_432' title='bbox 1788 1611 1890 1637; x_wconf 86' lang='lat' dir='ltr'>exacte</span> <span class='ocrx_word' id='word_1_433' title='bbox 1912 1617 1980 1637; x_wconf 91' lang='lat' dir='ltr'>con-</span> 
     </span>
     <span class='ocr_line' id='line_1_79' title="bbox 1239 1654 1983 1686; baseline 0.004 -3"><span class='ocrx_word' id='word_1_434' title='bbox 1239 1654 1406 1684; x_wconf 87' lang='lat' dir='ltr'>stitutiones</span> <span class='ocrx_word' id='word_1_435' title='bbox 1439 1659 1467 1685; x_wconf 87' lang='lat' dir='ltr'>et</span> <span class='ocrx_word' id='word_1_436' title='bbox 1499 1655 1614 1685; x_wconf 84' lang='lat' dir='ltr'>decreta</span> <span class='ocrx_word' id='word_1_437' title='bbox 1650 1665 1831 1685; x_wconf 87' lang='lat' dir='ltr'>summorum</span> <span class='ocrx_word' id='word_1_438' title='bbox 1864 1656 1983 1686; x_wconf 84' lang='lat' dir='ltr'>Pontifi-</span> 
     </span>
     <span class='ocr_line' id='line_1_80' title="bbox 1239 1704 1982 1743; baseline 0.004 -10"><span class='ocrx_word' id='word_1_439' title='bbox 1239 1714 1326 1743; x_wconf 79' lang='lat' dir='ltr'>cum,</span> <span class='ocrx_word' id='word_1_440' title='bbox 1350 1709 1377 1734; x_wconf 88' lang='lat' dir='ltr'>et</span> <span class='ocrx_word' id='word_1_441' title='bbox 1399 1704 1551 1743; x_wconf 80' lang='lat' dir='ltr'>signanter</span> <span class='ocrx_word' id='word_1_442' title='bbox 1574 1705 1666 1736; x_wconf 75' lang='lat' dir='ltr'>felicis</span> <span class='ocrx_word' id='word_1_443' title='bbox 1687 1705 1897 1735; x_wconf 85' lang='lat' dir='ltr'>recordationis</span> <span class='ocrx_word' id='word_1_444' title='bbox 1920 1705 1982 1736; x_wconf 80' lang='lat' dir='ltr'>Cte-</span> 
     </span>
     <span class='ocr_line' id='line_1_81' title="bbox 1239 1753 1441 1784; baseline 0 -1"><span class='ocrx_word' id='word_1_445' title='bbox 1239 1754 1345 1784; x_wconf 86' lang='lat' dir='ltr'>mentis</span> <span class='ocrx_word' id='word_1_446' title='bbox 1368 1753 1441 1784; x_wconf 90' lang='lat' dir='ltr'><strong>VIII.</strong></span> 
     </span>
    </p>

    <p class='ocr_par' dir='ltr' id='par_1_23' title="bbox 1238 1802 1981 2040">
     <span class='ocr_line' id='line_1_82' title="bbox 1280 1802 1981 1843; baseline 0.003 -11"><span class='ocrx_word' id='word_1_447' title='bbox 1280 1813 1306 1832; x_wconf 91' lang='lat' dir='ltr'>v.</span> <span class='ocrx_word' id='word_1_448' title='bbox 1331 1802 1361 1832; x_wconf 91' lang='lat' dir='ltr'>In</span> <span class='ocrx_word' id='word_1_449' title='bbox 1382 1803 1463 1838; x_wconf 82' lang='lat' dir='ltr'>locis,</span> <span class='ocrx_word' id='word_1_450' title='bbox 1489 1803 1516 1833; x_wconf 92' lang='lat' dir='ltr'>in</span> <span class='ocrx_word' id='word_1_451' title='bbox 1540 1803 1647 1843; x_wconf 88' lang='lat' dir='ltr'>quibus</span> <span class='ocrx_word' id='word_1_452' title='bbox 1665 1808 1733 1833; x_wconf 88' lang='lat' dir='ltr'>sunt</span> <span class='ocrx_word' id='word_1_453' title='bbox 1752 1808 1914 1834; x_wconf 90' lang='lat' dir='ltr'>conventus</span> <span class='ocrx_word' id='word_1_454' title='bbox 1929 1813 1981 1834; x_wconf 88' lang='lat' dir='ltr'>no-</span> 
     </span>
     <span class='ocr_line' id='line_1_83' title="bbox 1238 1852 1980 1893; baseline 0.003 -12"><span class='ocrx_word' id='word_1_455' title='bbox 1238 1852 1302 1888; x_wconf 80' lang='lat' dir='ltr'>stri,</span> <span class='ocrx_word' id='word_1_456' title='bbox 1326 1852 1423 1882; x_wconf 89' lang='lat' dir='ltr'>nullus</span> <span class='ocrx_word' id='word_1_457' title='bbox 1445 1853 1600 1891; x_wconf 82' lang='lat' dir='ltr'>religiosus</span> <span class='ocrx_word' id='word_1_458' title='bbox 1622 1853 1678 1882; x_wconf 87' lang='lat' dir='ltr'>iter</span> <span class='ocrx_word' id='word_1_459' title='bbox 1701 1853 1820 1890; x_wconf 89' lang='lat' dir='ltr'>faciens,</span> <span class='ocrx_word' id='word_1_460' title='bbox 1838 1853 1900 1883; x_wconf 89' lang='lat' dir='ltr'>sive</span> <span class='ocrx_word' id='word_1_461' title='bbox 1916 1862 1980 1893; x_wconf 86' lang='lat' dir='ltr'>per-</span> 
     </span>
     <span class='ocr_line' id='line_1_84' title="bbox 1238 1901 1981 1940; baseline 0.003 -10"><span class='ocrx_word' id='word_1_462' title='bbox 1238 1904 1296 1939; x_wconf 80' lang='lat' dir='ltr'>gat,</span> <span class='ocrx_word' id='word_1_463' title='bbox 1320 1901 1380 1931; x_wconf 88' lang='lat' dir='ltr'>sive</span> <span class='ocrx_word' id='word_1_464' title='bbox 1403 1901 1512 1938; x_wconf 77' lang='lat' dir='ltr'>veniat,</span> <span class='ocrx_word' id='word_1_465' title='bbox 1536 1901 1731 1931; x_wconf 86' lang='lat' dir='ltr'>saecularium</span> <span class='ocrx_word' id='word_1_466' title='bbox 1761 1901 1860 1932; x_wconf 91' lang='lat' dir='ltr'>domos</span> <span class='ocrx_word' id='word_1_467' title='bbox 1883 1902 1981 1940; x_wconf 86' lang='lat' dir='ltr'>ingre-</span> 
     </span>
     <span class='ocr_line' id='line_1_85' title="bbox 1238 1950 1980 1991; baseline 0.001 -10"><span class='ocrx_word' id='word_1_468' title='bbox 1238 1951 1334 1982; x_wconf 88' lang='lat' dir='ltr'>diatur</span> <span class='ocrx_word' id='word_1_469' title='bbox 1357 1950 1467 1991; x_wconf 88' lang='lat' dir='ltr'>absque</span> <span class='ocrx_word' id='word_1_470' title='bbox 1491 1951 1610 1980; x_wconf 70' lang='lat' dir='ltr'>licentia</span> <span class='ocrx_word' id='word_1_471' title='bbox 1639 1951 1782 1990; x_wconf 87' lang='lat' dir='ltr'>praelati,</span> <span class='ocrx_word' id='word_1_472' title='bbox 1807 1951 1860 1981; x_wconf 91' lang='lat' dir='ltr'>sub</span> <span class='ocrx_word' id='word_1_473' title='bbox 1884 1951 1980 1991; x_wconf 62' lang='lat' dir='ltr'>poena</span> 
     </span>
     <span class='ocr_line' id='line_1_86' title="bbox 1238 2000 1713 2040; baseline -0.002 -10"><span class='ocrx_word' id='word_1_474' title='bbox 1238 2001 1333 2039; x_wconf 85' lang='lat' dir='ltr'>gravis</span> <span class='ocrx_word' id='word_1_475' title='bbox 1357 2000 1458 2040; x_wconf 87' lang='lat' dir='ltr'>culpae</span> <span class='ocrx_word' id='word_1_476' title='bbox 1481 2009 1532 2040; x_wconf 90' lang='lat' dir='ltr'>per</span> <span class='ocrx_word' id='word_1_477' title='bbox 1555 2004 1616 2030; x_wconf 86' lang='lat' dir='ltr'>tres</span> <span class='ocrx_word' id='word_1_478' title='bbox 1639 2000 1713 2030; x_wconf 88' lang='lat' dir='ltr'>dies.</span> 
     </span>
    </p>

    <p class='ocr_par' dir='ltr' id='par_1_24' title="bbox 1237 2048 1980 2529">
     <span class='ocr_line' id='line_1_87' title="bbox 1278 2048 1980 2088; baseline 0.001 -9"><span class='ocrx_word' id='word_1_479' title='bbox 1278 2058 1316 2080; x_wconf 81' lang='lat' dir='ltr'>vi.</span> <span class='ocrx_word' id='word_1_480' title='bbox 1343 2050 1386 2079; x_wconf 87' lang='lat' dir='ltr'>Ad</span> <span class='ocrx_word' id='word_1_481' title='bbox 1409 2049 1570 2088; x_wconf 84' lang='lat' dir='ltr'>quemlibet</span> <span class='ocrx_word' id='word_1_482' title='bbox 1590 2048 1710 2079; x_wconf 90' lang='lat' dir='ltr'>Ordinis</span> <span class='ocrx_word' id='word_1_483' title='bbox 1736 2053 1914 2080; x_wconf 89' lang='lat' dir='ltr'>conventum</span> <span class='ocrx_word' id='word_1_484' title='bbox 1936 2059 1980 2080; x_wconf 86' lang='lat' dir='ltr'>re-</span> 
     </span>
     <span class='ocr_line' id='line_1_88' title="bbox 1237 2098 1979 2138; baseline 0.001 -10"><span class='ocrx_word' id='word_1_485' title='bbox 1237 2099 1358 2137; x_wconf 84' lang='lat' dir='ltr'>ligiosus</span> <span class='ocrx_word' id='word_1_486' title='bbox 1381 2098 1560 2137; x_wconf 87' lang='lat' dir='ltr'>pervenerit,</span> <span class='ocrx_word' id='word_1_487' title='bbox 1584 2098 1733 2128; x_wconf 88' lang='lat' dir='ltr'>licentiam</span> <span class='ocrx_word' id='word_1_488' title='bbox 1766 2102 1915 2138; x_wconf 88' lang='lat' dir='ltr'>patentem</span> <span class='ocrx_word' id='word_1_489' title='bbox 1937 2099 1979 2129; x_wconf 83' lang='lat' dir='ltr'>fa-</span> 
     </span>
     <span class='ocr_line' id='line_1_89' title="bbox 1238 2147 1979 2187; baseline 0.001 -11"><span class='ocrx_word' id='word_1_490' title='bbox 1238 2147 1306 2185; x_wconf 74' lang='lat' dir='ltr'>ciat,</span> <span class='ocrx_word' id='word_1_491' title='bbox 1330 2147 1458 2186; x_wconf 87' lang='lat' dir='ltr'>alioquin</span> <span class='ocrx_word' id='word_1_492' title='bbox 1476 2147 1611 2186; x_wconf 85' lang='lat' dir='ltr'>superior</span> <span class='ocrx_word' id='word_1_493' title='bbox 1629 2147 1708 2176; x_wconf 90' lang='lat' dir='ltr'>illam</span> <span class='ocrx_word' id='word_1_494' title='bbox 1728 2147 1855 2186; x_wconf 86' lang='lat' dir='ltr'>postulet</span> <span class='ocrx_word' id='word_1_495' title='bbox 1869 2147 1979 2187; x_wconf 89' lang='lat' dir='ltr'>absque</span> 
     </span>
     <span class='ocr_line' id='line_1_90' title="bbox 1237 2195 1975 2236; baseline 0.001 -11"><span class='ocrx_word' id='word_1_496' title='bbox 1237 2195 1550 2235; x_wconf 15' lang='lat' dir='ltr'>exceptionegalicuius</span> <span class='ocrx_word' id='word_1_497' title='bbox 1574 2205 1725 2235; x_wconf 85' lang='lat' dir='ltr'>personae.</span> <span class='ocrx_word' id='word_1_498' title='bbox 1747 2196 1826 2231; x_wconf 86' lang='lat' dir='ltr'>Quae</span> <span class='ocrx_word' id='word_1_499' title='bbox 1842 2197 1975 2236; x_wconf 84' lang='lat' dir='ltr'>licentia,</span> 
     </span>
     <span class='ocr_line' id='line_1_91' title="bbox 1238 2244 1979 2284; baseline 0.001 -10"><span class='ocrx_word' id='word_1_500' title='bbox 1238 2244 1263 2274; x_wconf 90' lang='lat' dir='ltr'>si</span> <span class='ocrx_word' id='word_1_501' title='bbox 1285 2245 1377 2274; x_wconf 87' lang='lat' dir='ltr'>frater</span> <span class='ocrx_word' id='word_1_502' title='bbox 1399 2254 1450 2284; x_wconf 85' lang='lat' dir='ltr'>pro</span> <span class='ocrx_word' id='word_1_503' title='bbox 1474 2245 1661 2274; x_wconf 89' lang='lat' dir='ltr'>conventuali</span> <span class='ocrx_word' id='word_1_504' title='bbox 1684 2246 1806 2283; x_wconf 88' lang='lat' dir='ltr'>venerit,</span> <span class='ocrx_word' id='word_1_505' title='bbox 1836 2245 1979 2275; x_wconf 86' lang='lat' dir='ltr'>custodia-</span> 
     </span>
     <span class='ocr_line' id='line_1_92' title="bbox 1239 2294 1979 2330; baseline 0.001 -7"><span class='ocrx_word' id='word_1_506' title='bbox 1239 2297 1285 2323; x_wconf 90' lang='lat' dir='ltr'>tur</span> <span class='ocrx_word' id='word_1_507' title='bbox 1308 2294 1337 2323; x_wconf 90' lang='lat' dir='ltr'>in</span> <span class='ocrx_word' id='word_1_508' title='bbox 1360 2295 1427 2324; x_wconf 70' lang='lat' dir='ltr'>arca</span> <span class='ocrx_word' id='word_1_509' title='bbox 1452 2294 1540 2323; x_wconf 91' lang='lat' dir='ltr'>trium</span> <span class='ocrx_word' id='word_1_510' title='bbox 1564 2294 1690 2323; x_wconf 87' lang='lat' dir='ltr'>clavium</span> <span class='ocrx_word' id='word_1_511' title='bbox 1716 2299 1886 2330; x_wconf 87' lang='lat' dir='ltr'>conventus,</span> <span class='ocrx_word' id='word_1_512' title='bbox 1911 2294 1979 2324; x_wconf 91' lang='lat' dir='ltr'>sub-</span> 
     </span>
     <span class='ocr_line' id='line_1_93' title="bbox 1237 2342 1977 2382; baseline 0.001 -10"><span class='ocrx_word' id='word_1_513' title='bbox 1237 2342 1346 2381; x_wconf 88' lang='lat' dir='ltr'>scripta</span> <span class='ocrx_word' id='word_1_514' title='bbox 1370 2352 1384 2372; x_wconf 89' lang='lat' dir='ltr'>a</span> <span class='ocrx_word' id='word_1_515' title='bbox 1409 2342 1543 2372; x_wconf 86' lang='lat' dir='ltr'>ministro</span> <span class='ocrx_word' id='word_1_516' title='bbox 1565 2347 1593 2373; x_wconf 90' lang='lat' dir='ltr'>et</span> <span class='ocrx_word' id='word_1_517' title='bbox 1610 2343 1785 2373; x_wconf 87' lang='lat' dir='ltr'>consiliariis</span> <span class='ocrx_word' id='word_1_518' title='bbox 1802 2348 1866 2382; x_wconf 86' lang='lat' dir='ltr'>post</span> <span class='ocrx_word' id='word_1_519' title='bbox 1889 2343 1977 2373; x_wconf 85' lang='lat' dir='ltr'>adno-</span> 
     </span>
     <span class='ocr_line' id='line_1_94' title="bbox 1238 2392 1978 2432; baseline 0.001 -11"><span class='ocrx_word' id='word_1_520' title='bbox 1238 2392 1376 2421; x_wconf 87' lang='lat' dir='ltr'>tationem</span> <span class='ocrx_word' id='word_1_521' title='bbox 1399 2392 1456 2422; x_wconf 90' lang='lat' dir='ltr'>diei</span> <span class='ocrx_word' id='word_1_522' title='bbox 1479 2392 1508 2421; x_wconf 90' lang='lat' dir='ltr'>iu</span> <span class='ocrx_word' id='word_1_523' title='bbox 1531 2402 1588 2431; x_wconf 87' lang='lat' dir='ltr'>quo</span> <span class='ocrx_word' id='word_1_524' title='bbox 1611 2392 1779 2432; x_wconf 87' lang='lat' dir='ltr'>praedictus</span> <span class='ocrx_word' id='word_1_525' title='bbox 1802 2392 1892 2422; x_wconf 82' lang='lat' dir='ltr'>frater</span> <span class='ocrx_word' id='word_1_526' title='bbox 1915 2401 1978 2432; x_wconf 85' lang='lat' dir='ltr'>per-</span> 
     </span>
     <span class='ocr_line' id='line_1_95' title="bbox 1239 2440 1979 2481; baseline 0.003 -12"><span class='ocrx_word' id='word_1_527' title='bbox 1239 2441 1327 2470; x_wconf 85' lang='lat' dir='ltr'>venit.</span> <span class='ocrx_word' id='word_1_528' title='bbox 1352 2440 1406 2476; x_wconf 89' lang='lat' dir='ltr'>Qui</span> <span class='ocrx_word' id='word_1_529' title='bbox 1430 2450 1498 2471; x_wconf 81' lang='lat' dir='ltr'>vero</span> <span class='ocrx_word' id='word_1_530' title='bbox 1521 2441 1634 2471; x_wconf 85' lang='lat' dir='ltr'>litteras</span> <span class='ocrx_word' id='word_1_531' title='bbox 1656 2445 1788 2481; x_wconf 87' lang='lat' dir='ltr'>patentes</span> <span class='ocrx_word' id='word_1_532' title='bbox 1805 2450 1862 2471; x_wconf 87' lang='lat' dir='ltr'>non</span> <span class='ocrx_word' id='word_1_533' title='bbox 1878 2445 1979 2471; x_wconf 86' lang='lat' dir='ltr'>osten-</span> 
     </span>
     <span class='ocr_line' id='line_1_96' title="bbox 1237 2490 1868 2529; baseline 0 -9"><span class='ocrx_word' id='word_1_534' title='bbox 1237 2490 1323 2528; x_wconf 82' lang='lat' dir='ltr'>derit,</span> <span class='ocrx_word' id='word_1_535' title='bbox 1349 2490 1411 2529; x_wconf 90' lang='lat' dir='ltr'>ipso</span> <span class='ocrx_word' id='word_1_536' title='bbox 1434 2490 1510 2520; x_wconf 88' lang='lat' dir='ltr'>sacto</span> <span class='ocrx_word' id='word_1_537' title='bbox 1533 2494 1630 2520; x_wconf 86' lang='lat' dir='ltr'>careat</span> <span class='ocrx_word' id='word_1_538' title='bbox 1653 2500 1721 2520; x_wconf 88' lang='lat' dir='ltr'>voce</span> <span class='ocrx_word' id='word_1_539' title='bbox 1743 2493 1771 2520; x_wconf 90' lang='lat' dir='ltr'>et</span> <span class='ocrx_word' id='word_1_540' title='bbox 1793 2490 1868 2520; x_wconf 90' lang='lat' dir='ltr'>Ioco.</span> 
     </span>
    </p>

    <p class='ocr_par' dir='ltr' id='par_1_25' title="bbox 1236 2538 1978 2627">
     <span class='ocr_line' id='line_1_97' title="bbox 1277 2538 1978 2577; baseline 0.001 -9"><span class='ocrx_word' id='word_1_541' title='bbox 1277 2547 1325 2569; x_wconf 88' lang='lat' dir='ltr'>vu.</span> <span class='ocrx_word' id='word_1_542' title='bbox 1356 2538 1459 2569; x_wconf 86' lang='lat' dir='ltr'>Nullus</span> <span class='ocrx_word' id='word_1_543' title='bbox 1490 2538 1646 2577; x_wconf 86' lang='lat' dir='ltr'>religiosus</span> <span class='ocrx_word' id='word_1_544' title='bbox 1668 2539 1702 2569; x_wconf 87' lang='lat' dir='ltr'>de</span> <span class='ocrx_word' id='word_1_545' title='bbox 1726 2539 1785 2569; x_wconf 69' lang='lat' dir='ltr'>una</span> <span class='ocrx_word' id='word_1_546' title='bbox 1807 2538 1918 2569; x_wconf 69' lang='lat' dir='ltr'>familia</span> <span class='ocrx_word' id='word_1_547' title='bbox 1948 2548 1978 2569; x_wconf 91' lang='lat' dir='ltr'>e-</span> 
     </span>
     <span class='ocr_line' id='line_1_98' title="bbox 1236 2587 1976 2627; baseline 0.003 -11"><span class='ocrx_word' id='word_1_548' title='bbox 1236 2587 1387 2626; x_wconf 85' lang='lat' dir='ltr'>grediatur</span> <span class='ocrx_word' id='word_1_549' title='bbox 1410 2587 1438 2617; x_wconf 88' lang='lat' dir='ltr'>in</span> <span class='ocrx_word' id='word_1_550' title='bbox 1461 2587 1548 2617; x_wconf 84' lang='lat' dir='ltr'>aliam</span> <span class='ocrx_word' id='word_1_551' title='bbox 1572 2587 1637 2617; x_wconf 86' lang='lat' dir='ltr'>sine</span> <span class='ocrx_word' id='word_1_552' title='bbox 1660 2587 1783 2617; x_wconf 73' lang='lat' dir='ltr'>lIcentia</span> <span class='ocrx_word' id='word_1_553' title='bbox 1804 2587 1834 2618; x_wconf 88' lang='lat' dir='ltr'>in</span> <span class='ocrx_word' id='word_1_554' title='bbox 1857 2587 1976 2627; x_wconf 82' lang='lat' dir='ltr'>scriptis</span> 
     </span>
    </p>

    <p class='ocr_par' dir='ltr' id='par_1_26' title="bbox 1270 2639 1860 2677">
     <span class='ocr_line' id='line_1_99' title="bbox 1270 2639 1860 2677; baseline 0 -10"><span class='ocrx_word' id='word_1_555' title='bbox 1270 2640 1284 2667; x_wconf 76' lang='lat' dir='ltr'>‘l</span> <span class='ocrx_word' id='word_1_556' title='bbox 1306 2639 1417 2668; x_wconf 78' lang='lat' dir='ltr'>Videtur</span> <span class='ocrx_word' id='word_1_557' title='bbox 1436 2640 1530 2669; x_wconf 87' lang='lat' dir='ltr'>deesse</span> <span class='ocrx_word' id='word_1_558' title='bbox 1550 2640 1696 2677; x_wconf 84' lang='lat' dir='ltr'>praeposit.</span> <span class='ocrx_word' id='word_1_559' title='bbox 1717 2649 1735 2668; x_wconf 87' lang='grc' dir='ltr'><em>α</em></span> <span class='ocrx_word' id='word_1_560' title='bbox 1755 2641 1795 2677; x_wconf 77' lang='lat' dir='ltr'>(a.</span> <span class='ocrx_word' id='word_1_561' title='bbox 1810 2641 1860 2676; x_wconf 61' lang='lat' dir='ltr'>in).</span> 
     </span>
    </p>
   </div>
   <div class='ocr_carea' id='block_1_19' title="bbox 1996 244 2196 278">
    <p class='ocr_par' dir='ltr' id='par_1_27' title="bbox 1996 244 2196 278">
     <span class='ocr_line' id='line_1_100' title="bbox 1996 244 2196 278; baseline 0.025 -7"><span class='ocrx_word' id='word_1_562' title='bbox 1996 244 2044 272; x_wconf 63' lang='lat' dir='ltr'>An.</span> <span class='ocrx_word' id='word_1_563' title='bbox 2064 246 2169 278; x_wconf 57' lang='lat'>&amp;1738</span> <span class='ocrx_word' id='word_1_564' title='bbox 2192 258 2196 276; x_wconf 56' lang='grc' dir='ltr'><strong>ε</strong></span> 
     </span>
    </p>
   </div>
  </div>
 </body>
</html>
