2232 3178
58 194 108 223 An.
129 194 158 222 C.
176 193 245 222 1734

74 364 159 384 Praeter
175 360 242 382 indul-

59 390 140 416 guntin«

60 416 131 437 ordini
153 420 242 434 ronces-

58 449 101 466 sas,
112 442 199 467 eiusque
210 447 243 461 ec·

59 469 136 489 etesia<
158 470 241 488 visnan·

59 496 123 518 tibus,
139 499 164 514 ac
183 500 243 519 prae-

57 523 120 548 cipue
132 520 242 540 confratri»

61 549 99 568 bus
107 548 192 574 Sept-‘tn
205 548 241 566 tm

60 576 125 596 larum
139 590 143 597 ,

191 388 242 408 altas

877 185 1017 211 CLEMENS

253 240 372 274 mensis
399 239 522 283 augusti
541 239 636 272 etiam
657 237 804 282 proxime
826 235 995 280 praeteriti
1015 239 1019 254 t

254 292 347 327 nobis
373 292 506 326 fecerit:

299 346 313 389 ξ
339 346 370 380 ⁶2.
398 345 474 386 Nos,
503 345 557 390 qui
585 355 660 388 erga
688 343 807 377 dictum
841 342 994 375 Ordinem

255 400 455 444 peculiarem
484 399 665 433 devotionis
692 397 838 431 affectum
866 405 996 439 semper

255 453 425 496 gessimus,
453 453 663 496 eiusdemque
682 450 810 484 Ordinis
835 454 997 493 protecto·
1018 472 1019 484 ,

257 507 299 539 ris
322 517 450 545 munus,
469 506 548 539 olim
575 517 591 539 a
617 505 722 538 bonae
741 503 916 536 memoriae
942 501 997 534 Ne-

255 570 325 598 reo,
343 560 418 592 dum
441 560 572 600 viveret,
592 558 736 591 eiusdem
762 556 876 589 S.R.F].
894 555 996 588 cardi<

256 613 328 646 nale
353 611 478 646 Corsiui
506 616 705 655 nuncupato,
732 615 848 653 patruo
875 613 996 648 nostro,
1020 621 1022 655 ¹.

257 666 436 705 obtentum,
458 666 533 698 dum
551 665 769 698 cardinalatus
787 663 911 696 honore
933 662 1000 694 fun-
1020 696 1022 720 Ι

258 720 414 763 gebamur
433 729 493 763 per
510 720 622 762 plures
640 728 742 751 anuos
760 717 897 759 egimus,
912 721 942 748 ct
960 715 997 748 ad

260 773 374 806 summi
391 773 593 816 apostolatus
608 772 734 816 apicem
751 770 857 803 divina
874 770 999 802 favente

261 827 431 860 clementia
457 825 624 869 assumpti,
646 825 751 869 quoad
779 824 932 864 vivemus,
953 833 1000 855 re-

262 880 430 912 tinendum
467 880 637 920 duximus,
670 878 809 922 quique,
848 876 1000 921 quando,

261 932 352 966 cum¹
382 933 448 966 Deo
483 932 655 976 placuerit,
685 932 746 965 vita
773 931 871 964 functi
905 930 1001 963 fueri·

260 997 340 1025 mus,
360 987 398 1020 ad
424 987 502 1020 illud
528 986 716 1020 obeundum
735 985 885 1018 dilectum
905 984 999 1017 etiam

260 1039 360 1073 filium
387 1044 534 1074 nostrum
558 1039 698 1072 Nereum
724 1038 826 1071 dictae
853 1038 884 1071 S.
908 1038 945 1070 tt.
965 1037 999 1069 E.
1023 1054 1024 1066 t

262 1094 435 1128 diaconum
454 1093 653 1127 cardinalem
669 1093 763 1125 etiam
779 1091 905 1125 Corsini
925 1101 1003 1123 nun-

262 1153 427 1191 cupatum,
446 1153 592 1181 nostrum
619 1147 796 1180 secundum
816 1155 946 1179 carnem
965 1155 1000 1177 ex

262 1200 360 1234 fratre
387 1200 548 1234 Germano
578 1205 755 1244 nepotem,
782 1209 840 1242 per
877 1199 1002 1231 litteras
1024 1207 1025 1216 ¹

262 1254 458 1298 apostolicas
485 1254 517 1286 in
544 1254 648 1287 forma
673 1253 781 1286 Brevis
803 1252 861 1285 sub
881 1253 1002 1285 annulo

263 1307 435 1341 Piscatoris
461 1308 602 1352 desuper
628 1307 796 1351 expeditas
823 1305 1004 1349 apostolica

263 1361 453 1395 auctoritate
488 1361 635 1405 praefata
667 1359 911 1404 deputavimus,
947 1359 1026 1391 Per

264 1420 349 1448 trum
389 1414 521 1447 Mariam
562 1414 786 1454 cardinalem,
814 1423 850 1446 ac
887 1413 1003 1445 fratres

263 1467 392 1501 Ordinis
413 1467 609 1507 huiusmodi,
636 1467 783 1510 aliosque
809 1465 1006 1499 christifide-

264 1522 311 1555 les
330 1521 487 1555 ecclesias
503 1521 576 1554 dicti
596 1521 726 1554 Ordinis
751 1519 1004 1563 frequentantes,

265 1575 527 1619 christianaeque
553 1575 683 1619 pietatis
701 1585 801 1618 opera
820 1584 919 1617 penes
936 1583 1007 1606 eos·
1027 1586 1028 1590 ¹

267 1629 338 1662 dem
363 1630 480 1663 fratres
506 1634 560 1662 aut
584 1629 663 1662 alias
694 1632 884 1661 exercentes
901 1655 908 1668 ,
935 1638 1007 1671 spe·
1028 1628 1030 1647 ⁵

267 1682 403 1716 cialibus
440 1682 602 1716 favoribus
634 1686 666 1715 et
702 1680 814 1724 gratiis
851 1679 1030 1724 prosequi!

267 1737 430 1777 volentes,
456 1747 492 1769 ac
516 1746 628 1769 omnes
660 1740 691 1768 et
715 1744 934 1778 quascumque
961 1733 1008 1766 in-

268 1789 475 1833 dulgentias,
502 1794 713 1833 peccatorum
739 1788 952 1821 remissiones
979 1792 1031 1820 etl

267 1843 539 1888 poenitentiarum
577 1842 793 1875 relaxationes
830 1852 889 1885 per
915 1851 1010 1884 quos-

269 1907 408 1941 cumque
433 1896 596 1930 Romanos
622 1895 795 1929 Pontifices
820 1892 1032 1938 praedeces-¹

269 1961 358 1985 sores
385 1956 514 1984 nostros
540 1949 691 1983 fratribus
712 1948 867 1993 praefatis
887 1953 918 1981 et
943 1959 1010 1980 mo-
1032 1966 1033 1970 =

271 2005 412 2038 nialibus
440 2004 516 2038 dicti
549 2003 679 2037 Ordinis
705 2014 741 2035 ac
767 2003 936 2045 utriusque
962 2011 1012 2034 sc-

271 2069 328 2091 xus
346 2057 608 2092 christifidelium
624 2055 944 2090 confraternitatiluts
958 2055 1011 2088 Se·
1033 2067 1034 2070 ¹

272 2117 360 2156 ptem
377 2111 535 2144 Dolorum
559 2111 704 2144 eiusdem
722 2109 755 2143 B.
776 2109 891 2142 Mariae
908 2108 1012 2151 Virgi-

273 2164 323 2197 nis
340 2164 545 2208 nuncupaffis,
565 2164 757 2197 auctoritate
783 2173 843 2206 pro
862 2168 1012 2206 tempore

276 2217 441 2250 existentis
465 2217 582 2261 prioris
604 2216 765 2260 generalis
787 2216 864 2249 dieti
882 2215 1012 2248 Ordinis
1034 2220 1036 2229 ⁴

277 2280 313 2303 ac
348 2271 456 2314 vigore
494 2271 651 2305 facultatis
689 2271 716 2304 ci
756 2271 794 2304 ab
829 2269 1013 2314 Apostoliczi

277 2323 360 2356 Sede
386 2324 568 2368 impartitae
604 2325 759 2358 canonice
797 2324 923 2364 erectis,
961 2335 1014 2356 ea-

281 2376 492 2420 rumdemque
517 2378 818 2412 confraternitatum
845 2377 1016 2412 confratri-

278 2429 350 2471 bus,
371 2440 431 2463 nec
455 2441 520 2463 non
547 2431 617 2464 aliis
643 2431 911 2465 christifidelibus
933 2431 1016 2465 chri-

278 2483 402 2517 stianae
428 2484 556 2528 pietatis
583 2494 681 2528 opera
709 2485 895 2519 huiusmodi
915 2496 1016 2529 penes

278 2536 351 2570 illos
377 2537 602 2571 exercentibus
638 2538 797 2572 hactenus
822 2549 993 2572 concessas
1010 2566 1017 2580 ‚
1038 2558 1040 2566 ι

1039 2582 1040 2597 l

1023 1141 1025 1157 l

1036 2408 1038 2423 l

1037 2461 1039 2475 l

312 2600 323 2627 1
348 2599 513 2627 Particulam
535 2608 596 2628 cum
620 2609 667 2627 uos
687 2600 812 2628 addimus
831 2604 871 2637 (n.
890 2603 940 2637 r).

1042 185 1085 210 ΧΠ
1110 185 1157 209 rr.

1040 239 1071 266 et
1095 233 1284 276 praesertim
1323 232 1558 276 indulgentiam
1598 232 1777 275 plenariam

1040 287 1256 320 confratribus
1283 286 1471 319 huiusmodi
1497 285 1700 329 processioni
1725 283 1778 317 Se-

1041 346 1128 384 ptem
1172 340 1325 373 Dolorum
1374 345 1581 382 nuncupatae
1630 338 1777 381 quolibet

1042 403 1153 426 mense
1178 392 1245 426 fieri
1273 393 1385 426 solitae
1419 391 1691 425 interessentihus
1722 400 1779 434 per

1043 445 1144 479 felicis
1181 447 1418 480 recordationis
1454 446 1586 478 Paulum
1613 445 1730 487 Papam
1758 443 1778 474 V

1019 533 1020 536 ,
1042 500 1330 543 praedecessorem
1357 506 1500 532 nostrum
1524 509 1669 542 persnas
1688 497 1780 529 binas

1043 554 1197 597 quasdam
1235 554 1387 587 videlicet
1421 554 1480 586 sub
1518 553 1625 585 datum
1659 551 1779 584 Rornae

1044 607 1094 639 die
1120 619 1137 639 x
1163 607 1284 640 mensis
1311 607 1416 639 martii
1443 606 1516 639 anni
1540 605 1664 638 Domini
1683 613 1780 638 tnncxt

1044 661 1159 693 alteras
1185 671 1261 693 vero
1288 661 1346 693 sub
1372 660 1480 692 datum
1506 658 1631 691 Tusculi
1659 658 1709 690 die
1739 666 1781 689 vu

1045 714 1165 746 mensis
1203 714 1281 746 iunii
1320 713 1464 746 eiusdem
1502 712 1577 745 anni
1614 720 1712 745 ,nincxt
1749 710 1781 742 in

1021 792 1023 801 ,
1046 766 1147 800 forma
1167 767 1275 800 Brevis
1300 766 1359 799 sub
1386 767 1507 799 annulo
1534 764 1706 798 Piscatoris
1729 764 1782 796 de-

1044 830 1143 863 super
1168 819 1334 863 expeditas
1352 819 1475 853 litteras
1493 818 1688 862 apostolicas
1708 828 1784 851 con-

1045 885 1165 908 cessam
1192 880 1222 908 et
1240 874 1422 907 successive
1442 884 1499 917 per
1521 873 1591 916 piac
1611 872 1784 905 memoriae

1045 927 1271 961 Innocentium
1304 927 1361 960 Pr.
1391 927 1428 960 Xl
1465 926 1614 959 similiter
1649 925 1786 969 praede-

1046 992 1206 1015 cessorem
1233 987 1382 1014 nostrum
1409 991 1468 1024 per
1493 980 1570 1013 alias
1596 989 1670 1011 suas
1688 978 1785 1011 etiam

1046 1035 1078 1068 in
1105 1035 1207 1068 forma
1233 1035 1340 1068 Brevis
1373 1034 1433 1067 sub
1471 1033 1589 1066 annulo
1615 1031 1786 1064 Piscatoris

1047 1090 1189 1133 desuper
1225 1089 1282 1121 suh
1321 1089 1430 1122 datum
1467 1087 1589 1120 Romae
1625 1086 1675 1119 die
1715 1095 1787 1118 xxlv

1046 1144 1166 1176 mensis
1208 1142 1351 1176 octobris
1382 1140 1457 1174 anni
1485 1140 1633 1174 eiusdem
1657 1138 1785 1171 Domini

1047 1205 1219 1230 titDCLxxxn
1246 1195 1342 1228 etiam
1370 1193 1539 1238 expeditas
1567 1193 1690 1226 litteras
1716 1202 1790 1235 apo-

1047 1250 1178 1283 stolicas
1196 1248 1428 1287 confirmatam,
1451 1258 1531 1291 quas
1550 1257 1674 1286 omnes,
1702 1246 1789 1278 dum-

1048 1303 1144 1336 modo
1165 1303 1239 1336 illae
1259 1301 1488 1346 praesentibus
1509 1312 1573 1334 non
1592 1304 1788 1344 repugnent,

1048 1358 1152 1390 salvas
1178 1361 1211 1390 et
1236 1356 1362 1390 illaesas
1399 1366 1469 1388 esse
1503 1354 1704 1387 intendimus
1721 1380 1728 1393 ,
1755 1352 1791 1384 il-

1049 1408 1241 1453 lorumquc'
1268 1420 1304 1442 ac
1336 1409 1472 1442 aliarum
1510 1407 1791 1450 infrascriptarum

1049 1464 1229 1497 litterarum
1245 1463 1497 1507 apostolicarum
1516 1461 1707 1495 recolendae
1726 1470 1792 1493 me-

1051 1519 1169 1551 moriae
1195 1516 1360 1551 Benedicti
1386 1516 1453 1549 Xlll
1479 1517 1573 1549 etiam
1600 1514 1793 1559 praedeces-

1051 1573 1134 1605 soris
1156 1572 1258 1605 nostri
1285 1582 1413 1606 necnon
1433 1569 1630 1613 infrascripti
1652 1578 1793 1601 summa-

1052 1627 1088 1659 rii
1111 1631 1242 1659 tenores
1262 1626 1357 1660 etiam
1377 1626 1521 1660 veriores
1540 1634 1576 1657 ac
1593 1623 1682 1656 datas
1703 1632 1794 1666 prae-

1051 1679 1197 1712 sentibus
1223 1690 1282 1723 pro
1308 1678 1472 1723 expressis
1497 1678 1678 1716 habentes,
1704 1680 1793 1708 motu

1051 1733 1186 1777 proprio
1212 1739 1244 1767 et
1269 1744 1304 1766 ex
1330 1734 1417 1766 certa
1443 1730 1578 1765 scientia
1607 1741 1642 1763 ac
1669 1730 1794 1762 matura

1053 1787 1290 1820 deliberatione
1324 1786 1466 1826 nostris,
1501 1785 1606 1828 deque
1642 1783 1795 1828 apostoli-

1053 1852 1109 1874 cae
1143 1841 1314 1885 potestatis
1348 1840 1555 1885 plenitudine
1587 1844 1618 1872 ct
1652 1850 1689 1873 ex
1721 1845 1794 1873 voto

1053 1894 1325 1937 Congregationis
1352 1892 1560 1937 particularis
1586 1893 1793 1926 huiusmodi:

1098 1948 1255 1981 Omnibus
1281 1953 1313 1981 et
1345 1946 1480 1990 singulis
1506 1946 1674 1990 utriusque
1701 1956 1796 1979 sexus

1057 2054 1207 2088 videlicet
1241 2054 1295 2098 qui
1333 2054 1496 2098 praefatas
1531 2053 1685 2087 ecclesias
1719 2053 1796 2086 dicti

1056 2108 1188 2141 Ordinis
1229 2118 1433 2151 quocumque
1474 2107 1549 2140 anni
1592 2107 1643 2140 die
1684 2107 1796 2140 devote

1056 2162 1268 2202 visitaverint,
1296 2161 1442 2205 inibique
1476 2162 1591 2194 saltem
1618 2161 1797 2194 orationem

1058 2216 1253 2250 dominicam
1289 2221 1320 2249 et
1357 2215 1586 2248 salutationem
1620 2214 1799 2257 angelicam

1058 2280 1116 2313 pro
1135 2268 1402 2303 christifidelibus
1422 2274 1484 2301 tam
1504 2268 1683 2302 viventibus
1703 2278 1797 2310 quam

1059 2323 1090 2356 in
1117 2323 1233 2357 Christi
1261 2322 1421 2356 charitate
1459 2322 1617 2355 defunctis
1647 2331 1707 2364 per
1733 2331 1799 2353 mo-

1060 2378 1134 2410 dum
1162 2376 1308 2420 suffragii
1334 2377 1432 2409 semel
1459 2375 1677 2415 recitaverint,
1704 2374 1800 2418 quin·

1061 2430 1214 2474 quaginta
1234 2430 1315 2470 dics,
1335 2429 1372 2462 iis
1398 2439 1486 2468 vcro,
1506 2427 1559 2471 qui
1588 2427 1677 2460 horis
1704 2437 1799 2460 cano-

1037 2480 1039 2516 ῒ
1060 2483 1141 2517 nicis
1167 2483 1198 2516 in
1223 2483 1367 2516 ecclesiis
1386 2481 1514 2514 Ordinis
1536 2480 1724 2513 huiusmodi
1744 2480 1797 2512 dt·-

1061 2537 1227 2570 cantaudis
1265 2547 1321 2568 seu
1349 2534 1538 2574 recitandis,
1565 2539 1597 2565 ct
1630 2534 1683 2576 qui
1717 2533 1799 2566 anti-

1101 2602 1107 2626 t
1134 2600 1242 2627 Videtur
1264 2598 1408 2634 legendum
1432 2598 1606 2632 [Uarumque
1624 2597 1661 2631 (tt.
1681 2596 1729 2631 T.).

1698 174 1740 207 ta
1787 182 1835 209 An.
1857 183 1886 210 c.
1906 183 1975 212 5334

1849 1952 1918 1972 Novas
1943 1956 1993 1971 con-

1822 1987 1854 1999 tii
1884 1978 1993 2003 indulgeu-

1055 2001 1327 2035 christifidelilms
1365 2001 1479 2034 saltem
1518 2000 1692 2040 contritis,
1731 2000 1795 2033 illis
1820 2014 1856 2027 ›s-

1808 1986 1818 2025 —rs
