2232 3178
70 232 118 260 An.
139 231 168 258 C.
187 229 253 258 1737

50 286 55 289 ’
259 282 291 311 et
315 276 534 316 calamitosos,
557 280 588 309 et
612 276 645 308 in
672 275 810 319 publicis
832 276 1003 319 hospitali-

258 332 318 364 bus
343 330 428 362 inter
453 340 550 362 senes
578 334 609 362 et
635 334 800 372 aegrotos,
821 330 902 362 etin
919 329 1002 362 villis

258 395 294 417 ac
312 383 403 426 pagis
430 382 523 416 inter
539 383 665 416 villicos
692 389 723 416 et
743 388 900 425 agrestes,
920 387 952 415 et
970 383 1002 415 in
1023 405 1025 408 v

257 447 421 470 sacrarum
447 436 607 478 virginum
626 435 820 475 asceterii-3¹,
840 441 870 469 et
896 436 927 468 in
954 446 1003 468 ec-

257 490 446 524 clesiasticis
482 489 676 522 clericorum
704 489 941 527 conventibus,
969 496 1024 540 et¹

257 543 379 586 ubique
414 542 500 575 inter
533 553 668 582 omnes,
702 541 870 575 charitatis
896 542 1001 574 officia

256 596 390 636 obibat,
417 595 598 628 sanctitatis
635 597 741 628 lucem
779 594 998 633 diffundebat,

255 650 376 682 bonum
398 648 515 682 Christi
535 649 670 681 odorem
691 648 936 681 disseminabat.
955 647 1001 679 Si-

257 702 389 744 quidem
416 702 449 733 in
483 702 574 744 regia
606 702 722 741 domo,
757 701 875 734 saeculi
911 700 1000 733 vani-

256 759 322 788 tate
339 756 536 797 contempta,
556 759 588 787 et
612 754 732 787 divitiis
757 765 794 787 ac
816 753 998 787 honoribus
1020 765 1021 780 ³

255 808 465 847 conculcatis,
499 808 538 840 ad
571 807 670 840 Deum
704 818 875 840 conversas
908 806 997 840 etin

255 863 347 894 caelo
369 861 444 894 fixas
471 872 585 895 omues
610 861 828 904 cogitationes
854 871 926 893 suas
945 861 999 893 ha-

255 916 364 949 bebat.
391 915 501 958 Itaque
535 916 605 948 eius
635 915 812 959 praecipua
837 925 914 947 cura
941 915 998 947 suit

254 974 289 1002 ut
315 969 558 1012 parochialibus
577 969 786 1011 praebendis,
807 968 999 1001 ecclesiasti-

254 1022 299 1055 cis
326 1022 537 1065 dignitatibus
563 1027 592 1054 et
613 1021 790 1061 beneficiis,
813 1033 896 1064 quae
923 1027 998 1054 sunt
1018 1035 1020 1050 =

255 1076 342 1108 bona
360 1086 542 1118 pauperum
566 1080 598 1108 et
616 1075 848 1118 patrimonium
868 1075 997 1115 Christi,

255 1130 424 1171 digniores
444 1129 712 1172 p1·aeiicerentur;
731 1135 764 1161 et
781 1140 852 1161 cum
869 1129 997 1162 nobiles
1018 1158 1019 1167 ,

254 1183 312 1215 viri
346 1182 432 1216 filios
465 1193 539 1215 suos
566 1183 841 1222 commendarent,
869 1188 899 1215 et
923 1193 998 1226 pro-

254 1236 360 1269 missis
391 1241 444 1268 aut
462 1236 558 1268 minis
576 1241 743 1278 urgerent,
764 1238 814 1269 vel
833 1236 997 1279 speranda
1018 1270 1019 1275 ¹

252 1289 399 1334 praemia
436 1289 556 1328 irrisit,
584 1291 632 1322 vel
670 1295 855 1332 praetentas
892 1289 996 1322 minas

253 1343 406 1383 calcavit;
433 1351 542 1386 neque
560 1343 667 1375 anima
692 1343 783 1375 sortis
809 1348 840 1375 et
862 1342 996 1376 robusta

253 1397 451 1430 detrimento
479 1396 691 1429 haereditatis
716 1395 833 1429 Christi
862 1402 894 1428 et
919 1396 997 1430 Cru-

252 1450 297 1483 cis
323 1449 497 1493 dispendio
523 1455 674 1493 potentes
693 1449 754 1482 sibi
777 1449 900 1493 optavit
917 1449 997 1482 ami-

252 1513 323 1542 COS,
350 1508 403 1535 aut
428 1503 466 1536 de
502 1503 705 1536 comminatis
741 1503 832 1536 malis
870 1503 996 1546 trepida

253 1555 401 1589 inimicos
428 1556 623 1589 formidavit.

90 1619 166 1641 Socios
186 1625 240 1649 ‚suns
297 1611 313 1651 ξ
340 1608 394 1643 18.
417 1610 505 1642 Inter
523 1620 596 1643 suos
615 1615 722 1642 autem
741 1621 905 1643 sacrarum
923 1611 996 1643 mis-

56 1646 380 1696 f355¹²l³i⁰arlss²¹27sionuin
406 1664 520 1703 socios,
547 1674 628 1706 quos
654 1674 766 1697 secum
799 1664 994 1707 praesertim

60 1700 123 1720 ’ω’
252 1716 291 1749 ad
323 1717 463 1749 rusticos
489 1723 521 1749 et
546 1722 688 1760 agrestes
714 1716 789 1750 fidei
816 1718 995 1751 catholicae

251 1770 406 1813 mysteria
426 1775 457 1802 et
483 1770 589 1802 divina
613 1775 791 1813 praecepta
810 1771 995 1803 edocendos
1016 1768 1018 1812 ξ

253 1828 327 1856 voto
345 1822 494 1865 obligari,
513 1828 577 1855 tum
596 1824 692 1855 etiam
709 1825 796 1856 clero
817 1824 876 1856 rite
902 1824 995 1855 insti·
1016 1839 1018 1853 s

252 1876 373 1909 tuendo
398 1876 534 1920 aliisque
566 1876 733 1909 charitatis
759 1877 914 1920 operibus
941 1877 1018 1909 ad-⁵

249 1928 311 1963 dici
341 1930 506 1969 voluerat,
533 1930 649 1963 robore
668 1930 834 1963 accinctus
852 1940 888 1963 ex
918 1931 994 1968 alto,

250 1988 319 2016 toto
349 1983 626 2026 peregrinationis
664 1994 700 2016 ac
735 1983 995 2017 conversationis

250 2047 326 2070 suae
365 2041 514 2080 tempore
551 2036 680 2070 fidelem
719 2048 751 2070 se
788 2037 994 2077 ministrum,

251 2095 486 2132 strenuumque
514 2100 549 2122 ac
571 2090 771 2123 indefessum
796 2090 908 2123 vineae
936 2090 995 2123 Do-

250 2143 328 2175 mini
344 2144 501 2176 cultorem
517 2148 615 2186 atque
631 2143 819 2186 operarium
835 2144 993 2176 exhibuit.

60 2201 240 2254 „fuffznlfflffl‘i'l
296 2195 390 2237 519.
419 2195 495 2228 Cum
530 2201 635 2229 autem
669 2196 799 2229 illorum
833 2197 992 2239 regimen,

60 2255 151 2302 :modo
170 2259 336 2290 somosnon,
360 2255 396 2281 ut
420 2249 561 2292 quidam,
586 2250 648 2282 vim
676 2250 808 2282 fecisset
833 2255 867 2282 ut
892 2250 995 2293 adipi-

112 2297 115 2301 *
252 2308 407 2343 secretim
436 2303 491 2335 sed
518 2304 580 2335 vim
606 2314 717 2346 passus
743 2309 828 2337 esset
852 2309 889 2335 ut
913 2304 995 2336 acci-

251 2360 366 2398 peret,
390 2355 433 2387 ita
457 2355 651 2388 versabatur
670 2361 705 2388 ut
729 2367 841 2389 omnes
873 2355 994 2389 intimis

250 2409 420 2442 charitatis
439 2409 614 2442 visceribus
633 2411 918 2453 complecteretur.
939 2410 994 2443 Cu-

250 2462 342 2495 rabat
369 2462 454 2495 enim
480 2472 520 2495 ne
546 2473 643 2505 quem
669 2463 797 2496 tristitia
822 2463 992 2506 affligeret,

249 2525 291 2549 ne
316 2514 470 2558 cogitatio
497 2515 669 2549 saecularis
693 2520 837 2558 urgeret;
853 2521 884 2549 et
904 2516 993 2559 vigili

251 2568 378 2613 pietatIS
400 2568 646 2612 dispensatione
671 2569 863 2612 providebat
888 2580 927 2602 ne
955 2570 993 2603 il-

286 2632 297 2658 1
319 2630 391 2660 Edit.
414 2631 493 2661 Maia,
517 2631 582 2668 legit
602 2632 735 2661 asceterii
755 2632 795 2668 (n.
810 2633 860 2667 T‚).

873 228 1014 252 CLEnENs
1041 227 1086 251 xli
1111 228 1161 251 1³1³.

1024 278 1025 282 ’
1046 278 1110 309 lum
1132 275 1250 308 nimius
1277 275 1368 309 labor
1386 282 1544 318 gravaret,
1563 286 1602 309 ne
1622 276 1719 308 nimia
1740 277 1793 308 hic

1685 218 1749 252 ⁶2:37
1797 227 1846 254 An.
1869 226 1897 255 c.
1915 228 1984 256 1737

1046 330 1153 373 quiete
1172 334 1384 372 torpesceret,
1399 331 1541 362 valentes
1560 340 1700 372 corpore
1719 341 1793 363 avo-

1045 393 1120 415 cans
1148 393 1164 414 a
1191 382 1326 422 desidia,
1346 382 1507 416 ferventes
1527 383 1645 426 spiritu
1673 393 1792 424 cogens

1046 436 1084 468 ad
1107 435 1264 478 requiem,
1287 446 1384 468 suave
1402 435 1522 468 Christi
1549 435 1660 478 iugum
1687 435 1792 468 omni-

1044 489 1105 520 bus
1131 489 1285 527 allevans,
1309 493 1359 528 et,
1379 488 1538 532 quidquid
1566 489 1716 522 diabolus
1743 488 1790 520 in-

1045 541 1186 581 iecisset,
1205 547 1363 581 avertens,
1384 552 1496 574 omnes
1515 542 1546 574 in
1566 549 1708 574 sanctam
1728 542 1792 574 ani-

1044 605 1167 628 morum
1194 595 1380 627 societatem
1408 601 1439 628 et
1465 595 1643 637 perfectam
1670 595 1788 628 Christi

1044 648 1232 680 charitatem
1260 648 1367 680 unitos
1402 649 1439 681 ad
1473 649 1674 681 currendum
1701 648 1789 680 chri-

1044 700 1246 733 stianarum¹
1272 701 1427 734 virtutum
1463 702 1605 734 stadium
1631 701 1730 734 verbo
1758 706 1790 734 et

1043 755 1191 796 exemplo
1218 754 1393 787 animabat.

1087 809 1101 851 ἓ
1127 807 1180 841 20,
1208 808 1278 851 Ipse
1305 813 1429 847 autem,
1457 809 1511 851 qui
1538 809 1689 842 omnibus
1716 819 1789 842 san·
1840 820 1893 840 Mira
1917 821 1985 846 ipsius

1042 862 1162 894 utitatis
1187 862 1302 894 merito
1325 867 1355 894 et
1377 862 1543 905 dignitatis
1569 863 1670 905 gradu
1697 868 1788 895 ante·
1799 846 1985 896 ssfflliifl'fflfff'ffl'

1042 915 1108 948 ibat
1133 920 1165 948 et
1196 915 1309 948 humili
1343 915 1443 948 animi
1477 916 1673 949 demissione
1706 916 1787 949 inse-

1042 969 1109 1001 rior
1135 974 1214 1009 erat,
1243 969 1458 1012 semetipsum
1480 970 1587 1012 palam
1615 970 1785 1002 hominem

1040 1022 1184 1055 dictabat
1217 1022 1334 1063 nihili,
1362 1022 1464 1055 filium
1498 1022 1620 1063 villici,
1650 1028 1681 1055 et
1708 1023 1786 1056 olim

1041 1075 1150 1118 gregis
1191 1075 1355 1108 addictum
1397 1076 1581 1108 custodiae.
1624 1076 1787 1119 Perpetua

1041 1140 1116 1161 suae
1143 1128 1413 1171 Congregationis
1435 1129 1651 1172 praefectura,
1672 1129 1703 1161 in
1730 1139 1787 1171 ge·

1041 1183 1143 1215 nerali
1163 1188 1324 1215 conventu
1346 1193 1380 1215 se
1406 1183 1554 1226 ineptum
1573 1189 1603 1216 et
1629 1183 1785 1226 imparem

1041 1236 1168 1269 muneri
1203 1236 1338 1268 serendo
1375 1246 1451 1278 prae
1485 1236 1668 1268 humilitate
1702 1236 1786 1268 allii·-

1040 1300 1141 1330 mans,
1163 1300 1195 1322 se
1214 1289 1388 1329 abdicavit,
1415 1294 1446 1321 et
1465 1289 1653 1331 efflagitanti
1682 1290 1712 1321 in
1741 1290 1788 1322 lo-

1040 1353 1111 1375 cum
1137 1343 1185 1375 sui
1213 1343 1311 1375 alium
1337 1342 1498 1382 substitui,
1525 1344 1564 1375 ab
1591 1343 1717 1376 iteratis
1741 1349 1786 1375 to-

1040 1397 1101 1430 tius
1123 1399 1302 1430 conventus
1320 1397 1472 1440 precibus
1503 1397 1548 1429 vis
1574 1397 1603 1429 ei
1631 1396 1785 1440 quodam-

1039 1451 1136 1484 modo
1152 1451 1238 1484 illata
1252 1456 1299 1484 est
1313 1456 1347 1483 ut
1365 1450 1579 1493 imposterum
1600 1455 1782 1483 exerceret.

1040 1504 1164 1537 Etenim
1182 1514 1246 1546 quo
1265 1503 1435 1536 sublimius
1452 1504 1491 1536 ad
1513 1503 1691 1536 sanctitatis
1718 1503 1785 1535 alti·

1041 1557 1187 1590 tudinem
1213 1557 1314 1589 Deum
1341 1557 1570 1599 cognoscendo
1593 1562 1624 1589 et
1648 1556 1786 1589 amando

1040 1610 1258 1649 ascendebam
1298 1620 1336 1642 eo
1380 1609 1514 1642 inferius
1552 1609 1718 1652 agnitione
1755 1615 1787 1641 et

1041 1667 1228 1706 contemptu
1256 1663 1304 1695 sui
1332 1673 1365 1696 se
1392 1662 1584 1695 dimittebat.
1604 1662 1677 1694 ideo
1700 1662 1787 1694 vilis-

1041 1717 1121 1749 sima
1147 1727 1297 1760 quaeque
1325 1717 1440 1749 domus
1473 1716 1586 1748 obibat
1615 1715 1728 1753 ossicia,
1756 1721 1787 1747 et

1041 1780 1138 1813 saepe
1158 1769 1298 1812 genibus
1325 1769 1413 1801 nexis
1439 1775 1471 1802 et
1495 1769 1673 1801 {luentibus
1698 1768 1786 1801 lacri·

1040 1823 1099 1855 niis
1125 1823 1249 1855 veniam
1276 1833 1293 1854 a
1319 1822 1385 1854 suis
1410 1822 1553 1865 petebat,
1581 1822 1667 1864 quod
1695 1822 1786 1854 malis

1040 1876 1198 1920 exemplis
1214 1876 1350 1909 aliorum
1366 1874 1491 1908 animos
1506 1874 1709 1908 oll'endisset.
1727 1874 1787 1907 Ob‘z

1041 1930 1158 1963 eximia
1176 1929 1308 1973 pietatis
1327 1940 1426 1973 opera
1444 1929 1707 1972 excellentesque
1727 1929 1786 1960 vir-

1041 1989 1126 2017 tutes
1153 1993 1310 2016 summam
1331 1983 1466 2025 gratiam
1494 1983 1631 2025 adeptus
1658 1987 1728 2015 erat
1754 1982 1785 2014 in

1040 2038 1113 2070 aula
1139 2036 1248 2079 regia;
1275 2035 1408 2079 plurimi
1435 2036 1520 2069 enim
1548 2035 1686 2068 faciebat
1711 2046 1783 2068 eum

1040 2090 1215 2123 Galliarum
1243 2089 1374 2132 regina;
1403 2094 1434 2122 et
1466 2089 1551 2133 apud
1578 2099 1690 2122 omnes
1718 2094 1783 2121 tum

1041 2144 1216 2187 episcopos
1236 2149 1301 2176 tum
1321 2143 1512 2183 cardinales,
1533 2144 1680 2186 aliosque
1706 2143 1784 2186 opti-

1040 2203 1139 2230 mates
1165 2203 1196 2230 et
1215 2197 1454 2230 ecclesiasticos
1482 2201 1513 2230 et
1538 2197 1734 2235 saeculares,
1753 2201 1782 2227 et

1039 2251 1125 2294 apud
1152 2261 1265 2283 omnes
1292 2250 1430 2283 cuiusvis
1460 2250 1603 2292 generis,
1629 2251 1727 2282 status
1754 2254 1785 2281 ct

1039 2303 1236 2336 conditionis
1264 2303 1414 2335 homines
1443 2314 1562 2345 magno
1596 2303 1627 2334 in
1654 2302 1782 2335 honore

1039 2362 1070 2390 et
1096 2356 1334 2390 existimatione
1374 2356 1567 2389 habebatur.
1602 2356 1672 2398 lpse
1708 2365 1782 2387 vero

1038 2421 1147 2443 eoram
1172 2410 1239 2443 Deo
1265 2409 1410 2442 omnium
1447 2409 1609 2442 bonorum
1647 2407 1783 2441 datore³

1077 2501 1086 2526 1
1112 2499 1188 2526 Edit.
1209 2499 1290 2526 lllain.
1313 2498 1395 2525 habet
1414 2498 1643 2525 christianorum
1662 2498 1701 2530 (n.
1718 2498 1768 2530 τ.).

1071 2545 1087 2570 2
1107 2544 1232 2570 Pessime
1252 2547 1355 2576 puncto
1382 2542 1489 2568 sublato
1517 2541 1581 2568 edit.
1610 2541 1693 2568 Maia.
1718 2540 1781 2576 legit

1036 2588 1199 2623 offendisset
1219 2588 1263 2621 ob,
1285 2590 1337 2613 etc.
1357 2587 1395 2621 (n.
1409 2587 1458 2619 'r.).

1071 2631 1086 2660 3
1108 2631 1177 2659 Edit.
1199 2631 1280 2659 Μαίη.
1304 2630 1369 2664 legit
1389 2630 1485 2659 datori
1504 2631 1602 2666 (tt.T.J.
