2232 3178
225 244 413 272 An.«:.1735
459 235 501 270 80

248 2063 321 2087 Sptilio
333 2063 406 2083 Came-

233 2095 257 2108 «ἢ
287 2095 327 2109 nnn
359 2092 407 2109 sunt

221 2115 320 2135 »abiet-ti.

222 2142 321 2162 rientiuiu
338 2143 364 2163 ab
376 2149 406 2163 in·
734 2159 739 2165 .
1084 2160 1089 2165 ·

222 2169 404 2219 ¹‹⁹Zl1²¹¹a⁰n{'1i.⁰³²s⁰
418 2162 457 2194 ab
482 2163 644 2200 intestato,
664 2165 694 2193 et
715 2170 784 2193 stne
803 2160 867 2192 ulla
885 2160 934 2192 vel
956 2170 1028 2192 cum
1049 2170 1156 2192 minus

235 2201 238 2205 ’
271 2202 277 2210 ⁸
348 2203 386 2217 [180

221 2223 336 2247 pertinent,

422 305 558 328 neorum
584 300 616 328 et
647 294 790 328 affinium
816 304 851 326 ac
881 302 1161 337 quorumcumque

421 349 566 381 locorum
593 348 722 391 piorum
749 347 889 379 favorem
917 351 949 379 et
978 356 1092 385 usum,
1127 356 1162 378 ac

420 402 499 435 alias
525 412 582 444 pro
608 401 742 434 arbitrio
768 405 799 433 ct
819 401 981 433 voluntate
1000 399 1112 432 vestris
1130 404 1161 431 et

419 455 592 488 cuiuslibet
617 459 759 487 vestrum
785 453 943 486 absolutis
970 453 1103 493 testari,
1130 457 1161 485 et

421 514 630 548 testamento,
665 507 846 546 codicillis,
876 505 1158 546 fideicommissis,

417 561 533 603 legatis
552 587 560 600 ,
588 560 820 593 donationibus
848 565 910 592 tarn
950 559 1034 592 inter
1074 558 1160 592 vivos

418 625 513 657 quain
539 615 634 646 causa
659 613 784 653 mortis,
811 618 842 646 et
858 613 929 646 aliis
954 613 1160 656 quibuscum-

418 678 480 710 que
506 667 609 700 modis
635 672 666 699 et
691 667 812 707 titulis,
845 666 1027 709 scriptura,
1063 666 1159 699 etiam

417 720 522 752 minus
549 720 709 760 solemni,
743 730 849 753 coram
876 719 1003 752 duobus
1028 720 1076 752 vel
1103 719 1159 752 tri-

416 774 497 812 bus,
522 779 572 806 aut
600 773 695 806 etiam
727 773 842 806 cedula
869 774 938 806 sola
971 783 1068 805 manu
1107 782 1158 805 ve-

416 828 480 858 stra
506 826 626 869 scripta
649 828 698 860 vel
723 827 928 870 subscripta,
956 832 987 860 et
1012 825 1091 859 alias
1125 826 1156 858 in

416 880 565 913 omnibus
592 886 623 913 et
647 891 704 924 per
728 880 837 913 omnia
863 885 960 923 prout
978 884 1008 912 et
1026 889 1157 922 quomo·

416 933 539 967 delibet
563 933 654 966 vobis
679 933 860 972 videbitur,
887 933 982 966 etiam
1019 933 1052 964 in
1088 933 1158 975 ipsa

415 987 517 1026 (juria,
539 992 570 1019 et
595 987 627 1019 in
654 986 765 1019 mortis
791 986 937 1026 articulo,
953 985 1050 1018 etiam
1068 986 1157 1018 nulla

415 1041 497 1072 facta
522 1040 689 1073 mentione
715 1039 897 1082 praesentis
933 1039 982 1071 vel
1017 1038 1155 1071 aliarum

415 1093 505 1126 vobis
520 1104 579 1137 pro
596 1098 740 1136 tempore
758 1102 984 1126 concessarum
1003 1091 1155 1124 similium

416 1147 625 1187 facultatum,
663 1152 717 1179 aut
754 1146 839 1190 quod
876 1146 908 1178 in
938 1147 999 1178 vim
1027 1145 1154 1178 illarum

415 1200 524 1233 testari
555 1211 611 1232 seu
645 1199 817 1242 disponere
849 1199 956 1232 velitis
987 1203 1018 1231 et
1047 1197 1155 1231 inten-

417 1254 519 1292 datis,
545 1253 644 1286 semel
670 1257 766 1295 atque
799 1252 915 1285 iterum
949 1257 1002 1284 aut
1034 1251 1155 1294 pluries

416 1307 610 1350 disponere,
637 1311 776 1338 statuero
802 1311 833 1338 et
862 1305 1014 1338 ordinare
1031 1332 1038 1345 ,
1076 1304 1157 1337 itaut

416 1360 570 1404 quicquid
598 1364 774 1399 testatum,
800 1364 951 1401 gestum,
984 1364 1038 1391 aut
1072 1358 1156 1391 ordi-

416 1419 546 1453 natum,
583 1424 638 1446 seu
675 1413 755 1446 alias
793 1412 988 1455 dispositum
1021 1423 1038 1444 a
1067 1411 1156 1444 vobis

417 1467 530 1506 fuerit,
557 1467 652 1499 etiam
681 1466 712 1498 in
737 1465 800 1498 vim
825 1465 982 1509 simplicis
1008 1464 1156 1498 distribu-

417 1519 526 1559 tionis,
552 1530 588 1552 ac
613 1520 692 1552 alias
718 1519 805 1551 omni
831 1519 894 1551 alio
912 1519 1041 1552 meliori
1061 1518 1156 1551 modo

414 1575 540 1613 valeat,
566 1578 598 1606 et
622 1573 743 1605 servari
769 1573 907 1612 debeat,
940 1572 1074 1614 ipsaque
1113 1576 1156 1604 te—

414 1633 595 1665 stamenta,
622 1626 790 1659 codicillos
806 1652 813 1664 ,
841 1630 873 1657 et
897 1625 1126 1668 dispositiones
1147 1652 1153 1664 ,

415 1680 656 1721 ordinationes,
682 1680 789 1721 legata
814 1684 845 1711 et
870 1683 989 1710 statuta
1014 1677 1154 1720 pluries,

415 1745 450 1767 ac
485 1734 580 1767 toties
614 1733 742 1776 quoties
768 1732 859 1765 vobis
883 1732 1063 1773 videbitur,
1091 1743 1156 1765 mo-

416 1787 533 1828 derari,
560 1787 713 1827 limitare,
740 1797 777 1819 ac
803 1786 898 1819 etiam
924 1785 956 1818 in
983 1791 1082 1819 totum
1109 1796 1157 1818 re-

415 1852 541 1881 vocare,
569 1845 601 1874 et
626 1840 687 1873 alia
713 1840 752 1873 de
778 1850 864 1872 novo
896 1839 1036 1872 condere
1055 1839 1156 1872 libere

416 1900 448 1927 et
472 1894 558 1928 licite
582 1893 728 1934 valeatis,
755 1892 946 1925 auctoritate
978 1893 1156 1935 apostolica

417 1948 603 1980 earumdem
631 1952 741 1980 tenore
775 1945 991 1989 praesentium
1026 1947 1156 1989 plenam

417 2007 448 2034 et
473 2000 606 2034 liberam
632 2000 839 2033 concedimus
864 2000 1059 2032 facultatem.

461 2057 475 2096 ᾗ
502 2054 530 2087 8.
557 2054 594 2086 Ει
615 2053 751 2096 insuper
776 2052 944 2085 statuimus
970 2058 1001 2085 et
1026 2052 1157 2086 ordina-

362 2116 501 2147 tio-mus,
531 2107 686 2150 vobisque
713 2107 930 2148 indulgemus,
952 2107 1038 2149 quod
1058 2106 1081 2138 si
1102 2117 1156 2139 vos

416 2215 520 2248 valida
545 2215 709 2247 bonorum
734 2219 766 2245 et
791 2223 898 2245 rerum
924 2224 960 2246 ac
982 2214 1154 2252 fructuum,

417 2268 602 2301 reddituum
628 2272 659 2299 et
684 2271 899 2309 proventuum
915 2266 1156 2309 praedictorum

417 2319 649 2363 dispositione,
676 2319 708 2351 in
739 2318 822 2351 dicta
858 2318 951 2351 Curia
986 2319 1034 2351 vel
1070 2325 1158 2352 extra

417 2385 506 2413 eam,
544 2380 606 2406 tam
642 2373 796 2406 continua
832 2383 925 2415 quam
961 2372 1158 2416 interpolata

418 2428 497 2461 inibi
515 2427 690 2460 cuiuslibet
709 2430 851 2459 vestrum
870 2426 1052 2469 respective
1075 2436 1158 2460 man-

417 2482 521 2521 sione,
547 2491 584 2514 ac
609 2480 705 2513 etiam
732 2484 821 2513 extra
856 2479 1017 2512 beneficia
1053 2484 1158 2512 vestra

417 2535 467 2567 vel
495 2534 558 2567 alia
590 2535 661 2566 loca
697 2532 826 2566 debitae
852 2543 870 2565 a
894 2531 984 2565 vobis
1010 2532 1158 2565 residen-

419 2588 483 2621 tiae
510 2587 705 2630 personalis,
732 2586 828 2619 etiam
847 2587 936 2620 nulla
961 2585 1159 2619 subsistente

419 2644 525 2682 causa,
551 2641 590 2674 ab
616 2640 768 2675 humanis
794 2639 967 2680 decedatis,
992 2638 1100 2673 omnia
1128 2644 1159 2672 et

1007 242 1194 269 ssuLLAnluM
1216 240 1372 267 Romnum

1204 290 1333 333 singula
1364 291 1468 332 bona,
1503 302 1555 325 res
1588 297 1620 325 et
1655 293 1745 333 iura,
1780 293 1875 327 etiam
1912 298 1945 325 ut

1204 345 1387 387 praefertur
1426 345 1634 388 qualificata,
1673 357 1798 379 necnon
1838 347 1945 390 spolia

1204 399 1436 441 cuiuscumque
1462 399 1651 441 quantitatis
1677 405 1708 432 et
1738 400 1853 433 valoris
1878 400 1944 433 exi-

1204 452 1329 492 stentia,
1357 453 1455 485 etiam
1480 463 1516 485 ex
1543 452 1719 495 praedictis
1740 458 1770 486 et
1787 453 1864 486 alias
1885 463 1945 486 un-

1204 505 1384 548 decumque
1420 505 1666 548 provenientia,
1701 506 1740 538 ad
1778 505 1943 539 Cameram

1203 558 1424 601 Apostolicam
1450 569 1505 591 seu
1524 558 1554 590 in
1574 558 1667 591 dietis
1688 558 1855 591 beneficiis
1872 570 1944 592 suc-

1203 622 1349 644 cessores
1376 623 1440 645 non
1466 612 1668 655 pertineant,
1691 612 1746 645 sed
1773 612 1811 644 ad
1832 612 1944 645 baere-

1203 665 1259 698 des
1286 665 1380 698 vestri
1407 665 1572 707 sanguinis
1605 665 1730 707 integre
1755 665 1940 705 deveniant,

1203 722 1251 757 et,
1277 717 1342 750 illis
1378 718 1623 758 deficientibus,
1649 718 1735 751 inter
1769 718 1943 751 familiares

1203 775 1335 811 vestros,
1361 771 1495 804 arbitrio
1521 782 1680 814 personae
1706 782 1763 804 seu
1789 781 1943 815 persona-

1203 835 1273 857 rum
1299 836 1378 868 quas
1404 825 1443 858 ad
1467 825 1499 858 id
1525 825 1647 868 scripto
1674 825 1916 859 nominaveritis
1933 853 1940 866 ,

1203 877 1453 918 distribuantur,
1481 878 1540 911 nisi
1578 878 1616 912 de
1641 879 1703 912 alia
1729 878 1942 922 dispositione

1202 931 1250 963 vel
1289 930 1471 964 intentione
1509 933 1614 964 vestra
1650 932 1809 974 scriptula
1845 931 1941 964 etiam

1201 983 1306 1016 minus
1333 984 1470 1016 solemni
1497 994 1590 1017 secus
1622 989 1813 1027 appareret,
1840 994 1937 1027 quam

1203 1041 1277 1068 tunc
1302 1037 1388 1070 velut
1409 1036 1572 1070 efficacem
1599 1037 1688 1080 ipsae
1713 1047 1872 1080 personae
1890 1038 1940 1070 vel

1200 1088 1255 1121 alii
1281 1089 1406 1122 iudices
1431 1100 1489 1122 seu
1508 1096 1696 1123 executores
1717 1090 1849 1122 omnino
1871 1101 1941 1123 exe-

1201 1141 1256 1185 qui
1283 1147 1314 1174 et
1331 1142 1522 1186 adimplere,
1545 1143 1658 1186 illique
1679 1153 1713 1175 se
1734 1143 1940 1177 conformare

1200 1195 1231 1227 in
1259 1196 1410 1229 omnibus
1436 1201 1468 1229 et
1493 1206 1551 1239 per
1577 1197 1685 1229 omnia
1716 1197 1874 1236 debeant;
1909 1201 1941 1229 et

1200 1249 1413 1283 nihilominus
1438 1260 1660 1292 quaecumque
1682 1249 1867 1283 huiusmodi
1894 1255 1940 1283 te-

1200 1308 1381 1344 stamenta,
1407 1304 1536 1345 legata,
1565 1303 1774 1342 donationes,
1801 1303 1940 1347 disposi-

1201 1358 1326 1396 tiones,
1359 1361 1390 1388 et
1415 1356 1477 1388 alia
1514 1356 1623 1389 forsan
1650 1367 1666 1388 a
1691 1355 1803 1395 vobis,
1840 1356 1939 1389 etiam

1199 1408 1287 1441 nulla
1313 1410 1363 1442 vel
1388 1408 1494 1441 minus
1511 1408 1684 1442 sufficienti
1703 1410 1853 1443 facultate
1880 1410 1940 1442 sus-

1200 1462 1296 1503 fultis‚
1324 1463 1363 1495 de
1390 1462 1578 1496 huiusmodi
1612 1462 1719 1503 bonis,
1749 1462 1886 1503 iuribus,
1911 1474 1940 1496 a·

1199 1515 1372 1554 ctionibus,
1398 1516 1567 1556 fructibus,
1596 1516 1754 1558 pecuniis,
1781 1516 1938 1549 iocalibus

1199 1569 1340 1612 aliisque
1366 1570 1465 1602 rebus
1486 1569 1692 1612 supradietis
1720 1570 1816 1602 etiam
1842 1569 1873 1602 in
1894 1570 1940 1603 fa-

1199 1633 1306 1654 vorem
1320 1621 1636 1664 consanguineorum
1653 1626 1684 1654 et
1697 1622 1838 1655 affinium
1849 1632 1940 1665 prae-

1200 1675 1361 1708 dictorum
1388 1680 1420 1707 et
1455 1675 1535 1708 alias
1561 1675 1807 1718 quomodolibet
1841 1676 1938 1716 facta,

1200 1740 1270 1762 cum
1297 1728 1447 1762 omnibus
1471 1729 1547 1762 inde
1572 1729 1702 1770 secutis,
1722 1739 1759 1762 ac
1786 1731 1881 1762 etiam
1902 1740 1941 1763 ea

1200 1793 1282 1826 quae
1307 1793 1367 1826 per
1392 1792 1446 1815 vos
1470 1782 1503 1814 in
1530 1782 1670 1815 futurum
1688 1781 1776 1823 fient,
1799 1793 1835 1815 ex
1855 1793 1940 1815 nunc

1199 1840 1297 1879 prout
1322 1845 1357 1868 ex
1395 1839 1472 1867 tunc
1504 1840 1535 1868 et
1561 1845 1577 1867 e
1603 1841 1732 1875 contra,
1758 1845 1816 1878 pro
1853 1835 1939 1868 dicta

1201 1890 1325 1922 summa
1356 1899 1410 1922 sex
1436 1888 1575 1921 millium
1602 1889 1792 1922 ducatorum
1819 1899 1939 1932 appro-

1200 1943 1314 1976 bamus
1340 1948 1372 1976 et
1396 1942 1651 1983 confirmamus,
1691 1953 1868 1986 omnesque
1909 1947 1940 1976 et

1200 1996 1347 2039 singulos
1379 1995 1458 2028 iuris
1483 2001 1514 2028 et
1538 1996 1611 2028 facti
1636 2006 1671 2028 ac
1696 1996 1939 2029 solemnitatum

1200 2050 1389 2083 emissarum
1409 2055 1439 2082 et
1456 2049 1706 2082 omittendarum
1724 2060 1852 2082 necnon
1866 2049 1940 2082 sub-

1199 2105 1364 2137 stantiales
1397 2103 1544 2146 aliosque
1581 2103 1727 2135 defectus
1765 2113 1939 2145 quoscum-

1199 2168 1275 2201 que,
1302 2157 1325 2190 si
1353 2157 1406 2200 qui
1433 2156 1669 2189 intervenerint
1686 2160 1741 2188 aut
1765 2155 1939 2189 intervene-

1201 2216 1275 2243 runt
1301 2211 1333 2243 in
1359 2210 1499 2251 eisdem,
1526 2209 1651 2242 etiamsi
1680 2210 1760 2242 tales
1797 2208 1863 2242 sint
1887 2209 1937 2242 vel

1200 2264 1320 2297 fuerint
1345 2264 1432 2307 quod
1458 2262 1606 2306 specialis
1631 2262 1781 2305 specifica
1818 2267 1850 2295 et
1885 2272 1939 2295 ex-

1201 2328 1312 2361 pressa
1337 2317 1376 2350 de
1401 2317 1466 2350 illis
1491 2316 1613 2350 mentio
1631 2316 1856 2359 praesentibus
1882 2316 1939 2349 ha-

1199 2371 1308 2404 benda
1333 2376 1429 2411 esset,
1447 2371 1652 2414 supplemus.

1243 2425 1258 2468 ἓ
1283 2424 1315 2458 9.
1341 2423 1522 2457 Districtius
1552 2423 1741 2456 inhibentes
1774 2422 1939 2466 quibusvis
1975 2428 2053 2449 nomm
2068 2415 2133 2456 vriit-

1948 2455 2050 2480 legiorum
2068 2456 2133 2476 tirmi-

1793 2476 1864 2509 μιῆς
1889 2487 1940 2510 ec-
1950 2483 1983 2502 tas
1994 2484 2014 2502 et
2028 2485 2132 2511 perpetua

1949 2508 2092 2529 observantia.

1200 2477 1456 2522 archiepiscopis
1471 2504 1478 2517 ‚
1504 2476 1668 2520 episcopis
1683 2503 1690 2516 ,
1715 2481 1769 2509 aut

1200 2532 1371 2565 clesiarum
1411 2530 1582 2575 praelatis,
1619 2540 1746 2563 necnon
1785 2530 1938 2564 Gamerae

1200 2585 1388 2628 praedictae
1425 2583 1688 2628 praesidentibus
1725 2582 1866 2623 clericis,
1902 2593 1938 2615 ac

1201 2648 1326 2679 eorum,
1351 2648 1477 2671 necnon
1502 2637 1644 2671 fabricae
1669 2636 1822 2670 basilicae
1846 2635 1938 2669 Prin-

1956 242 2007 269 Αιι,
2026 243 2054 269 C.
2075 243 2143 272 ¹735
