2232 3178
296 185 477 213 An.c.1737

525 177 588 205 erqo

528 196 588 210 ..k—1

489 236 564 267 lium
592 236 693 268 oculis
718 234 972 278 conspiceretur,
998 235 1096 269 veluti
1123 235 1228 277 signa-

489 290 597 321 culum
624 288 719 321 divini
747 288 865 320 amoris
892 288 1042 320 dilectam
1067 289 1227 322 hortantis

490 348 520 374 et
538 342 693 374 dicentis:
716 342 805 374 Pone
831 351 879 373 mc
897 346 932 373 ut
951 341 1158 384 siqnaculum
1178 352 1229 374 su-

488 405 546 437 per
566 405 619 426 cor
638 399 726 426 (uum
738 422 746 433 ,
766 398 800 426 ul
819 394 1029 436 sismctculum
1046 405 1143 437 super
1159 394 1230 427 bra-

491 448 601 479 chium
628 451 733 479 tumn.

534 501 548 542 ξ
573 500 624 532 021.
653 500 709 532 L'bi
736 505 841 532 autem
881 500 953 532 felix
987 500 1147 542 beataque
1181 500 1230 532 Iu-

462 546 595 585 'l-'lianae
621 563 707 585 mors
733 553 842 585 audita
869 558 931 592 est,
958 553 1039 585 sama
1066 553 1134 586 eius
1160 563 1230 585 san-

460 624 477 636 ls
512 605 606 636 [itatis
640 611 671 637 et
706 616 788 637 novo
819 610 914 648 atque
950 605 1095 638 inaudito
1125 615 1230 638 sacro-

372 676 396 689 ω,
415 677 426 689 ,Α
447 651 620 690 [ἷζῖςαιιιῑιηο
648 658 774 690 hostiae
808 658 966 691 miraculo
999 658 1135 690 excitata
1167 661 1230 690 tota

295 700 404 718 sanantur.

492 711 591 743 ferme
618 711 809 743 Florentina
831 711 942 743 civitas
961 711 1144 754 perplures
1162 710 1229 743 dies

491 765 528 796 ad
555 764 694 806 Virginis
730 764 849 797 Mariae
874 764 1094 797 Annunciatae
1119 764 1231 797 basili-

491 828 558 849 cam
585 818 755 857 confluxit,
784 828 909 850 sacrum
948 818 1079 860 virginis
1111 827 1230 860 corpus

491 870 627 914 Spiritus
653 871 757 903 Sancti
786 872 941 914 templum
966 875 1170 904 veneratnra.
1193 870 1232 903 Ut

492 935 567 957 vero
586 923 837 965 benignissimus
855 924 936 956 Deus
954 925 1104 957 ancillam
1125 934 1229 963 suam,

493 987 589 1020 quam
623 976 752 1009 caelesti
780 982 811 1010 et
836 976 1098 1009 immarcessibili
1129 976 1232 1019 gloria

493 1031 688 1067 donaverat,
717 1029 892 1072 gloriosam
928 1040 1056 1072 quoque
1081 1029 1112 1062 in
1139 1030 1232 1062 terris

493 1084 658 1123 efficeret,
696 1084 734 1115 ad
773 1084 878 1116 solum
911 1083 999 1116 illius
1036 1083 1145 1116 seretri
1179 1089 1233 1115 aut

492 1136 587 1169 vestis
620 1141 800 1169 contactum
837 1136 982 1169 infirmos
1022 1136 1180 1180 plurimos
1216 1147 1232 1168 a

493 1190 588 1223 variis
612 1190 800 1222 morborum
837 1190 1011 1232 generibus
1042 1190 1233 1223 mirabiliter

494 1243 654 1276 liberavit.
682 1242 913 1282 Quamobrem,
940 1243 978 1275 ab
1004 1243 1149 1276 eiusdem
1168 1243 1234 1276 obi-

497 1297 545 1328 tns
571 1295 621 1328 die
643 1306 745 1338 nsque
780 1295 810 1327 in
837 1305 993 1338 praesens
1016 1300 1047 1328 et
1072 1295 1233 1328 miraculis

495 1349 629 1382 illustris
662 1355 693 1381 et
724 1349 836 1381 beatae
871 1354 1068 1392 sanctaeque
1102 1350 1233 1381 nomine

495 1408 676 1445 nuncupata
695 1429 702 1443 ‚
728 1402 859 1445 populis
883 1402 922 1434 ad
948 1402 1016 1435 eius
1042 1413 1149 1435 sacras
1174 1413 1230 1435 co-

496 1457 609 1488 lendas
627 1455 755 1488 exuvias
776 1456 921 1498 undique
946 1455 1184 1488 confluentibus
1202 1456 1232 1488 in

495 1509 580 1542 cultu
607 1519 770 1552 nunquam
802 1508 990 1540 intermisso
1025 1508 1137 1540 habita
1173 1514 1231 1541 est.

495 1562 559 1595 Nec
585 1564 689 1595 solum
727 1562 758 1594 in
796 1561 943 1601 Etruria,
970 1562 1026 1594 sed
1060 1562 1092 1594 in
1126 1561 1235 1594 multis

496 1616 591 1648 etiam
617 1615 704 1648 orbis
723 1615 890 1647 christiani
910 1615 1087 1657 provinciis
1119 1615 1236 1648 ancilla

495 1669 549 1701 Dei
572 1671 693 1701 sumina
720 1668 840 1700 iamdiu
865 1669 1077 1702 veneratione
1103 1669 1234 1708 colitur;

496 1723 549 1755 ubi
587 1733 717 1764 quoque
743 1722 837 1764 plura
867 1731 1029 1754 sacrarum
1071 1722 1233 1765 virginum

497 1774 692 1808 monasteria
709 1775 864 1807 lulianam
883 1774 980 1807 veluti
998 1779 1132 1807 matrem
1148 1785 1236 1808 suam

497 1839 533 1861 ac
556 1827 652 1860 Tertii
677 1827 806 1860 Ordinis
831 1827 1003 1861 Servorum
1038 1827 1156 1861 Mariae
1193 1828 1236 1860 in-

498 1881 687 1914 stitutricem
705 1885 910 1920 venerantur,
933 1881 1070 1924 eiusque
1090 1882 1235 1924 regulam

497 1945 515 1967 a
541 1934 642 1967 felicis
678 1934 914 1967 recordationis
951 1934 1139 1967 Innocentio
1180 1934 1237 1967 Pa-

498 1997 536 2030 pa
561 1987 625 2020 VIII
650 1991 681 2020 et
706 1987 841 2020 Martino
867 1987 952 2030 Papa
977 1987 1016 2026 V,
1043 1988 1237 2030 praedeces-

498 2041 625 2073 soribus
652 2040 786 2079 nostris,
813 2050 899 2073 anno
924 2049 1073 2080 ncnxxm
1098 2051 1162 2074 xvn
1187 2041 1237 2074 ka-

498 2094 609 2126 lendas
635 2093 759 2136 aprilis,
785 2093 997 2136 approbatam
1023 2093 1236 2137 profit-entur:

499 2147 577 2190 quin
603 2147 696 2179 etiam
711 2146 813 2179 felicis
831 2147 1066 2179 recordationis
1083 2147 1198 2179 Paulus
1216 2146 1237 2177 V

499 2199 732 2242 praedecessor
756 2203 884 2237 noster,
910 2199 943 2230 in
970 2199 1036 2230 suis
1061 2199 1178 2231 litteris
1205 2198 1237 2231 in

499 2252 601 2285 forma
626 2252 733 2284 Brcris
767 2251 848 2284 datis
881 2261 912 2284 lv
944 2251 1014 2284 idus
1046 2251 1118 2284 maii
1153 2262 1237 2285 anno

499 2314 623 2339 mccvii}
661 2305 699 2337 ad
736 2305 840 2337 clarae
875 2304 1052 2337 memoriae
1086 2304 1238 2337 lulianam

500 2357 681 2400 Gonzagam
715 2357 921 2390 archiducem
962 2357 1109 2389 Austriae
1150 2367 1240 2399 prae-

501 2411 555 2443 l'ati
581 2410 709 2443 Ordinis
745 2410 923 2453 professam
957 2415 987 2443 et
1013 2411 1044 2443 in
1070 2410 1240 2444 Germania

502 2463 784 2504 restauratricem,
822 2463 937 2496 Beatae
963 2468 1058 2506 atque
1096 2463 1241 2496 eiusdem

502 2515 637 2547 instituti
664 2515 820 2549 Patronae
856 2515 948 2548 titulo
980 2514 1134 2548 lulianam
1168 2526 1241 2548 con-

503 2568 679 2602 decoravit.

1078 186 1257 211 BULLARIUM
1284 187 1435 212 ROMANUM

1317 236 1331 279 ἓ
1356 235 1409 268 02⁶2.
1437 235 1533 269 Fama
1558 247 1633 270 vero
1659 237 1746 270 illius
1775 237 1951 271 sanctitatis
1976 248 2012 271 ac

1274 289 1504 322 miraculorum
1542 289 1572 322 in
1609 290 1678 323 dies
1716 290 2011 333 percrebescente,

1274 352 1358 375 anno
1384 342 1620 376 sexcentesimo
1647 343 1848 385 sexagesimo
1873 343 2012 386 septimo

1274 405 1371 437 supra
1389 396 1597 428 millesimum
1616 407 1632 428 a
1657 396 1728 439 piae
1750 396 1926 429 memoriae
1944 396 2011 430 Cle-

1275 452 1382 480 mente
1415 448 1453 479 lx
1487 448 1612 491 signata
1650 449 1709 480 suit
1742 448 1925 482 commissio
1957 448 2009 481 in-

1276 500 1486 533 troductionis
1519 512 1633 534 causae
1671 502 1948 542 canonizationis,
1973 502 2011 535 ad

1275 553 1424 586 effectum
1451 554 1545 586 etiam
1582 555 1858 597 recognoscendi,
1885 560 1919 587 ut
1943 566 2013 588 cau-

1276 606 1336 639 tius
1360 607 1390 639 in
1419 617 1452 639 re
1480 613 1541 639 tam
1569 607 1657 650 gravi
1682 607 1925 651 procederetur,
1944 608 2014 640 eius

1275 659 1409 692 virtutes
1447 665 1478 692 et
1503 660 1666 692 miracula.
1696 660 1739 693 Ac
1775 660 1894 693 deinde
1930 670 2014 694 anno

1276 721 1441 745 nncrxxui
1458 739 1465 753 ‚
1492 723 1591 756 super
1616 712 1760 746 eiusdem
1796 714 1882 746 cultu
1908 712 2016 746 imme-

1276 764 1425 797 morabili
1452 770 1483 796 et
1508 775 1583 797 casu
1609 770 1753 808 excepto,
1772 776 1924 809 processu
1942 766 2015 799 Flo-

1277 816 1400 849 rentiae
1438 817 1611 857 fabricato,
1638 818 1753 851 iudicis
1778 818 1917 861 delegati
1943 829 2015 852 sen-

1278 868 1376 901 tentia
1401 880 1461 912 pro
1488 870 1575 902 cultu
1609 870 1859 904 immemorabili
1886 876 1916 904 et
1941 882 2015 904 casu

1277 927 1413 965 excepto
1439 923 1618 963 emanarit,
1645 935 1727 966 quae
1754 925 1792 956 ad
1820 924 2015 957 relationem

1278 975 1381 1007 bonae
1407 969 1581 1008 memoriae
1607 976 1691 1009 Decii
1718 976 1749 1010 S.
1767 977 1803 1009 R.
1823 977 1858 1010 E.
1886 976 2016 1010 diaconi

1277 1028 1450 1060 cardinalis
1483 1029 1624 1061 Azzolini
1656 1030 1832 1073 nuncupati
1871 1029 2016 1063 habitam

1277 1080 1392 1113 diebus
1429 1091 1458 1114 ix
1486 1087 1516 1113 et
1549 1091 1633 1114 xxvn
1659 1083 1781 1115 mensis
1818 1082 1886 1115 iulii
1927 1093 2014 1116 anno

1277 1134 1518 1167 sexcentesimo
1551 1135 1798 1178 septuagesimo
1824 1140 1936 1169 octavo
1964 1147 2018 1169 su-

1277 1196 1335 1229 pra
1360 1187 1566 1219 millesimum
1592 1198 1609 1220 a
1634 1187 1718 1220 Sede
1741 1188 1925 1232 Apostolica
1943 1199 2018 1222 con-

1278 1239 1402 1272 firmata
1429 1240 1497 1272 suit.
1527 1240 1641 1273 Felicis
1680 1247 1785 1274 autem
1820 1242 2018 1276 recordatio-

1279 1292 1326 1324 nis
1362 1293 1569 1326 lnnocentius
1605 1294 1656 1327 XII
1693 1295 1808 1328 diebus
1844 1306 1860 1327 x
1898 1296 2018 1329 mensis

1278 1346 1417 1379 ianuarii
1445 1353 1475 1380 et
1500 1358 1563 1381 xvn
1589 1348 1732 1381 octobris
1765 1349 1840 1382 anni
1874 1359 2019 1383 nncxcm

1279 1399 1428 1433 universo
1466 1400 1578 1433 Ordini
1615 1401 1789 1434 Servorum
1825 1402 1860 1435 B.
1899 1402 2018 1436 Mariae

1279 1452 1418 1495 Virginis
1444 1458 1474 1485 et
1499 1453 1708 1487 Florentinae
1741 1455 1860 1488 civitati
1887 1455 2019 1489 faculta-

1281 1511 1342 1538 tem
1368 1506 1504 1539 indulsit
1529 1507 1568 1539 de
1594 1506 1647 1540 illa
1673 1508 1860 1541 celebrandi
1886 1508 2018 1541 missam

1280 1564 1312 1591 et
1337 1559 1478 1592 officium
1503 1560 1542 1593 de
1568 1561 1734 1593 communi
1774 1561 1933 1604 virginum
1958 1560 2019 1595 sub

1280 1611 1343 1643 ritu
1380 1611 1607 1655 semiduplici;
1645 1623 1740 1655 quam
1780 1613 1898 1647 deinde
1935 1624 2020 1648 anno

1279 1674 1376 1708 supra
1409 1665 1617 1698 millesimum
1650 1666 1941 1709 septingentesimo
1967 1668 2022 1701 de-

1280 1718 1362 1751 cimo
1388 1723 1518 1759 octavo,
1546 1718 1597 1751 die
1623 1730 1638 1751 x
1665 1720 1785 1753 mensis
1806 1720 2018 1763 septembris,

1280 1770 1318 1803 ad
1344 1770 1439 1803 ritum
1466 1771 1629 1815 duplicem
1657 1772 1793 1805 elevavit
1817 1773 1890 1816 piae
1915 1783 2023 1807 recor-

1280 1824 1421 1857 dationis
1434 1824 1583 1858 Clemens
1601 1826 1639 1858 XI
1655 1827 1888 1869 praedecessor
1903 1832 2022 1867 noster,

1281 1888 1320 1910 eo
1345 1879 1433 1921 quod
1464 1879 1499 1911 B.
1532 1879 1686 1912 lulianam
1719 1879 1818 1913 Tertii
1850 1879 2021 1914 Servorum

1279 1931 1409 1965 Ordinis
1434 1932 1649 1964 fundatricem
1683 1933 1784 1966 fuisse
1820 1939 2021 1976 compertum

1281 1985 1406 2017 habuit.
1435 1985 1529 2017 Anno
1566 1985 1709 2028 denique
1739 1995 1942 2026 MDCGxxvm,
1969 1986 2022 2020 die

1279 2048 1316 2071 xx
1341 2037 1461 2070 mensis
1486 2038 1604 2078 martii,
1623 2049 1639 2071 a
1660 2038 1763 2072 felicis
1786 2039 2022 2073 recordationis

1281 2091 1458 2124 Benedicto
1495 2091 1563 2124 XIII
1609 2092 1864 2135 praedecessore
1910 2096 2023 2127 nostro

1281 2144 1478 2188 approbatae
1505 2144 1638 2177 suerunt
1673 2145 1833 2178 lectiones
1869 2145 2023 2189 propriae

1282 2196 1428 2230 eiusdem
1452 2196 1550 2230 officii
1576 2208 1648 2230 cum
1667 2196 1788 2240 hymno
1806 2203 1838 2231 et
1861 2198 2022 2239 oratione,

1283 2250 1398 2293 dieque
1424 2259 1468 2283 v11
1492 2250 1615 2283 mensis
1636 2251 1763 2293 augusti
1782 2250 1928 2284 eiusdem
1948 2251 2023 2284 anni

1283 2304 1315 2336 B.
1342 2303 1483 2336 Iulianae
1521 2313 1640 2336 nomen
1666 2313 1737 2336 cum
1769 2304 1877 2347 elogio
1901 2303 2025 2338 inscri-

1283 2361 1373 2400 ptum
1400 2362 1449 2389 est
1473 2355 1506 2389 in
1532 2356 1765 2400 martyrologio
1790 2367 1937 2390 romano.

1327 2410 1342 2453 ἓ
1359 2409 1412 2443 ⁶23.
1432 2409 1560 2442 Interea
1577 2409 1749 2452 temporis,
1767 2411 1861 2443 cansa
1878 2409 2024 2443 eiusdem

1284 2462 1537 2496 canonizationis
1564 2461 1595 2495 in
1621 2464 1710 2495 sacra
1732 2462 1862 2495 Rituum
1884 2461 2025 2506 Congre-

1284 2516 1416 2559 gatione
1441 2520 1564 2549 mature
1591 2515 1743 2557 discussa,
1763 2525 1848 2549 anno
1866 2524 2022 2557 mcccxxv,

1286 2569 1336 2603 die
1354 2580 1372 2603 v
1389 2569 1509 2603 mensis
1528 2568 1697 2611 februarii,
1715 2569 1754 2603 ab
1780 2568 1896 2604 eodem
1912 2568 2022 2604 Ponti·

2017 189 2068 216 An.
2086 189 2115 217 C.
2137 190 2203 218 ¹737

2049 251 2101 272 Aeta
2119 254 2205 275 canoni·

2024 278 2121 299 zationis.

2074 2416 2165 2437 numen
2179 2414 2219 2437 inl-L

2037 2443 2117 2464 raculo·
2124 2449 2164 2464 um.
