2232 3178
295 248 331 274 Λη
361 247 391 276 c.
410 247 477 276 {738
523 240 588 274 460

488 297 759 334 constitutioniluis,
777 307 863 336 quam
888 297 911 327 si
929 302 1048 336 propter
1070 298 1142 327 alias
1165 298 1227 327 cul-

489 356 538 384 pas
562 347 588 375 id
613 350 794 383 mori-antur,
813 346 875 375 sine
891 346 1068 384 obligatione
1085 346 1224 376 reddendi

488 404 604 423 causam
628 399 654 424 et
678 394 843 432 rationein,
868 404 919 424 cur
941 395 979 424 ita
1014 396 1078 432 liat,
1104 395 1159 424 nisi
1183 405 1228 424 sa-

488 452 553 471 crae
575 442 797 480 Congrcgationi
828 447 877 472 aut
909 443 1053 482 superiori
1083 444 1248 481 generali,¹

488 491 604 529 quando
638 491 795 529 requisitus
830 492 932 521 suerit.
969 492 1038 521 ltem
1072 492 1248 523 admitterei

487 540 726 569 renunciationes
749 540 923 577 officiorum,
944 550 1068 579 quorun]
1093 541 1226 579 designa-

488 588 526 617 tio
549 589 582 617 ad
607 588 701 627 ipsum
726 589 843 626 attinet,
865 590 978 619 tametsi
1002 599 1067 620 cuin
1092 590 1225 620 ministro

487 637 647 666 nominatio
671 638 743 667 sacta
767 638 863 667 suerit.

527 694 565 714 lx.
590 686 632 714 Ad
655 685 749 725 ipsum
784 687 871 715 etiam
904 690 1017 726 spectat
1049 687 1149 726 culpas
1173 697 1226 726 pu-

486 734 548 764 nire
571 745 664 774 usqne
690 736 723 765 ad
747 736 911 774 graviorem
935 737 1098 766 inclusive:
1133 737 1225 766 absol-

486 792 554 812 vere
587 793 600 812 a
635 784 785 819 censuris,
815 784 849 813 ad
880 785 986 814 limites
1020 785 1165 814 facultatis
1199 785 1223 814 ci

485 840 641 861 concessae
672 842 723 871 per
747 833 792 862 ins
814 841 968 862 commune
1000 833 1044 863 vel
1075 833 1223 872 pontificia

485 879 647 918 privilegia.

526 938 553 957 x.
590 928 699 958 Habeat
732 929 919 968 provincialis
951 929 1080 967 librum,
1105 930 1133 960 in
1168 940 1223 970 quo

487 977 596 1007 scribat
618 977 771 1007 facultates
793 988 865 1017 quas
888 979 1021 1008 concedit
1051 979 1084 1008 ad
1108 980 1225 1009 cencio-

485 1025 635 1062 nandum,
660 1026 694 1055 ad
719 1026 847 1055 virorum
883 1027 1081 1057 consessiones
1103 1028 1223 1057 audien-

486 1075 547 1111 das,
572 1079 600 1105 et
622 1075 657 1104 ad
681 1075 797 1105 ordines
828 1076 1032 1115 recipiendos:
1070 1080 1098 1106 et
1128 1077 1157 1106 in
1190 1086 1223 1107 eo

485 1124 592 1153 nedum
616 1128 697 1154 notet
718 1124 806 1161 diem,
831 1134 974 1161 mensem,
991 1135 1100 1155 annum
1123 1130 1151 1155 et
1174 1136 1225 1156 no-

485 1182 550 1202 men
580 1173 726 1210 religiosi,
754 1174 803 1203 sed
827 1175 914 1203 etiam
946 1175 1008 1204 eius
1042 1175 1164 1214 patriam
1195 1179 1223 1205 et

484 1222 773 1252 conventualitatem.

524 1279 563 1300 xi.
588 1271 649 1300 Non
667 1271 753 1301 liceat
771 1271 942 1310 provinciali
960 1271 1069 1312 absque
1085 1274 1223 1312 expressit

484 1320 606 1349 licentia
627 1321 788 1359 superioris
810 1322 955 1359 generalis
974 1322 1221 1351 contributionem

483 1368 633 1408 imponere
656 1370 685 1399 in
708 1371 762 1399 sua
792 1370 964 1409 provincia3
1000 1371 1091 1410 possit
1125 1375 1220 1401 tamen

483 1418 631 1448 licentiam
655 1419 815 1448 concedere
838 1420 926 1449 alicui
950 1420 1103 1458 ministro,
1128 1424 1158 1450 ut
1187 1421 1221 1450 de

483 1475 627 1496 consensu
650 1467 768 1497 maioris
785 1468 874 1506 partis
897 1468 1017 1507 capituli
1041 1472 1221 1498 conventua-

483 1515 519 1546 lis
541 1526 624 1556 opem
650 1517 722 1546 ferat
745 1517 827 1546 alteri
851 1518 1008 1547 conventui
1034 1518 1075 1547 vel
1099 1518 1221 1556 collegio

482 1565 637 1604 indigenti.
662 1566 754 1605 Super
776 1575 833 1605 quo
856 1566 1010 1596 hortamur
1039 1576 1140 1597 omnes
1170 1568 1222 1597 mi-

482 1614 591 1644 nistros
614 1618 642 1644 et
665 1619 837 1653 conventus,
855 1619 886 1645 ut
902 1619 1003 1645 mutuo
1023 1625 1053 1645 se
1069 1616 1219 1654 adiuvent,

481 1667 513 1693 ut
534 1663 669 1701 religiosa
692 1668 720 1693 et
748 1664 875 1693 fraterna
908 1664 1035 1694 charitas
1068 1665 1106 1695 ita
1140 1674 1222 1695 exer-

481 1715 581 1741 ceatur
603 1716 631 1741 et
653 1716 852 1742 conservetur.

522 1769 572 1790 xn.
608 1760 801 1791 Provincialis
834 1762 974 1801 expirans
1009 1762 1153 1793 rationem
1189 1763 1219 1792 in

481 1809 608 1849 capitulo
631 1810 733 1841 reddat
755 1811 901 1850 superiori
918 1811 1047 1849 generali
1070 1812 1104 1842 de
1127 1812 1221 1842 omni-

482 1858 536 1888 hus
559 1859 696 1898 expensis
720 1859 755 1889 ab
772 1860 835 1899 ipso
852 1860 935 1890 sactis
954 1860 982 1890 in
1007 1860 1056 1890 illo
1080 1861 1217 1898 triennio,

482 1911 509 1936 et
531 1906 561 1936 in
584 1907 690 1946 quibus
713 1917 761 1937 eas
785 1908 863 1938 secit.
887 1908 968 1943 Quod
991 1909 1014 1939 si
1037 1918 1095 1938 non
1123 1909 1220 1939 reddi-

482 1955 570 1993 derit,
594 1956 655 1995 ipse
678 1957 813 1996 superior
835 1958 982 1996 generalis
1008 1958 1087 1987 illam
1111 1958 1216 1997 exigat.

521 2013 582 2034 xin.
606 2004 635 2034 Si
663 2005 852 2043 provincialis
885 2005 1008 2043 obierit,
1033 2007 1076 2036 vel
1105 2006 1162 2036 alia
1184 2007 1219 2037 de

481 2054 570 2083 causa
592 2054 654 2083 eius
678 2054 807 2084 osticium
826 2055 995 2093 cessaverit,
1013 2055 1220 2094 praedecessor

481 2102 669 2133 immediatus
691 2103 728 2133 sit
751 2104 814 2142 ipso
837 2105 912 2134 sacto
945 2104 1071 2134 vicarius
1104 2105 1219 2144 provin-

481 2151 574 2188 cialis,
591 2152 647 2181 nisi
666 2152 805 2182 inhabilis
822 2153 865 2182 vel
888 2153 1046 2192 impeditus
1068 2154 1126 2183 sit:
1152 2163 1218 2184 nam

482 2203 549 2230 tunc
572 2201 698 2230 vicarius
721 2202 910 2240 provincialis
932 2203 988 2232 erit
1013 2203 1150 2233 definitor
1172 2212 1218 2241 ge-

480 2249 590 2279 neralis
612 2250 741 2288 primus,
763 2250 899 2290 filiusque
922 2251 1000 2280 illius
1035 2251 1215 2290 provinciae,

480 2301 508 2328 et
530 2298 558 2327 in
582 2298 668 2328 istius
691 2299 805 2329 defectu
828 2299 990 2337 secundus,
1015 2300 1118 2339 donec,
1150 2309 1218 2330 con-

480 2347 607 2385 gregatis
630 2348 835 2378 definitoribus
858 2350 1098 2388 provincialibus,
1124 2349 1218 2389 publi·

479 2400 561 2426 cetur
583 2396 686 2426 electio
710 2397 853 2436 praesidis
872 2397 1015 2436 designati
1033 2408 1047 2428 a
1065 2399 1217 2438 superiore

480 2445 608 2483 generali
632 2445 665 2475 ad
690 2446 877 2485 provincialis
907 2447 1078 2477 electionem
1109 2448 1218 2477 sacien-

479 2494 594 2524 damin
623 2495 707 2525 domo
739 2495 775 2525 ab
807 2495 870 2535 ipso
902 2496 1053 2535 superiore
1086 2497 1215 2535 generali

477 2543 536 2573 illis
569 2544 731 2582 destinata,
764 2548 793 2575 et
826 2554 891 2575 cum
927 2545 1094 2576 definitorio
1128 2545 1216 2584 eligat

478 2593 700 2633 provincialem.

517 2651 575 2673 xiv.
601 2643 631 2672 In
656 2652 723 2674 casu
746 2643 847 2674 mortis
869 2643 993 2676 alicuius
1012 2644 1214 2684 provincialis,

1066 249 1253 274 nULLAmUM
1277 249 1438 274 ROMANUM

1270 298 1332 327 eius
1355 298 1529 328 secretarius
1551 303 1579 328 et
1601 298 1750 336 minister,
1781 308 1814 329 ac
1847 297 2004 329 consiliarii

1270 350 1431 375 conventus
1455 347 1483 376 in
1515 357 1571 386 quo
1594 346 1685 383 obiit,
1712 347 1755 377 vel
1787 347 1937 378 vicinioris
1960 347 2003 386 (si

1270 395 1344 424 sorte
1367 399 1447 424 extra
1472 395 1596 424 claustra
1621 399 1753 425 mortuus
1777 395 1906 434 fuerit),
1930 396 2003 425 intra

1271 452 1369 473 arcam
1394 444 1480 473 trium
1505 444 1630 473 clavium
1654 448 1762 483 ponant
1791 448 1818 474 et
1842 445 2005 475 custodiant

1270 493 1421 529 manticas,
1446 492 1560 522 codices
1583 496 1611 522 et
1634 492 1812 532 scripturas,
1837 502 1870 522 ac
1893 493 1945 522 alia
1969 492 2004 522 si-

1270 541 1347 570 milia
1363 565 1370 577 ,
1394 551 1467 580 quae
1500 550 1588 580 penes
1611 541 1780 571 defunctum
1805 547 1832 572 et
1855 542 1888 571 ad
1911 542 2004 581 ipsum

1269 589 1422 619 attinentia
1446 589 1563 619 inventa
1587 590 1705 625 suerint,
1732 594 1759 620 et
1784 591 1881 620 claves
1904 590 2005 620 manti-

1269 646 1368 667 carum
1403 638 1478 677 apud
1512 638 1701 667 secretarium
1735 639 1806 677 sint,
1837 639 1886 678 qui
1919 639 2004 669 etiam

1268 696 1356 716 unam
1389 696 1423 716 ex
1457 686 1549 716 tribus
1584 686 1713 716 clavibus
1749 687 1884 726 habebit,
1914 687 2004 718 donec

1268 735 1394 765 vicarius
1412 735 1601 774 provincialis
1617 736 1661 765 vel
1678 736 1866 775 provincialis
1882 736 1916 766 de
1931 745 2004 766 novo

1268 783 1379 813 electus
1402 784 1531 821 accedat,
1556 784 1602 814 cui
1625 784 1722 814 omnia
1747 784 1852 823 (simul
1876 793 1941 814 cum
1965 785 2005 814 si-

1267 832 1346 870 gillis
1369 837 1395 862 et
1419 832 1589 862 formulario
1612 833 1724 872 officii)
1742 835 1744 838 '
1759 833 1923 871 tradentur,
1947 833 2004 863 nisi

1267 881 1403 920 superior
1415 882 1561 919 generalis
1578 882 1661 912 aliter
1677 882 1864 921 disposuerit.
1877 882 1911 912 Et
1924 891 2006 921 prae·

1267 931 1391 969 cipimus
1415 931 1443 959 in
1461 930 1567 960 virtute
1585 935 1702 960 sanctae
1723 931 1907 961 obedientiae
1925 940 2006 970 prae-

1267 978 1333 1008 fatis
1356 979 1489 1009 ministro
1517 980 1674 1009 secretario
1705 984 1733 1009 et
1763 980 1948 1016 consiliariis,
1972 990 2005 1010 ac

1268 1027 1405 1057 omnibns
1434 1032 1461 1058 et
1493 1028 1617 1066 singulis
1649 1028 1714 1058 aliis
1748 1029 1903 1067 religiosis,
1928 1029 2005 1068 quod

1268 1086 1416 1115 nunquam
1441 1077 1582 1116 aperiant,
1618 1087 1672 1107 nec
1697 1077 1810 1116 aperire
1834 1078 2004 1117 permittant

1267 1125 1359 1155 dictas
1397 1127 1547 1164 manticas,
1582 1135 1635 1156 nec
1671 1126 1789 1156 videant
1826 1136 1876 1156 seu
1907 1126 2005 1164 legant

1267 1175 1387 1213 scripta,
1405 1184 1479 1214 quae
1502 1175 1577 1215 apud
1594 1184 1624 1205 se
1640 1175 1827 1215 provincialis
1848 1176 2004 1206 defunctus

1268 1222 1406 1253 habebat.

1306 1282 1325 1302 1.
1350 1273 1451 1303 Patres
1484 1273 1653 1303 definitores
1685 1273 1876 1312 provinciales
1908 1273 2002 1304 solum

1266 1322 1372 1351 debent
1394 1331 1457 1351 esse
1487 1327 1611 1362 quatuor
1643 1332 1695 1362 pro
1725 1322 1854 1361 qualibet
1885 1323 2003 1362 provin-

1265 1370 1311 1399 cia
1325 1394 1332 1408 ,
1357 1374 1384 1400 et
1406 1371 1607 1410 unusquisqne
1623 1381 1680 1401 non
1700 1371 1885 1401 mediocriter
1900 1371 2002 1402 doctus

1265 1418 1366 1447 saltem
1390 1419 1418 1447 in
1442 1419 1545 1448 morali
1570 1419 1726 1457 theologia⁴
1743 1419 1800 1449 Nec
1822 1419 1927 1459 aliquis
1949 1419 2003 1450 eli-

1264 1471 1348 1504 gatur
1364 1467 1392 1496 in
1409 1467 1592 1497 definitorem
1611 1468 1791 1506 provinciae,
1810 1468 1878 1507 quin
1898 1468 2002 1498 habeat

1264 1516 1364 1545 decem
1395 1519 1423 1545 et
1456 1521 1565 1555 septem
1589 1526 1679 1546 annos
1704 1526 1717 1546 a
1748 1517 1927 1556 professione
1944 1540 1951 1554 ,
1973 1521 2002 1548 et

1264 1566 1377 1596 duobus
1411 1567 1548 1596 trienniis
1581 1567 1704 1606 integris
1740 1568 1827 1598 suerit
1866 1567 2003 1597 minister

1264 1616 1477 1645 conventualis.

1304 1673 1334 1694 11.
1369 1664 1544 1695 Definitores
1578 1665 1772 1705 provinciales
1807 1665 1940 1696 habitent
1971 1666 2001 1696 in

1265 1713 1458 1743 conventibus
1491 1723 1559 1744 suae
1588 1714 1758 1753 provinciae
1779 1724 1794 1744 a
1817 1714 2003 1754 provinciali-

1264 1761 1318 1792 bus
1347 1762 1526 1800 designatis‚
1552 1772 1701 1803 nunquam
1736 1767 1832 1794 tamen
1865 1767 2003 1804 poterunt

1264 1820 1327 1840 esse
1350 1811 1447 1850 plures
1481 1821 1569 1850 quam
1590 1811 1647 1842 duo
1669 1812 1698 1841 in
1722 1812 1822 1842 eodem
1856 1816 2002 1843 conventu

1264 1860 1309 1889 vel
1342 1860 1475 1898 collegio,
1510 1861 1566 1890 nisi
1600 1870 1651 1900 per
1682 1860 1768 1891 breve
1801 1865 1940 1901 tempus;
1974 1865 2003 1892 et

1264 1908 1440 1948 ubicumque
1457 1909 1576 1944 suerint,
1594 1910 1714 1940 sedeant
1736 1913 1799 1950 post
1820 1910 1999 1945 ministrum,

1263 1957 1318 1987 nisi
1342 1967 1479 1997 praesens
1502 1958 1589 1988 suerit
1611 1958 1748 1988 definitor
1769 1958 1925 1997 generalis,
1950 1957 2000 1998 qui

1262 2007 1371 2037 eisdem
1405 2007 1607 2037 definitoribus
1630 2008 1858 2047 provincialibus
1887 2007 2000 2047 praesi-

1262 2056 1330 2086 dere
1353 2056 1450 2086 debet.

1301 2114 1340 2134 111.
1365 2105 1394 2135 Si
1417 2105 1446 2135 in
1470 2109 1614 2136 conventu
1637 2115 1695 2136 non
1728 2106 1816 2136 suerit
1843 2105 1999 2144 minister,

1262 2154 1349 2184 fuerit
1372 2158 1467 2184 tamen
1492 2164 1609 2194 praeses
1633 2155 1800 2193 designatus
1833 2163 1885 2194 per
1914 2163 2001 2194 supe-

1262 2205 1370 2234 riorem
1400 2204 1568 2241 generalem
1603 2204 1648 2234 vel
1682 2204 1744 2234 eius
1773 2203 1973 2234 definitorium
1991 2226 1999 2241 ‚

1261 2251 1323 2291 ipse
1348 2261 1465 2291 praeses
1496 2262 1596 2283 omnes
1630 2253 1798 2283 definitores
1826 2252 2000 2292 praecedere

1261 2299 1357 2338 debet,
1381 2300 1456 2330 sicut
1478 2301 1623 2339 minister,
1655 2305 1756 2331 neuter
1789 2305 1885 2330 tamen
1916 2309 1999 2340 prae-

1261 2348 1355 2378 sidere
1377 2349 1485 2379 eisdem
1509 2349 1722 2379 definitoribus.

1300 2406 1337 2427 ιν.
1362 2397 1505 2428 Praedicti
1521 2398 1689 2428 definitores
1706 2398 1899 2438 provinciales
1921 2407 1998 2429 nun-

1261 2455 1346 2485 qnam
1370 2456 1399 2476 se
1423 2447 1620 2478 intromittant
1651 2447 1680 2478 in
1704 2447 1845 2486 regimine
1872 2449 1972 2478 domus
1987 2471 1996 2486 ,

1259 2496 1315 2526 nisi
1337 2496 1506 2527 absentibus
1522 2497 1667 2536 ministro,
1685 2497 1815 2536 praeside
1830 2499 1888 2527 iam
1904 2497 1996 2535 dicto,

1259 2545 1438 2584 et-vicario;
1463 2551 1531 2576 tunc
1553 2546 1648 2585 enim,
1672 2547 1805 2586 quamvis
1827 2546 1936 2577 ibidem
1959 2546 1997 2576 sit

1259 2594 1365 2634 aliquis
1387 2595 1523 2625 definitor
1545 2596 1702 2634 generalis,
1734 2595 1881 2636 praesides
1912 2598 1997 2626 erunt

1259 2643 1360 2675 domus
1382 2644 1550 2675 definitores
1578 2645 1791 2684 provinciales3
1822 2644 1872 2675 sed
1894 2643 1997 2675 defini-

2151 0 2232 99 i

2009 249 2058 276 Ᾰη.
2079 251 2107 279 C.
2127 250 2187 284 ¹788
2212 259 2213 264 ¹

2020 1314 2050 1335 Dc
2059 1288 2093 1341 past
2097 1289 2151 1338 ri⁷litn
2156 1315 2188 1338 d·-

2014 1342 2129 1363 finitoribus
2143 1347 2187 1369 pro-
2217 1344 2218 1347 ’

2014 1369 2145 1391 uncialibus.
