2232 3178
38 237 85 264 An.
103 233 132 260 C.
149 230 217 259 ¹738

841 225 983 251 CLEMENS
1007 225 1053 250 XII
1078 225 1129 249 PF.

224 278 347 308 virtutes
367 282 395 308 et
417 277 646 315 observantiam,
670 286 703 307 ac
725 276 901 315 corrigendo
918 275 967 305 de-

225 329 315 359 sectus
331 331 359 357 et
375 328 474 367 culpas
494 327 625 357 omnium
641 326 671 356 in
688 326 836 356 communi
857 330 884 355 et
907 325 967 354 sin-

224 377 356 416 gulorum
380 376 410 406 in
434 376 616 416 particulari.
640 375 681 405 Ac
697 375 802 405 deinde
823 373 964 411 religiosi,

225 425 330 466 quibus
353 425 432 455 nulla
462 425 545 464 culpa
575 425 712 464 imposita
743 429 807 461 est,
837 423 966 452 desectus

225 484 293 505 suos
316 474 449 514 ipsimet,
473 478 505 504 ut
529 474 618 504 moris
641 478 702 509 est,
727 474 934 503 confiteantur.

266 532 322 553 xtv.
346 523 375 553 Si
398 523 532 553 minister
555 523 600 552 vel
622 522 760 552 definitor
778 520 967 561 provincialis
988 523 989 527 ’

227 572 356 611 aliquam
393 571 574 601 commiserit
607 571 722 610 culpam
756 569 859 599 maiori
894 568 967 608 parti

227 620 448 650 communitatis
479 620 628 658 ignotam,
662 619 796 648 visitator
832 618 915 647 illum
938 618 967 647 in

227 669 344 710 publico
377 678 434 699 non
469 668 681 707 reprehendat,
705 667 754 697 sed
791 667 820 696 in
843 671 967 703 secreto,
990 676 991 686 ¹

228 726 326 748 coram
349 716 496 756 aliquibus
519 725 557 746 ex
579 715 817 746 observatoribus
845 719 872 744 et
894 714 970 743 noti-

230 766 298 796 tiam
321 765 508 795 habentibus.
529 764 671 795 Similiter
694 768 806 793 secreto
830 762 969 801 corripiat
990 768 993 775 ⁴

229 818 356 844 secretas
379 818 544 844 ceterorum
568 813 682 852 culpas,
699 816 727 842 et
744 811 859 851 publice
876 811 971 850 publi·
991 814 993 818 ’

229 872 277 893 cas
300 872 334 893 ac
357 863 497 892 notorias.
522 862 555 892 Et
577 861 693 901 quando
721 861 849 900 gravitas
872 860 971 890 delicti
992 853 993 872 ³

229 912 340 950 virgam
365 911 493 941 iustitiae
516 912 622 949 exigat,
646 919 761 950 semper
784 910 916 940 visitator
934 909 972 939 si—
992 926 993 931 =

230 961 290 991 mul
309 960 509 990 misericordia
526 964 634 989 utatur.
654 959 870 998 Ilortamurque
888 958 970 987 illum

229 1011 260 1042 in
283 1010 422 1046 Domine,
447 1019 482 1039 ne
506 1009 665 1049 impunitas
689 1008 836 1047 relinquat
858 1008 969 1046 culpas,

229 1060 269 1090 ita
292 1063 323 1090 ut
345 1060 451 1089 exinde
474 1059 636 1089 maioribus
667 1057 836 1089 excessibus
858 1057 971 1086 occasio

231 1114 259 1140 et
282 1118 350 1139 ansa
375 1108 558 1148 praebeatur.
585 1108 722 1138 Visitator
745 1111 854 1144 autem,
873 1115 973 1145 qnam-

231 1159 275 1189 vis
298 1159 335 1189 sit
358 1159 420 1198 ipse
445 1158 644 1197 provincialis,
669 1157 790 1187 visitare
814 1166 871 1186 non
889 1155 973 1185 debet

231 1212 330 1248 patres
352 1207 520 1237 definitores
551 1206 746 1246 provinciales
779 1206 858 1235 circa
882 1204 974 1234 adim-
995 1209 996 1217 ¹

233 1257 391 1297 pletionem
414 1257 458 1286 sui
482 1256 593 1293 officii;
628 1256 699 1285 liaec
732 1255 810 1285 enim
844 1253 974 1283 visitatio

233 1306 266 1336 ad
300 1305 498 1336 definitorium
532 1305 712 1344 provinciale
749 1303 878 1344 pertinet
912 1307 975 1342 post

232 1355 409 1395 capitulum3
435 1354 513 1394 ipsos
537 1359 632 1384 tamen
656 1353 774 1383 visitare
797 1352 882 1382 debet
898 1352 974 1382 circa

232 1408 327 1434 cetera
350 1408 382 1433 ut
403 1404 459 1433 sibi
482 1403 626 1433 subditos.

272 1462 320 1482 xv.
345 1452 532 1483 Correctione
555 1452 707 1492 culparum
732 1451 826 1487 finita,
859 1459 977 1489 praece-

233 1506 313 1542 ptum
346 1502 478 1540 imponat
511 1501 662 1537 visitator,
686 1504 717 1530 ut
750 1509 801 1539 pro
832 1504 975 1538 tempore,

233 1552 312 1581 iuxta
336 1550 464 1590 prudens
486 1552 549 1580 eius
580 1550 733 1585 iudicium,
757 1549 924 1579 necessario
948 1558 977 1577 o-
998 1549 1000 1566 ἰ

235 1609 319 1630 mnes
342 1604 370 1629 et
393 1598 502 1637 singuli
526 1598 559 1627 de
583 1598 656 1628 actis
679 1597 707 1627 in
731 1598 781 1627 illa
810 1597 977 1626 visitatione

235 1649 269 1678 ad
303 1657 365 1678 eam
402 1647 618 1687 pertinentibus
656 1647 790 1677 strictum
827 1645 977 1675 silentium

235 1698 404 1735 observent,
430 1701 489 1727 tam
523 1697 600 1726 inter
622 1706 652 1726 se
675 1705 762 1735 quam
796 1695 874 1725 inter
906 1695 978 1724 alios

235 1755 447 1788 quoscumque,
471 1750 499 1776 et
523 1750 579 1775 tam
602 1745 699 1775 verbis
732 1753 818 1784 quam
842 1743 977 1783 scriptis,

235 1796 312 1836 quod
329 1795 504 1833 intelligitur
521 1795 608 1825 etiam
632 1794 725 1833 quoad
743 1793 891 1823 silentium
912 1802 978 1822 cum

235 1845 448 1886 superioribus,
482 1845 538 1874 nisi
571 1844 606 1874 ab
630 1844 676 1873 liis
699 1843 917 1881 interrogentur
933 1852 981 1872 ex-
1001 1857 1003 1861 ⁴

237 1904 344 1935 presse.
376 1894 484 1924 Deinde
514 1902 615 1923 omnes
638 1893 667 1922 in
697 1893 845 1922 communi
879 1891 981 1921 leviter

237 1944 360 1983 flagellis
382 1943 476 1980 cedat,
501 1947 527 1972 et
561 1946 660 1982 postea
684 1942 819 1981 sequenti
851 1941 981 1971 absolvat

238 1993 346 2030 forma,
372 1993 508 2022 videlicet
531 2001 632 2021 omnes
650 1992 784 2031 prostrati
801 1991 899 2020 dicant
914 2000 982 2020 con-

238 2041 393 2071 fessionem
416 2041 601 2080 generalem:
631 2046 728 2080 postea
753 2040 902 2070 visitator:
928 2040 981 2070 Mi-

239 2096 362 2122 serealur
390 2093 493 2129 vestri,
517 2095 567 2120 ele.
601 2090 805 2129 Indnlyenliam
834 2089 1006 2118 absolutio-·

241 2152 312 2178 nem,
347 2145 420 2175 eta:
454 2144 482 2170 et
515 2140 687 2169 confestim:
722 2140 907 2175 auctoritate,
932 2149 1006 2178 qua*

240 2193 340 2231 fungor
363 2192 392 2220 in
416 2190 465 2219 hac
485 2194 576 2229 parte,
595 2190 772 2228 inquantum
792 2199 915 2228 possam,
940 2189 984 2218 ab·

241 2240 313 2270 solvo
337 2249 379 2269 vos
401 2239 432 2268 ab
451 2239 524 2268 amni
545 2239 680 2268 sententia
695 2238 985 2267 e1007tztitztttt'raliottis

242 2290 355 2319 maioris
377 2288 418 2318 vel
440 2288 555 2317 minoris
571 2312 578 2325 ,
610 2288 796 2326 suspensionis
825 2291 849 2315 et
872 2287 986 2316 interdi-

242 2338 289 2367 cti.
324 2337 355 2366 1η
379 2338 487 2366 nantino
519 2336 630 2373 Patris,
655 2341 679 2365 et
701 2336 791 2371 Filii,
815 2339 840 2365 et
862 2335 986 2375 Spiritus

243 2386 338 2417 Sancti
361 2386 461 2415 Amen.

284 2444 342 2466 xvi.
367 2435 395 2466 Si
420 2433 564 2465 visitatori
587 2434 746 2473 expediens
769 2433 861 2463 visum
886 2434 985 2472 suerit,

246 2484 343 2524 aliqua
376 2484 472 2514 facere
505 2486 612 2513 statuta
637 2483 743 2522 (vulgo
779 2487 841 2512 acta
854 2482 877 2521 )‚
901 2482 988 2513 rebus

246 2533 430 2572 exigentibus
465 2537 493 2562 et
526 2537 642 2562 maturo
665 2532 786 2562 consilio
816 2533 986 2571 perpensis,

246 2581 295 2612 illa
320 2581 348 2611 in
372 2581 489 2620 scriptis
512 2581 608 2619 saciat,
634 2584 661 2610 et
681 2580 709 2610 in
733 2581 803 2609 arca
825 2580 911 2610 trium
932 2581 990 2610 cla-

247 2631 324 2662 vium
349 2631 560 2662 custodiantur,
585 2629 850 2661 Durabuntautem
875 2633 988 2660 tantum

1649 213 1713 248 463

986 277 1102 327 (usque
1125 274 1159 304 ad
1193 277 1363 314 sequentem
1400 272 1608 310 visitationem,
1643 271 1687 301 sin
1721 280 1753 301 ea

987 329 989 365 l
1009 323 1105 353 denuo
1142 323 1300 363 approbata
1336 332 1394 353 non
1431 322 1553 352 fuerint.
1591 321 1754 359 Omniaque

987 378 989 403 f
1011 375 1164 411 praecepta
1189 376 1216 401 et
1240 380 1383 400 censurae
1406 374 1533 407 cessent,
1558 373 1692 399 cessante
1712 369 1754 399 os-

987 417 989 447 }
1010 420 1077 449 ficio
1101 420 1299 459 provincialis,
1318 419 1367 458 qui
1387 428 1419 448 ea
1442 418 1591 458 imposuit,
1611 422 1639 447 et
1658 418 1752 447 solum

988 458 990 508 ἱ
1011 474 1146 498 maneant
1171 473 1317 508 tamquam
1340 468 1484 507 simplicia
1507 467 1641 497 mandata
1661 477 1754 507 usque

988 509 989 516 ἵ
1011 518 1044 547 ad
1084 523 1253 557 sequentem
1293 518 1504 547 visitationem.
1542 517 1754 556 Monemusque

989 566 991 604 l
1012 567 1220 605 provinciales,
1247 571 1277 597 ut
1296 567 1324 596 in
1346 566 1448 606 primis
1462 566 1523 595 suis
1538 566 1755 595 visitationibus

989 627 991 648 t
1012 615 1087 645 scire
1110 620 1214 645 curent
1245 620 1396 654 praecepta
1413 639 1420 653 ,
1445 624 1605 650 censuras,
1630 619 1692 644 acta
1727 618 1756 643 et

1014 664 1147 693 mandata
1172 673 1293 693 suorum
1318 664 1589 702 praedecessorum,
1614 668 1644 693 ut
1660 663 1756 693 denuo

991 741 992 755 ἶ
1013 712 1061 742 illa
1084 712 1264 751 approbent,
1289 713 1312 742 si
1336 712 1473 751 expedire
1497 712 1635 742 viderint.

1055 770 1122 791 xvn.
1148 761 1176 791 Si
1210 762 1240 791 in
1276 761 1374 800 aliquo
1412 766 1558 791 conventu
1592 762 1759 792 visitatores

1015 811 1142 850 aliquam
1155 811 1323 840 invenerint
1337 811 1452 850 culpam
1465 811 1653 840 excedentem
1674 820 1758 840 suam

992 878 993 900 ἢ
1015 860 1263 896 iurisdictionem⁷
1288 860 1386 890 statim
1409 869 1461 889 suo
1484 860 1649 890 definitorio
1672 869 1759 898 gene-

1016 909 1069 939 rali
1093 909 1227 939 notitiam
1259 909 1429 948 praebeant,
1465 909 1614 938 mittentes
1644 918 1761 948 proces-

993 986 994 994 ,
1015 967 1078 988 sum
1103 958 1145 997 (si
1169 958 1275 987 sactum
1309 958 1414 997 fuerit)
1439 958 1481 988 vel
1512 958 1703 987 informantes
1726 958 1761 987 de

1016 1006 1132 1036 delicto.
1157 1006 1236 1041 Quod
1262 1006 1285 1036 si
1316 1006 1369 1036 hoc
1400 1006 1455 1036 tale
1483 1006 1572 1036 suerit
1609 1005 1685 1045 quod
1717 1015 1762 1035 re-

1017 1055 1145 1085 medium
1180 1060 1424 1095 praesentaneum
1448 1055 1564 1093 exigat,
1589 1056 1759 1094 apponant¹

1018 1105 1231 1141 necessarium,
1256 1105 1389 1144 quamvis
1412 1105 1550 1134 delictum
1575 1105 1627 1143 (ut
1650 1104 1760 1134 dictum

1019 1155 1134 1193 manet)
1157 1154 1355 1184 iurisdictioni
1379 1164 1448 1183 suae
1471 1163 1527 1183 non
1551 1152 1656 1183 subsit.

1058 1212 1136 1233 xvm.
1162 1203 1370 1238 Deccrnimus,
1395 1203 1470 1242 quod
1502 1203 1625 1242 quilibet
1647 1203 1763 1242 praela-

1020 1257 1064 1283 tus
1088 1253 1179 1292 possit
1202 1253 1308 1292 punire
1327 1257 1355 1282 et
1371 1252 1474 1291 puniat
1492 1251 1638 1291 quaslibet
1661 1252 1761 1291 culpas

1018 1302 1053 1332 ad
1077 1311 1159 1331 suam
1182 1301 1416 1331 iurisdictionem
1447 1301 1640 1340 pertinentes,
1664 1310 1765 1340 procc-

1019 1351 1113 1381 dendo
1135 1351 1165 1380 in
1189 1360 1290 1381 earum
1313 1351 1481 1389 cognitione
1503 1351 1567 1380 sine
1585 1350 1713 1390 strepitu
1736 1353 1765 1380 et

1021 1401 1113 1439 figura
1136 1400 1261 1438 indicii,
1286 1400 1348 1430 sol-[t
1371 1400 1439 1429 sacti
1462 1400 1584 1429 veritate
1607 1399 1742 1438 inspecta
1757 1423 1764 1437 ,

1020 1450 1101 1480 iuxta
1135 1449 1356 1480 concessionem
1390 1453 1471 1479 motu
1506 1449 1624 1488 proprio
1661 1449 1765 1478 saetam

1020 1499 1122 1529 Ordini
1144 1503 1244 1529 nostro
1268 1508 1282 1528 a
1306 1498 1400 1528 felicis
1432 1498 1644 1528 recordationis
1677 1498 1766 1528 Paulo

1022 1549 1097 1587 Papa
1121 1548 1141 1578 V
1165 1549 1211 1577 die
1234 1556 1293 1577 xvn
1316 1552 1431 1586 augusti
1460 1557 1535 1577 anno
1560 1555 1665 1585 nncx1,
1691 1547 1765 1587 qui²

1021 1597 1126 1637 incipit
1163 1597 1367 1636 Circnnzspecla
1399 1596 1477 1626 Sedis
1506 1596 1706 1635 Apotolicoe,·
1736 1600 1764 1626 et

1023 1647 1087 1677 ideo
1104 1646 1218 1686 quoties
1234 1646 1264 1675 in
1281 1646 1417 1675 ministro
1435 1646 1476 1674 vel
1497 1645 1650 1675 definitore
1670 1655 1704 1675 ex
1726 1646 1767 1675 vi-

1023 1696 1158 1726 sitatione
1181 1695 1402 1734 deprehendant
1425 1698 1539 1723 reatum
1570 1694 1765 1733 privationis,

1024 1744 1221 1774 visitationem
1254 1753 1337 1773 suam
1368 1753 1425 1773 non
1450 1743 1570 1780 finiant,
1594 1747 1622 1772 et
1645 1752 1696 1772 suo
1720 1742 1768 1772 de·

1024 1793 1155 1823 finitorio
1188 1793 1372 1829 denuntient,
1408 1797 1438 1822 ut
1470 1791 1505 1821 ab
1535 1802 1568 1821 eo
1601 1792 1768 1821 definitorio

1024 1842 1154 1881 generali
1179 1846 1357 1881 proponatur
1380 1850 1478 1876 causa,
1497 1845 1545 1879 ut,
1563 1841 1587 1870 si
1610 1841 1769 1880 expediens

1026 1892 1119 1922 visum
1142 1891 1240 1928 suerit,
1264 1890 1299 1919 ab
1318 1890 1373 1920 isto
1396 1890 1558 1928 deponatur
1577 1889 1766 1929 delinquens.

1065 1950 1123 1970 xix.
1142 1940 1325 1976 visitatores,
1344 1943 1372 1969 et
1388 1939 1436 1968 alii
1450 1939 1629 1978 quicumque
1647 1938 1767 1976 iudices,

1026 1990 1056 2020 in
1083 1989 1179 2019 causis
1199 1998 1271 2028 quas
1287 1988 1488 2025 formaverint,
1507 1996 1562 2016 non
1581 1987 1769 2017 manifestent

1027 2038 1086 2068 reis
1109 2038 1226 2067 nomina
1247 2037 1375 2073 testium,
1393 2046 1446 2066 nec
1464 2037 1700 2066 circumstantias
1717 2036 1769 2066 ali-

1027 2097 1110 2127 quas,
1135 2096 1185 2126 per
1208 2097 1280 2126 quas
1303 2087 1331 2116 in
1356 2087 1471 2117 illorum
1496 2086 1693 2124 cognitionem
1724 2095 1771 2115 ve-

1028 2137 1090 2167 nire
1114 2137 1237 2176 possint.

1069 2197 1118 2216 xx.
1142 2186 1273 2226 Denique
1298 2185 1478 2223 visitatores,
1504 2189 1568 2224 post
1592 2185 1689 2215 finitas
1713 2185 1772 2215 sin-

1028 2237 1104 2276 gulis
1126 2236 1211 2265 annis
1245 2235 1450 2273 visitationes,
1475 2235 1616 2264 tationem
1651 2234 1772 2264 reddant

1029 2296 1080 2316 suo
1097 2285 1262 2315 definitorio
1284 2284 1413 2323 generali
1430 2284 1465 2314 de
1482 2288 1558 2314 statu
1575 2288 1771 2314 conventuum

1029 2340 1055 2365 et
1079 2335 1281 2373 collegiorum.

1070 2393 1130 2413 xxr.
1154 2383 1208 2419 Qui
1233 2393 1283 2422 per
1306 2382 1520 2420 delegationem
1539 2381 1628 2420 patris
1645 2380 1773 2411 ministri

1031 2433 1176 2471 generalis
1207 2433 1251 2462 vel
1283 2432 1441 2462 delinitorii
1477 2431 1623 2469 generalis
1655 2430 1773 2460 Ordinis

1032 2486 1121 2512 totam
1146 2486 1274 2511 nostram
1299 2481 1493 2518 religionem,
1519 2480 1561 2509 vel
1587 2488 1637 2519 per
1660 2479 1775 2517 delega-

1033 2531 1140 2562 tionem
1174 2530 1334 2569 superioris
1367 2529 1511 2567 generalis
1540 2529 1667 2568 aliquam
1691 2528 1774 2558 sami—

1069 2591 1079 2615 1
1104 2588 1175 2615 Edit.
1198 2587 1276 2613 Mam.
1299 2587 1363 2621 legit
1383 2589 1528 2621 opponant
1547 2588 1588 2617 (tt.
1604 2587 1653 2618 Τ.).

1067 2633 1084 2659 2
1103 2633 1204 2659 Vocem
1226 2631 1276 2667 qui
1297 2639 1344 2659 nos
1365 2631 1491 2658 addimus
1514 2633 1553 2665 (tt.
1570 2636 1618 2664 T.).

1758 221 1808 249 An.
1829 221 1858 248 C.
1879 221 1944 249 1738
