2232 3178
49 200 96 228 An.
111 197 141 227 C.
162 197 227 226 1737

61 842 137 868 Sitque
148 841 167 861 in
178 845 225 870 per-

46 870 130 895 petuum
141 873 225 893 praeri-

47 895 77 922 pit
91 894 205 915 observari.

91 1634 227 1655 Obstanubus

47 1660 142 1687 derogat.

852 196 993 221 CLEMENS
1018 197 1062 221 XII
1086 197 1136 221 Pr.

237 243 450 279 Lombardiae
469 253 540 277 cum
561 243 707 278 custodia
722 244 893 278 Mantuana
907 255 979 288 per-

237 303 335 342 petuo
354 297 495 338 unimus,
515 298 757 341 coniungimus,
776 298 978 331 adnectimus

237 356 268 386 et
302 352 572 394 incorporamus,
613 362 742 384 necnon
785 355 977 384 conventum

237 404 439 439 Castellionis
457 404 664 446 Stiverorum,
683 415 779 448 quem
806 415 823 437 a
849 405 979 447 provin-

237 459 286 492 cia
300 459 426 491 Brixiae
445 468 632 501 separamus
647 464 679 491 et
693 458 976 497 dismembramus,

239 523 310 545 cum
337 512 481 555 quinque
507 512 577 544 aliis
602 512 787 545 memoratis
815 512 980 544 conventi-

236 567 310 606 bus,
337 565 463 598 scilicet
487 565 650 605 Mantuae,
680 570 784 598 terrae
810 564 978 605 Hostiliae,

237 618 332 658 Goiti,
348 618 572 661 Aquaenigrac
592 623 622 651 et
635 618 772 651 Sermini
787 618 856 658 vici,
872 619 978 651 eidem

236 671 422 715 provinciae
447 671 658 704 Lombardiae
685 676 846 714 perpetuo
878 671 977 704 etiam

237 725 385 765 unimus,
423 725 668 767 coniungimus‚
706 725 910 758 annectimus
948 730 979 757 et

236 777 497 821 incorporamus.

280 831 294 874 ἓ
318 831 349 864 3.
378 831 610 871 accersientes,
629 831 760 864 easdem
783 835 977 874 praesentes

236 885 361 917 litteras
387 894 519 927 semper
544 883 664 925 firmas,
683 884 805 917 validas
829 890 859 917 et
878 884 979 917 effica-

235 947 287 970 ces
314 937 453 970 existere
480 943 512 970 et
536 937 622 977 fore,
648 948 790 981 suosque
813 937 978 980 plenarios

235 996 267 1024 et
290 991 433 1033 integros
459 990 594 1023 effectus
621 990 732 1023 sortiri
759 996 791 1023 et
814 990 974 1030 obtinere,

234 1055 271 1077 ac
296 1045 372 1085 illis,
399 1044 436 1077 ad
465 1054 547 1087 quos
564 1049 687 1087 spectat
705 1049 735 1076 et
752 1054 810 1086 pro
831 1049 978 1087 tempore

235 1098 512 1142 quandocumque
543 1097 722 1140 spectabit:
747 1097 980 1131 inviolabiliter

236 1151 411 1191 observari,
436 1157 466 1183 et
491 1150 554 1184 iltis
580 1151 758 1194 respective
777 1151 808 1183 in
828 1151 978 1185 omnibus

237 1210 270 1238 et
305 1215 364 1249 per
401 1204 510 1238 onmia
546 1204 740 1248 plenissime
779 1204 949 1247 suffragari
971 1233 978 1245 ,

236 1258 347 1301 sicque
379 1258 413 1290 in
445 1257 634 1301 praemissis
667 1268 726 1300 per
759 1268 979 1300 quoscumque

235 1311 361 1345 iudices
393 1311 574 1344 ordinarios
612 1317 644 1344 et
678 1311 856 1354 delegatos
883 1312 979 1345 etiam

236 1375 406 1398 causarum
445 1365 556 1408 palatii
592 1365 763 1407 apostolici
800 1365 979 1405 auditores,

236 1416 372 1449 iudicari
398 1421 429 1449 et
455 1415 584 1449 definiri
611 1416 743 1455 debere,
781 1427 817 1449 ae
852 1416 980 1450 irritum

237 1474 269 1502 et
294 1470 390 1502 inane
416 1469 441 1502 si
468 1479 558 1502 secus
577 1468 744 1512 superbis
762 1480 780 1502 a
806 1480 978 1512 quoquam,

238 1523 350 1566 quavis
387 1522 591 1563 auctoritate,
630 1521 772 1555 scienter
807 1524 856 1556 vel
890 1523 980 1566 igno>

236 1581 358 1616 tenter,
385 1576 561 1618 contigerit
586 1576 750 1609 attentari.

282 1630 296 1673 g
320 1629 353 1663 4.
379 1629 449 1662 Non
482 1629 690 1662 obstantibus
716 1629 922 1673 praemissis,
944 1641 980 1662 ac

238 1683 525 1716 constitutionibus
558 1688 589 1715 et
618 1683 881 1716 ordinationibus
906 1694 981 1727 apo-

237 1736 360 1770 stolicis
378 1763 385 1777 ,
419 1747 549 1769 necnon
575 1736 715 1776 Ordinis,
742 1736 978 1780 provinciarum

237 1799 273 1822 ac
309 1794 528 1823 conventuum
566 1790 831 1833 praedictorum,
869 1790 979 1823 aliisve

237 1842 426 1886 quibusvis,
454 1843 550 1876 etiarn
584 1843 778 1884 iuramento,
810 1843 981 1876 confirma-

239 1895 326 1929 tione
361 1896 557 1938 apostolica,
595 1897 646 1929 vel
683 1896 794 1939 quavis
831 1897 979 1930 firmitate

238 1949 301 1982 alia
326 1949 506 1989 roboratis,
534 1949 661 1982 statutis
681 1955 712 1983 et
737 1951 980 1983 consuetudini-

238 2003 311 2043 bus,
330 2003 507 2047 privilegiis
526 2014 668 2046 quoque,
690 2003 825 2036 indultis
847 2009 878 2036 ct
895 2004 980 2037 litte-

239 2056 283 2090 ris
309 2057 495 2100 apostolicis
514 2057 545 2089 in
563 2057 761 2090 eontrarium
788 2057 980 2100 praemisso-

238 2120 311 2143 rum
338 2110 590 2153 quomodolibet
614 2110 786 2150 concessis,
813 2109 980 2143 confirma-

238 2163 278 2196 tis
304 2169 335 2196 et
358 2163 536 2203 innovatis;
558 2162 677 2206 quibus
697 2163 849 2196 omnibus
867 2168 898 2197 et
915 2164 980 2196 sin-

239 2216 333 2259 gulis,
361 2216 490 2249 illorum
518 2222 645 2249 tenores
671 2217 898 2260 praesentibus
920 2228 979 2260 pro

238 2271 334 2314 plene
352 2275 383 2303 et
400 2270 598 2303 sufficienter
620 2271 779 2314 expressis
798 2281 834 2303 ac
856 2271 894 2304 de
914 2281 980 2304 ver-

238 2323 280 2356 bo
313 2323 350 2356 ad
383 2323 514 2356 verbum
547 2323 675 2356 insertis
710 2324 887 2364 babentes,
915 2319 979 2357 illis

239 2376 318 2409 alias
354 2376 386 2408 in
420 2386 476 2409 suo
509 2377 628 2409 robore
665 2377 907 2420 permansuris,
941 2378 978 2410 ad

240 2429 492 2473 praemissorum
510 2429 672 2468 effectum,
696 2430 756 2463 liae
774 2430 839 2463 vice
859 2430 980 2464 dumta-

240 2488 307 2522 xat,
325 2483 510 2526 specialiter
535 2488 567 2515 et
591 2494 743 2526 expresse
767 2484 976 2525 derogamus,

241 2536 423 2579 ceterisque
449 2535 620 2569 contrariis
647 2536 921 2580 quibuscumque.

285 2588 398 2622 Datum
427 2589 561 2630 Romae,
589 2590 676 2633 apud
702 2590 733 2623 S.
755 2589 894 2632 Petrum,
919 2591 978 2624 sub

1022 246 1143 279 annulo
1184 246 1360 280 piscatoris
1380 274 1386 287 ‚
1443 247 1494 280 die
1535 257 1584 281 xxi
1626 247 1763 279 ianuarii

1022 309 1226 341 Moccxxxvn,
1245 300 1450 344 pontificatus
1476 300 1580 333 nostri
1598 311 1682 333 anno
1704 311 1761 334 vn.

1058 362 1106 388 Dat
1125 361 1169 389 die
1190 362 1218 388 21
1243 362 1359 388 ianuarii
1382 362 1459 396 1737,
1481 361 1579 397 pontis.
1602 369 1672 388 anno
1692 368 1737 388 vn.

1300 506 1485 539 CLXXXlX.

1022 575 1238 619 Inclulqenlict
1263 577 1411 620 plenaria
1437 588 1457 609 a
1480 577 1537 611 SS.
1561 578 1600 610 D.
1626 578 1667 611 N.
1698 578 1766 612 Cle-

1067 634 1172 662 mente
1193 630 1262 663 PP.
1282 631 1355 663 XII
1377 631 1513 674 benique
1530 641 1676 663 concessa
1694 632 1765 663 mis-

1066 683 1221 716 sionariis
1255 683 1447 726 Caput-cinis
1482 683 1588 717 Gallis
1624 685 1659 716 in
1688 695 1765 728 par-

1068 736 1153 768 tibus
1174 735 1361 778 infidelium
1378 737 1605 778 existentibus,
1627 742 1695 770 lum
1713 737 1766 769 die

1067 800 1129 832 quo
1150 789 1192 821 acl
1217 790 1290 833 ipsa
1316 789 1384 822 loca
1408 790 1599 822 missionum
1617 801 1765 834 pervene-

1067 844 1154 883 az'nt,
1181 846 1249 874 tum
1275 843 1311 875 in
1336 842 1476 875 articulo
1498 843 1621 875 merlis.

1189 946 1191 949 .
1226 923 1361 950 Clemens
1383 924 1464 957 Papa
1484 924 1553 958 XII,

1162 969 1198 995 ad
1219 969 1356 995 futuram
1376 969 1424 995 rei
1446 969 1634 995 memoriam.

1066 1040 1260 1074 Caelestium
1279 1051 1448 1073 munerum
1470 1041 1641 1074 thesauros
1664 1041 1765 1074 liben-

1023 1099 1072 1126 ter
1097 1093 1301 1136 impertimur
1327 1093 1377 1133 iis,
1414 1104 1494 1136 quos
1529 1095 1665 1126 salutem
1699 1095 1766 1126 ani—

1023 1158 1148 1181 marum
1168 1152 1200 1180 et
1219 1147 1388 1190 gentilium
1416 1148 1664 1181 conversionem
1692 1159 1766 1192 pro-

1024 1211 1136 1234 curare
1162 1200 1390 1243 intelligimus.

1068 1255 1082 1297 §
1107 1255 1137 1287 l.
1166 1254 1242 1287 Cum
1270 1254 1392 1297 itaque,
1411 1255 1493 1286 sicut
1518 1255 1656 1288 dilectus
1682 1255 1766 1288 filius

1024 1307 1228 1341 Cherubinus
1265 1307 1304 1339 de
1330 1307 1450 1348 Noves,
1478 1308 1574 1340 frater
1612 1319 1766 1351 expresse

1024 1361 1191 1404 professus
1218 1360 1346 1393 Ordinis
1373 1361 1532 1394 Minorum
1551 1362 1653 1394 sancti
1674 1362 1768 1395 Fran-

1024 1414 1099 1447 cisci
1140 1414 1398 1457 Capuceinorum
1437 1420 1697 1457 nuncupatorum
1735 1415 1766 1448 in

1024 1468 1170 1500 Romana
1192 1467 1284 1501 Curia
1305 1466 1493 1500 missionum
1512 1467 1718 1500 orientalium
1737 1474 1768 1501 et

1025 1521 1276 1554 occidentalium
1296 1532 1330 1553 ac
1354 1520 1633 1554 missionariorum
1659 1522 1766 1555 Gallo-

1025 1585 1095 1607 rum
1121 1574 1267 1607 eiusdem
1290 1574 1419 1607 Ordinis
1446 1580 1649 1617 procurator,
1671 1576 1766 1609 nobis

1024 1638 1131 1670 nuper
1168 1627 1284 1670 exponi
1323 1628 1418 1667 fecit,
1445 1633 1478 1660 et
1511 1628 1646 1660 diversis
1675 1629 1765 1670 regni

1025 1680 1146 1714 Galliae
1164 1679 1337 1723 provinciis
1352 1680 1479 1713 Ordinis
1495 1680 1680 1714 huiusmodi
1700 1682 1767 1724 plu-

1025 1744 1075 1766 res
1093 1733 1238 1777 religiosi
1259 1734 1316 1767 viri
1336 1734 1367 1766 in
1387 1733 1533 1776 gentium
1553 1735 1765 1768 conversione

1025 1788 1161 1820 maxime
1179 1789 1337 1827 laborent,
1359 1794 1389 1820 et
1409 1788 1516 1821 Sancti
1538 1788 1675 1832 Spiritus
1699 1798 1767 1831 gra-

1026 1842 1068 1874 tia
1092 1843 1230 1874 multum
1257 1841 1453 1884 proficiant:

1069 1896 1083 1939 ξ
1108 1896 1137 1928 2.
1163 1895 1234 1935 Nos,
1261 1896 1420 1929 eiusmodi
1446 1896 1499 1939 pia
1524 1897 1631 1929 studia
1651 1897 1766 1931 intimo

1025 1949 1130 1982 cordis
1156 1948 1271 1981 affeetu
1298 1949 1474 1992 plurimum
1494 1951 1765 1993 complectentes,

1025 2003 1163 2046 illosque
1189 2003 1385 2046 specialibus
1413 2003 1575 2036 favoribus
1599 2008 1630 2036 et
1655 2004 1767 2046 gratiis

1025 2056 1180 2100 prosequi
1207 2057 1365 2096 volentes,
1393 2057 1554 2089 universis
1582 2057 1657 2090 dicti
1676 2057 1768 2090 Ordi-

1025 2109 1073 2141 nis
1112 2109 1276 2152 religiosis
1315 2110 1503 2142 eurumdcm
1528 2110 1765 2152 provinciarum

1025 2163 1157 2203 Galliae,
1183 2163 1236 2206 qui
1263 2173 1323 2206 pro
1349 2163 1465 2196 Christi
1492 2174 1601 2196 amore
1632 2169 1663 2196 et
1689 2164 1767 2197 obe-

1025 2216 1167 2249 dientiae
1202 2216 1319 2249 merito
1355 2217 1563 2249 conversioni
1597 2217 1765 2259 gentilium

1025 2270 1056 2302 in
1075 2270 1227 2312 praefatis
1246 2269 1452 2302 orientalium
1469 2276 1500 2302 et
1514 2270 1764 2303 occidentalium

1024 2323 1171 2366 partibus
1191 2323 1415 2365 procurandae
1434 2334 1467 2354 se
1485 2323 1692 2361 accinxerint,
1713 2323 1764 2355 die

1025 2387 1089 2419 quo
1116 2377 1154 2408 ad
1182 2377 1250 2419 ipsa
1276 2377 1346 2408 loca
1380 2375 1567 2408 missionum
1600 2387 1762 2419 pervene-

1025 2430 1097 2469 rint,
1118 2429 1142 2462 si
1162 2430 1364 2463 consessione
1384 2429 1512 2471 praevia
1537 2440 1658 2461 sacram
1684 2440 1766 2463 com-

1025 2483 1215 2516 munionem
1234 2482 1443 2526 sumpserint,
1461 2493 1587 2515 necnon
1607 2482 1637 2514 in
1656 2483 1765 2515 mortis

1024 2536 1169 2576 articulo,
1185 2536 1211 2568 si
1237 2535 1368 2568 contriti
1388 2546 1423 2568 ac
1441 2535 1589 2575 confessi,
1617 2535 1666 2568 ac*
1693 2546 1764 2569 cum

1060 2601 1070 2626 1
1094 2599 1207 2626 Videtur
1227 2597 1374 2633 legendum
1394 2600 1442 2625 αιιι
1463 2605 1511 2633 pro
1533 2606 1567 2624 ac
1588 2603 1626 2633 (u.
1644 2602 1693 2629 ’r.).

1661 188 1724 222 207
1770 198 1823 224 An.
1841 199 1869 224 c.
1891 199 1954 226 1737

1804 1057 1944 1076 l'ro-acnnum

1812 1267 1960 1288 Proruralcris

1778 1302 1860 1322 prcctss.

1804 1904 1960 1928 ludulszvntiae,

1778 1933 1803 1951 ‹ls-
1833 1933 1910 1958 quilius
1940 1938 1960 1952 tu

1779 1959 1870 1978 iubrv‘a.
