2232 3178
90 213 139 237 An.
155 211 187 240 G.
207 210 276 238 ¹735

129 1764 196 1784 Huius
219 1769 280 1789 prae-

96 1791 153 1817 cepti
168 1790 265 1811 firmitas.

919 207 1067 233 CLEMENS
1094 208 1139 233 ΧΠ
1164 209 1213 234 ΡΡ.

284 264 333 292 ter
359 264 391 291 et
416 259 499 292 ultra
518 269 657 293 annuam
676 259 953 294 contributionem
969 258 1029 291 liu-

283 312 432 352 iusmodi‚
459 311 581 345 ratione
606 313 834 356 praediorum,
860 321 1028 351 censuum,

283 366 464 405 bonorum,
492 375 600 398 rerum
636 376 672 399 ac
698 365 817 398 iurium
844 364 1029 408 praedicto-

284 429 365 459 rum,
387 419 425 452 ab
445 419 500 453 illo
522 419 551 452 S.
569 418 793 452 Scliolasticae
811 419 1028 462 praetendere

284 477 338 504 aut
363 477 485 515 petere,
513 482 619 515 neque
645 471 725 505 illud
753 471 894 514 desuper
931 471 1029 503 mole-

284 531 368 558 stare
393 526 442 558 vel
468 525 652 569 inquietare
677 525 794 565 valeat,
822 524 879 557 sed
899 523 935 557 ea
961 533 1029 556 con-

286 578 462 611 tributione
495 582 683 610 contentum
720 577 784 609 sit:
821 587 858 609 ac
888 576 1030 609 vicissim

286 632 406 665 dictum
454 631 689 664 monasterium
736 630 767 663 S.
809 630 1030 664 Scliolasticae

287 696 447 718 summam
501 685 755 728 quingentorum
810 684 1030 727 quadraginta

286 739 430 782 quinque
456 744 620 771 scutorum
646 738 865 782 praefatorum
893 737 1030 780 singulis

287 792 381 825 annis
406 792 438 824 in
457 792 583 825 duabus
601 791 820 824 solutionibus
838 791 1031 835 aequalibus

287 847 326 880 ad
344 845 585 890 praescriptum
604 845 752 889 priorum
774 845 957 878 litterarum
974 855 1032 878 no·
1054 843 1055 851 ¹

288 906 426 933 strarum
465 900 599 933 omniuo
625 904 657 932 et
683 905 792 932 exacte
829 899 971 942 pendere
997 909 1032 931 ae

288 954 497 988 contribuere
523 959 686 995 teneatur,
713 954 744 986 in
764 953 1031 997 compensatione

290 1017 419 1051 quoque
446 1012 477 1040 et
503 1017 538 1040 ex
565 1009 660 1039 causa
686 1013 716 1039 et
753 1007 847 1039 titulo
879 1016 1030 1049 compen-

288 1060 424 1093 sationis
457 1059 662 1100 huiusmodi,
690 1070 751 1093 nec
777 1070 793 1093 e
820 1059 873 1092 tali
912 1058 1031 1092 contri-

288 1111 424 1144 butione
450 1111 614 1143 ullatenus
647 1111 763 1155 quovis
798 1115 967 1154 praetextu
1003 1115 1032 1143 et

289 1165 400 1197 colore
434 1174 504 1197 sese
539 1163 704 1203 eximere,
741 1164 870 1197 illamve
903 1163 1032 1197 differre

289 1217 415 1261 possit;
439 1228 476 1250 ac
494 1217 631 1260 insuper
652 1218 737 1261 quod
760 1217 941 1250 istiusmodi
960 1227 1033 1250 con·

291 1270 424 1304 tributio
450 1270 619 1313 perpetuis
646 1270 760 1303 suturis
785 1270 987 1314 temporibus
1002 1269 1032 1302 in

290 1324 427 1369 pecunia
454 1325 623 1357 numerata
648 1324 774 1367 integre
800 1324 869 1357 sieri
896 1324 1030 1365 debeat,

292 1379 437 1423 ipsisque
466 1378 574 1411 abbati
602 1378 701 1422 priori
728 1384 760 1412 et
780 1378 948 1412 monacbis
968 1388 1034 1411 mo-

291 1432 426 1466 nasterii
451 1431 541 1465 Sacri
567 1432 691 1476 Specus
717 1432 849 1466 aliunde
876 1437 908 1465 et
934 1432 1035 1465 unde-

292 1496 433 1530 cumque
470 1485 633 1518 voluerint
674 1495 820 1529 panem,
856 1485 966 1518 vinum
1003 1490 1035 1517 et

292 1541 399 1573 oleum
433 1549 543 1572 emere
582 1544 613 1572 et
649 1548 766 1582 parare
802 1538 941 1571 liberum
980 1538 1032 1579 sit,

292 1593 485 1627 auctoritate
511 1592 710 1636 apostolica,
739 1597 851 1625 tenore
876 1602 1034 1636 praesen-

293 1645 383 1687 tium,
411 1645 593 1685 statuimus,
619 1645 821 1678 declaramus
849 1650 880 1678 et
905 1645 1035 1678 ordina-

293 1711 375 1733 mus.
909 1740 911 1742 q

336 1754 351 1798 ἓ
372 1753 404 1786 4.
426 1753 660 1793 Decernentes,
687 1751 816 1786 easdem
843 1757 1034 1795 praesentes

292 1806 416 1841 litteras
434 1816 564 1850 semper
585 1816 622 1839 ac
641 1811 803 1849 perpetuo
822 1805 938 1845 firmas,
958 1806 1036 1839 vali-

292 1861 349 1894 das
370 1865 402 1893 et
418 1860 564 1893 efficaces
584 1859 724 1892 existere
743 1864 775 1892 et
792 1859 871 1898 sore,
891 1869 1035 1902 suosque
1058 1872 1059 1875 ¹

291 1914 455 1958 plenarios
481 1919 513 1947 et
537 1913 684 1956 integros
711 1912 842 1946 effectus
869 1913 978 1946 sortiri
1005 1919 1036 1946 et

291 1967 441 2002 obtinere
459 1994 467 2008 ,
496 1977 532 2000 ac
557 1965 651 2006 illis¹,
678 1967 717 1999 ad
744 1977 826 2010 quos
852 1971 978 2010 spectat
1005 1972 1036 1999 et

292 2031 351 2065 pro
377 2026 526 2064 tempore
552 2020 825 2064 quandocumque
851 2019 1035 2064 spectabit,

293 2075 324 2107 in
362 2074 514 2108 omnibus
550 2079 582 2107 et
617 2084 676 2117 per
711 2073 820 2107 onmia
844 2072 1035 2117 plenissime

294 2126 480 2171 suffragari,
517 2132 549 2160 et
574 2127 613 2160 ab
639 2127 685 2161 eis
712 2127 893 2171 respective
921 2127 1036 2160 incon-

295 2191 385 2214 cusse
412 2180 602 2221 observari,
639 2180 751 2224 sicque
784 2181 816 2214 in
850 2180 1034 2225 praemissis

296 2244 353 2275 per
387 2245 608 2279 quoscumque
642 2234 763 2268 iudices
795 2235 978 2268 ordinarios
1005 2240 1060 2268 et'

297 2285 473 2329 delegatos,
503 2288 598 2321 etiam
621 2299 791 2322 causarum
821 2289 931 2333 palatii
959 2299 1037 2332 apo-

298 2339 403 2372 stolici
434 2341 613 2382 auditores,
637 2352 674 2375 ac
698 2342 729 2375 S.
750 2342 787 2375 R.
807 2343 842 2375 E.
869 2343 1036 2386 praefatae

298 2392 492 2433 cardinales,
518 2394 612 2428 etiam
638 2395 677 2428 de
703 2397 807 2429 latere
839 2397 977 2439 legatos,
1005 2401 1037 2429 et

297 2445 379 2479 alios
406 2446 568 2488 quoslibet
586 2447 697 2491 quavis
723 2449 984 2491 praeeminentia
1004 2454 1037 2482 et
1058 2459 1060 2469 ¹

297 2504 459 2542 potestate
492 2499 665 2542 fungentes
690 2507 721 2534 et
745 2501 933 2543 suncturos,
960 2501 1035 2535 sub-

296 2552 360 2584 lata
385 2551 431 2584 eis
457 2557 488 2585 et
513 2562 623 2586 eorum
644 2553 779 2587 cuilibet
804 2555 916 2598 quavis
942 2555 1037 2589 aliter

333 2617 340 2641 t
366 2613 436 2641 Edit.
458 2614 538 2641 Main.
561 2614 625 2650 tegit
645 2615 710 2643 ictos
729 2617 770 2650 (a.
787 2618 836 2650 T.).

1073 257 1236 292 iudicandi
1272 265 1303 292 et
1332 260 1568 304 interpretandi
1596 261 1747 293 facultate
1785 266 1818 293 et

1072 312 1274 353 auctoritate,
1301 313 1438 347 iudicari
1465 318 1496 346 et
1522 313 1650 347 definiri
1678 314 1817 354 debere,

1072 375 1109 397 ae
1143 364 1270 398 irritum
1297 371 1329 399 et
1355 366 1449 399 inane
1480 366 1504 399 si
1524 376 1616 399 secus
1643 377 1741 410 super
1766 367 1817 400 his

1073 428 1090 450 a
1107 428 1284 461 quoquam,
1312 419 1421 462 quavis
1442 419 1651 460 auctoritate,
1676 420 1818 453 scienter

1074 471 1122 503 vel
1156 470 1363 513 ignoranter,
1391 473 1567 515 contigerit
1592 473 1764 514 attentari3
1794 473 1817 506 i-

1073 524 1190 567 psique
1215 524 1309 558 Petro
1334 525 1521 559 Marcellino
1554 526 1711 570 episcopo
1748 537 1817 559 car-

1052 577 1196 618 -dinali,
1224 579 1383 612 moderno
1400 607 1407 620 ‚
1435 590 1471 613 ac
1496 590 1555 623 pro
1584 585 1730 624 tempore
1757 580 1817 613 exi-

1074 630 1172 663 stenti
1198 632 1384 674 praedictae
1409 632 1681 676 Congregationis
1715 633 1817 666 Cassi-

1075 683 1186 717 nensis
1211 685 1294 728 apud
1321 686 1438 718 Sedem
1466 686 1687 729 Apostolieam
1708 693 1816 730 prote-

1075 737 1154 770 ctori
1181 738 1295 771 harum
1321 739 1404 771 serie
1431 739 1660 782 iniungentes,
1689 745 1724 772 ut
1749 751 1817 773 eas-

1075 791 1146 823 dem
1165 797 1354 835 praesentes
1373 792 1499 825 litteras
1525 792 1709 826 executioni
1729 804 1817 826 man-

1076 844 1165 885 dari,
1193 844 1361 878 observari
1388 850 1418 878 et
1443 845 1596 878 custodiri
1625 845 1757 879 mandet
1788 851 1819 879 et

1077 899 1183 932 saciat.

1120 952 1134 995 ἓ
1160 953 1191 985 5.
1215 951 1283 985 Νοη
1310 952 1526 994 obstantibus,
1553 952 1661 997 quoad
1681 963 1819 997 eaquae

1076 1004 1304 1048 praesentibus
1329 1005 1554 1045 adversantur,
1579 1005 1745 1049 prioribus
1770 1006 1819 1038 lit-

1077 1058 1155 1091 teris
1181 1058 1300 1091 nostris
1318 1059 1481 1102 praefatis,
1501 1070 1536 1092 ac
1557 1059 1725 1103 quibusvis
1744 1070 1820 1093 con-

1076 1112 1296 1146 stitutionibus
1322 1118 1353 1145 et
1377 1112 1639 1146 ordinationibus
1664 1113 1820 1156 apostoli-

1077 1165 1145 1204 cis,
1171 1176 1298 1199 necnon
1334 1166 1484 1199 omnibus
1520 1171 1551 1199 et
1585 1165 1722 1209 singulis
1757 1166 1820 1199 illis

1078 1230 1161 1263 quae
1188 1219 1219 1252 in
1245 1219 1359 1252 iisdem
1381 1219 1544 1262 prioribus
1567 1218 1684 1252 litteris
1705 1220 1821 1253 nostris

1078 1282 1235 1306 concessa
1260 1277 1337 1305 sunt
1361 1283 1427 1306 non
1453 1273 1604 1312 obstare,
1636 1273 1820 1317 ceterisque

1078 1325 1251 1359 contrariis
1272 1325 1548 1369 quibuscumque.

1122 1378 1236 1411 Datum
1266 1378 1407 1419 Romae,
1440 1379 1527 1422 apud
1553 1379 1585 1412 S.
1618 1378 1746 1411 Mariam
1765 1378 1823 1411 Ma-

1079 1431 1194 1472 iorem,
1213 1432 1272 1465 sub
1298 1432 1422 1465 annulo
1445 1431 1634 1473 piscatoris,
1655 1432 1706 1465 die
1723 1441 1822 1466 xxvul

1079 1485 1234 1518 februarii
1258 1495 1449 1526 unccxxxm
1476 1485 1688 1529 pontificatus
1715 1486 1821 1519 nostri

1080 1549 1166 1572 anno
1191 1549 1221 1571 v.

1117 1600 1174 1627 Dat.
1197 1600 1240 1628 die
1261 1600 1294 1628 28
1316 1600 1451 1628 februarii
1476 1600 1553 1635 1735,
1574 1601 1669 1636 pontif.
1691 1610 1762 1628 anno
1778 1609 1803 1628 v.

1414 1655 1448 1689 F.
1477 1656 1566 1689 card.
1593 1655 1776 1690 Omvmuus.

1402 1806 1501 1840 CLlll.

1080 1878 1247 1912 Slalnlum
1276 1882 1310 1910 ut
1336 1877 1522 1921 capitulum
1546 1878 1696 1921 yenerale
1729 1877 1825 1911 ordi·-

1124 1931 1176 1964 nis
1201 1931 1232 1965 S.
1261 1931 1438 1974 Hippolyti
1470 1931 1633 1964 Meoeicani
1664 1931 1701 1964 de
1725 1935 1824 1963 celero

1123 1984 1161 2017 de
1180 1985 1333 2017 sexennio
1362 1985 1397 2017 in
1422 1985 1612 2017 sexennium
1637 1984 1822 2017 celebretur.

1286 2065 1423 2091 Clemens
1443 2065 1524 2098 Papa
1548 2064 1617 2097 ΧΠ,

1219 2109 1257 2136 ad
1277 2109 1414 2136 futuram
1435 2109 1483 2135 rei
1504 2107 1688 2136 memoriam.

1731 201 1773 235 39
1824 214 1874 238 An.
1897 213 1928 239 c,
1946 212 2013 240 1735

1880 960 2013 980 Obstantmrn

1831 986 1951 1012 deroga-10.

1124 2180 1139 2224 g
1169 2180 1193 2213 l.
1228 2180 1322 2221 Cum,
1348 2180 1431 2213 sicut
1464 2180 1573 2213 dilecti
1612 2180 1668 2213 filii
1709 2179 2017 2237 “³³05„„?;’.?3²3¹„³01.{23

1080 2234 1212 2267 Ordinis
1233 2233 1406 2277 hospitalis
1430 2233 1462 2266 S.
1483 2233 1647 2277 Hippolyti
1670 2233 1924 2285 Mexicamgmnmo
1960 2238 2014 2257 effle-

1849 2270 1896 2284 ΗΓΘ
1909 2280 1914 2285 -

1951 2269 2015 2287 gravo

1081 2293 1143 2320 tam
1170 2298 1228 2320 suo
1265 2297 1360 2330 quam
1388 2287 1531 2319 eiusdem
1565 2286 1694 2319 Ordinis
1719 2285 2016 2338 110111i-33«1=n=cume=·

1081 2351 1121 2374 ne
1148 2340 1241 2374 nobis
1279 2350 1383 2383 nuper
1419 2339 1535 2382 exponi
1575 2339 1738 2378 recerunt,
1765 2348 1824 2382 per

1080 2394 1330 2428 constitutiones
1357 2393 1432 2426 dicti
1467 2392 1596 2425 Ordinis
1631 2391 1823 2425 auctoritate

1081 2447 1261 2492 apostolica
1286 2446 1491 2479 confirmatas
1524 2455 1675 2488 expresse
1713 2444 1823 2488 dispo-

1081 2507 1183 2541 natur,
1211 2500 1299 2544 quod
1326 2499 1412 2532 illius
1452 2498 1630 2541 capitulum
1668 2499 1821 2541 generale

1081 2554 1229 2598 quolibet
1262 2552 1402 2585 triennio
1439 2551 1638 2590 celebretur,
1667 2550 1698 2583 id
1732 2561 1819 2590 vero,

1081 2618 1152 2641 cum
1179 2606 1338 2640 eiusmodi
1365 2604 1452 2638 Ordo
1479 2614 1537 2648 per
1564 2603 1706 2637 diversas
1732 2605 1822 2636 Ame-
