2232 3178
33 169 81 196 An.
103 167 131 193 G.
152 165 216 193 ¹737

224 213 263 247 ab
289 213 440 247 universo
473 213 560 247 fideli
599 215 720 258 populo
737 241 744 255 ‚
769 213 860 247 cuius
887 214 967 257 regi-

224 267 302 301 mini
339 268 481 310 superna
526 267 716 310 dignatione
759 268 968 301 immerentes

222 320 767 364 praesidemus,Sanctorumcultu
786 326 816 354 et
830 321 966 354 honori-

222 374 282 407 bus
302 374 476 407 colendum
496 385 532 407 ae
554 374 786 412 venerandum,
806 373 966 406 hodierna

223 427 292 467 die,
319 427 500 471 apostolica
534 427 726 461 auctoritate
752 426 964 460 decrevimus.

222 480 352 513 Exultet
377 480 473 523 igitur
499 486 530 513 et
554 482 694 524 gaudeat
717 480 880 520 Ecclesia,
910 491 967 513 no-

223 544 295 566 vum
314 544 331 566 a
349 534 415 567 Deo
441 539 614 577 patronum
640 534 700 567 sibi
727 533 872 567 oblatum
894 544 965 567 esse

223 587 275 630 qui
302 597 361 630 pro
388 588 530 630 peccatis
547 587 660 631 populi
682 587 765 630 apud
792 587 964 620 Dominum

221 649 336 683 preces
359 640 526 673 adhibeat.
554 640 699 673 Laudent
725 650 797 673 eum
822 640 964 673 universi

220 692 347 733 fideleS,
367 698 399 726 et
416 704 454 726 eo
480 694 568 726 cultu
595 699 692 736 atque
718 693 755 726 iis
784 693 964 726 honoribus

221 752 480 791 prosequantur,
507 747 624 791 quibus
660 748 742 780 Deus
774 747 806 780 in
838 748 964 781 Sanctis

221 798 285 832 suis
322 799 516 832 honoratur.
544 799 577 832 ln
615 800 748 843 psalmis
779 801 902 844 igitur,
932 800 963 833 in

221 853 351 896 hymnis
370 857 402 885 et
418 853 551 885 canticis
570 853 806 896 spiritualibus,
827 854 859 886 in
877 863 964 886 com-

220 905 398 949 punctione
432 906 539 939 cordis
565 911 596 939 et
621 916 799 949 egenorum
832 907 964 940 misera-

221 959 315 999 tione,
343 960 545 1001 praeclaram
567 960 607 993 de
632 960 754 994 mundo
773 970 809 993 ac
830 960 962 993 diabolo

219 1012 356 1044 relatam
381 1011 545 1045 victoriam
584 1018 615 1046 et
645 1013 845 1056 spiritualem
880 1013 962 1046 servi

219 1064 275 1098 Dei
294 1064 496 1108 triumphum
516 1066 732 1099 celebremus.
751 1066 885 1109 Templa
899 1066 963 1109 qui·

219 1117 353 1151 demin
386 1118 454 1151 eius
488 1119 649 1152 honorem
687 1119 863 1153 immortali
896 1119 962 1152 Deo

219 1172 449 1213 aedificentur3
470 1173 526 1206 sed
551 1184 622 1213 nos,
648 1174 702 1217 qui
729 1175 887 1217 templum
905 1173 961 1206 Dei

219 1236 339 1265 sumus,
356 1225 518 1259 humanae
536 1226 703 1269 pravitatis
720 1226 792 1259 labe
810 1227 961 1270 polluere

219 1289 256 1312 ac
272 1279 393 1312 violare
420 1280 596 1320 timeamus,
620 1280 801 1323 demusque
827 1290 961 1324 operam

217 1344 258 1367 ne
285 1333 362 1377 quid
387 1333 591 1366 immundum
610 1338 664 1366 aut
688 1334 859 1378 profanum
884 1339 962 1367 tem-

219 1387 272 1432 plo
293 1386 361 1427 Dei,
382 1387 447 1420 hoc
473 1392 522 1420 est
542 1387 668 1420 animae
687 1393 827 1428 nostrae,
847 1388 962 1422 infera-

219 1447 283 1482 tur,
303 1451 344 1474 ne
366 1440 505 1474 offensus
523 1441 643 1481 sedem,
667 1453 762 1485 quam
789 1442 959 1483 inhabitat,

218 1494 439 1538 derelinquat.
462 1494 537 1527 Eius
556 1495 731 1528 memoriae
757 1501 788 1528 et
805 1496 961 1529 altaribus

219 1549 303 1582 dona
321 1553 351 1582 et
369 1559 506 1582 munera
524 1548 720 1590 olferautur;
738 1550 793 1583 sed
814 1550 962 1583 exhibea-

217 1613 288 1635 mus
307 1613 439 1646 quoque
466 1613 604 1646 corpora
628 1608 737 1636 nostra
764 1603 902 1636 hostiam
922 1604 962 1636 vi-

218 1661 356 1697 ventem,
376 1661 531 1696 sanctam,
552 1656 617 1689 Deo
644 1658 843 1700 placentem:
867 1659 961 1691 raho-

216 1709 325 1742 nabile
341 1709 534 1752 obsequium
549 1714 710 1742 nostrum.
730 1710 804 1743 Eius
820 1711 960 1755 denique

217 1762 370 1805 religiosa
396 1762 580 1802 simulacra,
599 1773 776 1806 sacraeque
803 1763 960 1806 imagines

216 1815 248 1848 in
274 1814 486 1848 veneratione
504 1819 536 1848 et
561 1816 648 1848 cultu
676 1815 879 1856 imbuantur-3
902 1818 958 1851 sed

216 1868 285 1902 eius
322 1869 475 1901 virtutum
513 1869 677 1912 egregiam
711 1870 846 1903 formam
880 1881 956 1904 san-

216 1927 349 1966 ctaeque
369 1922 624 1955 conversationis
644 1923 830 1965 imaginem,
852 1924 958 1957 divina

216 1976 397 2021 opitulante
422 1976 543 2020 gratia,
568 1977 601 2009 in
632 1977 724 2010 nobis
750 1977 827 2020 ipsis
853 1978 959 2021 expri-

217 2040 306 2063 mere
331 2039 368 2063 ac
393 2036 651 2073 repraesentare,
670 2031 774 2073 quoad
800 2031 957 2074 cuiusque

215 2086 364 2118 nostram
402 2084 608 2118 imbecillitas
646 2085 787 2128 patitur,
822 2087 957 2119 sollicite

215 2138 413 2171 studeamus.

25 2195 206 2249 i„,v'¹2⁰2⁹¹'¹p⁵ssiss,'³'
260 2190 323 2235 53.
344 2191 377 2224 ln
397 2192 510 2225 humili
534 2202 629 2235 pago,
653 2203 747 2236 quem
770 2193 956 2236 Ranquines

25 2250 144 2298 issl⁶²³¹³¹³⁸
168 2251 204 2271 ¹¹1⁵·
217 2244 341 2284 dicunt,
361 2245 522 2288 Aquensis
539 2245 713 2284 dioecesis,
731 2257 768 2279 ex
788 2247 957 2290 pauperri-

216 2297 274 2330 mis
295 2298 352 2331 sed
377 2298 439 2342 piis
466 2298 656 2341 parentibus
682 2304 776 2331 natus
814 2304 861 2332 est
886 2300 958 2332 vin-

216 2350 369 2384 centiusa
394 2351 504 2391 Paulo,
522 2351 573 2395 qui
594 2362 610 2384 a
632 2351 769 2394 pueritia
797 2358 957 2396 tamquam

215 2403 372 2437 innocens
398 2404 476 2437 Abel
503 2409 611 2447 pastor
637 2405 741 2438 ovium
769 2405 834 2445 fuit,
861 2411 893 2438 et
918 2406 956 2439 ad

215 2467 288 2490 eum
309 2462 341 2491 et
367 2457 405 2490 ad
429 2467 567 2490 munera
594 2458 661 2490 eius
688 2458 831 2501 respexit
856 2458 958 2492 Domi·

215 2520 288 2544 nus.
315 2510 393 2544 Nam
421 2511 452 2544 in
476 2511 661 2545 innocentia
690 2511 809 2553 vivens,
836 2512 874 2545 de
901 2515 957 2545 sua

215 2563 412 2607 parsimonia
444 2569 476 2597 et
507 2564 706 2598 abstinentia
733 2570 858 2608 gratum
892 2566 956 2599 Deo

6 2610 10 2714 ι
285 2628 361 2656 Βιιιι.
380 2628 467 2656 Rom.
490 2643 523 2648 -
548 2628 608 2658 Vol.
630 2628 733 2656 XXIV.
866 2627 900 2656 30

4 2819 8 2890 Ξ

4 2931 5 2947 l

3 3011 7 3053 l

1 3055 7 3178 l

843 165 985 191 CLEMENS
1010 166 1055 190 xit
1081 166 1130 190 ΓΡ.

1651 159 1714 193 2:33
1761 169 1809 195 An,
1832 170 1861 195 e.
1881 170 1945 195 1737

1014 214 1171 249 offerebat
1203 216 1396 250 sacrificium
1424 217 1568 261 pietatis:
1593 218 1755 262 siquidem

1013 269 1159 309 farinam,
1180 270 1253 303 dum
1273 281 1289 303 a
1314 272 1401 305 mola
1426 271 1560 311 rediret,
1589 276 1621 305 et
1638 283 1754 315 panem

989 325 990 335 ³
1012 322 1071 354 sibi
1087 323 1117 354 in
1134 329 1262 356 tenuem
1278 324 1396 357 victum
1413 335 1430 357 a
1448 324 1641 367 parentibus
1663 325 1755 357 uadi-

1012 380 1086 414 tum,
1103 376 1301 418 pauperibus
1316 377 1544 416 distribuebat,
1558 377 1755 421 impendens

1012 427 1122 461 virtuti
1147 430 1236 471 quod
1266 430 1420 474 propriae
1447 431 1662 464 subtrahebat
1686 443 1755 464 sus-

1012 481 1201 522 tentationi,
1230 488 1264 514 ut
1296 483 1387 516 lieret
1411 484 1546 517 refectio
1574 495 1755 528 pauperum

1010 533 1204 567 abstinentia
1227 536 1423 570 ieiunantis.
1451 538 1629 571 Ardentem
1668 538 1754 572 enim

1010 587 1055 630 pii
1080 588 1315 621 adolescentuli
1354 590 1543 623 charitatem
1577 597 1753 634 paupertas

1010 651 1076 673 non
1094 642 1296 675 retardabat:
1315 642 1388 676 licet
1406 655 1539 686 parvum
1562 649 1646 677 esset
1667 645 1754 688 quod

1010 699 1120 736 posset
1145 695 1184 727 dc
1212 697 1269 727 sua
1295 696 1447 730 facultate
1486 698 1680 741 decerpere,
1709 703 1754 731 ta-

1009 757 1082 780 men
1117 748 1214 780 animi
1245 749 1467 790 magnitudine
1500 753 1619 783 census
1646 762 1751 794 angu—

1009 800 1101 834 stiam
1127 802 1314 845 superabat.
1343 802 1455 847 Itaque
1481 804 1652 837 dimidium
1681 816 1754 838 scu-

1010 859 1086 895 tum,
1105 855 1190 898 quod
1216 855 1405 898 quotidiana
1430 857 1628 900 parsimonia
1649 864 1680 891 et
1705 858 1753 891 in-

1009 907 1130 940 dustri¹
1157 908 1342 951 frugalitate
1369 921 1386 942 e
1412 910 1479 943 suis
1501 910 1668 944 laboribus
1694 911 1752 944 mi-

1009 960 1145 994 nutatim
1181 963 1381 1005 collegerat,
1414 963 1599 997 occurrenti
1631 964 1751 998 misero

1010 1020 1110 1048 totum
1136 1016 1288 1058 elargitus
1306 1022 1364 1055 est,
1391 1017 1430 1049 ad
1456 1018 1639 1060 exemplum
1665 1017 1751 1051 illius

1008 1068 1227 1111 pauperculae
1254 1068 1380 1109 viduae,
1400 1080 1481 1113 quae
1500 1082 1516 1102 a
1534 1070 1671 1104 Domino
1689 1082 1751 1104 me-

1009 1121 1071 1153 ruit
1087 1122 1223 1162 laudari,
1243 1122 1317 1165 quia
1338 1133 1403 1155 non
1430 1134 1466 1156 ex
1489 1134 1525 1156 co
1544 1123 1631 1166 quod
1649 1124 1752 1156 abun-

1008 1174 1104 1207 dabat
1129 1174 1196 1213 illi,
1223 1175 1279 1208 sed
1306 1176 1345 1208 de
1370 1176 1507 1219 penuria
1538 1178 1614 1217 sua,
1641 1177 1750 1210 omnia

1007 1238 1090 1271 quae
1118 1228 1231 1261 habuit
1251 1228 1346 1269 misit,
1370 1235 1478 1277 totum.
1498 1229 1613 1263 vietum
1640 1241 1747 1263 suuni.

1051 1282 1065 1325 ξ
1090 1281 1122 1314 4.
1142 1281 1189 1314 ΑΙ)
1215 1282 1332 1324 agresti
1351 1287 1382 1315 et
1407 1283 1575 1325 pastoritia
1594 1283 1657 1316 vita
1675 1294 1750 1316 avo·
1774 1294 1869 1322 ¹sanias
1885 1294 1944 1314 aaa.

1006 1340 1095 1368 catus
1120 1347 1137 1367 a
1162 1341 1255 1378 patre
1282 1336 1388 1379 Aquas
1415 1336 1531 1369 missus
1561 1341 1625 1375 est,
1651 1342 1686 1369 ut
1717 1323 1944 1371 in523‘13322222?‘'

1007 1388 1166 1421 convictu2
1179 1389 1312 1420 fratrum
1324 1389 1454 1422 Ordinis
1469 1389 1570 1422 sancti
1586 1389 1749 1422 Francisci

1007 1441 1122 1474 litteris
1149 1453 1285 1485 operam
1312 1433 1416 1475 daret.
1444 1442 1475 1475 ld
1503 1447 1608 1476 autem
1636 1443 1749 1476 sedulo

1006 1506 1041 1528 ac
1067 1495 1242 1538 diligenter
1278 1501 1430 1529 executus
1468 1501 1530 1536 est,
1561 1499 1596 1529 ea
1623 1507 1748 1530 morum

1005 1549 1189 1591 integritate
1221 1553 1251 1583 et
1276 1560 1352 1592 erga
1373 1549 1474 1582 Deum
1499 1550 1618 1593 pietate
1644 1561 1678 1583 se
1697 1561 1749 1593 ge-

1005 1613 1089 1642 rens,
1116 1608 1149 1634 ut
1175 1602 1367 1645 aequalibus
1388 1604 1550 1646 exemplo,
1568 1603 1748 1636 maioribus

1005 1655 1210 1689 admirationi
1230 1656 1336 1688 fuerit.
1357 1656 1436 1689 ilinc
1460 1656 1609 1697 Tolosae,
1629 1657 1748 1690 deinde

1005 1708 1279 1751 Caesaraugustae
1301 1710 1333 1742 in
1364 1710 1550 1752 theologiae
1575 1710 1689 1743 studiis
1716 1723 1748 1743 o-

1003 1765 1081 1806 pera
1101 1762 1289 1805 diligenter
1314 1763 1440 1806 posita,
1468 1769 1587 1803 castus,
1615 1764 1746 1797 humilis

1004 1821 1034 1851 ct
1053 1817 1224 1857 modestus,
1245 1821 1276 1850 et
1290 1818 1402 1860 (piales
1419 1817 1450 1850 in
1473 1823 1593 1850 sortem
1619 1818 1745 1850 Domini

1005 1875 1135 1903 vocatos
1162 1881 1232 1904 esse
1257 1871 1359 1911 decet,
1379 1881 1436 1914 per
1457 1881 1570 1904 omnes
1596 1871 1747 1904 ecclesia-

1004 1924 1101 1957 sticos
1126 1924 1259 1957 ordines
1293 1925 1332 1957 ad
1366 1924 1537 1957 sacerdotii
1572 1924 1745 1957 sublimem

1003 1977 1193 2020 dignitatem
1220 1978 1378 2011 ascendit.

1047 2032 1061 2074 ἓ
1087 2030 1117 2063 5.
1139 2030 1193 2063 Vix
1213 2037 1320 2064 autem
1346 2032 1453 2065 fuerat
1474 2032 1666 2065 sacerdotali
1687 2033 1745 2066 ho-

1790 2041 1817 2060 Ait
1835 2041 1939 2065 pra-‹han-

1755 2068 1802 2087 ‹Jaia
1813 2070 1937 2087 nominatur.

979 2099 981 2110 ἢ
1002 2095 1080 2117 nore
1105 2084 1294 2127 insignitus,
1320 2084 1438 2118 inscius
1465 2090 1496 2118 et
1520 2085 1646 2125 absens,
1673 2096 1818 2120 cuman-1¹¹·
1852 2097 1937 2114 reru-a·

1755 2121 1781 2140 ob
1794 2123 1939 2146 rninpetitoin¹

1003 2139 1086 2171 fama
1111 2138 1178 2170 eius
1204 2138 1376 2181 probitatis
1396 2143 1428 2171 et
1446 2139 1612 2172 doctrinae
1639 2139 1821 2173 incre-ww·

979 2191 1135 2233 ἱΙωίεεοὶ,
1163 2193 1201 2225 ad
1227 2192 1384 2236 pinguem
1409 2192 1558 2226 beneficii
1585 2193 1744 2237 praeben-

1002 2245 1074 2278 dam
1108 2246 1291 2278 nominatus
1323 2251 1393 2286 est‘,
1421 2256 1516 2289 quam
1549 2252 1582 2278 ut
1615 2246 1743 2280 rescivit

1001 2299 1069 2331 sine
1104 2298 1247 2332 iudiciali
1285 2299 1505 2332 controversia
1542 2310 1574 2332 sc
1607 2300 1742 2343 adipisci

1001 2362 1066 2385 non
1093 2362 1204 2395 posse,
1231 2356 1347 2395 sponte
1373 2363 1410 2385 ac
1438 2352 1580 2385 libenter
1606 2353 1741 2393 dimisit;

1001 2416 1087 2445 nam,
1109 2416 1220 2438 amans
1239 2405 1345 2448 potius
1373 2405 1521 2438 iniuriam
1547 2406 1693 2450 accipere
1712 2413 1744 2440 et

1001 2459 1147 2492 fraudem
1173 2458 1250 2502 pati,
1278 2469 1373 2502 quam
1400 2458 1520 2491 iudicio
1544 2469 1616 2492 cum
1643 2459 1742 2493 fratre

1038 2532 1046 2557 1
1071 2530 1142 2557 Edit.
1164 2529 1244 2556 Maia.
1268 2529 1341 2564 legit.
1365 2529 1513 2557 inflasti-ia
1532 2531 1571 2563 (a.
1587 2531 1625 2566 T).

1036 2574 1053 2602 2
1072 2573 1146 2602 Edit.
1169 2573 1249 2602 Maia.
1271 2574 1397 2602 convicto
1418 2574 1457 2609 (a.
1472 2574 1521 2610 T.).
