2232 3178
24 215 69 242 Aa.
84 210 113 240 C.
134 208 199 238 1738

47 2300 74 2322 De
87 2303 199 2323 viniatori-

37 2333 57 2347 ιη
82 2331 101 2349 ut
128 2329 199 2350 visita-

31 2355 76 2374 tone
107 2361 199 2378 conven-

32 2385 83 2402 uum.

834 204 976 230 CLEMENS
999 205 1045 230 XII
1068 205 1117 229 PP.

207 261 298 288 torem
331 255 499 295 generalem
532 265 589 285 non
624 254 812 295 praecedent,
836 265 890 284 nec
917 255 944 284 in

207 305 328 343 actibuS,
363 304 469 344 quibus
501 304 564 344 ipse
598 304 735 342 adsuerit,
766 303 807 333 illi
836 303 944 343 praesi-

207 354 334 384 dentiam
358 353 520 383 habebunt.

246 412 273 433 v.
297 402 479 441 Ubicumque
510 401 618 431 suerint
641 401 809 431 definitores
832 401 947 440 provin-

206 452 304 490 ciales,
323 451 489 481 immediate
506 450 702 493 subnotantur
718 450 864 489 superiori
881 459 947 488 pro-

206 501 337 538 vinciae,
364 509 415 530 seu
438 499 628 539 provinciali3
658 509 715 529 non
739 508 806 528 vero
830 508 947 538 praece-

206 550 276 579 dant
291 549 457 579 ministrum
469 549 477 565 ¹
494 548 609 586 domus,
627 557 680 578 nec
704 547 868 587 praesidem
889 547 946 576 iam

207 599 334 634 dictum,
371 597 427 627 nisi
465 601 597 637 tempore
633 596 754 627 actualis
790 595 946 625 definitorii

206 647 405 688 provincialis.

245 705 283 726 vi.
307 696 338 726 ln
361 696 428 726 aliis
450 695 595 731 domibus,
630 695 659 725 in
693 694 800 734 quibus
831 693 969 733 provin-v

205 744 287 774 cialis
320 753 377 774 non
409 744 509 782 fucrit,
545 743 716 774 definitores
751 742 947 782 provinciales

205 793 351 824 licentiam
375 797 403 823 et
426 793 660 823 benedictionem
690 792 836 832 accipiant
861 802 875 822 a
899 792 947 821 de-

207 842 324 872 smitore
354 842 484 880 generali
519 842 548 871 in
586 842 695 872 eisdem
732 841 877 871 existente
913 841 946 871 ad

206 891 371 921 exeundum
395 901 410 920 a
434 891 531 929 domo,
557 894 585 920 et
607 900 621 920 a
642 894 722 930 patre
746 890 878 920 ministro
902 900 946 920 so-

205 939 283 970 cium
312 943 431 979 petant:
467 948 524 968 non
559 944 654 969 tamen
688 939 756 978 ipsi,
791 939 841 968 sed
874 939 945 968 socii

206 993 317 1019 tantum
341 988 575 1019 benedIctionem
599 988 745 1028 accipiant
774 997 788 1017 a
813 988 947 1018 ministro

206 1042 256 1068 aut
279 1038 412 1077 praeside
436 1047 487 1077 per
503 1038 685 1077 superiorem
709 1037 874 1075 generalem
898 1042 947 1068 aut

205 1086 404 1117 definitorium
427 1087 564 1125 generale
588 1087 751 1125 designato.

246 1145 296 1166 vu.
321 1135 350 1166 Si
373 1136 509 1166 definitor
531 1135 678 1174 generalis
707 1145 765 1165 non
789 1134 876 1165 suerit
898 1134 948 1164 do-

205 1185 256 1222 mi,
281 1184 338 1224 ipsi
361 1184 533 1214 definitores
567 1183 761 1224 provinciales
794 1192 947 1213 recurrere

204 1232 311 1263 debent
333 1232 368 1262 ad
391 1232 561 1262 ministrum
594 1242 627 1262 eo
660 1232 745 1261 modo
778 1235 806 1262 et
840 1232 945 1269 forma,

204 1281 311 1322 quibus
333 1282 504 1312 definitores
537 1282 690 1320 generales
723 1290 877 1311 recurrere
899 1281 948 1310 de-

204 1331 284 1369 bent,
308 1331 387 1361 iuxta
414 1331 490 1361 dicta
513 1331 526 1370 ξ
550 1331 578 1368 3,
599 1340 681 1360 num.
698 1339 737 1368 vi,
761 1330 800 1360 De
821 1330 946 1369 definito-

204 1381 281 1411 ribus
300 1380 485 1420 generalibus.

244 1438 294 1460 vn.
314 1429 392 1460 Licet
407 1429 611 1460 definitoribus
627 1428 867 1469 provincialibus,
885 1428 947 1458 sine

205 1478 330 1509 alicuius
352 1479 438 1509 etiam
467 1479 630 1518 superioris
662 1478 871 1518 impedimento
898 1481 947 1507 aut

205 1528 351 1565 examine,
375 1527 504 1558 scribere
527 1532 577 1557 aut
598 1527 730 1567 recipere
752 1527 890 1566 epistolas
912 1527 947 1556 ad

205 1577 273 1607 illos
289 1577 403 1613 missas,
421 1581 450 1607 et
466 1576 604 1607 similiter
620 1577 728 1616 alloqui
744 1585 947 1616 quascumque

206 1634 357 1666 personas,
381 1625 539 1655 dummodo
572 1625 728 1655 observent
760 1625 891 1664 regulam
919 1629 948 1655 et

206 1675 431 1705 constitutiones
454 1674 548 1714 quoad
571 1674 634 1704 loca
656 1678 684 1704 et
706 1678 848 1714 tempora.

247 1733 286 1754 lx.
311 1723 348 1754 Ut
370 1724 483 1763 possint
505 1723 638 1754 obtinere
654 1723 749 1754 officia
767 1723 946 1763 provinciae,

207 1777 381 1814 reputentur
408 1772 460 1802 filii
489 1773 552 1803 eius
578 1782 680 1803 omnes
702 1773 731 1803 in
754 1774 788 1802 ea
812 1773 946 1812 professi,

206 1826 234 1852 et
256 1822 343 1852 etiam
367 1831 468 1852 omnes
490 1822 533 1852 illi
557 1821 607 1861 qui
630 1826 698 1852 ante
731 1821 794 1851 eius
827 1821 948 1852 erectio-

206 1879 273 1901 nem
304 1871 380 1901 intra
414 1870 545 1900 eamdem
578 1870 670 1900 suncti
703 1870 820 1900 fuerant
849 1870 948 1909 aliquo

207 1919 314 1957 officio,
347 1922 397 1949 aut
430 1919 545 1949 fuerant
579 1918 788 1949 conventuales
820 1918 849 1948 in
884 1918 946 1955 illa,

206 1977 320 1998 necnon
344 1967 386 1998 illi
409 1976 482 2007 quos
506 1968 641 2007 superior
673 1967 819 2006 generalis
852 1967 950 1997 incor-

208 2017 354 2057 poraverit
370 2017 449 2047 iuxta
466 2020 580 2047 nostras
595 2016 949 2047 constitutiones.Omnes

207 2066 337 2104 religiosi
370 2074 486 2105 semper
518 2065 625 2096 habere
658 2065 783 2096 debeant
817 2066 948 2095 eamdem

208 2115 404 2145 reverentiam
439 2115 643 2145 definitoribus
676 2124 745 2145 suae
782 2115 950 2155 provinciae

207 2163 238 2194 in
262 2164 425 2204 provincia,
449 2173 537 2203 quam
567 2168 715 2204 praestare
743 2168 880 2194 tenentur
902 2164 950 2194 de-

209 2213 378 2243 finitoribus
396 2213 583 2251 generalibus
606 2214 635 2243 in
658 2217 717 2244 toto
740 2213 858 2244 Ordine.

247 2272 266 2293 1.
300 2263 457 2293 Hortamur
489 2263 519 2292 in
542 2263 664 2293 Domino
697 2263 885 2301 visitatores,
919 2266 950 2292 ut

211 2320 316 2352 scopus
339 2322 372 2342 ac
389 2312 455 2342 finis
472 2321 591 2342 suarum
615 2312 815 2342 visitationum
835 2320 951 2351 semper

210 2361 248 2392 sit
270 2369 443 2391 conservare
466 2361 495 2391 in
519 2370 571 2391 suo
594 2360 693 2399 vigore
723 2364 750 2390 et
773 2360 950 2400 perfectione

210 2409 424 2441 observantiam
458 2414 575 2440 nostrae
598 2410 716 2448 regulae
731 2432 738 2446 ,
762 2409 881 2439 semotis
908 2408 952 2438 in-

212 2458 472 2498 terpretationibus
503 2468 578 2498 quae
612 2463 699 2488 totam
733 2457 950 2488 observantiam

209 2508 381 2543 deturbant,
417 2513 444 2538 et
476 2508 534 2538 vim
566 2508 702 2547 regulae,
738 2507 834 2547 potius
864 2516 951 2547 quam

247 2613 258 2640 1
281 2611 352 2640 Edit.
373 2611 453 2640 Mala.
474 2612 539 2648 legit
558 2612 694 2641 ministro
714 2613 752 2647 (n.
770 2612 818 2647 r.).

989 254 1147 293 explicent,
1171 253 1355 291 infringunt3
1387 252 1497 282 nullius
1521 251 1596 282 enim
1621 256 1664 281 est
1686 251 1730 280 in-

990 302 1166 342 terpretari,
1195 302 1252 331 nisi
1285 302 1414 341 supremi
1438 301 1553 341 capitis,
1579 300 1660 330 cuius
1687 304 1730 329 est

990 352 1137 382 condere:
1174 351 1238 382 ideo
1270 356 1366 381 tamen
1401 352 1505 389 magna
1533 349 1730 380 sollicitudine

990 400 1095 430 debent
1129 401 1295 430 visitatores
1328 409 1397 429 suae
1432 399 1601 438 vigilantlae
1637 398 1730 427 aciem

990 449 1127 487 dirigere,
1153 453 1184 479 ut
1203 453 1357 478 amoveant
1380 448 1542 477 contrarias
1565 447 1731 484 intelligen-

990 498 1044 527 tias
1068 502 1095 527 et
1118 498 1243 534 abusus,
1270 498 1318 537 qui
1343 502 1443 527 contra
1467 497 1560 535 legem
1584 505 1637 525 nec
1660 505 1731 525 usos

991 555 1045 576 nec
1078 546 1303 576 consuetudines
1337 551 1458 585 possunt
1490 547 1568 582 dici;
1606 545 1731 574 maxime

992 595 1069 625 circa
1107 595 1338 634 redemptionem
1376 595 1580 634 captivorum,
1625 593 1731 634 quibus

992 644 1072 674 iuxta
1096 644 1233 684 spiritum
1250 643 1368 674 Ordinis
1391 649 1418 674 et
1442 644 1665 682 intelligentiam
1689 653 1732 673 re-

991 694 1102 732 ligiosis
1125 703 1240 733 semper
1264 694 1295 723 fit
1318 693 1473 729 iniustitia,
1490 694 1606 733 quando
1628 693 1673 723 vel
1698 703 1730 723 ex

991 743 1185 773 determinate
1205 743 1280 773 datis
1304 743 1338 772 ad
1360 743 1604 782 redemptionem,
1628 743 1674 772 vel
1698 753 1732 773 ex

992 792 1078 822 tertia
1101 796 1183 831 parte
1205 792 1370 830 separanda
1387 802 1438 831 pro
1458 793 1520 829 illa,
1538 792 1647 832 aliquid
1665 792 1732 822 sub-

993 840 1120 870 trahitur
1154 840 1196 870 vel
1231 840 1394 870 detrahitur
1423 851 1436 870 a
1461 841 1580 871 nostris.
1610 841 1731 871 Eosdem

993 886 1130 916 similiter
1152 887 1306 916 hortamur
1335 891 1366 916 ut
1393 887 1550 925 diligenter
1572 892 1674 917 curent
1697 888 1732 917 de

992 936 1180 966 observantia
1203 936 1457 975 constitutionum,
1476 941 1643 967 sanctarum
1665 946 1734 966 con-

992 985 1181 1015 suetudinum
1205 989 1232 1015 et
1254 986 1504 1015 caeremoniarum
1520 1010 1527 1024 ,
1553 996 1652 1025 pacem
1676 990 1734 1016 sta-

993 1039 1094 1072 tuere,
1120 1034 1221 1073 culpas
1255 1043 1287 1064 ac
1320 1034 1514 1073 negligentias
1537 1035 1683 1073 corrigere
1707 1039 1735 1065 et

993 1083 1112 1122 punire.

1032 1141 1062 1162 11.
1087 1132 1142 1162 Pro
1166 1132 1250 1162 initio
1273 1132 1451 1162 visitationis
1484 1132 1583 1163 iubeat
1616 1133 1733 1171 signum

992 1181 1055 1225 fieri
1077 1181 1111 1211 ad
1135 1181 1318 1221 capitulum,
1342 1186 1370 1211 et
1393 1181 1529 1212 omnibus
1553 1182 1639 1212 simul
1669 1182 1735 1212 iun-

991 1229 1045 1260 ctis
1067 1239 1100 1260 ac
1123 1230 1287 1268 genuflexis
1310 1230 1434 1269 incipiat
1456 1231 1664 1270 antiphonam:
1687 1230 1735 1260 l'e-

992 1280 1033 1315 ni,
1057 1278 1156 1309 Sancte
1171 1278 1308 1318 Spiritus,
1325 1289 1412 1318 quam
1436 1289 1537 1309 omnes
1554 1289 1732 1319 prosequan-

993 1331 1053 1365 tur3
1074 1332 1103 1358 et
1126 1332 1190 1367 post
1212 1337 1274 1358 eam
1299 1328 1390 1358 dicat:
1417 1339 1448 1368 p.
1473 1329 1575 1358 Emz'ltr
1598 1329 1735 1368 Spiritum

991 1381 1068 1406 Illum
1090 1381 1114 1406 et
1136 1378 1314 1415 creabuntur,
1337 1382 1399 1412 etc„
1425 1383 1453 1407 et
1475 1378 1643 1408 orationes:
1662 1378 1736 1408 Deus

991 1427 1038 1465 qni
1060 1427 1141 1455 corda
1163 1426 1285 1465 fidelium
1301 1449 1308 1463 ‚
1333 1431 1384 1456 ele.
1419 1427 1539 1466 Defende
1561 1436 1735 1466 quaesumus,

992 1475 1120 1513 Domine,
1139 1480 1190 1504 etc.
1213 1474 1287 1504 Deus
1309 1475 1356 1514 qui
1376 1485 1428 1515 per
1449 1475 1500 1505 SS.
1517 1475 1577 1506 NN.
1596 1476 1663 1513 I'P„
1683 1480 1733 1505 etc.

992 1523 1093 1554 Postea
1127 1533 1228 1553 omnes
1263 1524 1406 1561 sedeant,
1434 1527 1460 1553 et
1494 1524 1627 1553 visitator
1650 1524 1735 1554 saciat

992 1573 1111 1603 brevem
1135 1573 1305 1602 concionem
1323 1572 1506 1612 spiritualem
1530 1573 1563 1602 ad
1588 1573 1734 1603 intentum

992 1631 1045 1661 pro
1067 1623 1121 1652 sua
1143 1621 1324 1652 visitatione.

1032 1680 1072 1701 111.
1097 1670 1158 1706 Quo
1192 1671 1285 1707 sacto,
1321 1671 1453 1710 imponat
1486 1675 1674 1711 praeceptum
1707 1675 1735 1701 et

992 1729 1146 1750 censuram
1180 1719 1235 1750 sibi
1267 1725 1469 1757 reservatam,
1494 1725 1525 1751 ut
1559 1721 1648 1751 moris
1671 1725 1733 1756 est,

992 1773 1024 1799 ut
1048 1778 1148 1799 omnes
1171 1773 1239 1799 ante
1262 1769 1356 1808 ipsum
1382 1770 1480 1799 dicant
1504 1774 1533 1800 et
1556 1770 1735 1801 denuncient

996 1819 1140 1858 quidquid
1163 1819 1347 1849 correctione
1370 1819 1491 1858 dignum
1520 1819 1736 1850 animadverte-

993 1868 1052 1898 rint
1088 1872 1146 1898 tam
1180 1869 1211 1898 in
1244 1869 1374 1908 praelato
1410 1879 1496 1908 quam
1530 1869 1560 1898 in
1593 1869 1734 1907 subditis,

993 1916 1073 1946 omni
1096 1916 1269 1955 affectione,
1294 1926 1392 1947 amore
1426 1917 1470 1947 vel
1500 1917 1564 1947 odio
1599 1917 1733 1956 seclusis,

992 1968 1081 2004 atque
1099 1974 1135 1995 an
1159 1965 1188 1995 in
1208 1966 1384 2005 quaerendis
1400 1970 1427 1996 et
1447 1966 1646 1996 custodiendis
1662 1966 1737 1996 elee-

993 2014 1124 2053 mosynis
1144 2024 1195 2054 pro
1211 2014 1412 2054 redemptione
1435 2015 1616 2054 captivorum
1638 2014 1737 2045 obser-

993 2068 1077 2094 vetur
1094 2068 1205 2101 exacte,
1224 2064 1311 2103 quae¹
1331 2064 1410 2102 leges
1426 2069 1541 2094 nostrae
1558 2064 1734 2103 disponunt3

993 2117 1021 2143 et
1048 2113 1082 2143 ad
1106 2113 1160 2143 hoc
1190 2117 1221 2143 ut
1251 2117 1317 2143 ante
1339 2113 1435 2152 ipsum
1464 2123 1580 2153 quoque
1614 2113 1736 2143 manife-

993 2166 1070 2192 stent
1104 2162 1201 2192 onmia
1233 2171 1436 2202 quaecumque
1460 2172 1549 2202 penes
1576 2162 1654 2202 ipsos
1677 2163 1736 2192 sue-

993 2212 1071 2246 rint,
1094 2212 1156 2241 sive
1179 2221 1230 2251 pro
1254 2221 1306 2241 suo
1335 2221 1410 2247 usu,
1435 2212 1496 2242 sive
1523 2221 1576 2251 pro
1599 2212 1655 2242 alio
1679 2212 1735 2241 tine

994 2260 1134 2299 quovisve
1167 2261 1273 2299 titulo3
1306 2265 1334 2290 et
1366 2261 1488 2300 insuper
1510 2260 1563 2291 sub
1587 2261 1735 2300 praedicto

994 2314 1149 2349 praecepto
1182 2314 1210 2340 et
1242 2310 1370 2339 censura
1402 2309 1501 2339 iubeat
1534 2309 1569 2339 ab
1599 2309 1735 2339 omnihus

995 2359 1137 2389 custodiri
1153 2358 1302 2388 silentium
1320 2358 1348 2388 in
1364 2358 1580 2398 pertinentibus
1596 2358 1629 2388 ad
1643 2358 1735 2397 ipsam

995 2407 1214 2445 visitationem,
1239 2411 1297 2437 tam
1332 2407 1408 2437 inter
1430 2417 1459 2437 se
1483 2416 1568 2446 quam
1604 2406 1734 2445 scriptis,

995 2456 1125 2495 exceptis
1147 2456 1260 2486 duobus
1283 2455 1353 2485 viris
1370 2456 1474 2494 doctis,
1493 2465 1564 2495 quos
1581 2455 1736 2493 designare

995 2504 1090 2544 debet,
1113 2509 1144 2535 ut
1166 2505 1296 2544 religiosi
1319 2504 1353 2535 dc
1376 2505 1432 2535 sibi
1455 2504 1552 2535 dubiis
1579 2512 1735 2535 occurren-

1034 2610 1043 2635 1
1068 2608 1161 2635 Potius
1181 2609 1240 2643 lege
1261 2608 1336 2643 quod
1355 2608 1396 2643 (n.
1412 2611 1459 2638 Τ.).

1630 192 1690 227 461
1741 200 1791 227 An.
1808 200 1836 228 c.
1861 201 1928 229 ¹738
