2232 3178
40 236 97 262 An.
113 233 142 260 C.
167 233 234 261 1734
720 260 722 263 .
863 227 1005 252 CLEMENS
1032 227 1078 251 xu
1103 228 1152 251 re.
1688 216 1723 248 tt

275 281 470 324 quz'neorum
496 280 533 313 in
555 280 664 324 primo
689 277 796 323 yradn
817 289 826 310 .-
864 286 977 310 causae
1019 277 1100 308 itaut
1122 276 1154 308 in
1182 280 1249 309 toto
1268 275 1431 309 auditorio
1450 275 1499 308 vix
1519 274 1695 318 quidquam
1714 274 1765 307 de-

275 345 348 367 vero
373 334 409 366 in
433 334 517 368 Rosci
540 334 636 367 semel
662 332 815 366 inductae
847 331 978 364 avocari
1020 328 1229 362 siderandum
1252 328 1407 372 supersit.

277 387 317 419 ab
342 387 452 421 eadem
479 391 651 431 nequeant.
1065 384 1078 425 ξ
1105 382 1136 415 02.
1170 382 1413 421 Nihilominus,
1451 382 1565 415 eodem
1602 381 1804 414 auditorios⁷
1798 395 1892 414 nmine
1909 399 1946 413 cim
1936 401 1961 413 ιι-

1022 446 1080 479 pro
1117 437 1172 468 sui
1208 436 1373 479 vigilantia
1411 441 1440 469 et
1472 435 1632 479 probitate
1670 422 1960 472 nobisssssszifflinni

1023 489 1190 522 humiliter
1208 494 1414 532 suggerente,
1431 489 1611 522 animorum
1630 474 1807 521 ειιοιίιηιῗ.1ιι
1804 480 1866 521 ¹23⁰*
1849 475 1937 494 nm·
1929 480 1962 493 '¹¹'

1776 225 1824 252 An.
1842 225 1869 251 C.
1892 226 1958 253 ¹734

437 478 572 504 Clemens
601 476 775 510 episcopus,

68 669 186 689 vrum-man
183 674 209 688 1.n

73 1360 154 1390 Causae
169 1360 232 1380 liuius

46 1389 211 1408 constitutionis.

417 533 524 554 servus
546 531 702 553 servorum
724 524 787 554 Dei.

359 577 395 604 ad
415 578 595 611 perpetuam
616 575 660 602 rei
682 573 855 601 memoriam

280 660 313 692 lu
327 659 442 692 summi
457 657 661 702 pontificatus
677 656 809 700 specul-l
825 665 840 687 a
854 653 917 687 Clu·
922 653 980 686 isto
1000 671 1002 696 ι

237 713 369 746 domino
388 711 567 750 constituti,
588 711 626 744 ad
646 718 872 753 quaecumque
888 706 981 740 [rbis

237 766 413 799 tribunalia
450 765 567 798 mentis
600 769 731 796 nostrae
766 761 866 795 ariem
906 759 982 792 diii-

236 825 350 862 gentes
372 846 379 860 ‚
407 829 444 852 ea
468 818 666 861 praecipue,
693 826 775 860 quae
794 814 981 848 auditorum

236 872 348 917 palatii
382 871 485 905 nostri
519 871 648 905 laudem
683 870 832 912 interque
867 878 923 900 eos
948 878 983 899 u-

237 926 402 959 nanimem
429 924 695 968 tranquillitatem
716 922 890 955 confovere
909 931 984 964 pos-

238 985 311 1012 sunt
327 1007 334 1020 ,

237 1039 271 1066 ut
292 1043 408 1076 nempe
427 1032 624 1066 auditorium
652 1031 757 1074 ipsum
786 1029 910 1062 cunctis
931 1039 984 1062 na-

240 1086 392 1127 tionibus,
411 1086 473 1118 buc
497 1095 557 1128 pro
576 1083 872 1118 controversiarum
900 1081 984 1115 deci-

240 1140 332 1173 sione
343 1139 627 1179 convenientibus,
644 1138 853 1180 incorruptae
866 1146 938 1169 men
947 1135 984 1167 tis

240 1193 418 1237 praeconio
436 1193 632 1231 celebretur,
649 1191 785 1234 eiusque
804 1189 934 1228 iudicia,
950 1194 1006 1221 ut

241 1247 398 1279 hactenus
427 1245 547 1278 sactum
576 1250 641 1281 est.
669 1244 790 1286 ubique
824 1247 984 1275 terrarum

243 1299 354 1332 debito
379 1299 494 1342 plausu
521 1297 737 1341 excipiantur.

287 1352 302 1395 ἓ
327 1351 359 1384 1.
379 1351 490 1395 Itaque
515 1361 584 1391 nos,
606 1350 721 1383 intimo
748 1349 855 1382 cordis
874 1347 984 1381 atl'ectu

242 1405 418 1446 iustitiam,
449 1415 486 1438 eo
521 1415 584 1448 quo
626 1414 683 1447 par
722 1408 771 1436 est
808 1401 916 1435 studio
955 1406 987 1433 et

242 1458 433 1499 sedulitate,
461 1469 496 1491 ac
520 1457 590 1490 sine
616 1457 682 1490 ulla
707 1456 898 1500 acceptione
916 1465 987 1499 per·

241 1567 300 1599 ctis
325 1567 374 1600 vel
403 1565 617 1609 imposterum
651 1562 896 1596 introducendis
933 1562 987 1594 ad-

242 1618 420 1653 ministrari
455 1624 487 1651 et
511 1618 599 1651 nullo
625 1617 720 1650 modo
748 1615 909 1649 retardari
939 1626 989 1648 cu—

242 1673 392 1717 pientes,
419 1671 506 1715 quod
533 1671 612 1704 alias
638 1670 711 1714 piae
738 1670 915 1703 memoriae
932 1680 988 1702 an-

243 1732 444 1761 tecessorum
459 1730 649 1758 nostrorum
667 1724 891 1757 Romanorum
909 1723 988 1756 Pon-

245 1780 364 1814 tificum
390 1780 449 1814 liae
470 1779 509 1813 de
531 1789 567 1812 re
586 1779 681 1812 editis
700 1777 988 1812 constitutionibus

244 1840 371 1868 cautum
399 1839 463 1874 est,
483 1843 597 1866 omncs
611 1833 782 1876 longarum
801 1831 905 1865 litium
925 1842 989 1864 am-

242 1889 341 1932 bages
360 1893 392 1922 ct
407 1886 664 1925 controversias,
682 1887 810 1928 inagna,
829 1891 862 1918 ut
880 1886 986 1923 decet,

245 1940 476 1982 sollicitudine,
493 1940 532 1973 ad
559 1938 702 1973 debitum
730 1938 828 1971 finem
854 1937 988 1981 perduci

245 1995 416 2034 volumus;
444 1992 714 2037 quandoquidem
741 1997 802 2024 tam
828 1997 989 2035 spectatae

246 2048 373 2081 virtutis
397 2046 594 2081 auditorium
619 2046 658 2079 ab
684 2045 798 2078 iisdem
830 2039 1013 2094 Pontifici-'¹

247 2102 338 2135 cibus
365 2100 629 2135 antecessoribus
654 2099 776 2133 nostris
795 2126 802 2140 ‚
831 2099 991 2143 nobisque

248 2155 335 2199 ipsis,
356 2156 397 2188 ob
424 2153 618 2197 integritatis
645 2159 675 2186 et
699 2153 871 2196 utriusque
899 2152 993 2186 iuris-

249 2209 445 2252 prudentiae
472 2208 587 2241 samam
625 2207 701 2240 tanti
738 2207 856 2240 sactum
895 2206 992 2239 fuisse

251 2266 401 2303 constat,
436 2266 471 2294 ut
503 2261 593 2305 quasi
627 2261 774 2293 certatim
808 2260 993 2304 permagnis

252 2314 427 2357 gratiarum
451 2315 631 2358 privilegiis
657 2321 689 2348 et
714 2314 896 2348 bonoribus
915 2314 992 2347 illud

252 2379 370 2403 ornare
395 2370 600 2410 studuerint3
628 2369 747 2413 quibus
781 2368 841 2412 ipsi
876 2369 995 2402 audito-

252 2433 304 2456 res
329 2423 450 2466 optime
481 2421 651 2462 instructi,
688 2433 821 2466 unoque
854 2422 927 2455 iusti
965 2428 996 2455 et

253 2476 331 2509 recti
351 2475 458 2509 studio
477 2486 555 2519 prae
574 2476 674 2509 oculis
692 2476 817 2517 habito,
838 2476 886 2508 ius
902 2487 995 2509 suum

252 2530 371 2574 cuique
409 2529 552 2563 tribuere
582 2535 777 2572 satagerent.
816 2529 906 2568 Quod
940 2529 996 2562 lia-

252 2588 365 2616 ctenus
385 2610 393 2624 ‚
419 2582 475 2616 Dei
500 2581 604 2625 gratia
628 2582 806 2626 opitulante
823 2610 830 2624 ,
858 2583 995 2623 sactum,

254 2636 393 2680 amplius
421 2636 576 2680 deinceps
604 2635 723 2669 sactum
749 2636 786 2670 iri
809 2647 995 2681 speramus,

364 989 443 1023 prae
470 978 574 1011 oculis
601 976 769 1020 speciatim
796 974 954 1007 habemus
975 1001 981 1015 ‚
1003 983 1005 993 ⁴

1023 543 1121 586 quieti
1148 543 1351 586 iustitiaeque
1378 544 1563 576 consultum
1586 543 1643 582 iri,
1663 542 1766 574 siuna

1024 602 1055 628 et
1080 597 1182 629 altera
1202 596 1444 629 controversiae
1465 596 1603 628 formido
1624 606 1639 628 c
1659 595 1765 627 medio

1026 651 1220 689 tolleretur,
1261 660 1343 693 quac
1381 650 1543 682 interdurn
1584 648 1765 681 discordias

1025 714 1135 736 serere
1169 714 1204 736 ac
1238 703 1336 736 totius
1362 703 1514 736 auditorii
1549 703 1674 735 animos
1704 712 1768 734 nou

1025 759 1093 791 sine
1119 757 1206 800 gravi
1233 767 1399 789 causarum
1437 756 1695 789 rentilaudarum
1726 756 1770 787 in-

1026 811 1199 844 commodo
1227 809 1355 842 turbare
1381 815 1531 853 possent:
1558 819 1694 852 quorum
1713 820 1770 842 nos

1026 865 1197 909 providam
1222 863 1547 906 circumspectionem
1574 867 1604 895 et
1622 862 1698 895 boni
1718 873 1772 905 pu-

1027 919 1103 952 blici
1129 918 1275 951 studium
1300 917 1495 956 laudantes,
1524 926 1702 959 eorumque
1721 926 1768 948 ex-

1027 973 1207 1017 positiones
1233 971 1364 1015 plurimi
1392 971 1559 1010 facientes,
1581 970 1640 1003 bac
1662 971 1771 1002 nostra

1028 1025 1259 1059 constitutione
1301 1035 1354 1057 eas
1396 1023 1543 1057 ell'cctum
1594 1033 1655 1066 per
1697 1022 1771 1055 illos

1028 1085 1173 1122 optatum
1199 1078 1327 1121 assequi
1351 1078 1510 1110 xolumus.
1528 1076 1615 1114 Quae
1642 1075 1772 1119 quidem

1029 1136 1091 1168 buc
1113 1134 1296 1168 summatim
1318 1133 1529 1166 reducuntur.
1557 1131 1596 1164 Ut
1618 1132 1772 1175 imposte·
1799 1141 1822 1161 t
1827 1141 1970 1186 nunquit-1

1029 1199 1114 1229 rum,
1142 1188 1297 1220 decanatu
1324 1185 1475 1218 auditorii
1500 1190 1649 1224 vacante,
1677 1174 1808 1227 ῑιῑφιθῖῗιι
1815 1179 1822 1186 “
1827 1174 1872 1214 ιιιι0
1870 1200 1921 1213 ιιιιι,
1944 1200 1954 1213 ιι

1005 1251 1007 1287 ς
1029 1243 1067 1275 ad
1093 1251 1212 1274 munus
1239 1240 1346 1284 ipsum
1372 1238 1485 1272 decani
1512 1238 1659 1271 auditore
1690 1237 1774 1270 inter
1784 1227 1849 1247 “Ῥ””

1029 1301 1155 1329 (ὶθῐθΓΟΞ
1181 1292 1402 1336 {lnllqlllOI‘nC
1433 1293 1488 1326 Sssd
1515 1298 1622 1325 lssfflOss
1651 1302 1775 1335 CPISCO-

1006 1373 1007 1385 ι
1029 1350 1114 1393 pali,
1141 1346 1435 1391 archiepiscopali,
1453 1348 1502 1380 vel
1522 1347 1617 1380 ctiam
1637 1345 1775 1390 patriar-

1030 1402 1115 1436 chali
1142 1401 1327 1445 dignitate,
1364 1400 1561 1434 residentiae
1595 1400 1684 1433 oneri
1721 1399 1776 1432 ad-

1007 1470 1008 1483 1
1031 1456 1180 1495 strictae,
1207 1455 1258 1488 rel
1286 1454 1381 1487 etiam
1408 1465 1474 1487 non
1501 1454 1690 1492 adstrictae,
1717 1453 1775 1486 sed

241 1522 412 1552 sonarum,
437 1512 470 1544 in
496 1511 603 1544 causis
628 1510 815 1543 iamdudum
842 1509 1008 1542 introdu-=

1031 1522 1048 1544 a
1073 1510 1165 1543 titulo
1193 1514 1317 1542 tantum
1344 1508 1594 1547 den0111511a13e2,
1622 1507 1653 1540 in
1679 1507 1776 1551 parti-

1008 1603 1010 1612 !
1031 1564 1112 1603 bus,
1139 1569 1172 1596 ut
1198 1563 1332 1601 dicitur,
1355 1561 1546 1601 infidelium,
1571 1561 1625 1604 qui
1643 1561 1775 1604 quidem

1031 1618 1161 1650 auditor
1198 1616 1384 1659 antiquior,
1419 1615 1580 1648 eiusmodi
1617 1613 1775 1657 dignitate

1032 1670 1220 1715 praeditus,
1261 1675 1335 1702 tunc
1371 1679 1487 1701 munus
1523 1667 1775 1700 locumtenentis

1031 1735 1193 1768 occupans
1205 1751 1212 1764 ‚
1228 1724 1259 1756 in
1275 1733 1431 1756 concursu
1447 1722 1582 1755 alterius
1603 1732 1640 1754 ex
1660 1721 1775 1754 iisdem

1032 1778 1245 1817 auditoribus,
1260 1777 1365 1809 minus
1393 1781 1497 1809 tamen
1523 1775 1660 1818 antiqui,
1678 1780 1776 1817 atque

1032 1832 1130 1866 simili
1156 1831 1311 1874 dignitate
1337 1829 1468 1862 minime
1495 1828 1670 1871 fulgentis,
1709 1829 1775 1860 sive

1035 1886 1132 1918 etiam
1158 1884 1232 1928 qui,
1260 1883 1304 1916 uti
1341 1884 1483 1916 decanus
1517 1887 1589 1914 actu
1617 1881 1776 1919 existens,

1034 1939 1072 1972 ad
1098 1939 1238 1982 aliquam
1269 1948 1305 1970 cx
1340 1936 1527 1969 memoratis
1566 1934 1777 1975 dignitatibus

1034 1996 1297 2037 promoveretur,
1324 1990 1398 2023 ideo
1425 1989 1538 2023 decani
1566 1999 1701 2029 munus,
1721 1998 1779 2031 pro

1035 2049 1137 2080 altero
1163 2045 1223 2078 sibi
1251 2044 1433 2077 immediate
1465 2043 1650 2076 succedenti
1684 2042 1780 2075 reliu-

1036 2110 1137 2143 quere
1157 2099 1311 2132 deberet:
1335 2097 1602 2141 quandoquidem
1621 2096 1698 2129 olim
1720 2096 1780 2128 liae

1037 2154 1075 2187 de
1103 2164 1135 2186 re
1162 2152 1332 2186 discordes
1359 2156 1455 2194 atque
1481 2151 1614 2183 iuterse
1634 2150 1780 2182 diversae

1038 2208 1157 2241 suerint
1182 2206 1379 2245 sententiae,
1407 2206 1487 2238 itaut
1512 2204 1649 2248 quisque
1675 2214 1778 2241 suain,

1038 2265 1149 2305 utpote
1176 2260 1238 2292 sibi
1271 2259 1372 2301 magis
1407 2263 1547 2299 gratam,
1573 2261 1780 2300 sequeretur,

1039 2314 1174 2358 singulis
1201 2313 1297 2346 etlam
1332 2312 1505 2356 quamdam
1543 2309 1780 2343 observantiam

1039 2379 1100 2412 pro
1135 2378 1169 2400 se
1203 2365 1456 2404 adducentibus,
1484 2364 1570 2396 uude
1605 2363 1723 2396 facturn
1748 2368 1779 2394 ut

1040 2423 1072 2455 in
1099 2422 1159 2454 liae
1185 2420 1420 2454 sententiarum
1447 2417 1631 2450 diversitate
1656 2416 1782 2449 diversa

1041 2475 1137 2509 etiam
1163 2474 1313 2517 interque
1338 2484 1370 2506 sc
1400 2471 1620 2504 discordantia
1642 2469 1781 2502 iudicata

1077 2557 1086 2582 1
1107 2555 1235 2590 Syntaxin
1251 2561 1309 2589 seq.
1332 2552 1467 2587 corrigere
1488 2552 1665 2587 desperamus
1680 2552 1720 2585 (a.
1736 2551 1783 2582 τ.).

1075 2600 1091 2626 2
1112 2600 1227 2626 Videtur
1242 2598 1386 2632 legendum
1402 2597 1579 2625 mlslrictrt...

1042 2646 1120 2673 chi...
1144 2643 1332 2671 denominata
1354 2643 1454 2678 (ἢν).

1600 2605 1654 2622 mm
1673 2596 1783 2622 ‹alsni-
