2232 3178
535 182 596 214 23³1

476 240 686 280 contendere,
704 238 795 273 uberi
810 239 908 272 voluit
922 248 1032 272 carcre
1047 242 1218 282 proventu,

477 292 588 336 quem'
610 293 680 326 siue
702 293 768 332 lite,
790 292 829 324 ab
849 292 1068 325 ecclesiastico
1087 292 1164 331 viro,
1185 297 1219 323 ut

477 347 545 389 ipse
572 346 689 385 aiebat,
717 345 851 378 omniuo
877 345 1042 388 fugienda,
1062 344 1217 387 consequi

477 410 540 432 non
568 398 735 442 potuisset.

520 454 534 494 ,ξ
560 452 590 484 6.
619 452 759 490 Interea,
779 463 818 484 ne
845 452 917 485 aliis
935 451 1027 485 oneri
1047 457 1142 491 esset,
1162 452 1216 484 sod

475 506 535 537 sibi
563 511 593 537 et
617 505 749 547 pauperi
788 505 881 537 matri
917 505 1032 537 victum
1071 505 1218 538 honestis

477 558 643 591 laboribus
670 563 700 590 et
725 558 879 590 laudabili
913 558 1069 591 industria
1096 558 1218 590 submi-

474 612 644 650 nistraret,
672 611 884 644 humaniores
910 612 1033 644 litteras
1052 612 1082 643 111
1110 617 1216 644 castro

474 675 538 697 non
565 663 720 707 ignobili,
749 665 836 708 quod
875 665 1043 697 Bussetum
1082 669 1215 703 vocant,

476 716 638 749 dioecesis
653 716 843 757 Tolosanae,
865 717 984 750 deiude
1004 717 1034 749 111
1054 716 1121 759 ipsa
1137 716 1216 749 urbe

475 770 618 803 edocuit.
639 770 673 802 Et
696 770 848 813 quoniam
867 771 935 803 eius
953 770 1121 814 potissima
1139 780 1217 802 cura

473 829 505 856 et
530 823 604 866 vigil
637 823 821 857 sollicitudo
862 829 931 857 erat
969 824 1216 857 adolescentum

472 882 598 910 mentes
625 887 688 909 non
717 887 823 909 rerum
850 877 1032 909 divinarum
1051 878 1092 919 (7)
1114 877 1215 909 sterili

474 931 636 964 dumtaxat
661 931 774 963 notitia
806 931 989 969 iustruere,
1017 931 1072 963 sed
1100 942 1216 963 eorum

473 984 599 1017 animos
618 984 656 1016 ad
684 984 857 1016 caelestem
875 983 1069 1026 sapientiam
1095 985 1218 1027 ample-

474 1037 621 1070 ctendam
648 1037 829 1079 impellere,
856 1042 887 1069 et
915 1047 1025 1069 mores
1051 1037 1089 1069 ad
1116 1036 1216 1070 subli-

474 1101 556 1123 mem
583 1090 780 1123 christianae
817 1090 1031 1133 professionis
1066 1090 1216 1123 virtutem

475 1149 507 1175 et
531 1144 734 1175 sanctitatem
770 1143 968 1182 informare,
995 1143 1121 1175 nobiles
1158 1143 1216 1175 viri

475 1197 621 1229 certatim
645 1196 727 1230 tilios
754 1207 829 1229 suos
855 1196 923 1229 eius
949 1207 1046 1229 curae
1065 1197 1217 1229 commit-

475 1250 602 1289 tebant,
627 1256 661 1282 ut
687 1250 718 1282 in
744 1250 792 1285 via
818 1249 945 1283 Domini
979 1256 1009 1282 et
1034 1251 1064 1282 in
1091 1256 1219 1282 saucto-

475 1313 544 1336 rum
572 1303 707 1336 seientia
733 1303 792 1335 sub
819 1304 897 1336 tanti
937 1302 994 1335 viri
1021 1302 1219 1347 proficerent

476 1356 665 1399 evangelica
698 1356 870 1400 disciplina
903 1361 935 1389 et
959 1356 1091 1400 pietatis
1117 1356 1219 1399 inagi-

474 1409 585 1442 sterio.

520 1464 535 1507 5
553 1463 583 1496 7.
601 1463 767 1496 Profectus
781 1462 966 1502 Massiliam,
983 1468 1018 1495 ut
1036 1463 1217 1506 pecuniam,

476 1527 559 1560 quae
577 1527 615 1549 ex
641 1516 763 1549 credito
788 1516 920 1549 relictae
946 1515 1006 1548 sibi
1039 1517 1219 1549 haeredita-

477 1571 514 1603 tis
540 1570 731 1608 debebatur,
756 1569 931 1613 acciperet,
958 1580 1029 1602 011111
1056 1569 1220 1602 Massilia²

475 1623 661 1656 Narbonem
687 1633 797 1655 versus
835 1628 1037 1655 remeaturus
1070 1623 1218 1655 Tolosam

476 1677 621 1710 secundo
646 1681 743 1709 vento
769 1676 946 1718 navigaret,
968 1676 1001 1708 in
1026 1676 1144 1709 Turcas
1171 1676 1220 1709 in-

476 1731 564 1770 cidit,
591 1730 656 1773 qui,
675 1730 763 1762 navis
789 1730 941 1772 magistro
963 1729 1101 1773 aliisque
1123 1730 1220 1762 inter-

476 1784 603 1827 emptis,
622 1783 839 1823 Vincentium,
859 1782 976 1824 sagitta
1002 1783 1216 1824 vulneratum,

474 1837 617 1870 vestibus
644 1842 783 1875 exutum,
803 1842 835 1869 et
859 1836 981 1869 catenis
1006 1842 1167 1876 onustum,
1186 1837 1218 1869 in

476 1891 616 1924 Africam
641 1890 801 1932 captivum
828 1890 1041 1923 adduxerunt.
1069 1890 1164 1923 Multa
1189 1896 1220 1924 et

476 1945 585 1988 gravia
611 1955 628 1976 a
652 1944 826 1976 Turcarum
859 1943 1010 1984 saevitia,
1036 1954 1077 1977 ne
1112 1945 1218 1987 legem

478 1997 606 2030 Domini
624 1997 672 2030 sui
698 1997 877 2036 desereret,
903 2007 1015 2039 passus
1037 2001 1094 2038 est,
1114 1997 1218 2030 sciens

478 2061 545 2083 non
560 2060 629 2083 esse
649 2050 825 2092 condignas
844 2050 1012 2093 passiones
1028 2050 1125 2083 11111115
1146 2056 1219 2083 tem-

477 2103 568 2147 poris
595 2103 635 2136 ad
660 2103 799 2135 futuram
825 2103 962 2146 gloriam
993 2113 1074 2146 quae
1098 2104 1220 2136 revela-

478 2157 566 2190 bitur
591 2157 623 2189 in
649 2156 756 2190 nobis.

281 2216 379 2268 νῇᾒῑίυὲὲῑέ
391 2221 469 2268 ᾝῇζ
524 2211 538 2254 ἓ
563 2210 594 2243 8.
622 2210 768 2249 Narrant,
787 2220 858 2242 cum
884 2210 967 2243 forte
990 2220 1088 2242 unum
1108 2220 1125 2243 e
1143 2221 1221 2243 con-

281 2269 470 2293 suffemutffluum
480 2263 581 2296 servis
599 2263 666 2295 suis
684 2262 743 2294 sub
762 2262 848 2304 gravi
867 2268 1054 2296 catenarum
1074 2264 1220 2305 pondere

282 2296 355 2316 herum
385 2298 469 2321 aposta-

282 2325 329 2369 iffi
350 2316 597 2374 ffiv1·31323misei·e
622 2315 825 2348 laborantem
851 2315 1083 2357 conspexisset,
1105 2325 1163 2348 nec
1182 2317 1219 2348 ad

283 2382 367 2396 monem
397 2368 696 2401 1ὐι··ι,5111)1ον11111135
722 2368 834 2400 miseri
860 2368 947 2400 illius
972 2368 1136 2411 angustias
1164 2369 1221 2402 ha-

283 2402 317 2421 ubi
340 2405 379 2422 iste
397 2403 468 2422 necte-

283 2435 327 2466 smfs
343 2421 572 2454 reconcilia-beret
597 2421 683 2464 quod
711 2421 875 2461 traderet,
900 2431 934 2454 se
961 2421 1065 2464 ipsum
1093 2421 1220 2454 dedisse

284 2458 325 2477 lu(-

283 192 318 216 Λ11
349 192 377 216 t).
399 190 463 217 ¹737

303 465 393 484 Tutum„
409 464 464 483 littu-

280 498 313 511 1111
325 497 371 510 1-11111
384 492 464 516 pietate

281 518 365 539 educet.

302 1471 397 1492 Massilia
413 1471 463 1492 Nar-

278 1497 355 1518 bonem
391 1504 464 1518 versus

279 1525 414 1550 navigans.iu
423 1530 456 1545 nia

279 1557 317 1571 nus
349 1552 463 1571 ‘furcarum

279 1577 360 1601 inci-tu,
372 1579 407 1604 qut
423 1579 461 1598 vul-

279 1606 374 1624 neratum
385 1611 404 1624 tn
414 1605 464 1625 Arri-

279 1636 325 1651 cam
337 1631 449 1652 duxerunt.

480 2475 512 2507 in
550 2475 675 2508 vincula
711 2479 746 2507 ut
778 2474 925 2518 corporis
962 2474 1010 2507 sui
1046 2474 1220 2519 dispendio

516 2547 526 2573 1
550 2545 621 2573 Edit.
642 2545 724 2573 Maia.
746 2545 812 2580 legit
832 2554 922 2581 quam
942 2554 991 2582 pro
1012 2554 1098 2581 quem
1117 2548 1155 2581 (n.
1171 2547 1219 2580 1.).

513 2590 531 2617 2
550 2590 621 2618 Edit.
642 2590 721 2619 illain.
742 2590 808 2626 legit
827 2590 990 2620 Massiliam
1012 2590 1048 2628 (u.
1065 2590 1114 2625 T.).

1057 188 1241 213 BULLARIUM
1268 187 1425 211 ROMANUM

2002 190 2051 216 Au.
2073 192 2103 218 C.
2125 191 2188 221 ¹737

1263 236 1402 269 alienam
1440 236 1615 270 redimeret
1651 237 1874 271 calamitatem.
1906 238 1999 271 Duris

1263 301 1413 333 agrorum
1441 292 1584 324 culturae
1616 291 1780 324 laboribus
1812 291 1926 324 immiti
1959 292 1999 324 ab

1262 343 1342 376 hero
1368 344 1515 376 addictus
1535 344 1637 376 fuerat
1655 344 1708 388 qui
1727 345 1859 378 ultimus
1878 344 1996 386 extitit,

1262 407 1334 430 nam
1361 402 1426 430 tres
1453 402 1521 430 toto
1547 397 1739 440 captivitatis
1774 403 1920 442 tempore
1946 399 2000 432 113-

1262 450 1351 491 buit,
1378 462 1518 493 eumque
1556 462 1652 493 saepe
1688 458 1901 485 consueverat
1935 463 2000 485 una

1262 515 1298 537 ex
1328 505 1519 538 concubinis
1548 505 1707 538 herilibus
1742 505 1842 546 adire,
1869 516 1950 548 (piae
1983 517 2000 539 a

1262 557 1426 590 nativitate
1442 557 1644 600 professione
1661 558 1899 598 mahumetana,
1917 558 2001 591 chri-

1261 611 1384 644 stianae
1411 617 1518 644 tamon
1545 612 1713 654 religionis
1738 612 1884 645 instituta
1909 616 1939 646 et
1967 612 2002 645 fi-

1261 664 1333 696 dem
1359 664 1509 696 audiendi
1547 665 1724 708 percupida
1750 670 1829 698 erat.
1857 664 2000 703 Quadam

1262 717 1323 758 die,
1342 728 1415 750 cum
1440 720 1535 761 plura
1556 719 1595 752 de
1614 719 1679 752 Deo
1698 724 1729 752 et
1754 719 1931 752 christiana
1953 729 1999 752 re·

1261 770 1384 813 ligione
1409 778 1570 814 rogasset,
1598 772 1691 805 iussit
1715 778 1750 805 ut
1774 772 1895 816 aliquid
1928 782 2002 805 can-

1263 830 1345 857 taret
1370 835 1405 858 ex
1433 825 1567 858 canticis
1585 825 1674 859 Sion.
1695 826 1782 859 Tunc
1800 836 1874 859 vero
1892 836 2001 859 servus

1262 877 1317 909 Dei
1344 878 1503 919 psalmum
1529 878 1636 910 illum:
1654 878 1758 921 Super
1774 878 1917 921 flumina
1941 879 2002 912 Ba-

1262 929 1390 972 bylonis
1415 930 1486 962 z'llfc
1511 930 1654 963 sedimus
1686 935 1713 965 el
1743 932 1906 974 flevimus,
1929 932 2003 966 alia-

1262 993 1325 1025 que
1351 983 1404 1026 pia
1426 984 1570 1016 carmina
1588 984 1713 1017 cecinit.
1737 985 1818 1017 Dum
1838 991 1944 1019 autem
1962 986 2001 1019 ad

1262 1035 1503 1069 incircumcisas
1537 1037 1787 1071 m‘aliumetanae
1820 1048 1913 1072 aures
1947 1049 1999 1072 sa-

1263 1099 1351 1121 crum
1378 1089 1501 1122 Domini
1529 1090 1689 1123 canticum
1707 1101 1744 1123 ex
1762 1101 1819 1124 ore
1843 1091 2002 1125 Vincentii

1264 1143 1458 1181 resonabat,
1485 1143 1567 1175 Deus
1592 1148 1747 1187 operatus
1772 1150 1820 1177 est
1844 1145 1876 1177 in
1902 1145 2002 1179 corde

1263 1195 1420 1237 profanae
1447 1196 1586 1229 feminae
1612 1202 1646 1229 ut
1674 1197 1816 1240 aliquam
1849 1198 2000 1232 caelestis

1263 1248 1446 1282 dulcedinis
1461 1250 1650 1283 suavitatem
1666 1252 1873 1294 persentiret.
1889 1252 2003 1295 ltaque

1263 1301 1393 1334 domurn
1421 1313 1579 1344 regressa,
1605 1304 1770 1345 maritum,
1797 1305 1850 1348 qui
1876 1315 1894 1337 a
1918 1304 2005 1338 chri-

1263 1355 1367 1388 stiana
1388 1356 1461 1396 11110,
1482 1361 1516 1388 111
1536 1356 1726 1390 Mahumetis
1743 1363 1935 1401 sequeretur
1953 1358 2005 1392 de-

1264 1409 1446 1450 liramenta,
1473 1409 1646 1449 defecerat,
1673 1411 1836 1451 convenit,
1864 1422 2004 1455 eumque

1264 1463 1479 1505 reprehendit
1497 1462 1690 1505 religionem
1709 1474 1797 1496 suam
1819 1464 2004 1507 reliquisse,

1264 1526 1359 1558 quam
1387 1515 1542 1558 optimam
1569 1526 1640 1548 esse
1667 1517 1842 1556 censebat,
1870 1523 1934 1550 tum
1966 1529 2004 1551 ex

1264 1569 1302 1601 iis
1327 1580 1409 1612 quae
1431 1569 1469 1602 de
1496 1579 1552 1601 ore
1578 1570 1661 1602 servi
1688 1570 1851 1610 audierat,
1878 1574 1940 1604 tum
1967 1581 2004 1604 ex

1264 1622 1448 1656 inusitatata
1473 1624 1635 1666 voluptate
1671 1633 1766 1666 quam
1804 1634 1841 1656 ex
1877 1624 2004 1657 cantico

1264 1681 1478 1720 perceperat,
1509 1679 1628 1719 quanta
1653 1688 1762 1720 neque
1787 1677 1820 1710 in
1846 1677 2004 1711 maiorum

1264 1740 1398 1762 suorum
1420 1730 1572 1772 paradiso
1598 1741 1632 1763 se
1658 1730 1827 1763 fruituram
1847 1740 1917 1764 esse
1935 1741 2006 1774 spe·

1265 1783 1366 1816 rabat.
1382 1783 1494 1815 Verbis
1517 1782 1654 1815 feminae
1676 1787 1863 1824 commotus,
1884 1783 2004 1827 impius

1264 1836 1317 1869 ille
1344 1837 1485 1880 respexit.
1517 1836 1702 1870 foeditatem
1728 1848 1817 1870 suam
1834 1864 1841 1878 ,
1868 1848 2006 1881 eamque

1265 1890 1426 1922 damnavit
1451 1895 1545 1932 atque
1573 1900 1689 1923 exuere
1723 1890 1886 1931 decrevit,
1919 1891 2008 1923 adiu-

1264 1942 1412 1976 vantibus
1448 1943 1578 1976 monitis
1614 1948 1646 1976 et
1671 1944 1872 1977 orationibus
1908 1944 2006 1988 probi

1266 1997 1374 2030 famuli
1403 1996 1450 2029 sui
1476 1996 1657 2037 Vincentii;
1685 1997 1829 2040 quicum*
1858 2007 1890 2029 re
1917 2007 2005 2031 com-

1264 2049 1386 2093 posita,
1412 2051 1509 2093 parva
1535 2049 1681 2082 navicula
1702 2060 1718 2082 e
1745 2049 1920 2083 Turcarum
1942 2061 2004 2083 ma-

1264 2103 1359 2135 nibus
1385 2103 1415 2135 in
1441 2102 1558 2135 Gallias
1592 2102 1731 2144 aufugit,
1758 2102 1869 2145 ibique
1894 2112 1911 2134 a
1937 2103 2006 2135 Vin-

1265 2156 1373 2189 centio
1409 2155 1615 2199 Apostolicae
1655 2154 1746 2188 Sedis
1788 2155 2004 2189 Avenioneusi

1265 2210 1435 2252 prolegato
1460 2208 1632 2247 exhibitus,
1658 2208 1758 2241 sacris
1779 2208 1911 2242 servatis
1937 2208 2006 2241 riti-

1265 2262 1334 2301 bus,
1361 2261 1574 2304 impositaque
1602 2260 1815 2303 poenitentia,
1842 2261 2005 2294 Ecclesiae

1265 2315 1495 2348 reconciliatus
1521 2320 1579 2347 est.

2226 1996 2232 2048 ἔ

2226 2050 2230 2079 l

2226 2087 2229 2107 1

2225 2131 2230 2154 l

2226 2228 2227 2236 1

2224 2245 2228 2285 ἕ

2225 2287 2228 2299 l

2226 2342 2227 2357 l

2226 2361 2227 2374 l

1309 2368 1378 2411 §a
1413 2368 1548 2400 Romam
1587 2367 1705 2401 deinde
1742 2378 1853 2401 servus
1889 2368 1942 2401 Dei
1969 2378 2005 2401 se
2038 2373 2198 2394 Bmufflnvvnst
2226 2395 2227 2398 ,

2015 2400 2064 2421 loca
2079 2406 2140 2421 sacra
2164 2406 2197 2422 νο·
2224 2414 2227 2418 .

1265 2422 1415 2461 contulit,
1442 2427 1476 2454 ut
1501 2431 1609 2454 sacras
1640 2426 1815 2465 martyrum
1840 2429 2137 2454 venerare-ueramrus-

1266 2480 1316 2507 tur
1341 2475 1492 2516 exuvias,
1518 2485 1654 2518 quorum
1686 2474 1844 2518 sanguine
1879 2475 2005 2519 expiata

1302 2548 1311 2573 1
1336 2545 1436 2582 Nempe
1461 2554 1526 2573 cum
1555 2553 1625 2581 quw,
1657 2545 1729 2573 male
1749 2545 1814 2574 edit.
1836 2545 1918 2574 Main.
1939 2545 2005 2582 legit

1265 2590 1316 2626 qui
1336 2599 1401 2618 cum
1421 2591 1458 2626 (n.
1473 2590 1523 2625 T.).
