2232 3178
488 231 551 265 55⁶2

447 289 581 323 indultis
606 295 637 322 et
659 289 775 322 litteris
801 288 986 332 apostolicis
1005 288 1036 321 in
1058 292 1184 321 contra-

446 344 527 375 rium
553 343 806 386 praemissorum
837 342 1088 386 quomodolibet
1110 351 1179 374 con-

446 396 552 435 cessis,
578 395 774 428 confirmatis
800 401 831 428 et
854 395 1030 435 innovatis,
1065 394 1183 438 quibus

447 449 596 481 omnibus
610 453 641 480 et
655 447 801 489 singulis,
817 447 944 480 illorum
957 453 1083 481 tenores
1097 457 1185 490 prae.-

447 501 593 533 sentibus
615 510 673 542 pro
691 501 786 542 plene
804 505 835 531 et
851 500 1048 533 sufficienter
1061 510 1185 543 expres·

445 554 488 585 sis
513 564 548 585 ac
574 553 613 585 dc
637 553 736 585 verbo
761 552 799 585 ad
826 552 957 585 verbum
982 552 1111 585 insertis
1129 552 1185 584 ha-

446 606 577 645 bentes,
604 605 668 638 illis
700 604 778 637 alias
813 605 844 637 in
878 615 935 637 suo
968 605 1086 637 robore
1111 615 1185 647 per—

445 657 614 698 mansuris,
632 657 669 689 ad
684 657 935 700 praemissorum
953 656 1108 696 effectum,
1124 657 1185 690 hac

444 710 508 742 vice
542 710 720 750 dumtaxat,
754 709 938 753 specialiter
968 714 1000 742 et
1032 720 1184 753 expresse

446 764 662 806 derogamus;
697 763 878 806 ceterisque
911 762 1081 796 contrariis
1107 762 1180 806 qui-

444 817 660 860 buscumquc.

486 870 599 902 Datum
626 870 761 909 Romae,
781 869 867 913 apud
886 869 918 902 S.
938 869 1069 902 Mariam
1088 868 1185 902 Maio-

443 934 520 963 rem,
538 923 596 955 sub
614 924 734 956 annulo
750 921 932 962 Piscatoris,
950 922 1002 955 die
1020 932 1057 955 xx
1072 921 1182 965 aprilis

442 986 636 1017 moccxxxix,
662 975 874 1019 pontificatus
898 976 1005 1009 nostri
1030 985 1114 1009 anno
1140 986 1181 1010 ix.

478 1037 538 1064 Dat.
559 1037 605 1065 die
625 1038 660 1064 20
679 1037 772 1072 aprilis
793 1037 879 1069 1739,
900 1037 1005 1071 pontif.
1026 1045 1102 1065 anno
1121 1044 1158 1064 ix.

255 242 302 269 An,
325 242 352 266 (ζ.
379 241 442 268 1730

750 1180 856 1214 CCLVl
863 1205 870 1213 .

443 1260 630 1294 lubilacum
653 1272 711 1304 pro
735 1260 999 1304 christifidelibus
1015 1260 1135 1294 Italiae
1154 1264 1181 1293 ει

487 1313 677 1346 insularum
690 1313 913 1346 adiacentium
927 1313 1077 1346 ditu'mtm
1090 1323 1181 1357 opem

486 1370 600 1399 contra
639 1367 759 1399 Turcas
787 1371 815 1399 et
838 1371 958 1409 pestem
994 1366 1178 1410 implorum

488 1420 583 1453 tibus.

646 1500 784 1526 Clemens
809 1500 889 1533 Papa
912 1500 976 1533 ΧΠ,

441 1553 595 1580 universis
604 1553 859 1581 christifidelibus
868 1555 1050 1587 praesentes
1060 1553 1182 1581 litteras

497 1597 704 1631 inspecturis,
725 1599 858 1625 salutem
878 1600 910 1624 et
930 1597 1130 1632 apostolicam

681 1641 940 1669 benedictionem.

270 1725 290 1745 ln
306 1725 430 1746 calamitati-

487 1712 557 1755 51.
584 1711 682 1751 Quam
715 1712 747 1744 in
785 1711 935 1744 omnibus
968 1711 1035 1744 sere
1071 1721 1181 1744 sacrae

248 1752 297 1798 232,
315 1758 625 1809 a'ii⁰¹i'›‘.¹11⁸1¹1²1{Script111·ae
650 1765 779 1809 paginis
805 1765 843 1798 ad
869 1764 1085 1798 eruditionem
1111 1766 1182 1798 uni-

248 1805 431 1852 fss²lffl²e¹¹s¹i³.1..11{‚⁰r'.
442 1820 560 1863 cuique
587 1819 733 1852 traditam
760 1818 950 1858 doctrinam,
968 1819 1182 1852 luculentissi-

442 1873 502 1906 mis
521 1878 586 1905 tum
605 1872 722 1905 veteris
737 1877 802 1904 tum
817 1872 891 1904 novi
917 1871 1058 1905 foederis
1077 1882 1182 1905 exem-

441 1927 503 1969 plis
540 1925 798 1969 comprobatam,
824 1924 1009 1958 confirmari
1047 1925 1079 1957 in
1113 1925 1180 1958 dies

441 1980 638 2023 experimur,
655 1984 699 2019 ut,
719 1989 846 2011 omnem
865 1979 896 2011 in
917 1978 982 2012 Deo
1000 1983 1114 2012 nostro
1132 1989 1182 2012 re-

441 2038 602 2076 ponentes
622 2032 781 2072 fiduciam,
801 2037 1021 2076 opportunum
1040 2033 1078 2066 ad
1095 2043 1181 2066 aver-

443 2086 538 2118 tenda
563 2085 851 2129 propulsandaque
877 2096 1099 2129 quaecumque
1125 2086 1181 2118 im-

442 2138 619 2182 pendentia
644 2139 728 2171 mala
752 2149 811 2181 per
835 2138 984 2171 salutaris
1008 2139 1181 2182 poeniten-

443 2192 505 2224 tiae
531 2192 684 2231 lamenta,
711 2191 841 2232 ieiunia,
868 2192 1102 2235 eleemosynas,
1121 2192 1181 2225 sin-

441 2255 599 2288 cerasque
632 2244 873 2277 obsecrationes
898 2255 915 2277 a
940 2244 1181 2278 misericordia-

441 2308 511 2330 rum
544 2302 634 2341 patre
659 2302 690 2329 et
714 2297 778 2330 Deo
815 2297 910 2330 totius
946 2297 1180 2331 consolationis

441 2350 597 2383 auxilium
635 2351 886 2393 praestolemur,
912 2350 1014 2390 hano,
1051 2350 1109 2384 etsi
1147 2351 1178 2383 in

441 2403 700 2436 christifidelium
721 2403 882 2436 mentibus
907 2402 1036 2436 insitam
1053 2413 1180 2446 semper

442 2463 473 2490 ct
497 2455 672 2489 venerata¹
698 2462 860 2499 tamquam
897 2456 971 2490 fidei
989 2457 1113 2499 galeam
1148 2461 1180 2489 et

442 2509 692 2553 inexpugnabile
707 2509 818 2542 salutis
832 2514 957 2542 scutum
978 2509 1009 2542 in
1027 2509 1178 2542 omnibus

441 2562 599 2606 angustiis
613 2572 777 2595 assumere
797 2561 890 2595 decet
906 2572 1177 2606 unumquemque,

479 2626 488 2650 1
513 2624 625 2652 Videtur
644 2623 787 2660 legendum
809 2626 976 2653 veneratam
996 2624 1098 2661 (n.'1·.).

1029 238 1213 264 BULLARIUM
1237 238 1395 264 ROMANUM

1227 287 1388 321 catholica
1413 294 1498 322 certe
1524 288 1665 322 Ecclesia
1692 293 1756 321 tum
1775 289 1912 322 maxime
1930 299 1965 323 se

1227 341 1416 375 obstrictam
1442 352 1514 375 esse
1540 342 1642 381 novit,
1669 352 1750 382 cum,
1770 348 1825 375 aut
1849 343 1965 385 gravis-

1227 393 1322 426 simas
1345 404 1462 437 urgere
1486 394 1706 435 necessitates,
1732 400 1786 427 aut
1811 395 1965 428 adversus

1229 446 1398 479 christiani
1423 447 1566 480 nominis
1592 448 1736 481 cultores
1756 448 1795 480 ab
1813 448 1965 481 infensis-

1228 499 1316 532 simis
1334 499 1481 532 hostibus
1500 511 1587 532 arma
1611 500 1735 539 inferri,
1753 500 1964 533 calamitates-

1228 562 1289 595 que
1308 557 1339 585 et
1359 552 1519 586 excidium
1539 552 1704 593 intentari,
1724 552 1963 585 animadvertit.

1272 605 1286 648 ἓ
1310 605 1341 638 ⁶2.
1368 605 1432 638 Nos
1457 611 1576 646 autem,
1597 606 1713 649 quibus
1731 606 1826 648 plane
1853 605 1965 637 iinme-
2019 616 2069 637 ono
2085 617 2155 643 itaquo

1229 711 1412 745 sollicitudo
1439 717 1471 745 et
1495 722 1572 745 cura
1592 722 1608 744 a
1626 716 1791 754 pastorum
1815 710 1964 754 principe
1975 696 2154 751 iafss‘ssms'ii'fissii'c'ail

1228 765 1299 798 Iesu
1325 764 1454 799 Christo
1487 765 1678 798 demandata
1704 769 1773 804 est,
1800 774 1872 797 cum
1897 750 2052 797 bel-²¹⁰⁰⁰⁵'

1228 818 1303 858 lum,
1322 818 1436 851 tertius
1463 817 1524 850 iam
1542 827 1646 851 annus
1664 822 1714 850 est
1739 827 1776 850 ex
1795 826 1858 860 quo
1877 826 1966 849 exar-

1227 876 1323 912 serat,
1338 871 1369 903 in
1386 870 1548 913 llungaria
1562 869 1876 913 periculosissimum
1891 879 1964 902 cum

1227 923 1402 956 Turcarum
1429 928 1565 966 tyranno
1595 922 1707 965 agitari
1743 921 1964 955 inaudivisse-

1227 987 1306 1015 mus,
1332 982 1397 1008 tum
1424 975 1556 1018 privatis
1581 979 1646 1008 tum
1671 974 1810 1017 publicis
1836 974 1964 1006 indictis

1226 1028 1376 1072 precibus
1415 1027 1587 1060 Dominum
1626 1027 1727 1060 Deum
1766 1026 1962 1060 exercituum

1226 1082 1440 1121 exoravimus,
1464 1085 1499 1113 ut
1523 1081 1667 1114 mitteret
1691 1080 1845 1113 auxilium
1870 1090 1962 1113 suum

1226 1135 1265 1168 de
1291 1139 1423 1176 sancto,
1449 1139 1479 1167 et
1504 1133 1687 1167 effunderet
1712 1133 1789 1165 iram
1815 1143 1904 1166 suam
1929 1132 1963 1166 in

1225 1192 1358 1230 gentes,
1385 1197 1466 1230 quae
1491 1187 1524 1219 in
1549 1185 1738 1219 fortitudine
1763 1186 1821 1218 sua
1846 1184 1964 1228 gloria-

1225 1240 1353 1273 bantur.
1380 1240 1448 1272 Hoc
1473 1239 1558 1271 idem
1583 1239 1696 1281 elapso
1722 1247 1807 1270 anno
1833 1247 1897 1271 non
1918 1238 1964 1270 in-

1226 1292 1380 1326 termissis
1392 1292 1655 1325 obsecrationum
1670 1290 1784 1324 studiis
1799 1295 1963 1334 praestare

1225 1357 1296 1383 non
1315 1344 1493 1379 omisimus.

1268 1399 1283 1442 ἓ
1307 1398 1338 1432 3.
1366 1398 1521 1436 Quoniam
1556 1401 1662 1431 autem
1689 1401 1814 1431 tantum
1837 1397 1962 1431 bellum
1995 1406 2153 1432 ingravescente

1973 1436 2044 1454 autem
2083 1434 2153 1455 huius·

1224 1452 1412 1492 maioribus,
1439 1462 1536 1495 quam
1562 1456 1667 1494 antea,
1685 1451 1808 1485 viribus
1834 1461 1870 1484 ex
1897 1454 1962 1484 toto
1973 1459 2101 1506 medlibeuo
2118 1466 2152 1481 aas

1224 1504 1358 1538 Oriente
1384 1504 1592 1548 comparatis,
1617 1509 1649 1537 et
1673 1502 1846 1537 efferatiori
1872 1502 1960 1537 rabie
1972 1486 2070 1534 ξιῖῗιιῖῗῗς
2106 1492 2152 1508 ⁹⁶⁵⁸

1225 1557 1264 1590 ab
1289 1556 1504 1590 Otliomanieo
1530 1556 1638 1589 surore
1663 1556 1725 1589 hoc
1741 1566 1825 1589 anno
1842 1555 1962 1589 instau-

1225 1610 1307 1650 rari,
1332 1614 1522 1653 pestemque
1555 1610 1662 1642 adhuc
1687 1610 1803 1642 durare
1828 1609 1959 1652 accepi-

1226 1674 1313 1696 mus:
1333 1662 1472 1706 primum
1494 1662 1626 1705 quidem
1645 1663 1677 1695 in
1695 1662 1879 1695 humilitate
1896 1672 1963 1695 cor-

1226 1717 1273 1749 dis
1299 1716 1400 1749 nostri
1435 1726 1506 1748 cum
1542 1715 1716 1757 gemitibus
1752 1720 1784 1748 et
1811 1714 1973 1761 lacrymis,

1225 1770 1462 1812 prosternimus
1481 1779 1596 1812 preces
1614 1774 1739 1801 nostras
1757 1773 1830 1801 ante
1849 1767 1961 1801 faciem

1224 1822 1278 1855 Dei
1304 1821 1429 1862 nostri,
1455 1827 1491 1854 ut
1520 1821 1699 1865 respiceret
1724 1822 1755 1854 in
1780 1820 1962 1854 haeredita-

1225 1880 1299 1915 tem,
1317 1885 1413 1917 quam
1439 1873 1608 1918 acquisivit
1632 1873 1790 1916 sanguine
1805 1884 1861 1907 suo
1878 1884 1886 1914 ;
1906 1873 1962 1906 de-

1225 1928 1300 1961 inde
1324 1938 1400 1961 vero
1427 1937 1650 1971 quaecumque
1675 1926 1837 1970 potuimus
1871 1927 1961 1959 indu-

1224 1981 1323 2015 striae
1348 1980 1484 2024 opisque
1520 1979 1655 2013 consilia
1690 1985 1722 2013 et
1745 1980 1863 2013 auxilia
1888 1981 1957 2013 ala-

1224 2033 1268 2067 cri
1290 2033 1397 2066 studio
1420 2032 1569 2066 conterre
1587 2032 1780 2066 curavimus.
1804 2032 1958 2074 Tandem,

1224 2087 1363 2120 scientes
1390 2085 1586 2119 concordem
1612 2085 1827 2129 supplicantis
1852 2085 1961 2120 Eccle-

1225 2139 1290 2172 siae
1316 2139 1355 2172 ad
1381 2138 1548 2171 Dominum
1584 2138 1764 2172 orationem
1797 2139 1961 2182 potentio-

1224 2202 1292 2225 rem
1325 2202 1420 2236 quam
1454 2197 1560 2225 cetera
1595 2202 1684 2232 esse,
1709 2197 1743 2224 ut
1774 2198 1875 2235 ponat
1905 2192 1960 2227 itte

1224 2246 1336 2279 oculos
1350 2255 1427 2278 suos
1440 2245 1478 2278 ad
1494 2245 1689 2288 placandum
1708 2250 1738 2278 et
1755 2245 1958 2279 liberandum

1224 2298 1380 2342 populum
1406 2308 1499 2330 suum
1525 2298 1564 2330 ab
1590 2297 1628 2330 iis
1654 2298 1708 2340 qui
1735 2297 1902 2331 confidunt
1925 2299 1959 2332 in

1223 2351 1389 2395 quadrigis
1408 2356 1439 2384 et
1464 2351 1495 2383 in
1522 2350 1665 2394 equitatu
1687 2361 1746 2384 suo
1769 2356 1800 2384 et
1824 2351 1856 2384 in
1880 2352 1960 2385 mul-

1224 2403 1361 2437 titudine
1397 2404 1593 2436 bellatorum
1612 2430 1619 2443 ‚
1646 2403 1794 2446 publicas
1829 2414 1959 2448 quoque

1223 2466 1338 2500 preces
1363 2456 1491 2497 iterum,
1509 2455 1563 2488 sed
1589 2455 1766 2489 ardentiori
1792 2457 1958 2490 charitatis

1223 2509 1350 2542 fervore
1375 2508 1564 2542 coniunctas
1581 2508 1613 2541 in
1631 2510 1776 2542 universa
1808 2509 1897 2543 ltalia
1917 2510 1959 2543 ei-

1223 2573 1285 2606 que
1311 2562 1427 2595 insulis
1446 2561 1668 2595 adiacentibus
1687 2561 1874 2596 indicendas
1889 2573 1958 2597 esse

1222 2615 1428 2658 arbitramur,
1446 2620 1480 2649 ut
1498 2615 1682 2650 dominator
1698 2616 1880 2659 caelorum,
1902 2616 1958 2661 qui

1973 241 2022 268 An.
2039 242 2068 267 e.
2092 242 2158 272 1730
2202 259 2207 278 21

1228 658 1377 691 rentibus
1403 669 1554 702 suprema
1579 658 1724 692 omnium
1751 643 2034 695 ecelesia1·um}³}!-¹.3
2057 643 2156 691 'Ruflii'i
2208 644 2210 681 i
