2232 3178
286 226 337 252 An.
355 226 384 252 C.
409 222 475 251 1739

521 212 585 246 586

482 270 607 301 maxima
631 268 791 308 requiritur
814 266 931 297 solertia
946 266 981 296 ad
997 264 1223 304 compescendas

482 319 684 349 ministrorum
706 315 905 346 oeconomiam
929 313 1130 345 exercentium
1148 313 1224 342 frau-

482 370 532 398 des
561 372 647 407 atque
683 366 827 395 incuriam
843 389 850 402 ,
873 374 906 394 ex
938 363 1044 403 quibus
1067 362 1222 400 collegium

483 426 538 447 non
562 417 623 445 leve
648 415 713 444 tulit
735 413 955 448 detrimentum,
977 411 1099 450 ideoque
1121 409 1224 439 statui-

484 476 559 503 mus,
584 469 614 494 ut
637 465 827 502 imposterum
844 461 1003 501 deputandi
1020 460 1078 490 sint
1096 463 1224 489 rectores

485 514 559 550 itali,
583 512 740 542 dummodo
763 516 858 540 tamen
875 520 911 539 ex
929 509 1059 548 patribus
1073 507 1225 538 Societatis

485 574 540 592 non
564 562 638 591 adsit
661 561 772 598 Anguis
794 560 843 599 qui
867 560 915 589 diu
939 559 967 588 in
991 558 1073 587 ltalia
1093 561 1225 586 versatus

485 611 648 650 reperiatur
680 609 803 639 idoneus
836 608 870 637 ad
902 607 1032 637 officium
1064 609 1226 635 rectoratus

484 659 702 690 exercendum:
727 658 776 687 sed
800 666 865 686 cum
890 656 980 695 patris
1004 654 1122 684 llenrici
1144 653 1226 683 Shel-

485 708 544 738 don
569 707 646 737 zelus
669 711 696 736 et
718 705 861 735 industria
886 705 915 734 in
937 704 1015 733 dicto
1030 702 1125 732 officio
1143 700 1227 730 nobis

485 757 659 791 innotescat,
677 754 909 784 confirmandum
932 762 996 782 esse
1017 752 1153 782 duximus
1176 759 1239 790 per·

486 805 565 835 aliud
590 803 761 840 triennium,
779 806 807 832 et
826 802 913 839 ultra,
930 804 1073 841 quatenus
1089 799 1227 839 expedire

486 853 643 884 ridebitur.

528 902 710 940 iniungimus
754 900 862 931 rectori
906 908 957 939 pro
998 902 1129 937 tempore
1168 895 1229 926 exi-

488 952 576 983 stenti
599 951 696 981 onmia
719 951 755 981 ad
778 960 862 980 suum
886 958 992 979 munus
1012 947 1184 988 spectantia,
1201 950 1229 975 et

488 1002 516 1031 in
550 1000 753 1041 praesentibus
787 999 912 1028 decretis
943 1006 993 1036 per
1016 1006 1069 1025 nos
1099 995 1227 1032 sancita,

489 1054 624 1079 accurate
657 1053 686 1078 et
719 1048 878 1086 diligenter
911 1045 1089 1084 adimplere,
1119 1048 1146 1073 et
1177 1052 1229 1072 suo

488 1099 621 1137 exemplo
644 1097 748 1126 ceteris
772 1105 918 1135 praeesse,
936 1099 967 1124 ut
983 1093 1197 1132 unusquisque,
1214 1102 1228 1121 a

489 1147 545 1176 Deo
568 1147 601 1175 ad
626 1146 828 1183 evangelicum
846 1154 919 1183 opus
935 1142 1085 1182 apostolici
1103 1140 1230 1171 instituti

490 1200 619 1231 vocatus,
635 1205 719 1225 suum
737 1204 854 1231 munus,
869 1194 903 1223 de
920 1203 976 1232 quo
994 1192 1049 1221 erit
1068 1191 1125 1220 Deo
1143 1191 1231 1219 ratio-

490 1254 556 1275 nem
578 1244 762 1281 redditurus,
787 1242 1033 1282 quamdiligenter
1056 1239 1195 1270 absolvat.

640 1303 672 1321 De
687 1302 793 1320 ministro
808 1302 833 1319 et
847 1300 967 1323 praefecto
981 1300 1084 1322 spiritus.

531 1342 625 1372 Patris
662 1340 789 1370 ministri
822 1339 991 1377 vigilantiae
1027 1337 1230 1375 committitur,

492 1396 523 1421 ut
545 1391 580 1421 ab
603 1390 730 1421 alumnis
761 1389 1003 1425 constitutiones,
1028 1397 1081 1417 nec
1104 1397 1161 1416 non
1185 1387 1233 1416 de-

492 1445 570 1471 creta
586 1440 615 1470 in
634 1439 780 1479 praesenti
797 1437 956 1478 apostolica
973 1436 1137 1466 visitatione
1156 1436 1232 1465 circa

492 1499 593 1519 eorum
616 1488 801 1527 disciplinam
825 1490 958 1524 exarata,
983 1485 1159 1515 adamussim
1184 1484 1235 1513 ob-

493 1542 667 1574 serventur,
691 1541 719 1566 et
743 1536 880 1575 praefecti
911 1535 1033 1574 spiritus
1063 1534 1099 1564 sit
1128 1533 1233 1563 nedum

494 1587 561 1617 illos
584 1587 679 1616 solida
702 1586 808 1626 pietate
837 1584 988 1621 imbuere,
1013 1583 1061 1613 sed
1090 1583 1175 1612 etiam
1206 1582 1235 1612 in

494 1635 625 1675 quolibet
649 1644 747 1664 mense
767 1633 886 1673 speciali
903 1632 1096 1662 instructione
1112 1631 1154 1661 eis
1171 1640 1237 1670 pro-

496 1694 604 1724 ponere
626 1693 699 1723 quae
734 1682 918 1712 missionario
950 1682 1074 1719 decent,
1107 1684 1134 1710 et
1164 1690 1237 1719 quae

494 1734 553 1763 sint
576 1733 699 1762 virtutes
722 1731 898 1761 excolendae
921 1734 949 1760 et
970 1739 1044 1769 quae
1064 1729 1133 1758 vitia
1156 1737 1170 1757 a
1196 1729 1237 1758 vi—

495 1791 566 1812 neae
589 1781 695 1811 Christi
719 1780 830 1810 cultore
855 1779 1011 1818 praecipue
1029 1777 1156 1807 vitanda.

784 1842 816 1859 De
831 1839 955 1862 magistris.

539 1883 599 1911 Duo
621 1881 680 1912 sint
702 1881 731 1910 in
754 1880 876 1918 collegio
901 1878 1046 1917 magistri,
1071 1887 1146 1907 unus
1170 1887 1237 1907 con-

498 1931 710 1961 troversiarum
724 1933 752 1959 et
763 1938 864 1959 sacrae
876 1928 1056 1967 Scripturae,
1071 1927 1144 1956 alter
1158 1926 1238 1956 theo-

499 1981 593 2019 logiae
616 1979 753 2015 moralis,
779 1979 917 2008 lectiones
940 1987 1008 2007 vero
1035 1976 1239 2016 proponendae

499 2033 636 2068 aptentur
659 2027 778 2067 speciali
800 2027 934 2056 instituto
957 2026 1096 2064 Anglicae
1127 2025 1240 2055 missio-

502 2078 559 2115 nis,
577 2077 611 2107 ad
635 2086 721 2115 quam
747 2085 797 2115 per
819 2075 1022 2105 iusiurandum
1044 2075 1163 2105 fuerunt
1179 2074 1240 2103 alu-

500 2126 560 2156 mni
585 2125 710 2155 feliciter
734 2124 839 2154 vocati.
1106 2119 1108 2121 ’

541 2175 675 2213 Magister
697 2172 962 2203 controversiarum
987 2172 1023 2201 sit
1046 2171 1132 2201 etiam
1158 2180 1239 2210 prae-

501 2225 594 2254 fectus
617 2222 792 2258 studiorum,
818 2225 845 2251 et
861 2221 963 2250 sedulo
979 2220 1108 2259 inquirat
1124 2220 1158 2249 de
1174 2229 1240 2258 pro-

501 2273 580 2302 fectu
603 2271 780 2301 studentium
796 2293 803 2304 ,
827 2273 914 2308 atque
938 2279 987 2299 eos
1010 2267 1240 2308 particularibus

501 2324 637 2350 exerceat
658 2319 905 2358 disputationibus
928 2318 987 2347 suis
1010 2317 1147 2356 congruis
1170 2321 1241 2346 tem-

503 2369 623 2409 poribus
647 2367 866 2407 praefiniendis.

542 2418 677 2456 Magister
701 2416 866 2454 theologiae
890 2415 1007 2445 moralis
1039 2414 1143 2444 habeat
1167 2424 1240 2444 onus

503 2466 655 2506 repetendi
677 2465 817 2495 lectiones
839 2465 868 2494 in
893 2464 1023 2502 Collegio
1040 2464 1170 2494 Romano
1193 2473 1243 2493 au-

503 2515 579 2545 ditas
601 2525 616 2544 a
640 2514 742 2552 logicis
764 2518 792 2543 et
815 2513 1054 2552 methaphysicis.

741 2574 774 2592 De
788 2574 853 2592 laicis
868 2574 893 2592 et.
908 2573 1006 2591 ramulis.

544 2614 662 2645 Fratres
683 2612 751 2644 laici
773 2617 801 2644 et
824 2612 926 2644 famuli
948 2611 1120 2651 singillatim
1143 2610 1242 2643 obser-

1079 213 1260 240 BULLARIUM
1285 212 1442 238 ROMANUM

1267 265 1334 292 vent
1356 271 1387 291 ea
1411 270 1485 301 quae
1516 260 1712 300 disponuntur
1744 260 1774 290 in
1807 258 2002 290 instructione

1266 310 1392 341 decretis
1414 309 1589 339 adiicienda.

1475 371 1508 388 De
1522 373 1619 387 numero
1634 369 1785 387 alumnorum.

1308 414 1386 444 Licet
1408 423 1442 443 ex
1466 413 1550 443 Bulla
1583 412 1761 443 fundationis
1790 411 2004 451 praescribatur

1269 472 1409 492 numerus
1432 462 1643 501 quinquaginta
1666 461 1851 490 alumnorum
1868 484 1875 496 ,
1898 458 2005 498 quibus

1269 512 1393 541 addendi
1427 515 1494 541 suut
1523 511 1571 540 alii
1595 511 1651 539 duo
1675 519 1712 539 ex
1735 509 1837 547 legatis
1860 508 1933 546 Hugi
1955 508 2007 539 Or-

1270 570 1340 590 vens
1356 565 1384 590 et
1401 559 1572 590 Bernardini
1588 559 1685 598 Pippi,
1702 562 1828 588 attamen
1845 566 1909 587 cum
1927 566 2008 596 prae-

1271 614 1370 639 sentes
1403 609 1519 647 collegii
1552 608 1683 637 redditus
1712 607 1746 636 ad
1769 607 1903 636 alendum
1927 615 2008 645 prae-

1270 658 1413 696 scriptum
1438 665 1594 687 numerum
1618 656 1738 685 minime
1761 654 1932 692 sufficiant,
1956 662 2008 693 pro

1270 716 1348 736 nunc
1371 706 1405 735 ad
1429 705 1640 745 quinquaginta
1659 708 1769 734 tantum
1787 701 2009 742 comprehensis

1270 754 1382 784 duobus
1405 754 1530 784 alumnis
1553 752 1702 791 legatariis
1724 751 1901 782 reducimus.

1361 823 1393 840 De
1408 821 1557 840 admittendis
1573 821 1598 839 et
1612 820 1640 839 de
1654 820 1765 838 methodo
1774 819 1918 838 observanda

1470 858 1493 875 in
1507 856 1645 875 admissione
1660 856 1810 874 alumnorum.

1311 900 1401 930 Nemo
1424 900 1594 930 admittatur
1617 899 1694 929 inter
1716 899 1872 935 alumnos,
1896 896 1953 927 nisi
1974 896 2011 927 sit

1273 950 1377 987 anglus
1401 948 1574 985 catholicus,
1598 952 1637 985 et,
1661 947 1711 986 qui
1744 951 1829 976 natus
1861 945 1948 976 fuerit
1980 945 2011 976 in

1273 998 1372 1027 extera
1405 997 1543 1035 regione,
1567 996 1669 1026 saltem
1699 1005 1713 1024 a
1742 998 1823 1035 patre
1856 995 1941 1033 anglo
1974 994 2012 1024 sit

1273 1046 1399 1084 genitus,
1488 1048 1494 1053 ’

1314 1093 1494 1124 Admittendi
1518 1093 1705 1122 humaniores
1727 1092 1852 1122 calleant
1882 1092 2011 1128 litteram,

1276 1147 1306 1172 ut
1329 1143 1408 1172 illico
1431 1142 1465 1171 ad
1489 1142 1599 1180 logicae
1622 1141 1749 1171 studium
1769 1141 1884 1170 valeant
1901 1140 2013 1170 incum-

1274 1192 1355 1221 bere:
1373 1195 1401 1221 et
1423 1200 1489 1220 cum
1514 1191 1566 1220 hac
1588 1190 1751 1227 sanctione,
1768 1199 1782 1219 a
1807 1189 1891 1219 Bulla
1917 1193 1945 1219 et
1967 1197 2013 1218 re-

1275 1241 1344 1278 gula
1367 1240 1542 1270 fundationis
1566 1239 1765 1278 praescripta,
1790 1247 1875 1278 saepe
1896 1237 2014 1276 saepius

1275 1299 1332 1319 uon
1356 1289 1418 1319 sine
1442 1289 1568 1318 maximo
1590 1288 1724 1326 anglicae
1747 1287 1895 1317 missionis
1924 1286 2012 1316 detri-

1253 1354 1254 1360 1
1276 1343 1374 1368 mento
1391 1347 1539 1368 recessum
1556 1338 1655 1376 fuerit,
1674 1337 1797 1376 ideoque
1820 1336 1954 1367 districte
1971 1335 2015 1366 iu-

1277 1388 1380 1418 bemus
1402 1398 1438 1417 ne
1461 1387 1653 1427 imposterum
1687 1387 1807 1416 iuvenes
1829 1385 1859 1415 in
1883 1385 2016 1415 alumnos

1275 1437 1378 1476 quavis
1392 1436 1426 1466 de
1440 1437 1525 1466 causa
1542 1436 1731 1475 recipiantur,
1748 1435 1804 1465 nisi
1821 1436 2015 1465 humanarum

1277 1486 1439 1516 litterarum
1459 1485 1555 1515 studia
1575 1484 1763 1515 absolverint.

1318 1534 1388 1564 Cum
1413 1534 1541 1574 optimus
1564 1534 1702 1563 iuvenum
1726 1533 1856 1563 delectus
1888 1542 1945 1562 non
1970 1541 2018 1572 pa-

1278 1592 1343 1613 rum
1378 1583 1414 1613 ad
1447 1582 1644 1622 assequendos
1677 1582 1842 1612 uberrimos
1864 1581 2018 1620 religiosae

1279 1631 1473 1662 institutionis
1490 1632 1602 1661 fructus
1619 1631 1763 1670 proficiat,
1784 1640 1894 1661 summa
1919 1631 2019 1670 itaque

1279 1683 1308 1712 in
1331 1682 1526 1712 electionibus
1549 1682 1692 1712 faciendis
1714 1681 1864 1720 diligentia
1884 1680 2019 1711 adhibea-

1280 1736 1338 1768 tur,
1353 1735 1381 1761 et
1394 1730 1608 1770 infrascriptam
1627 1730 1796 1760 methodum
1808 1729 2019 1760 observandam

1281 1781 1466 1810 mandamus:

1322 1831 1430 1860 Rector
1452 1839 1503 1869 per
1525 1838 1633 1859 annum
1653 1832 1737 1858 antea
1755 1827 2020 1858 eminentissimum

1281 1879 1462 1909 cardinalem
1493 1882 1706 1918 protectorem,
1731 1886 1820 1917 penes
1852 1886 1939 1917 quem
1963 1880 2021 1906 tota

1283 1929 1322 1958 sit
1344 1927 1497 1958 electionis
1521 1931 1664 1966 potestas,
1688 1926 1826 1956 certioret
1858 1935 1931 1966 quae
1960 1925 2022 1956 loca

1282 1977 1395 2007 fuerint
1413 1976 1546 2016 sequenti
1563 1985 1638 2005 anno
1656 1979 1802 2013 vacatura,
1820 1979 1860 2009 ut,
1878 1974 2022 2014 expeditis

1284 2035 1334 2064 per
1369 2034 1435 2055 eum
1469 2025 1574 2054 litteris
1607 2024 1640 2053 ad
1674 2024 1797 2053 vicarios
1826 2023 1947 2062 Angliae
1970 2032 2022 2063 pro

1283 2074 1424 2104 habendis
1447 2073 1530 2103 novis
1553 2073 1690 2110 alumnis,
1714 2073 1876 2116 committat
1898 2081 2021 2102 examen

1283 2123 1360 2153 iuxta
1386 2124 1505 2152 formam
1530 2122 1738 2162 praescriptam
1772 2131 1786 2152 a
1810 2121 1936 2152 decretis
1959 2131 2023 2151 car-

1282 2171 1388 2201 dinalis
1421 2171 1573 2201 Barberini
1606 2171 1752 2208 senioris3
1777 2170 1801 2200 si
1832 2179 1899 2200 vero
1923 2169 2022 2200 vicarii

1283 2221 1436 2261 apostolici
1469 2220 1575 2259 optatis
1608 2219 1763 2249 iuvenibus
1795 2223 1939 2256 careant,
1963 2223 2022 2249 tum

1283 2270 1318 2299 ab
1343 2269 1577 2299 eminentissimo
1601 2272 1763 2308 protectore
1787 2268 1897 2298 alumni
1914 2277 1946 2298 ex
1965 2267 2024 2298 col-

1283 2319 1366 2357 legiis
1390 2318 1482 2348 Duaci
1513 2322 1540 2347 et
1563 2317 1791 2357 Audumaropoli
1818 2317 2021 2356 exquirantur.

1324 2368 1364 2397 Ad
1391 2367 1569 2406 praeelectos
1586 2366 1755 2396 candidatos
1771 2366 1964 2405 expediantur
1979 2366 2024 2395 lit-

1285 2421 1363 2446 terae
1386 2416 1595 2445 nominationis
1624 2415 1806 2455 subscriptae
1835 2414 1870 2444 ab
1893 2414 2024 2444 eminen-

1285 2466 1396 2496 tissimo
1421 2469 1604 2504 protectore,
1628 2469 1656 2494 et
1678 2464 1739 2494 eius
1763 2464 1858 2502 sigillo
1881 2463 2020 2500 munitae,

1284 2513 1391 2553 quibus
1414 2513 1498 2543 electi
1522 2514 1642 2543 Romam
1666 2513 1816 2542 venientes
1838 2511 1952 2542 labente
1971 2520 2022 2542 au-

1286 2567 1386 2593 tumno
1409 2563 1572 2601 ingressum
1595 2562 1625 2592 in
1648 2561 1804 2600 collegium
1827 2559 2019 2597 obtinebunt,

1288 2621 1399 2650 verum,
1424 2611 1599 2652 priusquam
1620 2610 1651 2641 in
1673 2610 1805 2641 alumnos
1828 2609 2020 2650 excipiantur,

2212 157 2216 182 t

2011 211 2060 236 An.
2076 209 2105 236 C.
2129 209 2193 238 1739
2214 249 2217 265 Ι

2035 910 2153 935 Quainates
2167 909 2203 931 ad-
2222 898 2223 901 1

2021 937 2178 958 mittendorum.

2087 2375 2152 2395 Antea
2166 2377 2212 2400 pro-

2034 2401 2097 2422 bandi
2120 2406 2156 2427 pei·
2175 2399 2212 2421 ali·

2034 2430 2086 2454 quot
2101 2432 2188 2448 meuses.
