2232 3178
275 210 324 236 An.
341 208 370 236 c.
394 207 464 236 1740
508 198 572 233 610

471 268 535 289 rum
567 259 703 297 suffragia
728 260 806 288 ferre
830 260 924 298 potest
953 266 1003 297 pro
1036 257 1210 287 admissione

472 308 573 338 novitii
590 308 623 336 ad
641 307 853 347 professionem
874 306 981 346 absque
997 305 1109 335 abbatis
1124 314 1212 343 gene-

474 356 543 384 ralis
559 365 715 392 consensu,
731 355 775 384 vel
792 364 931 394 expresso
950 354 993 384 vel
1010 354 1108 392 tacito,
1126 363 1210 393 quem

474 404 521 433 ille
541 404 602 432 sine
625 403 754 440 legitima
779 404 867 432 causa
889 412 996 441 negare
1019 412 1076 432 non
1107 402 1210 432 dehet:

473 458 501 482 et
524 452 578 482 nisi
602 461 739 490 expresse
773 456 801 481 et
834 451 1006 481 nominatim
1041 450 1210 489 negaverit,

473 501 541 530 dare
563 510 735 529 eonsensum
759 500 922 529 censendus
944 504 998 529 est.

513 558 581 578 xxn.
616 548 684 577 Cum
719 552 832 587 tempus
869 548 1049 587 probationis
1085 547 1213 577 novitius

474 598 633 636 expleverit
655 601 682 626 et
705 598 852 636 professus
875 598 978 631 fuerit,
1002 597 1089 627 abbas
1110 597 1145 626 ad
1168 606 1213 635 ge-

474 646 602 676 neralem
626 646 759 675 abbatem
783 646 817 675 de
839 646 939 676 eodem
963 647 1079 676 reserat.

514 704 593 724 xxm.
610 694 672 724 Non
690 695 883 734 permittenda
903 698 946 724 est
968 695 1078 724 novitio
1100 704 1214 734 promo-

475 744 512 774 tio
535 744 570 773 ad
594 743 684 773 ullum
701 743 832 772 ordinem
855 743 1103 781 ecclesiasticum,
1120 753 1214 782 neque

473 792 571 822 abbati
586 792 670 822 liceat
685 792 818 822 eumdem
831 792 865 821 ad
878 801 988 821 sacram
1002 792 1214 822 ordinationem

475 842 590 871 offerre.
609 841 663 876 Qui
686 841 828 871 novitium
845 841 879 870 ad
896 850 994 870 saeros
1016 840 1133 870 ordines
1151 851 1215 880 pro-

474 890 540 920 vebi
572 890 766 927 concesserit,
791 900 805 919 a
833 890 924 927 gradu
954 899 1006 919 suo
1039 889 1164 928 excidat,
1188 893 1216 919 et

474 939 603 968 novitius
626 938 660 968 ad
685 938 801 968 babitus
833 938 1049 978 susceptionem
1078 937 1216 968 inhabilis

475 992 641 1018 censeatur.

516 1046 593 1066 xx1v.
627 1036 760 1066 Novitius
793 1045 859 1065 cum
896 1035 1045 1065 monacbis
1079 1035 1217 1074 professis

475 1085 645 1123 suffragium
669 1094 725 1114 non
756 1085 847 1119 serat,
871 1093 965 1122 neque
996 1084 1031 1113 de
1060 1083 1148 1113 rebus
1183 1083 1216 1112 ad

476 1134 613 1163 Ordinem
647 1133 848 1171 spectantibus
881 1133 1096 1170 interrogetur,
1123 1141 1216 1171 neque

475 1183 565 1212 ullam
582 1182 754 1219 dignitatem
772 1182 800 1211 in
818 1181 926 1211 Ordine
946 1181 1049 1210 babeat
1065 1181 1133 1210 dum
1152 1190 1216 1219 pro-

475 1230 573 1266 batur,
591 1231 639 1259 sed
659 1230 831 1259 ministeriis
849 1233 958 1259 tantum
980 1229 1149 1258 monasterii
1168 1229 1217 1258 ad-

476 1280 532 1309 dici
550 1283 652 1318 potest.
672 1278 855 1308 Probationis
877 1287 991 1317 quoque
1018 1282 1146 1317 tempore
1168 1287 1219 1307 no-

477 1327 568 1357 vitius
590 1338 604 1356 a
627 1327 822 1363 monasterio,
847 1327 875 1355 in
899 1336 956 1365 quo
980 1326 1013 1355 ad
1043 1325 1216 1364 tyrocinium

478 1376 621 1406 admissus
644 1376 744 1413 suirit,
768 1375 802 1404 ad
826 1375 903 1404 aliud
927 1376 1136 1405 monasterium
1160 1385 1217 1405 nou

478 1425 650 1454 trasseratur
662 1425 724 1453 sine
741 1425 817 1453 insta
835 1426 932 1458 causa,
947 1433 998 1453 nec
1015 1424 1076 1453 sine
1097 1423 1218 1453 consilio

478 1474 716 1511 congregationis
732 1473 912 1510 monasterii,
929 1474 985 1512 quo
1000 1473 1218 1503 transferemlus

478 1527 531 1560 est,
550 1527 576 1552 et
592 1532 628 1551 ex
646 1523 839 1561 peimissione
863 1522 976 1551 abbatis
998 1522 1155 1560 generalis.
1173 1522 1219 1552 Sic

479 1576 575 1600 autem
599 1571 776 1606 translatus,
801 1579 865 1599 cum
896 1574 1009 1609 tempus
1039 1569 1219 1609 probationis

478 1619 651 1658 expleverit,
676 1628 726 1658 pro
749 1619 810 1647 eius
833 1618 1021 1655 admissione,
1045 1627 1145 1647 eorum
1162 1627 1220 1648 mo—

479 1669 639 1697 nachorum
662 1667 798 1705 suffragia
821 1671 978 1705 rogentur,
1003 1666 1052 1696 ubi
1075 1670 1218 1696 moratur.

518 1726 586 1746 xxv.
610 1717 741 1746 Novitius
776 1716 905 1745 habitum
940 1720 1023 1754 gerat
1051 1716 1087 1745 ab
1119 1716 1220 1746 habitu

480 1766 690 1796 monachorum
727 1764 925 1804 professorum
958 1765 1130 1801 diversum,
1168 1774 1221 1795 nee

480 1820 546 1845 ante
569 1813 778 1854 professionem
804 1813 934 1843 habitum
957 1813 1075 1843 illorum
1105 1814 1219 1844 induat.

520 1872 597 1893 xxvi.
621 1862 808 1893 Sacramenta
838 1862 1037 1892 Poenitentiae
1060 1866 1087 1892 et
1109 1862 1222 1892 Eucha-

481 1912 580 1942 ristiae
613 1911 739 1940 novitius
774 1911 876 1950 quavis
913 1910 1094 1947 bebdomada
1132 1911 1221 1941 semel

481 1961 583 1990 saltem
603 1960 778 1999 frequentet,
803 1969 897 1998 neque
926 1968 940 1988 a
973 1959 1140 1989 divinorum
1162 1969 1223 2000 my-

482 2008 637 2038 steriorum
655 2008 876 2047 participatione
893 2007 1090 2047 prohibendus
1102 2008 1222 2038 estsine

482 2057 604 2087 oonsilio
638 2057 728 2096 patris
750 2056 912 2095 spiritualis
939 2056 975 2086 ab
1004 2056 1106 2087 abbate
1128 2057 1223 2087 eidem

483 2105 631 2143 assignati.
656 2105 689 2134 Et
712 2105 734 2134 si
757 2105 806 2144 qui
829 2104 965 2134 sacerdos
988 2105 1084 2141 fuerit,
1102 2114 1116 2134 a
1141 2107 1225 2135 sacra

483 2154 628 2184 oblatione
658 2154 786 2193 quotidie
816 2154 981 2193 peragenda
1002 2154 1223 2193 suspendendus

482 2212 540 2232 non
558 2207 611 2239 est,
632 2203 685 2232 nisi
703 2206 746 2232 est
761 2211 794 2231 ex
811 2203 900 2232 causa
917 2207 943 2232 et
959 2203 1092 2232 consulto
1109 2202 1222 2232 abbate.

525 2260 612 2281 xxvn.
631 2251 659 2281 Si
676 2251 823 2289 contingat
839 2251 983 2281 novitium
1000 2251 1139 2280 clericum
1156 2251 1225 2281 mis-

484 2310 532 2330 sae
559 2300 703 2330 inservire
725 2309 790 2330 cum
812 2301 902 2330 altero
931 2300 1091 2339 superioris
1119 2301 1225 2338 gradus

483 2355 512 2379 et
535 2350 603 2384 loci,
623 2349 683 2379 sive
706 2350 852 2388 professus
874 2350 923 2379 ille
945 2349 983 2378 sit
1002 2351 1062 2379 sive
1084 2350 1223 2388 novitius,

485 2398 704 2437 epitrachelion,
722 2397 776 2426 hoc
791 2402 846 2433 est,
863 2397 1030 2427 clericalem
1048 2398 1150 2427 stolam
1166 2408 1224 2428 non

484 2447 605 2484 induat,
622 2446 679 2475 nisi
695 2446 819 2475 clericus
841 2446 901 2484 ille,
919 2446 968 2485 qui
991 2446 1053 2476 loco
1074 2446 1224 2485 graduque

485 2495 620 2534 superior
643 2498 705 2531 est,
729 2494 800 2524 illud
823 2495 930 2534 pariter
951 2494 1091 2524 induerit.

1048 207 1233 233 BULLAPAUM
1258 207 1415 232 ROMANUM

1254 255 1333 295 loqui
1355 255 1411 286 nisi
1435 255 1647 296 interpelletur,
1670 261 1719 288 aut
1740 267 1777 288 ex
1800 259 1876 289 iusta
1898 258 1995 298 legiti-

1255 307 1360 345 maque
1377 306 1476 343 causa,
1494 315 1589 346 neque
1605 316 1671 337 cum
1687 307 1842 344 saeculari,
1866 308 1922 338 nisi
1945 308 1994 338 ab·

1254 354 1318 384 bate
1334 358 1361 384 et
1379 354 1517 392 magistro
1540 355 1749 394 annuentibus,
1767 360 1795 386 et
1814 356 1870 386 alio
1895 366 1993 387 mona-

1255 403 1309 432 ebo
1333 407 1498 441 praesente.

1296 460 1374 481 xxix.
1399 452 1530 481 Novitius
1559 461 1675 482 mensae
1699 462 1756 482 non
1779 452 1916 491 assideat,
1939 454 1996 484 nisi
2029 450 2034 453 ’

1256 499 1351 529 iussus
1379 499 1415 529 ab
1444 500 1548 530 abbate
1571 505 1619 530 ant
1641 501 1754 531 seniore
1781 501 1858 531 inter
1880 502 1995 532 fratres.

1255 549 1283 578 Si
1302 549 1453 586 contingat
1469 549 1532 587 ipso
1547 549 1665 579 sedente
1684 549 1843 589 praeterire
1865 549 1996 580 abbatem

1257 601 1306 627 aut
1328 597 1523 635 sacerdotem,
1548 597 1644 627 statim
1667 601 1818 635 assurgat,
1841 602 1869 627 et
1890 598 1998 628 iunctis

1256 645 1286 674 in
1317 646 1412 675 crucis
1446 645 1564 675 modum
1593 654 1681 684 supra
1714 650 1815 684 pectus
1848 645 1997 684 manibus,

1257 693 1404 723 submissa
1425 693 1553 730 cervice,
1571 694 1723 733 oculisque
1745 695 1774 724 in
1798 698 1905 724 terram
1928 694 1999 724 defi-

1257 741 1301 771 xis
1316 764 1323 777 ‚
1349 746 1478 781 perstet,
1503 742 1595 772 donec
1618 742 1667 772 ille
1694 742 1909 781 pertransierit.
1933 742 2000 772 l’ari

1258 789 1452 820 submissione
1475 790 1698 829 reverentiaque
1720 799 1751 820 se
1772 794 1871 829 gerat,
1895 790 1999 821 abbate

1258 842 1307 868 aut
1324 838 1380 868 alio
1396 839 1546 869 sacerdote
1567 839 1664 878 ipsum
1681 838 1857 878 alloquente,
1874 848 1927 869 nec
1942 838 1999 869 nisi

1259 887 1357 916 iussus
1387 887 1523 917 assideat.

1299 944 1368 965 xxx.
1395 936 1526 966 Noviiius
1556 935 1591 965 ab
1622 935 1726 966 abbate
1753 940 1803 966 aut
1824 945 1838 966 a
1862 936 2000 975 magistro

1261 985 1472 1023 reprehensuS,
1490 984 1588 1014 statim
1605 984 1634 1013 in
1653 994 1745 1022 genua
1769 984 1910 1024 procidat,
1930 985 2002 1014 taci-

1261 1037 1364 1072 tusque
1387 1033 1485 1063 audiat
1505 1038 1694 1071 arguentem:
1719 1042 1783 1066 nec.
1807 1033 1863 1063 nisi
1886 1034 1999 1071 iussus,

1261 1091 1311 1120 pro
1327 1091 1358 1111 se
1374 1081 1460 1110 verba
1479 1082 1575 1119 saciat,
1593 1085 1642 1112 aut
1658 1081 1713 1111 sibi
1736 1081 1847 1112 obiecta
1870 1082 1997 1121 refellat,

1261 1138 1327 1167 nec,
1351 1129 1407 1158 nisi
1430 1130 1481 1159 illo
1503 1129 1632 1168 iubente,
1656 1133 1799 1168 assurgat.

1299 1188 1315 1208 1.
1338 1178 1474 1216 Magister
1496 1178 1673 1208 novitiorum
1694 1178 1838 1216 intelligat
1855 1187 1915 1208 rem
1934 1187 2001 1208 esse

1260 1227 1357 1265 magni
1380 1227 1518 1256 momenti
1548 1227 1602 1256 sibi
1632 1227 1839 1265 commissam,
1870 1227 2001 1266 quando-

1260 1277 1376 1316 quidem
1410 1285 1445 1306 ex
1478 1276 1574 1315 prima
1605 1276 1782 1306 novitiorum
1816 1276 2001 1307 institutione

1262 1325 1368 1364 pendet
1384 1325 1486 1354 maiori
1504 1334 1541 1354 ex
1558 1328 1637 1364 parte
1659 1325 1828 1354 eorumdem
1853 1325 2000 1364 profectus

1261 1378 1289 1404 et
1311 1384 1376 1413 spes
1405 1373 1497 1403 nostri
1520 1373 1646 1404 Ordinis.
1671 1373 1758 1404 Curet
1789 1373 1879 1412 igitur
1911 1378 1943 1404 ut
1970 1374 2002 1404 in

1261 1423 1322 1452 dies
1347 1432 1398 1461 per
1420 1422 1549 1452 studium
1579 1423 1715 1462 propriae
1744 1422 1935 1462 perfectionis
1957 1423 2002 1453 in-

1261 1476 1456 1502 strumentum
1474 1472 1570 1511 aptius
1582 1472 1616 1501 ad
1632 1481 1681 1502 eos
1697 1471 1839 1502 iuvandos
1851 1471 2001 1504 reddatur.

1302 1530 1331 1550 n.
1349 1520 1512 1550 Amabilem
1534 1530 1564 1550 se
1587 1524 1716 1560 praestet
1737 1525 1766 1551 et
1787 1520 1863 1551 vitae
1881 1520 2003 1559 integri-

1262 1573 1319 1599 tate
1348 1578 1380 1598 ac
1406 1569 1581 1598 discretione
1604 1568 1642 1598 ita
1672 1578 1703 1598 se
1728 1572 1825 1607 gerat,
1849 1573 1881 1598 ut
1903 1578 2004 1599 omnes

1262 1618 1365 1648 novitii
1389 1618 1422 1647 ad
1446 1618 1542 1657 ipsum
1565 1617 1595 1647 in
1618 1617 1680 1647 suis
1703 1617 1914 1648 tentationibus
1936 1627 2005 1648 con-

1263 1667 1386 1696 fidenter
1407 1666 1598 1705 confugiant,
1623 1667 1709 1705 eique
1740 1675 1789 1696 res
1821 1675 1889 1696 suas
1913 1666 2005 1696 libere

1263 1715 1406 1754 aperiant,
1423 1719 1451 1744 et
1467 1714 1502 1744 ab
1518 1724 1552 1744 eo
1566 1715 1797 1745 consolationem
1819 1719 1847 1745 et
1862 1715 2005 1745 auxilium

1264 1764 1293 1793 in
1319 1763 1454 1794 omnibus
1478 1768 1608 1803 sperent.

1304 1821 1345 1842 111.
1369 1812 1401 1842 ln
1424 1812 1509 1842 domo
1533 1811 1715 1852 probationis
1738 1812 1915 1843 monasterio
1937 1822 2005 1843 con-

1266 1861 1376 1899 iuncta,
1400 1861 1446 1891 vel
1468 1861 1498 1891 in
1521 1861 1699 1891 monasterio
1721 1861 1784 1900 ipso
1806 1861 1887 1900 (nam
1910 1861 2006 1892 locum

1266 1910 1446 1940 novitiorum
1462 1914 1627 1949 separatum
1645 1919 1708 1940 esse
1724 1910 1815 1948 magis
1830 1910 2005 1950 expediret),

1266 1959 1453 1990 refectorium
1469 1959 1588 1999 quidem
1605 1959 1643 1989 sit
1661 1968 1827 1997 commune,
1841 1959 1891 1989 sed
1906 1968 2006 1990 mensa

1266 2008 1362 2048 aliqua
1386 2008 1505 2039 novitiis
1534 2008 1702 2046 designetur
1728 2011 1791 2048 post
1820 2017 1921 2038 omnes
1942 2017 2007 2048 pro-

1267 2058 1369 2087 sessos.

1307 2114 1344 2135 iv.
1369 2105 1505 2144 Magister
1530 2105 1708 2135 novitiorum
1735 2105 1865 2145 privatas
1894 2110 2007 2137 tantum

1268 2155 1460 2196 poenitentias
1478 2154 1538 2184 suis
1561 2154 1678 2184 novitiis
1700 2154 1852 2194 imponere
1882 2154 2006 2195 poterit;

1268 2205 1399 2245 publicas
1422 2212 1489 2233 vero
1512 2203 1629 2233 nonnisi
1651 2204 1784 2234 consulto
1806 2203 1921 2234 abbate.

1308 2261 1335 2282 v.
1360 2252 1470 2281 Habeat
1498 2251 1544 2281 bic
1572 2251 1647 2281 idern
1670 2251 1807 2290 magister
1829 2251 2007 2282 novitiorum

1268 2304 1438 2340 potestatem
1462 2300 1637 2330 ordinariam
1654 2310 1668 2329 a
1686 2300 1822 2339 praelatis
1838 2300 2008 2331 absolvendi

1267 2359 1281 2379 a
1299 2348 1416 2378 casibus
1431 2349 1587 2378 reservatis
1604 2348 1728 2379 novitios
1740 2358 1820 2386 suos,
1837 2349 1894 2378 nisi
1909 2348 2008 2379 abbati

1269 2398 1339 2427 haec
1361 2396 1482 2426 facultas
1504 2396 1600 2435 aliqua
1629 2396 1664 2426 de
1694 2398 1783 2426 causa
1804 2397 2008 2436 restringenda

1269 2446 1430 2484 videretur,
1448 2445 1492 2475 vel
1508 2445 1590 2475 alteri
1609 2445 1803 2475 concedenda:
1827 2446 1876 2475 sed
1892 2446 2008 2476 statutis

1268 2494 1338 2524 anni
1362 2493 1554 2533 temporibus,
1579 2493 1680 2524 saltem
1703 2493 1748 2523 bis
1769 2493 1800 2523 in
1822 2503 1910 2533 anno,
1927 2499 2006 2525 extra

526 2551 624 2573 xxviii.
648 2542 795 2572 Novitium
827 2542 909 2572 decet
942 2542 1091 2572 silentium
1126 2546 1224 2573 tenere
1268 2544 1399 2574 ordinem
1419 2543 1613 2573 confessarius
1631 2543 1749 2573 novitiis
1765 2543 1929 2573 offerendus
1952 2548 2006 2574 est.

487 2590 689 2632 praesentibus
711 2590 814 2622 abbate
837 2595 923 2632 atque
952 2591 1108 2632 magistro,
1132 2601 1225 2633 neque

1309 2602 1345 2624 vi.
1370 2592 1540 2632 Magistrum
1567 2591 1744 2624 novitiorum
1775 2596 1922 2624 versatum
1944 2602 2006 2624 esse

1999 211 2053 238 An.
2069 210 2097 239 c.
2117 212 2187 241 17⁴0
2205 233 2206 249 ἶ

2057 1197 2106 1218 Cae.
2122 1196 2147 1218 n.

2047 1223 2077 1254 De
2093 1224 2192 1249 magistro

2010 1253 2144 1272 novitiorum.

2229 1623 2232 1641 i

2229 1646 2232 1656 ι

2228 1662 2232 1690 i

2230 1718 2232 1728 ι
