<?xml version="1.0" encoding="UTF-8"?>
<!DOCTYPE html PUBLIC "-//W3C//DTD XHTML 1.0 Transitional//EN"
    "http://www.w3.org/TR/xhtml1/DTD/xhtml1-transitional.dtd">
<html xmlns="http://www.w3.org/1999/xhtml" xml:lang="en" lang="en">
 <head>
  <title>
</title>
<meta http-equiv="Content-Type" content="text/html;charset=utf-8" />
  <meta name='ocr-system' content='tesseract 3.04.00' />
  <meta name='ocr-capabilities' content='ocr_page ocr_carea ocr_par ocr_line ocrx_word'/>
</head>
<body>
  <div class='ocr_page' id='page_1' title='image "./bullarumdiplomat24cath_0487.png"; bbox 0 0 2232 3178; ppageno 0'>
   <div class='ocr_carea' id='block_1_1' title="bbox 21 211 199 252">
    <p class='ocr_par' dir='ltr' id='par_1_1' title="bbox 21 211 199 252">
     <span class='ocr_line' id='line_1_1' title="bbox 21 211 199 252; baseline -0.028 -7"><span class='ocrx_word' id='word_1_1' title='bbox 21 217 70 252; x_wconf 62' lang='grc' dir='ltr'>μ.</span> <span class='ocrx_word' id='word_1_2' title='bbox 88 211 199 243; x_wconf 61' lang='lat'>&amp;1798</span> 
     </span>
    </p>
   </div>
   <div class='ocr_carea' id='block_1_2' title="bbox 22 1185 197 1239">
    <p class='ocr_par' dir='ltr' id='par_1_2' title="bbox 22 1185 197 1239">
     <span class='ocr_line' id='line_1_2' title="bbox 53 1185 197 1206; baseline -0.014 0"><span class='ocrx_word' id='word_1_3' title='bbox 53 1185 82 1206; x_wconf 81' lang='lat' dir='ltr'>De</span> <span class='ocrx_word' id='word_1_4' title='bbox 103 1185 197 1206; x_wconf 43' lang='lat' dir='ltr'>commi?-</span> 
     </span>
     <span class='ocr_line' id='line_1_3' title="bbox 22 1213 188 1239; baseline 0 -6"><span class='ocrx_word' id='word_1_5' title='bbox 22 1213 74 1233; x_wconf 73' lang='lat' dir='ltr'>nario</span> <span class='ocrx_word' id='word_1_6' title='bbox 89 1213 188 1239; x_wconf 70' lang='lat' dir='ltr'>generati.</span> 
     </span>
    </p>
   </div>
   <div class='ocr_carea' id='block_1_3' title="bbox 837 210 1127 237">
    <p class='ocr_par' dir='ltr' id='par_1_3' title="bbox 837 210 1127 237">
     <span class='ocr_line' id='line_1_4' title="bbox 837 210 1127 237; baseline -0.003 0"><span class='ocrx_word' id='word_1_7' title='bbox 837 210 979 237; x_wconf 81' lang='lat' dir='ltr'>CLEMENS</span> <span class='ocrx_word' id='word_1_8' title='bbox 1008 211 1054 236; x_wconf 84' lang='lat' dir='ltr'>XII</span> <span class='ocrx_word' id='word_1_9' title='bbox 1078 213 1127 237; x_wconf 81' lang='lat' dir='ltr'>PP.</span> 
     </span>
    </p>
   </div>
   <div class='ocr_carea' id='block_1_4' title="bbox 204 261 949 2558">
    <p class='ocr_par' dir='ltr' id='par_1_4' title="bbox 204 261 949 1134">
     <span class='ocr_line' id='line_1_5' title="bbox 208 261 943 301; baseline -0.003 -8"><span class='ocrx_word' id='word_1_10' title='bbox 208 270 277 293; x_wconf 87' lang='lat' dir='ltr'>nare</span> <span class='ocrx_word' id='word_1_11' title='bbox 300 261 474 301; x_wconf 77' lang='lat' dir='ltr'>praesidem,</span> <span class='ocrx_word' id='word_1_12' title='bbox 504 262 546 291; x_wconf 90' lang='lat' dir='ltr'>illi</span> <span class='ocrx_word' id='word_1_13' title='bbox 569 261 731 300; x_wconf 86' lang='lat' dir='ltr'>delegando</span> <span class='ocrx_word' id='word_1_14' title='bbox 756 270 823 291; x_wconf 90' lang='lat' dir='ltr'>suas</span> <span class='ocrx_word' id='word_1_15' title='bbox 853 262 943 299; x_wconf 85' lang='lat' dir='ltr'>vices,</span> 
     </span>
     <span class='ocr_line' id='line_1_6' title="bbox 208 310 947 351; baseline -0.003 -10"><span class='ocrx_word' id='word_1_16' title='bbox 208 311 321 351; x_wconf 91' lang='lat' dir='ltr'>quoties</span> <span class='ocrx_word' id='word_1_17' title='bbox 345 311 407 350; x_wconf 89' lang='lat' dir='ltr'>ipse</span> <span class='ocrx_word' id='word_1_18' title='bbox 430 311 536 340; x_wconf 86' lang='lat' dir='ltr'>exierit</span> <span class='ocrx_word' id='word_1_19' title='bbox 558 320 573 340; x_wconf 92' lang='lat' dir='ltr'>a</span> <span class='ocrx_word' id='word_1_20' title='bbox 595 312 649 340; x_wconf 72' lang='lat' dir='ltr'>sua</span> <span class='ocrx_word' id='word_1_21' title='bbox 671 310 792 348; x_wconf 72' lang='lat' dir='ltr'>familia,</span> <span class='ocrx_word' id='word_1_22' title='bbox 811 314 838 340; x_wconf 89' lang='lat' dir='ltr'>et</span> <span class='ocrx_word' id='word_1_23' title='bbox 860 311 947 340; x_wconf 89' lang='lat' dir='ltr'>etiam</span> 
     </span>
     <span class='ocr_line' id='line_1_7' title="bbox 210 359 949 390; baseline -0.003 0"><span class='ocrx_word' id='word_1_24' title='bbox 210 360 376 390; x_wconf 80' lang='lat' dir='ltr'><strong>facultatem</strong></span> <span class='ocrx_word' id='word_1_25' title='bbox 407 359 567 389; x_wconf 77' lang='lat' dir='ltr'>concedere</span> <span class='ocrx_word' id='word_1_26' title='bbox 600 359 882 389; x_wconf 82' lang='lat' dir='ltr'>vice-commissario</span> <span class='ocrx_word' id='word_1_27' title='bbox 909 359 949 388; x_wconf 88' lang='lat' dir='ltr'>al-</span> 
     </span>
     <span class='ocr_line' id='line_1_8' title="bbox 209 408 947 448; baseline -0.001 -10"><span class='ocrx_word' id='word_1_28' title='bbox 209 409 299 439; x_wconf 86' lang='lat' dir='ltr'>terius</span> <span class='ocrx_word' id='word_1_29' title='bbox 322 408 469 447; x_wconf 85' lang='lat' dir='ltr'>familiae,</span> <span class='ocrx_word' id='word_1_30' title='bbox 495 418 581 448; x_wconf 88' lang='lat' dir='ltr'>quem</span> <span class='ocrx_word' id='word_1_31' title='bbox 611 409 733 447; x_wconf 86' lang='lat' dir='ltr'>elegerit</span> <span class='ocrx_word' id='word_1_32' title='bbox 765 408 794 438; x_wconf 92' lang='lat' dir='ltr'>in</span> <span class='ocrx_word' id='word_1_33' title='bbox 818 408 947 447; x_wconf 85' lang='lat' dir='ltr'>superio-</span> 
     </span>
     <span class='ocr_line' id='line_1_9' title="bbox 208 456 949 496; baseline -0.003 -9"><span class='ocrx_word' id='word_1_34' title='bbox 208 467 268 487; x_wconf 92' lang='lat' dir='ltr'>rem</span> <span class='ocrx_word' id='word_1_35' title='bbox 291 458 365 493; x_wconf 83' lang='lat' dir='ltr'>eius,</span> <span class='ocrx_word' id='word_1_36' title='bbox 383 461 414 486; x_wconf 91' lang='lat' dir='ltr'>ut</span> <span class='ocrx_word' id='word_1_37' title='bbox 437 457 602 496; x_wconf 80' lang='lat' dir='ltr'>praesidem</span> <span class='ocrx_word' id='word_1_38' title='bbox 619 457 751 495; x_wconf 85' lang='lat' dir='ltr'>designet</span> <span class='ocrx_word' id='word_1_39' title='bbox 768 466 818 496; x_wconf 87' lang='lat' dir='ltr'>pro</span> <span class='ocrx_word' id='word_1_40' title='bbox 836 456 949 486; x_wconf 56' lang='lat' dir='ltr'>familia</span> 
     </span>
     <span class='ocr_line' id='line_1_10' title="bbox 206 506 947 545; baseline -0.001 -9"><span class='ocrx_word' id='word_1_41' title='bbox 206 506 236 536; x_wconf 91' lang='lat' dir='ltr'>in</span> <span class='ocrx_word' id='word_1_42' title='bbox 259 515 328 535; x_wconf 84' lang='lat' dir='ltr'>casu</span> <span class='ocrx_word' id='word_1_43' title='bbox 351 506 380 535; x_wconf 90' lang='lat' dir='ltr'>in</span> <span class='ocrx_word' id='word_1_44' title='bbox 404 516 461 545; x_wconf 91' lang='lat' dir='ltr'>quo</span> <span class='ocrx_word' id='word_1_45' title='bbox 484 506 548 545; x_wconf 81' lang='lat' dir='ltr'>ipse</span> <span class='ocrx_word' id='word_1_46' title='bbox 571 506 605 536; x_wconf 89' lang='lat' dir='ltr'>ad</span> <span class='ocrx_word' id='word_1_47' title='bbox 629 506 789 545; x_wconf 87' lang='lat' dir='ltr'>capitulum</span> <span class='ocrx_word' id='word_1_48' title='bbox 812 506 947 543; x_wconf 76' lang='lat' dir='ltr'>generale</span> 
     </span>
     <span class='ocr_line' id='line_1_11' title="bbox 207 555 948 594; baseline -0.003 -9"><span class='ocrx_word' id='word_1_49' title='bbox 207 555 252 585; x_wconf 87' lang='lat' dir='ltr'>vel</span> <span class='ocrx_word' id='word_1_50' title='bbox 281 555 315 585; x_wconf 87' lang='lat' dir='ltr'>ad</span> <span class='ocrx_word' id='word_1_51' title='bbox 337 555 416 585; x_wconf 91' lang='lat' dir='ltr'>aliud</span> <span class='ocrx_word' id='word_1_52' title='bbox 449 559 649 594; x_wconf 89' lang='lat' dir='ltr'>opportunum</span> <span class='ocrx_word' id='word_1_53' title='bbox 682 555 835 593; x_wconf 83' lang='lat' dir='ltr'>negocium</span> <span class='ocrx_word' id='word_1_54' title='bbox 865 559 948 584; x_wconf 82' lang='lat' dir='ltr'>exeat</span> 
     </span>
     <span class='ocr_line' id='line_1_12' title="bbox 206 603 947 642; baseline -0.003 -8"><span class='ocrx_word' id='word_1_55' title='bbox 206 603 241 633; x_wconf 89' lang='lat' dir='ltr'>ab</span> <span class='ocrx_word' id='word_1_56' title='bbox 263 605 307 634; x_wconf 79' lang='lat' dir='ltr'>ea.</span> <span class='ocrx_word' id='word_1_57' title='bbox 325 604 365 634; x_wconf 82' lang='lat' dir='ltr'>Ac</span> <span class='ocrx_word' id='word_1_58' title='bbox 389 604 505 634; x_wconf 87' lang='lat' dir='ltr'>demum</span> <span class='ocrx_word' id='word_1_59' title='bbox 531 604 565 633; x_wconf 85' lang='lat' dir='ltr'>ad</span> <span class='ocrx_word' id='word_1_60' title='bbox 589 613 654 633; x_wconf 92' lang='lat' dir='ltr'>eum</span> <span class='ocrx_word' id='word_1_61' title='bbox 678 603 828 642; x_wconf 78' lang='lat' dir='ltr'>pertinent</span> <span class='ocrx_word' id='word_1_62' title='bbox 851 603 947 632; x_wconf 85' lang='lat' dir='ltr'>omnia</span> 
     </span>
     <span class='ocr_line' id='line_1_13' title="bbox 209 652 948 692; baseline -0.003 -10"><span class='ocrx_word' id='word_1_63' title='bbox 209 662 284 692; x_wconf 88' lang='lat' dir='ltr'>quae</span> <span class='ocrx_word' id='word_1_64' title='bbox 310 657 429 682; x_wconf 89' lang='lat' dir='ltr'>nostrae</span> <span class='ocrx_word' id='word_1_65' title='bbox 452 653 676 682; x_wconf 66' lang='lat' dir='ltr'>constitutiones</span> <span class='ocrx_word' id='word_1_66' title='bbox 705 652 838 681; x_wconf 86' lang='lat' dir='ltr'>ministro</span> <span class='ocrx_word' id='word_1_67' title='bbox 861 661 948 689; x_wconf 86' lang='lat' dir='ltr'>gene-</span> 
     </span>
     <span class='ocr_line' id='line_1_14' title="bbox 209 700 944 739; baseline -0.003 -8"><span class='ocrx_word' id='word_1_68' title='bbox 209 701 263 731; x_wconf 90' lang='lat' dir='ltr'>rali</span> <span class='ocrx_word' id='word_1_69' title='bbox 285 701 460 739; x_wconf 87' lang='lat' dir='ltr'>concedunt,</span> <span class='ocrx_word' id='word_1_70' title='bbox 478 705 506 731; x_wconf 87' lang='lat' dir='ltr'>et</span> <span class='ocrx_word' id='word_1_71' title='bbox 527 710 614 730; x_wconf 89' lang='lat' dir='ltr'>curae</span> <span class='ocrx_word' id='word_1_72' title='bbox 638 700 730 739; x_wconf 90' lang='lat' dir='ltr'>ipsius</span> <span class='ocrx_word' id='word_1_73' title='bbox 749 700 944 730; x_wconf 87' lang='lat' dir='ltr'>committunt.</span> 
     </span>
     <span class='ocr_line' id='line_1_15' title="bbox 206 749 947 790; baseline -0.004 -9"><span class='ocrx_word' id='word_1_74' title='bbox 206 750 317 781; x_wconf 88' lang='lat' dir='ltr'>Poterit</span> <span class='ocrx_word' id='word_1_75' title='bbox 334 760 449 790; x_wconf 88' lang='lat' dir='ltr'>quoque</span> <span class='ocrx_word' id='word_1_76' title='bbox 472 749 625 788; x_wconf 84' lang='lat' dir='ltr'>designare</span> <span class='ocrx_word' id='word_1_77' title='bbox 648 749 828 779; x_wconf 81' lang='lat' dir='ltr'>visitatorem</span> <span class='ocrx_word' id='word_1_78' title='bbox 852 749 947 779; x_wconf 90' lang='lat' dir='ltr'>cuius-</span> 
     </span>
     <span class='ocr_line' id='line_1_16' title="bbox 207 799 947 839; baseline -0.004 -9"><span class='ocrx_word' id='word_1_79' title='bbox 207 809 333 839; x_wconf 87' lang='lat' dir='ltr'>cumque</span> <span class='ocrx_word' id='word_1_80' title='bbox 356 799 537 839; x_wconf 88' lang='lat' dir='ltr'>provinciae,</span> <span class='ocrx_word' id='word_1_81' title='bbox 555 804 582 829; x_wconf 91' lang='lat' dir='ltr'>et</span> <span class='ocrx_word' id='word_1_82' title='bbox 606 799 695 829; x_wconf 91' lang='lat' dir='ltr'>totius</span> <span class='ocrx_word' id='word_1_83' title='bbox 718 799 841 828; x_wconf 90' lang='lat' dir='ltr'>alterius</span> <span class='ocrx_word' id='word_1_84' title='bbox 864 799 947 828; x_wconf 88' lang='lat' dir='ltr'>fami-</span> 
     </span>
     <span class='ocr_line' id='line_1_17' title="bbox 205 848 946 888; baseline -0.003 -9"><span class='ocrx_word' id='word_1_85' title='bbox 205 849 272 888; x_wconf 92' lang='lat' dir='ltr'>liae,</span> <span class='ocrx_word' id='word_1_86' title='bbox 295 850 345 879; x_wconf 86' lang='lat' dir='ltr'>sed</span> <span class='ocrx_word' id='word_1_87' title='bbox 368 850 460 878; x_wconf 85' lang='lat' dir='ltr'>filium</span> <span class='ocrx_word' id='word_1_88' title='bbox 484 857 600 888; x_wconf 82' lang='lat' dir='ltr'>semper</span> <span class='ocrx_word' id='word_1_89' title='bbox 633 849 761 878; x_wconf 85' lang='lat' dir='ltr'>familiae</span> <span class='ocrx_word' id='word_1_90' title='bbox 793 848 828 878; x_wconf 88' lang='lat' dir='ltr'>ad</span> <span class='ocrx_word' id='word_1_91' title='bbox 863 848 946 877; x_wconf 89' lang='lat' dir='ltr'>sami-</span> 
     </span>
     <span class='ocr_line' id='line_1_18' title="bbox 206 897 944 938; baseline -0.001 -10"><span class='ocrx_word' id='word_1_92' title='bbox 206 899 287 937; x_wconf 88' lang='lat' dir='ltr'>liam,</span> <span class='ocrx_word' id='word_1_93' title='bbox 309 899 478 938; x_wconf 85' lang='lat' dir='ltr'>provinciae</span> <span class='ocrx_word' id='word_1_94' title='bbox 496 898 531 928; x_wconf 88' lang='lat' dir='ltr'>ad</span> <span class='ocrx_word' id='word_1_95' title='bbox 551 898 733 938; x_wconf 80' lang='lat' dir='ltr'>provinciam</span> <span class='ocrx_word' id='word_1_96' title='bbox 758 897 944 935; x_wconf 78' lang='lat' dir='ltr'>visitandam,</span> 
     </span>
     <span class='ocr_line' id='line_1_19' title="bbox 204 946 943 978; baseline -0.003 -1"><span class='ocrx_word' id='word_1_97' title='bbox 204 947 261 978; x_wconf 89' lang='lat' dir='ltr'>nisi</span> <span class='ocrx_word' id='word_1_98' title='bbox 290 947 430 977; x_wconf 78' lang='lat' dir='ltr'>&#39;omnibus</span> <span class='ocrx_word' id='word_1_99' title='bbox 462 946 714 977; x_wconf 79' lang='lat' dir='ltr'>consentientibus</span> <span class='ocrx_word' id='word_1_100' title='bbox 746 946 943 976; x_wconf 80' lang='lat' dir='ltr'>definitoriuni</span> 
     </span>
     <span class='ocr_line' id='line_1_20' title="bbox 204 995 944 1035; baseline -0.003 -9"><span class='ocrx_word' id='word_1_101' title='bbox 204 997 341 1035; x_wconf 86' lang='lat' dir='ltr'>generale</span> <span class='ocrx_word' id='word_1_102' title='bbox 363 996 491 1026; x_wconf 89' lang='lat' dir='ltr'>familiae</span> <span class='ocrx_word' id='word_1_103' title='bbox 513 996 604 1025; x_wconf 87' lang='lat' dir='ltr'>alium</span> <span class='ocrx_word' id='word_1_104' title='bbox 633 996 730 1033; x_wconf 83' lang='lat' dir='ltr'>exigat</span> <span class='ocrx_word' id='word_1_105' title='bbox 763 995 944 1025; x_wconf 77' lang='lat' dir='ltr'>visitatorem</span> 
     </span>
     <span class='ocr_line' id='line_1_21' title="bbox 205 1044 945 1084; baseline -0.003 -8"><span class='ocrx_word' id='word_1_106' title='bbox 205 1050 290 1076; x_wconf 82' lang='lat' dir='ltr'>extra</span> <span class='ocrx_word' id='word_1_107' title='bbox 313 1045 465 1083; x_wconf 86' lang='lat' dir='ltr'>familiam,</span> <span class='ocrx_word' id='word_1_108' title='bbox 483 1045 528 1074; x_wconf 92' lang='lat' dir='ltr'>vel</span> <span class='ocrx_word' id='word_1_109' title='bbox 544 1045 743 1075; x_wconf 87' lang='lat' dir='ltr'>definitorium</span> <span class='ocrx_word' id='word_1_110' title='bbox 767 1044 945 1084; x_wconf 82' lang='lat' dir='ltr'>provinciale</span> 
     </span>
     <span class='ocr_line' id='line_1_22' title="bbox 207 1095 611 1134; baseline -0.005 -9"><span class='ocrx_word' id='word_1_111' title='bbox 207 1100 289 1126; x_wconf 82' lang='lat' dir='ltr'>extra</span> <span class='ocrx_word' id='word_1_112' title='bbox 313 1095 494 1134; x_wconf 88' lang='lat' dir='ltr'>provinciam</span> <span class='ocrx_word' id='word_1_113' title='bbox 518 1104 611 1124; x_wconf 87' lang='lat' dir='ltr'>suam.</span> 
     </span>
    </p>

    <p class='ocr_par' dir='ltr' id='par_1_5' title="bbox 205 1143 946 1811">
     <span class='ocr_line' id='line_1_23' title="bbox 245 1143 945 1182; baseline -0.003 -8"><span class='ocrx_word' id='word_1_114' title='bbox 245 1154 264 1174; x_wconf 92' lang='lat'>1.</span> <span class='ocrx_word' id='word_1_115' title='bbox 285 1144 508 1175; x_wconf 85' lang='lat' dir='ltr'>Commissarius</span> <span class='ocrx_word' id='word_1_116' title='bbox 531 1143 679 1182; x_wconf 86' lang='lat' dir='ltr'>generalis</span> <span class='ocrx_word' id='word_1_117' title='bbox 702 1144 873 1182; x_wconf 85' lang='lat' dir='ltr'>(tamquam</span> <span class='ocrx_word' id='word_1_118' title='bbox 897 1153 945 1173; x_wconf 87' lang='lat' dir='ltr'>su-</span> 
     </span>
     <span class='ocr_line' id='line_1_24' title="bbox 207 1192 945 1234; baseline -0.001 -11"><span class='ocrx_word' id='word_1_119' title='bbox 207 1194 303 1234; x_wconf 87' lang='lat' dir='ltr'>perior</span> <span class='ocrx_word' id='word_1_120' title='bbox 336 1193 458 1224; x_wconf 86' lang='lat' dir='ltr'>alterius</span> <span class='ocrx_word' id='word_1_121' title='bbox 491 1193 631 1230; x_wconf 83' lang='lat' dir='ltr'>familiae,</span> <span class='ocrx_word' id='word_1_122' title='bbox 661 1193 711 1232; x_wconf 87' lang='lat' dir='ltr'>qui</span> <span class='ocrx_word' id='word_1_123' title='bbox 744 1192 945 1222; x_wconf 87' lang='lat' dir='ltr'>iurisdictione</span> 
     </span>
     <span class='ocr_line' id='line_1_25' title="bbox 206 1239 946 1279; baseline -0.004 -8"><span class='ocrx_word' id='word_1_124' title='bbox 206 1241 356 1272; x_wconf 69' lang='lat' dir='ltr'>ordinaria</span> <span class='ocrx_word' id='word_1_125' title='bbox 388 1250 451 1270; x_wconf 89' lang='lat' dir='ltr'>eam</span> <span class='ocrx_word' id='word_1_126' title='bbox 484 1250 585 1279; x_wconf 86' lang='lat' dir='ltr'>regere</span> <span class='ocrx_word' id='word_1_127' title='bbox 615 1244 643 1270; x_wconf 86' lang='lat' dir='ltr'>et</span> <span class='ocrx_word' id='word_1_128' title='bbox 675 1239 838 1278; x_wconf 87' lang='lat' dir='ltr'>gubernare</span> <span class='ocrx_word' id='word_1_129' title='bbox 860 1239 946 1269; x_wconf 89' lang='lat' dir='ltr'>debet</span> 
     </span>
     <span class='ocr_line' id='line_1_26' title="bbox 205 1288 946 1329; baseline -0.003 -9"><span class='ocrx_word' id='word_1_130' title='bbox 205 1290 236 1320; x_wconf 93' lang='lat' dir='ltr'>in</span> <span class='ocrx_word' id='word_1_131' title='bbox 259 1290 415 1328; x_wconf 85' lang='lat' dir='ltr'>omnibus,</span> <span class='ocrx_word' id='word_1_132' title='bbox 439 1299 512 1329; x_wconf 88' lang='lat' dir='ltr'>quae</span> <span class='ocrx_word' id='word_1_133' title='bbox 532 1290 585 1319; x_wconf 92' lang='lat' dir='ltr'>in¹</span> <span class='ocrx_word' id='word_1_134' title='bbox 609 1289 655 1318; x_wconf 85' lang='lat' dir='ltr'>his</span> <span class='ocrx_word' id='word_1_135' title='bbox 688 1288 946 1319; x_wconf 83' lang='lat' dir='ltr'>constitutionibus</span> 
     </span>
     <span class='ocr_line' id='line_1_27' title="bbox 205 1337 944 1377; baseline -0.003 -8"><span class='ocrx_word' id='word_1_136' title='bbox 205 1339 251 1369; x_wconf 90' lang='lat' dir='ltr'>vel</span> <span class='ocrx_word' id='word_1_137' title='bbox 273 1339 439 1369; x_wconf 80' lang='lat' dir='ltr'>definitorio</span> <span class='ocrx_word' id='word_1_138' title='bbox 458 1338 589 1377; x_wconf 89' lang='lat' dir='ltr'>generali</span> <span class='ocrx_word' id='word_1_139' title='bbox 604 1338 721 1368; x_wconf 90' lang='lat' dir='ltr'>Ordinis</span> <span class='ocrx_word' id='word_1_140' title='bbox 743 1342 793 1367; x_wconf 89' lang='lat' dir='ltr'>aut</span> <span class='ocrx_word' id='word_1_141' title='bbox 816 1337 944 1367; x_wconf 87' lang='lat' dir='ltr'>ministri</span> 
     </span>
     <span class='ocr_line' id='line_1_28' title="bbox 205 1386 943 1427; baseline -0.004 -9"><span class='ocrx_word' id='word_1_142' title='bbox 205 1388 349 1427; x_wconf 85' lang='lat' dir='ltr'>generalis</span> <span class='ocrx_word' id='word_1_143' title='bbox 382 1387 565 1418; x_wconf 83' lang='lat' dir='ltr'>obedientiae</span> <span class='ocrx_word' id='word_1_144' title='bbox 599 1397 657 1417; x_wconf 90' lang='lat' dir='ltr'>non</span> <span class='ocrx_word' id='word_1_145' title='bbox 691 1387 750 1416; x_wconf 87' lang='lat' dir='ltr'>sint</span> <span class='ocrx_word' id='word_1_146' title='bbox 782 1386 943 1426; x_wconf 87' lang='lat' dir='ltr'>opposita)</span> 
     </span>
     <span class='ocr_line' id='line_1_29' title="bbox 205 1435 944 1476; baseline -0.004 -9"><span class='ocrx_word' id='word_1_147' title='bbox 205 1441 319 1476; x_wconf 85' lang='lat' dir='ltr'>oportet</span> <span class='ocrx_word' id='word_1_148' title='bbox 350 1441 381 1467; x_wconf 90' lang='lat' dir='ltr'>ut</span> <span class='ocrx_word' id='word_1_149' title='bbox 412 1437 450 1466; x_wconf 89' lang='lat' dir='ltr'>sit</span> <span class='ocrx_word' id='word_1_150' title='bbox 480 1436 526 1466; x_wconf 90' lang='lat' dir='ltr'>vir</span> <span class='ocrx_word' id='word_1_151' title='bbox 557 1436 650 1466; x_wconf 84' lang='lat' dir='ltr'>nihilo</span> <span class='ocrx_word' id='word_1_152' title='bbox 682 1435 826 1466; x_wconf 90' lang='lat' dir='ltr'>absimilis</span> <span class='ocrx_word' id='word_1_153' title='bbox 855 1445 870 1464; x_wconf 86' lang='lat' dir='ltr'>a</span> <span class='ocrx_word' id='word_1_154' title='bbox 899 1444 944 1464; x_wconf 91' lang='lat' dir='ltr'>su-</span> 
     </span>
     <span class='ocr_line' id='line_1_30' title="bbox 207 1484 946 1526; baseline -0.004 -10"><span class='ocrx_word' id='word_1_155' title='bbox 207 1486 322 1526; x_wconf 86' lang='lat' dir='ltr'>periore</span> <span class='ocrx_word' id='word_1_156' title='bbox 350 1486 480 1525; x_wconf 87' lang='lat' dir='ltr'>generali</span> <span class='ocrx_word' id='word_1_157' title='bbox 512 1485 685 1524; x_wconf 82' lang='lat' dir='ltr'>religionis,</span> <span class='ocrx_word' id='word_1_158' title='bbox 712 1484 805 1525; x_wconf 88' lang='lat' dir='ltr'>quoad</span> <span class='ocrx_word' id='word_1_159' title='bbox 837 1484 946 1514; x_wconf 89' lang='lat' dir='ltr'>doctri-</span> 
     </span>
     <span class='ocr_line' id='line_1_31' title="bbox 207 1533 945 1575; baseline -0.003 -10"><span class='ocrx_word' id='word_1_160' title='bbox 207 1544 298 1574; x_wconf 85' lang='lat' dir='ltr'>nam,</span> <span class='ocrx_word' id='word_1_161' title='bbox 323 1535 507 1575; x_wconf 86' lang='lat' dir='ltr'>prudentiam</span> <span class='ocrx_word' id='word_1_162' title='bbox 530 1539 557 1564; x_wconf 91' lang='lat' dir='ltr'>et</span> <span class='ocrx_word' id='word_1_163' title='bbox 579 1539 691 1565; x_wconf 89' lang='lat' dir='ltr'>ceteras</span> <span class='ocrx_word' id='word_1_164' title='bbox 714 1534 815 1572; x_wconf 85' lang='lat' dir='ltr'>dotes;</span> <span class='ocrx_word' id='word_1_165' title='bbox 849 1533 945 1573; x_wconf 82' lang='lat' dir='ltr'>quoad</span> 
     </span>
     <span class='ocr_line' id='line_1_32' title="bbox 206 1582 946 1623; baseline -0.003 -9"><span class='ocrx_word' id='word_1_166' title='bbox 206 1584 429 1623; x_wconf 86' lang='lat' dir='ltr'>graduationem</span> <span class='ocrx_word' id='word_1_167' title='bbox 453 1593 520 1613; x_wconf 88' lang='lat' dir='ltr'>vero</span> <span class='ocrx_word' id='word_1_168' title='bbox 543 1587 572 1613; x_wconf 89' lang='lat' dir='ltr'>et</span> <span class='ocrx_word' id='word_1_169' title='bbox 594 1587 730 1619; x_wconf 86' lang='lat' dir='ltr'>aetatem,</span> <span class='ocrx_word' id='word_1_170' title='bbox 755 1587 787 1612; x_wconf 90' lang='lat' dir='ltr'>ut</span> <span class='ocrx_word' id='word_1_171' title='bbox 808 1583 837 1612; x_wconf 89' lang='lat' dir='ltr'>in</span> <span class='ocrx_word' id='word_1_172' title='bbox 867 1582 946 1621; x_wconf 85' lang='lat' dir='ltr'>capi-</span> 
     </span>
     <span class='ocr_line' id='line_1_33' title="bbox 206 1631 945 1672; baseline -0.003 -9"><span class='ocrx_word' id='word_1_173' title='bbox 206 1633 267 1663; x_wconf 90' lang='lat' dir='ltr'>tulo</span> <span class='ocrx_word' id='word_1_174' title='bbox 289 1633 419 1672; x_wconf 86' lang='lat' dir='ltr'>generali</span> <span class='ocrx_word' id='word_1_175' title='bbox 441 1632 581 1671; x_wconf 86' lang='lat' dir='ltr'>eligibilis</span> <span class='ocrx_word' id='word_1_176' title='bbox 603 1632 661 1669; x_wconf 90' lang='lat' dir='ltr'>sit,</span> <span class='ocrx_word' id='word_1_177' title='bbox 686 1631 771 1661; x_wconf 90' lang='lat' dir='ltr'>debet</span> <span class='ocrx_word' id='word_1_178' title='bbox 793 1640 856 1661; x_wconf 90' lang='lat' dir='ltr'>esse</span> <span class='ocrx_word' id='word_1_179' title='bbox 879 1631 945 1661; x_wconf 88' lang='lat' dir='ltr'>talis</span> 
     </span>
     <span class='ocr_line' id='line_1_34' title="bbox 206 1680 944 1721; baseline -0.003 -9"><span class='ocrx_word' id='word_1_180' title='bbox 206 1686 238 1712; x_wconf 89' lang='lat' dir='ltr'>ut</span> <span class='ocrx_word' id='word_1_181' title='bbox 260 1682 369 1712; x_wconf 85' lang='lat' dir='ltr'>assumi</span> <span class='ocrx_word' id='word_1_182' title='bbox 403 1681 494 1721; x_wconf 84' lang='lat' dir='ltr'>possit</span> <span class='ocrx_word' id='word_1_183' title='bbox 527 1681 557 1711; x_wconf 90' lang='lat' dir='ltr'>in</span> <span class='ocrx_word' id='word_1_184' title='bbox 588 1681 755 1711; x_wconf 89' lang='lat' dir='ltr'>ministrum</span> <span class='ocrx_word' id='word_1_185' title='bbox 779 1680 944 1719; x_wconf 85' lang='lat' dir='ltr'>generalem</span> 
     </span>
     <span class='ocr_line' id='line_1_35' title="bbox 206 1729 945 1770; baseline -0.003 -9"><span class='ocrx_word' id='word_1_186' title='bbox 206 1729 336 1770; x_wconf 83' lang='lat' dir='ltr'>Ordinis,</span> <span class='ocrx_word' id='word_1_187' title='bbox 356 1731 380 1761; x_wconf 86' lang='lat' dir='ltr'>si</span> <span class='ocrx_word' id='word_1_188' title='bbox 402 1731 432 1761; x_wconf 86' lang='lat' dir='ltr'>in</span> <span class='ocrx_word' id='word_1_189' title='bbox 455 1740 489 1761; x_wconf 88' lang='lat' dir='ltr'>eo</span> <span class='ocrx_word' id='word_1_190' title='bbox 512 1730 640 1770; x_wconf 88' lang='lat' dir='ltr'>capitulo</span> <span class='ocrx_word' id='word_1_191' title='bbox 657 1729 852 1760; x_wconf 86' lang='lat' dir='ltr'>assumendus</span> <span class='ocrx_word' id='word_1_192' title='bbox 868 1733 945 1759; x_wconf 88' lang='lat' dir='ltr'>esset</span> 
     </span>
     <span class='ocr_line' id='line_1_36' title="bbox 206 1780 460 1811; baseline -0.004 -1"><span class='ocrx_word' id='word_1_193' title='bbox 206 1789 241 1810; x_wconf 86' lang='lat' dir='ltr'>ex</span> <span class='ocrx_word' id='word_1_194' title='bbox 263 1781 318 1811; x_wconf 68' lang='lat' dir='ltr'>sua</span> <span class='ocrx_word' id='word_1_195' title='bbox 340 1780 460 1810; x_wconf 81' lang='lat' dir='ltr'>familia.</span> 
     </span>
    </p>

    <p class='ocr_par' dir='ltr' id='par_1_6' title="bbox 206 1824 947 2360">
     <span class='ocr_line' id='line_1_37' title="bbox 245 1824 946 1871; baseline 0 -11"><span class='ocrx_word' id='word_1_196' title='bbox 245 1824 282 1860; x_wconf 39' lang='lat'>11,</span> <span class='ocrx_word' id='word_1_197' title='bbox 300 1830 344 1860; x_wconf 83' lang='lat' dir='ltr'>Ad</span> <span class='ocrx_word' id='word_1_198' title='bbox 361 1829 596 1860; x_wconf 87' lang='lat' dir='ltr'>commissarium</span> <span class='ocrx_word' id='word_1_199' title='bbox 612 1830 778 1869; x_wconf 85' lang='lat' dir='ltr'>generalem</span> <span class='ocrx_word' id='word_1_200' title='bbox 796 1830 946 1871; x_wconf 82' lang='lat' dir='ltr'>pertinent</span> 
     </span>
     <span class='ocr_line' id='line_1_38' title="bbox 206 1879 945 1919; baseline 0 -10"><span class='ocrx_word' id='word_1_201' title='bbox 206 1879 325 1916; x_wconf 86' lang='lat' dir='ltr'>omnia,</span> <span class='ocrx_word' id='word_1_202' title='bbox 355 1879 405 1909; x_wconf 88' lang='lat' dir='ltr'>sed</span> <span class='ocrx_word' id='word_1_203' title='bbox 428 1883 540 1909; x_wconf 85' lang='lat' dir='ltr'>tantum</span> <span class='ocrx_word' id='word_1_204' title='bbox 573 1880 603 1910; x_wconf 87' lang='lat' dir='ltr'>in</span> <span class='ocrx_word' id='word_1_205' title='bbox 636 1881 690 1911; x_wconf 65' lang='lat' dir='ltr'>sua</span> <span class='ocrx_word' id='word_1_206' title='bbox 722 1880 848 1917; x_wconf 78' lang='lat' dir='ltr'>familia,</span> <span class='ocrx_word' id='word_1_207' title='bbox 872 1889 945 1919; x_wconf 88' lang='lat' dir='ltr'>quae</span> 
     </span>
     <span class='ocr_line' id='line_1_39' title="bbox 207 1929 945 1967; baseline -0.001 -8"><span class='ocrx_word' id='word_1_208' title='bbox 207 1929 341 1959; x_wconf 90' lang='lat' dir='ltr'>ministro</span> <span class='ocrx_word' id='word_1_209' title='bbox 373 1929 502 1967; x_wconf 85' lang='lat' dir='ltr'>generali</span> <span class='ocrx_word' id='word_1_210' title='bbox 534 1939 591 1959; x_wconf 91' lang='lat' dir='ltr'>non</span> <span class='ocrx_word' id='word_1_211' title='bbox 625 1934 815 1960; x_wconf 87' lang='lat' dir='ltr'>reservantur</span> <span class='ocrx_word' id='word_1_212' title='bbox 849 1929 878 1959; x_wconf 88' lang='lat' dir='ltr'>in</span> <span class='ocrx_word' id='word_1_213' title='bbox 901 1929 945 1958; x_wconf 88' lang='lat' dir='ltr'>his</span> 
     </span>
     <span class='ocr_line' id='line_1_40' title="bbox 207 1977 945 2017; baseline -0.001 -9"><span class='ocrx_word' id='word_1_214' title='bbox 207 1977 486 2013; x_wconf 80' lang='lat' dir='ltr'>constitutionibus,</span> <span class='ocrx_word' id='word_1_215' title='bbox 521 1978 582 2008; x_wconf 88' lang='lat' dir='ltr'>sive</span> <span class='ocrx_word' id='word_1_216' title='bbox 615 1978 784 2008; x_wconf 85' lang='lat' dir='ltr'>definitorio</span> <span class='ocrx_word' id='word_1_217' title='bbox 816 1978 945 2017; x_wconf 85' lang='lat' dir='ltr'>generali</span> 
     </span>
     <span class='ocr_line' id='line_1_41' title="bbox 207 2026 947 2066; baseline 0 -9"><span class='ocrx_word' id='word_1_218' title='bbox 207 2026 324 2058; x_wconf 88' lang='lat' dir='ltr'>Ordinis</span> <span class='ocrx_word' id='word_1_219' title='bbox 354 2027 415 2057; x_wconf 89' lang='lat' dir='ltr'>sive</span> <span class='ocrx_word' id='word_1_220' title='bbox 444 2037 496 2058; x_wconf 88' lang='lat' dir='ltr'>suo</span> <span class='ocrx_word' id='word_1_221' title='bbox 519 2027 686 2058; x_wconf 81' lang='lat' dir='ltr'>definitorio</span> <span class='ocrx_word' id='word_1_222' title='bbox 709 2027 839 2066; x_wconf 84' lang='lat' dir='ltr'>generali</span> <span class='ocrx_word' id='word_1_223' title='bbox 864 2027 947 2057; x_wconf 88' lang='lat' dir='ltr'>sami-</span> 
     </span>
     <span class='ocr_line' id='line_1_42' title="bbox 206 2074 945 2115; baseline 0.001 -10"><span class='ocrx_word' id='word_1_224' title='bbox 206 2074 263 2105; x_wconf 85' lang='lat' dir='ltr'>liae</span> <span class='ocrx_word' id='word_1_225' title='bbox 295 2085 353 2105; x_wconf 91' lang='lat' dir='ltr'>non</span> <span class='ocrx_word' id='word_1_226' title='bbox 387 2079 566 2115; x_wconf 86' lang='lat' dir='ltr'>competunt.</span> <span class='ocrx_word' id='word_1_227' title='bbox 600 2076 711 2106; x_wconf 84' lang='lat' dir='ltr'>Poterit</span> <span class='ocrx_word' id='word_1_228' title='bbox 746 2077 835 2106; x_wconf 86' lang='lat' dir='ltr'>etiam</span> <span class='ocrx_word' id='word_1_229' title='bbox 868 2076 945 2106; x_wconf 86' lang='lat' dir='ltr'>intra</span> 
     </span>
     <span class='ocr_line' id='line_1_43' title="bbox 208 2125 946 2164; baseline 0.001 -10"><span class='ocrx_word' id='word_1_230' title='bbox 208 2133 290 2154; x_wconf 90' lang='lat' dir='ltr'>suam</span> <span class='ocrx_word' id='word_1_231' title='bbox 314 2125 453 2154; x_wconf 84' lang='lat' dir='ltr'>familiam</span> <span class='ocrx_word' id='word_1_232' title='bbox 472 2125 614 2164; x_wconf 87' lang='lat' dir='ltr'>quidquid</span> <span class='ocrx_word' id='word_1_233' title='bbox 637 2125 831 2164; x_wconf 81' lang='lat' dir='ltr'>provinciales</span> <span class='ocrx_word' id='word_1_234' title='bbox 853 2125 946 2164; x_wconf 85' lang='lat' dir='ltr'>ipsius</span> 
     </span>
     <span class='ocr_line' id='line_1_44' title="bbox 207 2173 945 2214; baseline 0 -11"><span class='ocrx_word' id='word_1_235' title='bbox 207 2173 237 2203; x_wconf 93' lang='lat' dir='ltr'>in</span> <span class='ocrx_word' id='word_1_236' title='bbox 270 2173 331 2204; x_wconf 89' lang='lat' dir='ltr'>suis</span> <span class='ocrx_word' id='word_1_237' title='bbox 363 2174 535 2214; x_wconf 82' lang='lat' dir='ltr'>provinciis,</span> <span class='ocrx_word' id='word_1_238' title='bbox 560 2177 588 2204; x_wconf 87' lang='lat' dir='ltr'>et</span> <span class='ocrx_word' id='word_1_239' title='bbox 620 2174 749 2204; x_wconf 89' lang='lat' dir='ltr'>ministri</span> <span class='ocrx_word' id='word_1_240' title='bbox 781 2183 882 2205; x_wconf 89' lang='lat' dir='ltr'>earum</span> <span class='ocrx_word' id='word_1_241' title='bbox 915 2174 945 2204; x_wconf 92' lang='lat' dir='ltr'>in</span> 
     </span>
     <span class='ocr_line' id='line_1_45' title="bbox 207 2222 947 2260; baseline 0.001 -8"><span class='ocrx_word' id='word_1_242' title='bbox 207 2222 268 2253; x_wconf 88' lang='lat' dir='ltr'>suis</span> <span class='ocrx_word' id='word_1_243' title='bbox 294 2222 509 2260; x_wconf 67' lang='lat' dir='ltr'>conventibus,</span> <span class='ocrx_word' id='word_1_244' title='bbox 544 2227 676 2253; x_wconf 87' lang='lat' dir='ltr'>ceterum</span> <span class='ocrx_word' id='word_1_245' title='bbox 708 2232 826 2253; x_wconf 87' lang='lat' dir='ltr'>servare</span> <span class='ocrx_word' id='word_1_246' title='bbox 860 2223 947 2253; x_wconf 87' lang='lat' dir='ltr'>debet</span> 
     </span>
     <span class='ocr_line' id='line_1_46' title="bbox 207 2271 944 2312; baseline 0 -10"><span class='ocrx_word' id='word_1_247' title='bbox 207 2271 337 2310; x_wconf 84' lang='lat' dir='ltr'>regulam</span> <span class='ocrx_word' id='word_1_248' title='bbox 375 2272 586 2312; x_wconf 86' lang='lat' dir='ltr'>praescriptam</span> <span class='ocrx_word' id='word_1_249' title='bbox 624 2272 758 2303; x_wconf 87' lang='lat' dir='ltr'>ministro</span> <span class='ocrx_word' id='word_1_250' title='bbox 794 2273 944 2311; x_wconf 84' lang='lat' dir='ltr'>generali,</span> 
     </span>
     <span class='ocr_line' id='line_1_47' title="bbox 208 2321 465 2360; baseline 0 -9"><span class='ocrx_word' id='word_1_251' title='bbox 208 2321 222 2360; x_wconf 67' lang='grc'>5</span> <span class='ocrx_word' id='word_1_252' title='bbox 245 2321 293 2360; x_wconf 86' lang='grc'>13,</span> <span class='ocrx_word' id='word_1_253' title='bbox 316 2331 398 2351; x_wconf 89' lang='lat' dir='ltr'>num.</span> <span class='ocrx_word' id='word_1_254' title='bbox 424 2330 465 2351; x_wconf 90' lang='lat'>111.</span> 
     </span>
    </p>

    <p class='ocr_par' dir='ltr' id='par_1_7' title="bbox 208 2370 947 2558">
     <span class='ocr_line' id='line_1_48' title="bbox 247 2370 946 2411; baseline 0.001 -11"><span class='ocrx_word' id='word_1_255' title='bbox 247 2379 289 2400; x_wconf 82' lang='lat'>111.</span> <span class='ocrx_word' id='word_1_256' title='bbox 323 2370 365 2400; x_wconf 78' lang='lat' dir='ltr'>Ad</span> <span class='ocrx_word' id='word_1_257' title='bbox 399 2370 495 2410; x_wconf 86' lang='lat' dir='ltr'>ipsum</span> <span class='ocrx_word' id='word_1_258' title='bbox 532 2379 648 2411; x_wconf 87' lang='lat' dir='ltr'>quoque</span> <span class='ocrx_word' id='word_1_259' title='bbox 685 2371 812 2410; x_wconf 87' lang='lat' dir='ltr'>pertinet</span> <span class='ocrx_word' id='word_1_260' title='bbox 844 2380 946 2401; x_wconf 86' lang='lat' dir='ltr'>omnes</span> 
     </span>
     <span class='ocr_line' id='line_1_49' title="bbox 209 2420 944 2460; baseline 0.001 -11"><span class='ocrx_word' id='word_1_261' title='bbox 209 2420 360 2450; x_wconf 87' lang='lat' dir='ltr'>nominare</span> <span class='ocrx_word' id='word_1_262' title='bbox 382 2420 520 2458; x_wconf 89' lang='lat' dir='ltr'>lectores,</span> <span class='ocrx_word' id='word_1_263' title='bbox 539 2421 634 2458; x_wconf 88' lang='lat' dir='ltr'>modo,</span> <span class='ocrx_word' id='word_1_264' title='bbox 651 2421 727 2451; x_wconf 90' lang='lat' dir='ltr'>dicto</span> <span class='ocrx_word' id='word_1_265' title='bbox 743 2430 807 2460; x_wconf 88' lang='lat' dir='ltr'>cap.</span> <span class='ocrx_word' id='word_1_266' title='bbox 825 2430 944 2457; x_wconf 81' lang='lat' dir='ltr'>xxxvnt,</span> 
     </span>
     <span class='ocr_line' id='line_1_50' title="bbox 208 2467 946 2509; baseline 0.003 -11"><span class='ocrx_word' id='word_1_267' title='bbox 208 2467 221 2506; x_wconf 65' lang='grc' dir='ltr'><strong>ἕ</strong></span> <span class='ocrx_word' id='word_1_268' title='bbox 243 2468 272 2507; x_wconf 71' lang='grc'>4,</span> <span class='ocrx_word' id='word_1_269' title='bbox 297 2478 378 2499; x_wconf 89' lang='lat' dir='ltr'>num.</span> <span class='ocrx_word' id='word_1_270' title='bbox 403 2478 427 2506; x_wconf 89' lang='lat'>1,</span> <span class='ocrx_word' id='word_1_271' title='bbox 452 2469 583 2509; x_wconf 85' lang='lat' dir='ltr'>ipsisque</span> <span class='ocrx_word' id='word_1_272' title='bbox 616 2469 764 2500; x_wconf 85' lang='lat' dir='ltr'>licentiam</span> <span class='ocrx_word' id='word_1_273' title='bbox 787 2470 946 2500; x_wconf 87' lang='lat' dir='ltr'>concedere</span> 
     </span>
     <span class='ocr_line' id='line_1_51' title="bbox 209 2517 947 2558; baseline 0.003 -11"><span class='ocrx_word' id='word_1_274' title='bbox 209 2520 240 2547; x_wconf 85' lang='lat' dir='ltr'>ut</span> <span class='ocrx_word' id='word_1_275' title='bbox 267 2517 373 2548; x_wconf 88' lang='lat' dir='ltr'>itinera</span> <span class='ocrx_word' id='word_1_276' title='bbox 402 2518 531 2556; x_wconf 70' lang='lat' dir='ltr'>faciant,</span> <span class='ocrx_word' id='word_1_277' title='bbox 571 2523 658 2558; x_wconf 84' lang='lat' dir='ltr'>atque</span> <span class='ocrx_word' id='word_1_278' title='bbox 695 2518 849 2557; x_wconf 81' lang='lat' dir='ltr'>magistros</span> <span class='ocrx_word' id='word_1_279' title='bbox 885 2519 947 2549; x_wconf 91' lang='lat' dir='ltr'>sive</span> 
     </span>
    </p>
   </div>
   <div class='ocr_carea' id='block_1_5' title="bbox 244 2616 754 2653">
    <p class='ocr_par' dir='ltr' id='par_1_8' title="bbox 244 2616 754 2653">
     <span class='ocr_line' id='line_1_52' title="bbox 244 2616 754 2653; baseline 0 -9"><span class='ocrx_word' id='word_1_280' title='bbox 244 2616 257 2644; x_wconf 87' lang='lat'>1</span> <span class='ocrx_word' id='word_1_281' title='bbox 280 2616 446 2646; x_wconf 79' lang='lat' dir='ltr'>Particulam</span> <span class='ocrx_word' id='word_1_282' title='bbox 465 2618 496 2646; x_wconf 78' lang='lat' dir='ltr'>in</span> <span class='ocrx_word' id='word_1_283' title='bbox 516 2616 632 2646; x_wconf 82' lang='lat' dir='ltr'>delenda</span> <span class='ocrx_word' id='word_1_284' title='bbox 653 2617 689 2653; x_wconf 73' lang='lat' dir='ltr'>(a.</span> <span class='ocrx_word' id='word_1_285' title='bbox 705 2617 754 2653; x_wconf 69' lang='lat' dir='ltr'>r).</span> 
     </span>
    </p>
   </div>
   <div class='ocr_carea' id='block_1_6' title="bbox 969 274 972 2649">
    <p class='ocr_par' dir='ltr' id='par_1_9' title="bbox 969 274 972 2649">
     <span class='ocr_line' id='line_1_53' title="bbox 969 274 972 2649; baseline 0 0"><span class='ocrx_word' id='word_1_286' title='bbox 969 274 972 2649; x_wconf 95' lang='lat' dir='ltr'> </span> 
     </span>
    </p>
   </div>
   <div class='ocr_carea' id='block_1_7' title="bbox 988 261 1733 2493">
    <p class='ocr_par' dir='ltr' id='par_1_10' title="bbox 989 261 1733 1220">
     <span class='ocr_line' id='line_1_54' title="bbox 992 261 1733 302; baseline 0.001 -12"><span class='ocrx_word' id='word_1_287' title='bbox 992 261 1188 299; x_wconf 85' lang='lat' dir='ltr'>novitiorum,</span> <span class='ocrx_word' id='word_1_288' title='bbox 1213 261 1273 291; x_wconf 86' lang='lat' dir='ltr'>sive</span> <span class='ocrx_word' id='word_1_289' title='bbox 1295 270 1398 292; x_wconf 82' lang='lat' dir='ltr'>recens</span> <span class='ocrx_word' id='word_1_290' title='bbox 1421 263 1639 302; x_wconf 81' lang='lat' dir='ltr'>professorum,</span> <span class='ocrx_word' id='word_1_291' title='bbox 1671 263 1733 292; x_wconf 79' lang='lat' dir='ltr'>sive</span> 
     </span>
     <span class='ocr_line' id='line_1_55' title="bbox 993 310 1731 350; baseline 0 -10"><span class='ocrx_word' id='word_1_292' title='bbox 993 319 1045 349; x_wconf 87' lang='lat' dir='ltr'>pro</span> <span class='ocrx_word' id='word_1_293' title='bbox 1067 311 1199 349; x_wconf 78' lang='lat' dir='ltr'>collegiis</span> <span class='ocrx_word' id='word_1_294' title='bbox 1226 310 1428 350; x_wconf 81' lang='lat' dir='ltr'>philosophiae</span> <span class='ocrx_word' id='word_1_295' title='bbox 1451 311 1604 350; x_wconf 72' lang='lat' dir='ltr'>designare</span> <span class='ocrx_word' id='word_1_296' title='bbox 1628 315 1655 340; x_wconf 87' lang='lat' dir='ltr'>et</span> <span class='ocrx_word' id='word_1_297' title='bbox 1678 311 1731 341; x_wconf 88' lang='lat' dir='ltr'>eli-</span> 
     </span>
     <span class='ocr_line' id='line_1_56' title="bbox 992 360 1730 400; baseline 0.003 -12"><span class='ocrx_word' id='word_1_298' title='bbox 992 368 1082 396; x_wconf 88' lang='lat' dir='ltr'>gere,</span> <span class='ocrx_word' id='word_1_299' title='bbox 1117 360 1277 390; x_wconf 86' lang='lat' dir='ltr'>concedere</span> <span class='ocrx_word' id='word_1_300' title='bbox 1310 360 1447 400; x_wconf 84' lang='lat' dir='ltr'>epistolas</span> <span class='ocrx_word' id='word_1_301' title='bbox 1482 361 1730 390; x_wconf 77' lang='lat' dir='ltr'>confraternitatis</span> 
     </span>
     <span class='ocr_line' id='line_1_57' title="bbox 994 407 1732 439; baseline 0.003 -3"><span class='ocrx_word' id='word_1_302' title='bbox 994 407 1232 438; x_wconf 83' lang='lat' dir='ltr'>benefactoribus</span> <span class='ocrx_word' id='word_1_303' title='bbox 1255 409 1332 438; x_wconf 84' lang='lat' dir='ltr'>intra</span> <span class='ocrx_word' id='word_1_304' title='bbox 1356 418 1438 438; x_wconf 85' lang='lat' dir='ltr'>suam</span> <span class='ocrx_word' id='word_1_305' title='bbox 1468 409 1623 438; x_wconf 88' lang='lat' dir='ltr'>familiam:</span> <span class='ocrx_word' id='word_1_306' title='bbox 1649 409 1732 439; x_wconf 85' lang='lat' dir='ltr'>inodo</span> 
     </span>
     <span class='ocr_line' id='line_1_58' title="bbox 993 457 1731 497; baseline 0.003 -12"><span class='ocrx_word' id='word_1_307' title='bbox 993 460 1088 485; x_wconf 84' lang='lat' dir='ltr'>autem</span> <span class='ocrx_word' id='word_1_308' title='bbox 1113 466 1169 486; x_wconf 91' lang='lat' dir='ltr'>non</span> <span class='ocrx_word' id='word_1_309' title='bbox 1194 457 1301 496; x_wconf 87' lang='lat' dir='ltr'>poterit</span> <span class='ocrx_word' id='word_1_310' title='bbox 1317 457 1440 496; x_wconf 85' lang='lat' dir='ltr'>erigere,</span> <span class='ocrx_word' id='word_1_311' title='bbox 1459 468 1552 497; x_wconf 83' lang='lat' dir='ltr'>neque</span> <span class='ocrx_word' id='word_1_312' title='bbox 1572 468 1731 497; x_wconf 83' lang='lat' dir='ltr'>aggregare</span> 
     </span>
     <span class='ocr_line' id='line_1_59' title="bbox 992 505 1731 544; baseline 0.005 -11"><span class='ocrx_word' id='word_1_313' title='bbox 992 505 1250 535; x_wconf 82' lang='lat' dir='ltr'>confraternitates</span> <span class='ocrx_word' id='word_1_314' title='bbox 1272 506 1321 536; x_wconf 82' lang='lat' dir='ltr'>SS.</span> <span class='ocrx_word' id='word_1_315' title='bbox 1345 507 1515 544; x_wconf 84' lang='lat' dir='ltr'>Trinitatis,</span> <span class='ocrx_word' id='word_1_316' title='bbox 1539 507 1632 537; x_wconf 81' lang='lat' dir='ltr'>adhuc</span> <span class='ocrx_word' id='word_1_317' title='bbox 1655 507 1731 537; x_wconf 87' lang='lat' dir='ltr'>intra</span> 
     </span>
     <span class='ocr_line' id='line_1_60' title="bbox 992 553 1733 594; baseline 0.005 -13"><span class='ocrx_word' id='word_1_318' title='bbox 992 553 1132 583; x_wconf 84' lang='lat' dir='ltr'>familiam</span> <span class='ocrx_word' id='word_1_319' title='bbox 1167 563 1247 583; x_wconf 83' lang='lat' dir='ltr'>suam</span> <span class='ocrx_word' id='word_1_320' title='bbox 1268 579 1274 591; x_wconf 91' lang='lat'>,</span> <span class='ocrx_word' id='word_1_321' title='bbox 1309 555 1375 594; x_wconf 87' lang='lat' dir='ltr'>qnia</span> <span class='ocrx_word' id='word_1_322' title='bbox 1410 555 1576 585; x_wconf 86' lang='lat' dir='ltr'>huiusmodi</span> <span class='ocrx_word' id='word_1_323' title='bbox 1610 555 1733 585; x_wconf 82' lang='lat' dir='ltr'>facultas</span> 
     </span>
     <span class='ocr_line' id='line_1_61' title="bbox 993 604 1731 643; baseline 0.004 -12"><span class='ocrx_word' id='word_1_324' title='bbox 993 606 1105 632; x_wconf 85' lang='lat' dir='ltr'>tantum</span> <span class='ocrx_word' id='word_1_325' title='bbox 1128 608 1172 633; x_wconf 91' lang='lat' dir='ltr'>est</span> <span class='ocrx_word' id='word_1_326' title='bbox 1205 613 1341 633; x_wconf 86' lang='lat' dir='ltr'>concessa</span> <span class='ocrx_word' id='word_1_327' title='bbox 1372 614 1422 643; x_wconf 82' lang='lat' dir='ltr'>per</span> <span class='ocrx_word' id='word_1_328' title='bbox 1456 605 1592 634; x_wconf 79' lang='lat' dir='ltr'>Sanctam</span> <span class='ocrx_word' id='word_1_329' title='bbox 1626 604 1731 634; x_wconf 74' lang='lat' dir='ltr'>sedem</span> 
     </span>
     <span class='ocr_line' id='line_1_62' title="bbox 992 650 1731 692; baseline 0.004 -13"><span class='ocrx_word' id='word_1_330' title='bbox 992 650 1126 681; x_wconf 86' lang='lat' dir='ltr'>ministro</span> <span class='ocrx_word' id='word_1_331' title='bbox 1161 652 1291 690; x_wconf 83' lang='lat' dir='ltr'>generali</span> <span class='ocrx_word' id='word_1_332' title='bbox 1323 657 1349 682; x_wconf 88' lang='lat' dir='ltr'>et</span> <span class='ocrx_word' id='word_1_333' title='bbox 1385 654 1564 692; x_wconf 83' lang='lat' dir='ltr'>procuratori</span> <span class='ocrx_word' id='word_1_334' title='bbox 1599 653 1731 692; x_wconf 84' lang='lat' dir='ltr'>generali</span> 
     </span>
     <span class='ocr_line' id='line_1_63' title="bbox 990 698 1732 739; baseline 0.004 -10"><span class='ocrx_word' id='word_1_335' title='bbox 990 698 1108 729; x_wconf 88' lang='lat' dir='ltr'>Ordinis</span> <span class='ocrx_word' id='word_1_336' title='bbox 1130 700 1159 730; x_wconf 92' lang='lat' dir='ltr'>in</span> <span class='ocrx_word' id='word_1_337' title='bbox 1176 701 1263 731; x_wconf 69' lang='lat' dir='ltr'>Curia</span> <span class='ocrx_word' id='word_1_338' title='bbox 1280 702 1426 739; x_wconf 58' lang='lat' dir='ltr'>Romanii,</span> <span class='ocrx_word' id='word_1_339' title='bbox 1445 707 1575 733; x_wconf 88' lang='lat' dir='ltr'>ceterum</span> <span class='ocrx_word' id='word_1_340' title='bbox 1598 702 1732 732; x_wconf 87' lang='lat' dir='ltr'>minister</span> 
     </span>
     <span class='ocr_line' id='line_1_64' title="bbox 990 748 1730 790; baseline 0.004 -13"><span class='ocrx_word' id='word_1_341' title='bbox 990 748 1134 786; x_wconf 85' lang='lat' dir='ltr'>generalis</span> <span class='ocrx_word' id='word_1_342' title='bbox 1151 758 1185 778; x_wconf 85' lang='lat' dir='ltr'>ex</span> <span class='ocrx_word' id='word_1_343' title='bbox 1202 759 1279 779; x_wconf 90' lang='lat' dir='ltr'>nunc</span> <span class='ocrx_word' id='word_1_344' title='bbox 1298 750 1387 788; x_wconf 88' lang='lat' dir='ltr'>erigit</span> <span class='ocrx_word' id='word_1_345' title='bbox 1409 751 1469 780; x_wconf 87' lang='lat' dir='ltr'>sive</span> <span class='ocrx_word' id='word_1_346' title='bbox 1489 756 1641 790; x_wconf 80' lang='lat' dir='ltr'>aggregat,</span> <span class='ocrx_word' id='word_1_347' title='bbox 1659 761 1730 788; x_wconf 84' lang='lat' dir='ltr'>quas</span> 
     </span>
     <span class='ocr_line' id='line_1_65' title="bbox 990 797 1730 838; baseline 0.005 -12"><span class='ocrx_word' id='word_1_348' title='bbox 990 797 1207 827; x_wconf 85' lang='lat' dir='ltr'>commissarius</span> <span class='ocrx_word' id='word_1_349' title='bbox 1230 799 1375 836; x_wconf 87' lang='lat' dir='ltr'>generalis</span> <span class='ocrx_word' id='word_1_350' title='bbox 1398 800 1541 838; x_wconf 80' lang='lat' dir='ltr'>assignet,</span> <span class='ocrx_word' id='word_1_351' title='bbox 1573 800 1730 830; x_wconf 88' lang='lat' dir='ltr'>dummodo</span> 
     </span>
     <span class='ocr_line' id='line_1_66' title="bbox 990 847 1731 889; baseline 0.005 -14"><span class='ocrx_word' id='word_1_352' title='bbox 990 856 1047 876; x_wconf 90' lang='lat' dir='ltr'>non</span> <span class='ocrx_word' id='word_1_353' title='bbox 1070 847 1190 877; x_wconf 88' lang='lat' dir='ltr'>nomine</span> <span class='ocrx_word' id='word_1_354' title='bbox 1211 848 1339 887; x_wconf 88' lang='lat' dir='ltr'>proprio,</span> <span class='ocrx_word' id='word_1_355' title='bbox 1357 849 1407 878; x_wconf 87' lang='lat' dir='ltr'>sed</span> <span class='ocrx_word' id='word_1_356' title='bbox 1423 850 1541 879; x_wconf 89' lang='lat' dir='ltr'>nomine</span> <span class='ocrx_word' id='word_1_357' title='bbox 1564 850 1657 889; x_wconf 75' lang='lat' dir='ltr'>ipsius</span> <span class='ocrx_word' id='word_1_358' title='bbox 1681 850 1731 879; x_wconf 91' lang='lat' dir='ltr'>mi-</span> 
     </span>
     <span class='ocr_line' id='line_1_67' title="bbox 990 895 1731 938; baseline 0.005 -14"><span class='ocrx_word' id='word_1_359' title='bbox 990 895 1075 925; x_wconf 88' lang='lat' dir='ltr'>nistri</span> <span class='ocrx_word' id='word_1_360' title='bbox 1106 896 1252 934; x_wconf 79' lang='lat' dir='ltr'>generalis</span> <span class='ocrx_word' id='word_1_361' title='bbox 1286 906 1337 936; x_wconf 91' lang='lat' dir='ltr'>pro</span> <span class='ocrx_word' id='word_1_362' title='bbox 1372 902 1513 937; x_wconf 82' lang='lat' dir='ltr'>tempore,</span> <span class='ocrx_word' id='word_1_363' title='bbox 1537 903 1563 928; x_wconf 91' lang='lat' dir='ltr'>et</span> <span class='ocrx_word' id='word_1_364' title='bbox 1592 908 1731 938; x_wconf 83' lang='lat' dir='ltr'>expresso</span> 
     </span>
     <span class='ocr_line' id='line_1_68' title="bbox 990 945 1731 985; baseline 0.007 -12"><span class='ocrx_word' id='word_1_365' title='bbox 990 954 1105 983; x_wconf 88' lang='lat' dir='ltr'>semper</span> <span class='ocrx_word' id='word_1_366' title='bbox 1128 945 1157 974; x_wconf 91' lang='lat' dir='ltr'>in</span> <span class='ocrx_word' id='word_1_367' title='bbox 1182 945 1244 985; x_wconf 89' lang='lat' dir='ltr'>ipso</span> <span class='ocrx_word' id='word_1_368' title='bbox 1267 946 1463 977; x_wconf 87' lang='lat' dir='ltr'>instrumento</span> <span class='ocrx_word' id='word_1_369' title='bbox 1497 949 1653 978; x_wconf 85' lang='lat' dir='ltr'>erectionis</span> <span class='ocrx_word' id='word_1_370' title='bbox 1687 948 1731 978; x_wconf 92' lang='lat' dir='ltr'>vel</span> 
     </span>
     <span class='ocr_line' id='line_1_69' title="bbox 990 994 1732 1031; baseline 0.007 -9"><span class='ocrx_word' id='word_1_371' title='bbox 990 994 1203 1031; x_wconf 78' lang='lat' dir='ltr'>aggregationis</span> <span class='ocrx_word' id='word_1_372' title='bbox 1220 995 1350 1025; x_wconf 85' lang='lat' dir='ltr'>conferat</span> <span class='ocrx_word' id='word_1_373' title='bbox 1366 996 1448 1026; x_wconf 89' lang='lat' dir='ltr'>illud.</span> <span class='ocrx_word' id='word_1_374' title='bbox 1466 997 1586 1027; x_wconf 90' lang='lat' dir='ltr'>Demum</span> <span class='ocrx_word' id='word_1_375' title='bbox 1602 997 1636 1027; x_wconf 84' lang='lat' dir='ltr'>ad</span> <span class='ocrx_word' id='word_1_376' title='bbox 1653 1007 1732 1027; x_wconf 91' lang='lat' dir='ltr'>com-</span> 
     </span>
     <span class='ocr_line' id='line_1_70' title="bbox 990 1042 1731 1082; baseline 0.007 -11"><span class='ocrx_word' id='word_1_377' title='bbox 990 1042 1155 1071; x_wconf 75' lang='lat' dir='ltr'>missarium</span> <span class='ocrx_word' id='word_1_378' title='bbox 1195 1043 1322 1082; x_wconf 88' lang='lat' dir='ltr'>pertinet</span> <span class='ocrx_word' id='word_1_379' title='bbox 1357 1045 1432 1074; x_wconf 91' lang='lat' dir='ltr'>intra</span> <span class='ocrx_word' id='word_1_380' title='bbox 1469 1055 1550 1075; x_wconf 86' lang='lat' dir='ltr'>suam</span> <span class='ocrx_word' id='word_1_381' title='bbox 1591 1046 1731 1075; x_wconf 82' lang='lat' dir='ltr'>familiam</span> 
     </span>
     <span class='ocr_line' id='line_1_71' title="bbox 989 1092 1731 1134; baseline 0.007 -14"><span class='ocrx_word' id='word_1_382' title='bbox 989 1092 1131 1131; x_wconf 82' lang='lat' dir='ltr'>quidquid</span> <span class='ocrx_word' id='word_1_383' title='bbox 1155 1092 1184 1122; x_wconf 90' lang='lat' dir='ltr'>in</span> <span class='ocrx_word' id='word_1_384' title='bbox 1208 1093 1469 1124; x_wconf 75' lang='lat' dir='ltr'>constitutionilms</span> <span class='ocrx_word' id='word_1_385' title='bbox 1493 1095 1658 1134; x_wconf 81' lang='lat' dir='ltr'>assignatur</span> <span class='ocrx_word' id='word_1_386' title='bbox 1683 1105 1731 1125; x_wconf 92' lang='lat' dir='ltr'>su-</span> 
     </span>
     <span class='ocr_line' id='line_1_72' title="bbox 990 1141 1731 1181; baseline 0.005 -12"><span class='ocrx_word' id='word_1_387' title='bbox 990 1141 1097 1180; x_wconf 86' lang='lat' dir='ltr'>periori</span> <span class='ocrx_word' id='word_1_388' title='bbox 1120 1142 1249 1179; x_wconf 82' lang='lat' dir='ltr'>generali</span> <span class='ocrx_word' id='word_1_389' title='bbox 1272 1143 1365 1181; x_wconf 89' lang='lat' dir='ltr'>quin¹</span> <span class='ocrx_word' id='word_1_390' title='bbox 1388 1143 1512 1174; x_wconf 84' lang='lat' dir='ltr'>addatur</span> <span class='ocrx_word' id='word_1_391' title='bbox 1534 1145 1662 1174; x_wconf 45' lang='lat' dir='ltr'>&#39;utinislro</span> <span class='ocrx_word' id='word_1_392' title='bbox 1685 1144 1731 1174; x_wconf 87' lang='lat' dir='ltr'>vel</span> 
     </span>
     <span class='ocr_line' id='line_1_73' title="bbox 989 1189 1253 1220; baseline 0.004 -1"><span class='ocrx_word' id='word_1_393' title='bbox 989 1190 1103 1219; x_wconf 88' lang='lat' dir='ltr'>dicatur</span> <span class='ocrx_word' id='word_1_394' title='bbox 1127 1189 1253 1220; x_wconf 76' lang='lat' dir='ltr'>Ordinis.</span> 
     </span>
    </p>

    <p class='ocr_par' dir='ltr' id='par_1_11' title="bbox 988 1239 1732 1904">
     <span class='ocr_line' id='line_1_74' title="bbox 1029 1239 1732 1280; baseline 0.004 -12"><span class='ocrx_word' id='word_1_395' title='bbox 1029 1247 1066 1268; x_wconf 82' lang='lat' dir='ltr'>tv.</span> <span class='ocrx_word' id='word_1_396' title='bbox 1093 1239 1415 1278; x_wconf 67' lang='lat' dir='ltr'>vice-commtssarius,</span> <span class='ocrx_word' id='word_1_397' title='bbox 1440 1250 1526 1280; x_wconf 76' lang='lat' dir='ltr'>quem</span> <span class='ocrx_word' id='word_1_398' title='bbox 1550 1241 1658 1279; x_wconf 86' lang='lat' dir='ltr'>eligere</span> <span class='ocrx_word' id='word_1_399' title='bbox 1682 1241 1732 1271; x_wconf 90' lang='lat' dir='ltr'>de-</span> 
     </span>
     <span class='ocr_line' id='line_1_75' title="bbox 988 1288 1732 1327; baseline 0.004 -10"><span class='ocrx_word' id='word_1_400' title='bbox 988 1288 1036 1318; x_wconf 87' lang='lat' dir='ltr'>bet</span> <span class='ocrx_word' id='word_1_401' title='bbox 1068 1289 1203 1327; x_wconf 87' lang='lat' dir='ltr'>superior</span> <span class='ocrx_word' id='word_1_402' title='bbox 1225 1288 1369 1326; x_wconf 79' lang='lat' dir='ltr'>generalis</span> <span class='ocrx_word' id='word_1_403' title='bbox 1392 1289 1509 1319; x_wconf 88' lang='lat' dir='ltr'>Ordinis</span> <span class='ocrx_word' id='word_1_404' title='bbox 1532 1290 1560 1320; x_wconf 91' lang='lat' dir='ltr'>in</span> <span class='ocrx_word' id='word_1_405' title='bbox 1590 1300 1658 1320; x_wconf 88' lang='lat' dir='ltr'>casu</span> <span class='ocrx_word' id='word_1_406' title='bbox 1682 1300 1732 1320; x_wconf 90' lang='lat' dir='ltr'>cu-</span> 
     </span>
     <span class='ocr_line' id='line_1_76' title="bbox 990 1337 1730 1378; baseline 0.004 -11"><span class='ocrx_word' id='word_1_407' title='bbox 990 1338 1161 1376; x_wconf 87' lang='lat' dir='ltr'>iuscumque</span> <span class='ocrx_word' id='word_1_408' title='bbox 1178 1337 1309 1367; x_wconf 86' lang='lat' dir='ltr'>defectus</span> <span class='ocrx_word' id='word_1_409' title='bbox 1325 1338 1536 1375; x_wconf 86' lang='lat' dir='ltr'>commissarii,</span> <span class='ocrx_word' id='word_1_410' title='bbox 1560 1339 1646 1370; x_wconf 87' lang='lat' dir='ltr'>debet</span> <span class='ocrx_word' id='word_1_411' title='bbox 1661 1340 1730 1378; x_wconf 83' lang='lat' dir='ltr'>eligi</span> 
     </span>
     <span class='ocr_line' id='line_1_77' title="bbox 988 1386 1732 1427; baseline 0.001 -10"><span class='ocrx_word' id='word_1_412' title='bbox 988 1397 1024 1417; x_wconf 83' lang='lat' dir='ltr'>ex</span> <span class='ocrx_word' id='word_1_413' title='bbox 1056 1390 1182 1426; x_wconf 86' lang='lat' dir='ltr'>quatuor</span> <span class='ocrx_word' id='word_1_414' title='bbox 1216 1386 1397 1425; x_wconf 90' lang='lat' dir='ltr'>eligibilibus</span> <span class='ocrx_word' id='word_1_415' title='bbox 1433 1388 1551 1418; x_wconf 87' lang='lat' dir='ltr'>selectis</span> <span class='ocrx_word' id='word_1_416' title='bbox 1587 1388 1616 1418; x_wconf 92' lang='lat' dir='ltr'>in</span> <span class='ocrx_word' id='word_1_417' title='bbox 1652 1388 1732 1427; x_wconf 86' lang='lat' dir='ltr'>capi-</span> 
     </span>
     <span class='ocr_line' id='line_1_78' title="bbox 990 1435 1732 1476; baseline 0.003 -11"><span class='ocrx_word' id='word_1_418' title='bbox 990 1435 1050 1465; x_wconf 89' lang='lat' dir='ltr'>tulo</span> <span class='ocrx_word' id='word_1_419' title='bbox 1082 1435 1211 1473; x_wconf 89' lang='lat' dir='ltr'>generali</span> <span class='ocrx_word' id='word_1_420' title='bbox 1245 1436 1294 1474; x_wconf 85' lang='lat' dir='ltr'>qui</span> <span class='ocrx_word' id='word_1_421' title='bbox 1326 1436 1534 1476; x_wconf 86' lang='lat' dir='ltr'>superfuerunt</span> <span class='ocrx_word' id='word_1_422' title='bbox 1572 1441 1636 1476; x_wconf 86' lang='lat' dir='ltr'>post</span> <span class='ocrx_word' id='word_1_423' title='bbox 1674 1438 1732 1467; x_wconf 89' lang='lat' dir='ltr'>ele-</span> 
     </span>
     <span class='ocr_line' id='line_1_79' title="bbox 989 1484 1730 1525; baseline 0.003 -11"><span class='ocrx_word' id='word_1_424' title='bbox 989 1485 1117 1515; x_wconf 86' lang='lat' dir='ltr'>ctionem</span> <span class='ocrx_word' id='word_1_425' title='bbox 1140 1484 1334 1515; x_wconf 79' lang='lat' dir='ltr'>commissarii</span> <span class='ocrx_word' id='word_1_426' title='bbox 1357 1486 1514 1523; x_wconf 86' lang='lat' dir='ltr'>generalis.</span> <span class='ocrx_word' id='word_1_427' title='bbox 1542 1486 1600 1516; x_wconf 84' lang='lat' dir='ltr'>Nec</span> <span class='ocrx_word' id='word_1_428' title='bbox 1624 1485 1730 1525; x_wconf 88' lang='lat' dir='ltr'>poterit</span> 
     </span>
     <span class='ocr_line' id='line_1_80' title="bbox 989 1533 1731 1571; baseline 0.001 -8"><span class='ocrx_word' id='word_1_429' title='bbox 989 1533 1098 1571; x_wconf 86' lang='lat' dir='ltr'>eligere</span> <span class='ocrx_word' id='word_1_430' title='bbox 1127 1533 1454 1570; x_wconf 83' lang='lat' dir='ltr'>vice-commissarium,</span> <span class='ocrx_word' id='word_1_431' title='bbox 1489 1543 1541 1563; x_wconf 85' lang='lat' dir='ltr'>nec</span> <span class='ocrx_word' id='word_1_432' title='bbox 1572 1534 1614 1564; x_wconf 90' lang='lat' dir='ltr'>sic</span> <span class='ocrx_word' id='word_1_433' title='bbox 1646 1539 1731 1564; x_wconf 86' lang='lat' dir='ltr'>antea</span> 
     </span>
     <span class='ocr_line' id='line_1_81' title="bbox 989 1581 1729 1621; baseline 0.003 -11"><span class='ocrx_word' id='word_1_434' title='bbox 989 1581 1168 1619; x_wconf 86' lang='lat' dir='ltr'>eligibilem,</span> <span class='ocrx_word' id='word_1_435' title='bbox 1199 1581 1255 1610; x_wconf 92' lang='lat' dir='ltr'>nisi</span> <span class='ocrx_word' id='word_1_436' title='bbox 1289 1590 1375 1618; x_wconf 88' lang='lat' dir='ltr'>casu,</span> <span class='ocrx_word' id='word_1_437' title='bbox 1409 1591 1467 1621; x_wconf 85' lang='lat' dir='ltr'>quo</span> <span class='ocrx_word' id='word_1_438' title='bbox 1499 1582 1596 1612; x_wconf 87' lang='lat' dir='ltr'>nullus</span> <span class='ocrx_word' id='word_1_439' title='bbox 1629 1592 1729 1612; x_wconf 89' lang='lat' dir='ltr'>eorum</span> 
     </span>
     <span class='ocr_line' id='line_1_82' title="bbox 991 1629 1731 1669; baseline 0.001 -10"><span class='ocrx_word' id='word_1_440' title='bbox 991 1634 1117 1669; x_wconf 83' lang='lat' dir='ltr'>quatuor</span> <span class='ocrx_word' id='word_1_441' title='bbox 1140 1633 1289 1668; x_wconf 86' lang='lat' dir='ltr'>superstes</span> <span class='ocrx_word' id='word_1_442' title='bbox 1312 1629 1360 1666; x_wconf 85' lang='lat' dir='ltr'>sit,</span> <span class='ocrx_word' id='word_1_443' title='bbox 1378 1630 1421 1659; x_wconf 86' lang='lat' dir='ltr'>vel</span> <span class='ocrx_word' id='word_1_444' title='bbox 1438 1630 1541 1659; x_wconf 86' lang='lat' dir='ltr'>electio</span> <span class='ocrx_word' id='word_1_445' title='bbox 1564 1630 1621 1660; x_wconf 89' lang='lat' dir='ltr'>iam</span> <span class='ocrx_word' id='word_1_446' title='bbox 1644 1630 1731 1661; x_wconf 84' lang='lat' dir='ltr'>fuerit</span> 
     </span>
     <span class='ocr_line' id='line_1_83' title="bbox 990 1678 1730 1719; baseline 0.001 -11"><span class='ocrx_word' id='word_1_447' title='bbox 990 1678 1184 1708; x_wconf 87' lang='lat' dir='ltr'>determinata</span> <span class='ocrx_word' id='word_1_448' title='bbox 1208 1678 1242 1707; x_wconf 91' lang='lat' dir='ltr'>ad</span> <span class='ocrx_word' id='word_1_449' title='bbox 1265 1687 1368 1708; x_wconf 91' lang='lat' dir='ltr'>unum.</span> <span class='ocrx_word' id='word_1_450' title='bbox 1393 1678 1544 1708; x_wconf 84' lang='lat' dir='ltr'>Praeterea</span> <span class='ocrx_word' id='word_1_451' title='bbox 1580 1688 1730 1719; x_wconf 66' lang='lat' dir='ltr'>nunquam</span> 
     </span>
     <span class='ocr_line' id='line_1_84' title="bbox 989 1726 1730 1767; baseline 0.001 -10"><span class='ocrx_word' id='word_1_452' title='bbox 989 1727 1076 1766; x_wconf 87' lang='lat' dir='ltr'>eligat</span> <span class='ocrx_word' id='word_1_453' title='bbox 1099 1727 1127 1757; x_wconf 88' lang='lat' dir='ltr'>in</span> <span class='ocrx_word' id='word_1_454' title='bbox 1153 1726 1479 1763; x_wconf 86' lang='lat' dir='ltr'>vice-commissarium,</span> <span class='ocrx_word' id='word_1_455' title='bbox 1498 1727 1546 1767; x_wconf 91' lang='lat' dir='ltr'>qui</span> <span class='ocrx_word' id='word_1_456' title='bbox 1570 1727 1629 1757; x_wconf 66' lang='lat' dir='ltr'>alia</span> <span class='ocrx_word' id='word_1_457' title='bbox 1647 1737 1730 1767; x_wconf 87' lang='lat' dir='ltr'>prae-</span> 
     </span>
     <span class='ocr_line' id='line_1_85' title="bbox 990 1775 1730 1815; baseline 0.001 -10"><span class='ocrx_word' id='word_1_458' title='bbox 990 1776 1084 1806; x_wconf 74' lang='lat' dir='ltr'>latura</span> <span class='ocrx_word' id='word_1_459' title='bbox 1107 1776 1254 1814; x_wconf 83' lang='lat' dir='ltr'>fungatur.</span> <span class='ocrx_word' id='word_1_460' title='bbox 1275 1775 1328 1805; x_wconf 90' lang='lat' dir='ltr'>Hic</span> <span class='ocrx_word' id='word_1_461' title='bbox 1350 1777 1427 1805; x_wconf 85' lang='lat' dir='ltr'>enim</span> <span class='ocrx_word' id='word_1_462' title='bbox 1451 1775 1637 1815; x_wconf 88' lang='lat' dir='ltr'>reputabitur</span> <span class='ocrx_word' id='word_1_463' title='bbox 1659 1781 1730 1806; x_wconf 84' lang='lat' dir='ltr'>tam-</span> 
     </span>
     <span class='ocr_line' id='line_1_86' title="bbox 990 1825 1731 1865; baseline 0.001 -10"><span class='ocrx_word' id='word_1_464' title='bbox 990 1835 1077 1865; x_wconf 88' lang='lat' dir='ltr'>quam</span> <span class='ocrx_word' id='word_1_465' title='bbox 1107 1830 1272 1864; x_wconf 86' lang='lat' dir='ltr'>superstes,</span> <span class='ocrx_word' id='word_1_466' title='bbox 1297 1830 1329 1855; x_wconf 92' lang='lat' dir='ltr'>ut</span> <span class='ocrx_word' id='word_1_467' title='bbox 1362 1825 1486 1864; x_wconf 83' lang='lat' dir='ltr'>eligatur</span> <span class='ocrx_word' id='word_1_468' title='bbox 1517 1825 1546 1855; x_wconf 89' lang='lat' dir='ltr'>in</span> <span class='ocrx_word' id='word_1_469' title='bbox 1577 1825 1731 1856; x_wconf 85' lang='lat' dir='ltr'>vice—com-</span> 
     </span>
     <span class='ocr_line' id='line_1_87' title="bbox 991 1874 1169 1904; baseline -0.006 0"><span class='ocrx_word' id='word_1_470' title='bbox 991 1874 1169 1904; x_wconf 85' lang='lat' dir='ltr'>missarium.</span> 
     </span>
    </p>

    <p class='ocr_par' dir='ltr' id='par_1_12' title="bbox 989 1923 1730 2404">
     <span class='ocr_line' id='line_1_88' title="bbox 1030 1923 1729 1955; baseline 0.003 -3"><span class='ocrx_word' id='word_1_471' title='bbox 1030 1932 1056 1952; x_wconf 88' lang='lat' dir='ltr'>v.</span> <span class='ocrx_word' id='word_1_472' title='bbox 1081 1923 1382 1954; x_wconf 83' lang='lat' dir='ltr'>Vice-comtnissarius</span> <span class='ocrx_word' id='word_1_473' title='bbox 1417 1926 1511 1954; x_wconf 88' lang='lat' dir='ltr'>tamen</span> <span class='ocrx_word' id='word_1_474' title='bbox 1545 1923 1586 1954; x_wconf 83' lang='lat' dir='ltr'>sic</span> <span class='ocrx_word' id='word_1_475' title='bbox 1618 1923 1729 1955; x_wconf 89' lang='lat' dir='ltr'>electus</span> 
     </span>
     <span class='ocr_line' id='line_1_89' title="bbox 990 1972 1728 2011; baseline 0.001 -9"><span class='ocrx_word' id='word_1_476' title='bbox 990 1976 1018 2002; x_wconf 87' lang='lat' dir='ltr'>et</span> <span class='ocrx_word' id='word_1_477' title='bbox 1039 1972 1189 2010; x_wconf 86' lang='lat' dir='ltr'>delegatus</span> <span class='ocrx_word' id='word_1_478' title='bbox 1212 1981 1227 2002; x_wconf 86' lang='lat' dir='ltr'>a</span> <span class='ocrx_word' id='word_1_479' title='bbox 1250 1972 1385 2002; x_wconf 89' lang='lat' dir='ltr'>ministro</span> <span class='ocrx_word' id='word_1_480' title='bbox 1403 1973 1532 2011; x_wconf 85' lang='lat' dir='ltr'>generali</span> <span class='ocrx_word' id='word_1_481' title='bbox 1555 1972 1673 2003; x_wconf 90' lang='lat' dir='ltr'>Ordinis</span> <span class='ocrx_word' id='word_1_482' title='bbox 1695 1982 1728 2003; x_wconf 89' lang='lat' dir='ltr'>ea</span> 
     </span>
     <span class='ocr_line' id='line_1_90' title="bbox 990 2022 1729 2061; baseline 0.001 -10"><span class='ocrx_word' id='word_1_483' title='bbox 990 2022 1085 2051; x_wconf 83' lang='lat' dir='ltr'>onmia</span> <span class='ocrx_word' id='word_1_484' title='bbox 1110 2022 1218 2061; x_wconf 85' lang='lat' dir='ltr'>poterit</span> <span class='ocrx_word' id='word_1_485' title='bbox 1240 2022 1270 2051; x_wconf 93' lang='lat' dir='ltr'>in</span> <span class='ocrx_word' id='word_1_486' title='bbox 1294 2023 1356 2052; x_wconf 70' lang='lat' dir='ltr'>tota</span> <span class='ocrx_word' id='word_1_487' title='bbox 1377 2022 1489 2052; x_wconf 72' lang='lat' dir='ltr'>familia</span> <span class='ocrx_word' id='word_1_488' title='bbox 1510 2023 1572 2060; x_wconf 78' lang='lat' dir='ltr'>sua,</span> <span class='ocrx_word' id='word_1_489' title='bbox 1592 2032 1606 2052; x_wconf 88' lang='lat' dir='ltr'>a</span> <span class='ocrx_word' id='word_1_490' title='bbox 1630 2022 1677 2052; x_wconf 88' lang='lat' dir='ltr'>die</span> <span class='ocrx_word' id='word_1_491' title='bbox 1699 2022 1729 2052; x_wconf 92' lang='lat' dir='ltr'>in</span> 
     </span>
     <span class='ocr_line' id='line_1_91' title="bbox 989 2071 1729 2111; baseline 0.001 -10"><span class='ocrx_word' id='word_1_492' title='bbox 989 2081 1045 2111; x_wconf 88' lang='lat' dir='ltr'>quo</span> <span class='ocrx_word' id='word_1_493' title='bbox 1067 2076 1165 2101; x_wconf 84' lang='lat' dir='ltr'>notam</span> <span class='ocrx_word' id='word_1_494' title='bbox 1190 2071 1291 2101; x_wconf 83' lang='lat' dir='ltr'>fecerit</span> <span class='ocrx_word' id='word_1_495' title='bbox 1323 2080 1405 2101; x_wconf 90' lang='lat' dir='ltr'>suam</span> <span class='ocrx_word' id='word_1_496' title='bbox 1441 2071 1676 2101; x_wconf 87' lang='lat' dir='ltr'>commissionem</span> <span class='ocrx_word' id='word_1_497' title='bbox 1699 2072 1729 2102; x_wconf 87' lang='lat' dir='ltr'>in</span> 
     </span>
     <span class='ocr_line' id='line_1_92' title="bbox 990 2120 1729 2159; baseline 0.001 -10"><span class='ocrx_word' id='word_1_498' title='bbox 990 2128 1174 2159; x_wconf 82' lang='lat' dir='ltr'>quocumque</span> <span class='ocrx_word' id='word_1_499' title='bbox 1196 2123 1358 2157; x_wconf 88' lang='lat' dir='ltr'>conventu,</span> <span class='ocrx_word' id='word_1_500' title='bbox 1383 2128 1457 2159; x_wconf 85' lang='lat' dir='ltr'>quae</span> <span class='ocrx_word' id='word_1_501' title='bbox 1493 2120 1535 2149; x_wconf 95' lang='lat' dir='ltr'>illi</span> <span class='ocrx_word' id='word_1_502' title='bbox 1558 2120 1729 2158; x_wconf 82' lang='lat' dir='ltr'>delegatus²</span> 
     </span>
     <span class='ocr_line' id='line_1_93' title="bbox 989 2168 1730 2208; baseline 0.003 -11"><span class='ocrx_word' id='word_1_503' title='bbox 989 2168 1207 2207; x_wconf 82' lang='lat' dir='ltr'>designaverit3</span> <span class='ocrx_word' id='word_1_504' title='bbox 1231 2169 1397 2208; x_wconf 82' lang='lat' dir='ltr'>poteritque</span> <span class='ocrx_word' id='word_1_505' title='bbox 1420 2169 1446 2198; x_wconf 91' lang='lat' dir='ltr'>vi</span> <span class='ocrx_word' id='word_1_506' title='bbox 1468 2169 1660 2208; x_wconf 85' lang='lat' dir='ltr'>delegationis</span> <span class='ocrx_word' id='word_1_507' title='bbox 1683 2168 1730 2199; x_wconf 87' lang='lat' dir='ltr'>de-</span> 
     </span>
     <span class='ocr_line' id='line_1_94' title="bbox 989 2217 1729 2257; baseline 0.001 -10"><span class='ocrx_word' id='word_1_508' title='bbox 989 2217 1106 2256; x_wconf 85' lang='lat' dir='ltr'>signare</span> <span class='ocrx_word' id='word_1_509' title='bbox 1129 2218 1291 2257; x_wconf 86' lang='lat' dir='ltr'>praesidem</span> <span class='ocrx_word' id='word_1_510' title='bbox 1316 2227 1384 2247; x_wconf 90' lang='lat' dir='ltr'>suae</span> <span class='ocrx_word' id='word_1_511' title='bbox 1407 2217 1545 2254; x_wconf 82' lang='lat' dir='ltr'>familiae,</span> <span class='ocrx_word' id='word_1_512' title='bbox 1578 2227 1628 2257; x_wconf 92' lang='lat' dir='ltr'>pro</span> <span class='ocrx_word' id='word_1_513' title='bbox 1661 2227 1729 2248; x_wconf 88' lang='lat' dir='ltr'>casu</span> 
     </span>
     <span class='ocr_line' id='line_1_95' title="bbox 989 2266 1730 2304; baseline -0.001 -8"><span class='ocrx_word' id='word_1_514' title='bbox 989 2266 1138 2297; x_wconf 89' lang='lat' dir='ltr'>absentiae</span> <span class='ocrx_word' id='word_1_515' title='bbox 1161 2276 1230 2297; x_wconf 88' lang='lat' dir='ltr'>suae</span> <span class='ocrx_word' id='word_1_516' title='bbox 1253 2266 1288 2296; x_wconf 89' lang='lat' dir='ltr'>ab</span> <span class='ocrx_word' id='word_1_517' title='bbox 1310 2267 1378 2304; x_wconf 62' lang='lat'>111523</span> <span class='ocrx_word' id='word_1_518' title='bbox 1402 2267 1485 2297; x_wconf 86' lang='lat' dir='ltr'>cuius</span> <span class='ocrx_word' id='word_1_519' title='bbox 1502 2267 1629 2296; x_wconf 81' lang='lat' dir='ltr'>officium</span> <span class='ocrx_word' id='word_1_520' title='bbox 1646 2266 1730 2296; x_wconf 86' lang='lat' dir='ltr'>duret</span> 
     </span>
     <span class='ocr_line' id='line_1_96' title="bbox 989 2315 1729 2355; baseline -0.001 -10"><span class='ocrx_word' id='word_1_521' title='bbox 989 2325 1081 2355; x_wconf 87' lang='lat' dir='ltr'>usque</span> <span class='ocrx_word' id='word_1_522' title='bbox 1104 2316 1139 2345; x_wconf 92' lang='lat' dir='ltr'>ad</span> <span class='ocrx_word' id='word_1_523' title='bbox 1155 2316 1370 2355; x_wconf 86' lang='lat' dir='ltr'>possessionem</span> <span class='ocrx_word' id='word_1_524' title='bbox 1391 2316 1511 2355; x_wconf 83' lang='lat' dir='ltr'>praelati</span> <span class='ocrx_word' id='word_1_525' title='bbox 1535 2315 1649 2346; x_wconf 91' lang='lat' dir='ltr'>noviter</span> <span class='ocrx_word' id='word_1_526' title='bbox 1671 2315 1729 2345; x_wconf 90' lang='lat' dir='ltr'>ele·</span> 
     </span>
     <span class='ocr_line' id='line_1_97' title="bbox 989 2364 1523 2404; baseline 0 -10"><span class='ocrx_word' id='word_1_527' title='bbox 989 2365 1039 2404; x_wconf 88' lang='lat' dir='ltr'>cti,</span> <span class='ocrx_word' id='word_1_528' title='bbox 1063 2368 1091 2395; x_wconf 90' lang='lat' dir='ltr'>et</span> <span class='ocrx_word' id='word_1_529' title='bbox 1113 2365 1147 2395; x_wconf 89' lang='lat' dir='ltr'>ad</span> <span class='ocrx_word' id='word_1_530' title='bbox 1170 2365 1334 2403; x_wconf 85' lang='lat' dir='ltr'>delegantis</span> <span class='ocrx_word' id='word_1_531' title='bbox 1356 2364 1523 2394; x_wconf 83' lang='lat' dir='ltr'>arbitrium.</span> 
     </span>
    </p>

    <p class='ocr_par' dir='ltr' id='par_1_13' title="bbox 990 2411 1729 2493">
     <span class='ocr_line' id='line_1_98' title="bbox 1029 2411 1729 2451; baseline -0.003 -8"><span class='ocrx_word' id='word_1_532' title='bbox 1029 2422 1049 2443; x_wconf 91' lang='lat'>1.</span> <span class='ocrx_word' id='word_1_533' title='bbox 1084 2413 1185 2444; x_wconf 85' lang='lat' dir='ltr'>Patres</span> <span class='ocrx_word' id='word_1_534' title='bbox 1217 2413 1388 2443; x_wconf 81' lang='lat' dir='ltr'>definitores</span> <span class='ocrx_word' id='word_1_535' title='bbox 1423 2412 1574 2451; x_wconf 77' lang='lat' dir='ltr'>generales</span> <span class='ocrx_word' id='word_1_536' title='bbox 1611 2411 1729 2442; x_wconf 90' lang='lat' dir='ltr'>Ordinis</span> 
     </span>
     <span class='ocr_line' id='line_1_99' title="bbox 990 2461 1728 2493; baseline -0.004 0"><span class='ocrx_word' id='word_1_537' title='bbox 990 2472 1039 2493; x_wconf 80' lang='lat' dir='ltr'>sex</span> <span class='ocrx_word' id='word_1_538' title='bbox 1062 2472 1125 2493; x_wconf 89' lang='lat' dir='ltr'>esse</span> <span class='ocrx_word' id='word_1_539' title='bbox 1148 2462 1256 2492; x_wconf 86' lang='lat' dir='ltr'>debent</span> <span class='ocrx_word' id='word_1_540' title='bbox 1279 2462 1360 2492; x_wconf 82' lang='lat' dir='ltr'>iuxta</span> <span class='ocrx_word' id='word_1_541' title='bbox 1379 2462 1469 2492; x_wconf 79' lang='lat' dir='ltr'>Breve</span> <span class='ocrx_word' id='word_1_542' title='bbox 1487 2461 1578 2491; x_wconf 81' lang='lat' dir='ltr'>felicis</span> <span class='ocrx_word' id='word_1_543' title='bbox 1593 2461 1728 2491; x_wconf 88' lang='lat' dir='ltr'>recorda-</span> 
     </span>
    </p>
   </div>
   <div class='ocr_carea' id='block_1_8' title="bbox 1027 2568 1727 2650">
    <p class='ocr_par' dir='ltr' id='par_1_14' title="bbox 1027 2568 1727 2650">
     <span class='ocr_line' id='line_1_100' title="bbox 1029 2568 1727 2605; baseline -0.004 -7"><span class='ocrx_word' id='word_1_544' title='bbox 1029 2573 1036 2598; x_wconf 92' lang='lat' dir='ltr'>l</span> <span class='ocrx_word' id='word_1_545' title='bbox 1058 2570 1176 2597; x_wconf 81' lang='lat' dir='ltr'>Pessime</span> <span class='ocrx_word' id='word_1_546' title='bbox 1193 2570 1236 2596; x_wconf 87' lang='lat' dir='ltr'>ed.</span> <span class='ocrx_word' id='word_1_547' title='bbox 1254 2570 1286 2596; x_wconf 79' lang='lat' dir='ltr'>M.</span> <span class='ocrx_word' id='word_1_548' title='bbox 1303 2569 1367 2605; x_wconf 64' lang='lat' dir='ltr'>legit</span> <span class='ocrx_word' id='word_1_549' title='bbox 1382 2578 1467 2604; x_wconf 76' lang='lat' dir='ltr'>qnam</span> <span class='ocrx_word' id='word_1_550' title='bbox 1486 2578 1532 2605; x_wconf 82' lang='lat' dir='ltr'>pro</span> <span class='ocrx_word' id='word_1_551' title='bbox 1548 2569 1618 2604; x_wconf 71' lang='lat' dir='ltr'>‹Jnin</span> <span class='ocrx_word' id='word_1_552' title='bbox 1634 2568 1727 2604; x_wconf 59' lang='lat' dir='ltr'>(nm).</span> 
     </span>
     <span class='ocr_line' id='line_1_101' title="bbox 1027 2614 1443 2650; baseline -0.007 -6"><span class='ocrx_word' id='word_1_553' title='bbox 1027 2616 1044 2643; x_wconf 79' lang='lat'>2</span> <span class='ocrx_word' id='word_1_554' title='bbox 1064 2616 1166 2644; x_wconf 84' lang='lat' dir='ltr'>Forsan</span> <span class='ocrx_word' id='word_1_555' title='bbox 1188 2616 1322 2649; x_wconf 68' lang='lat' dir='ltr'>cleleyccns</span> <span class='ocrx_word' id='word_1_556' title='bbox 1342 2615 1378 2650; x_wconf 80' lang='lat' dir='ltr'>(a.</span> <span class='ocrx_word' id='word_1_557' title='bbox 1396 2614 1443 2649; x_wconf 83' lang='grc' dir='ltr'>τ.).</span> 
     </span>
    </p>
   </div>
   <div class='ocr_carea' id='block_1_9' title="bbox 1628 204 1926 243">
    <p class='ocr_par' dir='ltr' id='par_1_15' title="bbox 1628 204 1926 243">
     <span class='ocr_line' id='line_1_102' title="bbox 1628 204 1926 243; baseline 0.023 -6"><span class='ocrx_word' id='word_1_558' title='bbox 1628 204 1693 239; x_wconf 76' lang='grc'>453</span> <span class='ocrx_word' id='word_1_559' title='bbox 1739 214 1790 242; x_wconf 80' lang='lat' dir='ltr'>An.</span> <span class='ocrx_word' id='word_1_560' title='bbox 1812 215 1842 243; x_wconf 85' lang='lat' dir='ltr'>c.</span> <span class='ocrx_word' id='word_1_561' title='bbox 1861 216 1926 243; x_wconf 81' lang='lat'><strong>¹738</strong></span> 
     </span>
    </p>
   </div>
   <div class='ocr_carea' id='block_1_10' title="bbox 991 2463 1922 2551">
    <p class='ocr_par' dir='ltr' id='par_1_16' title="bbox 991 2463 1922 2551">
     <span class='ocr_line' id='line_1_103' title="bbox 1776 2463 1922 2489; baseline 0.007 -7"><span class='ocrx_word' id='word_1_562' title='bbox 1776 2463 1805 2483; x_wconf 77' lang='lat' dir='ltr'>Do</span> <span class='ocrx_word' id='word_1_563' title='bbox 1828 2463 1922 2489; x_wconf 66' lang='lat' dir='ltr'>patribus</span> 
     </span>
     <span class='ocr_line' id='line_1_104' title="bbox 991 2491 1904 2551; baseline -0.001 -8"><span class='ocrx_word' id='word_1_564' title='bbox 991 2513 1078 2543; x_wconf 88' lang='lat' dir='ltr'>tionis</span> <span class='ocrx_word' id='word_1_565' title='bbox 1101 2512 1258 2542; x_wconf 81' lang='lat' dir='ltr'>Alexandri</span> <span class='ocrx_word' id='word_1_566' title='bbox 1288 2512 1382 2551; x_wconf 81' lang='lat' dir='ltr'>Papae</span> <span class='ocrx_word' id='word_1_567' title='bbox 1406 2511 1453 2541; x_wconf 75' lang='lat' dir='ltr'>vlt</span> <span class='ocrx_word' id='word_1_568' title='bbox 1486 2511 1653 2550; x_wconf 83' lang='lat' dir='ltr'>expeditum</span> <span class='ocrx_word' id='word_1_569' title='bbox 1682 2511 1728 2541; x_wconf 87' lang='lat' dir='ltr'>die</span> <span class='ocrx_word' id='word_1_570' title='bbox 1740 2491 1904 2543; x_wconf 57' lang='lat' dir='ltr'>32¹.‡&lt;‡&#39;s¹].&#39;1¹it12¹2‘.¹¹&#39;</span> 
     </span>
    </p>
   </div>
  </div>
 </body>
</html>
