2232 3178
209 223 258 250 An.
274 222 304 250 C.
327 223 393 252 1735

440 215 482 247 54

402 273 519 313 ciunt;
547 273 707 316 simulque
735 273 773 306 (le
799 272 835 305 iis
861 272 1033 305 certiorem
1067 272 1139 305 red-

403 325 479 358 dant
503 336 562 369 pro
590 331 733 369 tempore
755 325 945 358 existentem
968 325 1070 368 ipsius
1088 324 1140 357 Ca-

401 388 509 410 merae
535 378 790 411 commissarium
817 378 1023 420 generalem,
1050 377 1139 411 cuius

401 431 442 464 sit
467 431 661 474 investigare
688 436 719 464 ct
744 441 981 473 recognoscere
1012 441 1071 473 per
1106 440 1138 463 se

401 485 450 518 vol
477 486 556 519 alios
578 512 585 525 ,
618 495 657 517 an
695 485 793 517 iidem
831 484 1140 527 superintendentes

401 538 508 571 officio
533 548 590 571 suo
615 538 676 570 hac
701 538 732 570 in
771 542 861 581 parte
898 536 1138 577 satisfecerint3

401 591 516 634 quibus
542 601 601 633 pcr
626 590 730 623 dictos
748 590 1069 633 superintendentes,
1089 599 1139 622 no⁴

402 644 508 684 iai-ios,
529 654 585 676 seu
606 643 808 683 secretarios,
829 648 860 676 ct
877 642 1138 677 commissarium

967 223 1154 248 BULLARIUM
1179 222 1337 247 ROMANUM

1184 270 1215 303 in
1237 270 1370 303 minimo
1385 270 1597 310 moderanda,
1611 274 1664 303 aut
1681 279 1814 314 quoquo
1829 269 1925 302 modo

1182 323 1334 357 varianda
1360 330 1391 357 et
1411 323 1572 363 mutanda,
1591 323 1676 356 intra
1694 333 1833 367 quorum
1853 332 1925 364 pro-

1183 377 1257 410 inde
1273 376 1391 410 limites
1408 387 1482 409 suas
1499 376 1682 410 oblationes
1700 376 1926 420 perstringere

1183 429 1342 469 debeant,
1368 429 1480 462 scituri
1508 440 1543 462 ex
1571 440 1655 462 nune
1681 440 1739 473 pro
1765 434 1839 462 tunc
1860 434 1891 462 et
1909 439 1925 461 c

1182 489 1304 524 contra,
1331 484 1418 527 quod
1445 483 1576 517 Camera
1601 484 1726 527 prefata
1741 483 1780 516 ad
1799 493 1927 516 eorum-

1183 537 1256 570 dem
1282 537 1510 580 capitulorum,
1536 542 1703 580 pactorum
1730 541 1762 569 et
1786 545 1927 569 conven-

1184 589 1307 622 tionum
1334 589 1480 623 tramites
1498 599 1534 623 ae
1552 599 1699 622 normam
1721 599 1819 622 novas
1841 589 1927 621 loca-

1185 643 1289 676 tiones
1317 643 1379 676 erit
1405 643 1536 676 initura.

1228 696 1243 739 ξ
1267 696 1321 728 Μ.
1349 696 1494 740 Cumque
1519 697 1614 730 etiam
1643 701 1717 740 post
1749 695 1926 729 correctio-

1931 219 1982 247 An.
2005 219 2034 247 C.
2051 219 2119 247 ¹735

2008 703 2122 730 Singulas-

401 697 586 739 gcneralem
611 698 777 740 peractis,
805 697 899 730 facilc
921 696 1053 740 quidem
1079 696 1140 729 erit
1162 733 1164 744 Ι

401 750 433 782 in
459 761 533 783 casu
552 751 775 784 molestiarum
796 751 825 783 in
844 756 997 794 promptu
1016 749 1139 783 habere

400 815 436 836 ea
462 814 545 847 quae
570 804 609 837 ad
636 804 781 837 eiusdem
806 804 969 844 Gamerae,
990 804 1140 847 illiusque

400 857 534 898 iurium,
561 868 669 891 rerum
695 863 726 891 et
745 858 902 891 bonorum
917 857 1140 891 defensionem

401 921 437 944 ac
464 911 634 944 tuitionem
661 911 806 954 qualibet
832 911 1003 944 occasione
1040 910 1142 954 perti-

400 973 477 996 nere
505 969 649 1006 possunt.

1937 737 1977 757 que
1985 731 2120 751 difficultates

1185 760 1258 783 nem
1284 755 1316 783 et
1341 750 1605 784 reformationem
1643 750 1860 794 capitulorum
1897 753 2121 795 etsabmrieuxoms

1186 803 1378 837 tabellarum
1404 804 1609 845 huiusmodi,
1635 809 1731 848 atque
1757 802 1855 836 initos
1879 785 2048 834 itt-“dumm'

1186 862 1236 890 xta
1262 867 1375 890 eorum
1401 861 1545 892 tenorem
1578 869 1678 892 novos
1713 861 1897 891 contractus
1916 883 1925 897 ‚

1185 909 1293 953 aliqua
1317 921 1415 954 super
1439 911 1627 954 praemissis
1649 911 1689 944 ab
1707 912 1769 944 una
1786 910 1925 943 alterave

1185 968 1276 1006 parte
1316 963 1349 996 in
1388 963 1654 1007 Congregatione
1694 968 1925 1007 computorum

259 1023 323 1043 Pacta
344 1022 389 1043 assi-

205 1052 281 1073 rtuuni,
297 1050 390 1069 locatio-

205 1082 252 1096 num
278 1078 327 1099 etr..
342 1081 389 1096 cor-

205 1108 273 1127 rigere
293 1106 340 1125 etc..
356 1108 389 1123 re-

205 1129 305 1151 liminare.

444 1016 458 1059 ἓ
497 1016 549 1049 10.
589 1017 733 1060 Ipsorum
765 1028 897 1061 quoque
933 1017 1141 1060 superinten-

400 1070 545 1103 dentium
572 1071 700 1104 assidua
724 1081 824 1114 opera
850 1071 971 1104 versari
1002 1070 1143 1104 debeant

399 1122 430 1155 in
456 1123 659 1166 corrigendis
684 1134 720 1156 ac
745 1124 963 1157 reformandis
992 1124 1141 1167 capitulis

398 1187 454 1210 seu
478 1177 579 1221 pactis
606 1182 638 1210 et
661 1177 901 1210 conditionibus
927 1177 1139 1219 locationum,

398 1231 561 1264 affictuum
580 1231 808 1274 etappaltuum
823 1231 1034 1263 cameralium
1049 1241 1141 1274 prae·

398 1284 559 1325 satorum,
587 1289 619 1317 et
644 1283 772 1318 tabellis
798 1284 844 1318 eis
871 1284 996 1317 annecti
1022 1283 1138 1323 solitis,

400 1348 483 1381 quae
508 1337 555 1370 sic
579 1343 726 1370 correcta
752 1342 784 1371 et
809 1337 984 1371 reformata
1000 1364 1008 1378 ,
1041 1342 1140 1380 atque

400 1391 439 1424 ad
480 1390 623 1424 debitam
656 1391 926 1434 perspicuitatem
964 1396 995 1424 et
1025 1390 1141 1423 cohae—

400 1443 539 1477 rentiam
564 1444 714 1484 redacta,
740 1449 853 1477 mutuo
878 1444 961 1479 inter
985 1454 1040 1477 eos
1066 1454 1141 1477 con-

399 1496 472 1530 silio
497 1497 680 1541 expendere
705 1507 741 1530 ac
764 1497 901 1531 scrutari
939 1502 1112 1530 teneantur
1131 1524 1138 1538 ,

398 1560 438 1584 ne
471 1550 646 1594 aliquando
670 1551 841 1594 contingat
871 1556 906 1584 ut
941 1551 1084 1594 capitula
1108 1562 1142 1583 u-

398 1604 472 1637 nius
497 1605 667 1648 appaltus,
694 1604 819 1638 tametsi
851 1604 937 1637 inter
961 1614 997 1637 se
1023 1604 1141 1637 cohae-

398 1657 502 1691 rentia
526 1663 558 1692 et
581 1659 668 1691 clara
686 1685 693 1698 ,
718 1657 842 1702 aliquid
873 1663 982 1691 tamen
1019 1663 1140 1691 contra-

398 1711 482 1744 rium
497 1711 568 1744 aliis
583 1711 767 1755 appaltibus
784 1711 1000 1755 prescierant,
1019 1721 1056 1744 ex
1075 1721 1139 1754 quo

400 1765 487 1798 dicta
497 1764 629 1798 Camera
643 1765 830 1798 resectionis
846 1765 1138 1808 damnorum,quas

398 1818 541 1851 &estuari
565 1824 690 1858 vocant,
717 1818 834 1851 aliasve
861 1818 1072 1861 quaestiones
1091 1817 1139 1851 vel

400 1882 471 1905 cum
496 1872 600 1905 altero
625 1872 826 1905 conductore
851 1882 907 1905 seu
933 1872 1138 1915 appaltatore

401 1926 512 1959 subire
538 1930 690 1967 cogatur,
716 1925 797 1958 sicut
822 1925 945 1969 pluries
971 1930 1064 1958 antea
1089 1936 1140 1958 ac-

401 1979 518 2012 cidisse
544 1979 639 2012 nobis
663 1979 801 2012 relatum
827 1979 903 2018 suit;
930 1989 1031 2022 eaque
1057 1984 1139 2022 post·

401 2032 532 2065 modum
567 2031 739 2065 subiiciant
774 2032 911 2066 examini
949 2033 1138 2065 eorumdem

403 2085 599 2118 thesaurarii
628 2091 660 2118 et
691 2085 903 2119 commissarii
937 2084 1138 2128 generalium

401 2149 460 2182 pro
487 2144 635 2182 tempore
661 2138 882 2179 existentium,
903 2143 998 2182 atque
1020 2138 1075 2171 ubi
1100 2138 1139 2171 ab

402 2191 453 2225 his
471 2192 574 2226 revisa
592 2197 624 2224 ct
641 2192 821 2235 approbata
842 2191 976 2232 suerint,
998 2196 1071 2224 tunc
1089 2191 1140 2224 de-

401 2257 488 2279 mum
514 2245 687 2280 exhibeant
710 2245 741 2278 in
765 2246 844 2279 actis
867 2245 1005 2279 alicuius
1031 2256 1068 2279 ex
1088 2255 1140 2278 su-

1186 1019 1371 1060 nuncupata
1397 1017 1579 1058 difficultas,
1601 1027 1683 1061 quae
1711 1017 1852 1050 humana
1876 1026 1926 1049 so-

1185 1070 1277 1103 lertia
1295 1070 1477 1114 praevideri
1496 1071 1702 1115 nequiverat,
1719 1069 1852 1109 moveri,
1870 1078 1927 1102 no-

1184 1134 1286 1167 vaque
1313 1123 1386 1157 inde
1404 1124 1506 1157 litium
1524 1125 1654 1158 occasio
1669 1132 1838 1166 emergere
1853 1133 1928 1166 pos-

1185 1182 1256 1210 set:
1282 1177 1502 1220 unusquisque
1529 1187 1566 1210 ex
1593 1176 1687 1210 dictis
1720 1175 1928 1219 superinten-

1185 1230 1336 1264 dentibus
1363 1231 1394 1263 in
1422 1230 1535 1263 codice
1561 1240 1622 1274 pro
1648 1229 1831 1273 appaltibus
1847 1239 1926 1262 suae

1184 1294 1280 1317 curae
1302 1284 1484 1317 commissis
1500 1283 1637 1317 seorsim
1660 1282 1831 1316 retinendo
1857 1281 1928 1315 dili-

1183 1342 1300 1380 genter
1324 1337 1458 1370 adnotet
1482 1346 1519 1369 ac
1549 1337 1669 1370 reserat
1703 1345 1926 1380 quascumque

1184 1390 1395 1434 quaestiones
1421 1400 1458 1422 ac
1482 1389 1704 1430 difficultates,
1731 1399 1814 1433 quae
1828 1397 1929 1431 super

1184 1443 1320 1487 singulis
1345 1443 1528 1487 appaltibus
1552 1443 1584 1476 in
1609 1443 1752 1486 praefata
1784 1441 1928 1485 Congre-

1184 1497 1312 1540 gatione
1336 1502 1563 1540 computorum
1589 1497 1638 1530 vel
1664 1496 1739 1530 alibi
1758 1506 1817 1540 pro
1847 1501 1928 1528 tem-

1183 1560 1263 1593 pore
1289 1550 1445 1583 excitatae
1470 1554 1567 1593 atque
1592 1549 1758 1582 discussae
1783 1547 1927 1587 suerint,

1185 1609 1219 1636 ut
1243 1603 1275 1636 in
1300 1602 1493 1636 successivis
1519 1601 1785 1636 renovationibus
1799 1606 1928 1635 contra-

1183 1664 1291 1691 ctuum
1317 1667 1369 1691 eas
1395 1666 1472 1700 prae
1498 1656 1601 1690 oculis
1628 1655 1797 1695 habeant,
1822 1659 1854 1688 et
1888 1653 1929 1687 ad

1184 1722 1317 1751 novam,
1344 1711 1370 1744 si
1397 1720 1479 1754 opus
1505 1709 1626 1752 suerit,
1656 1709 1806 1753 ipsorum
1842 1708 1929 1752 capi-

1183 1764 1323 1798 tulorum
1349 1768 1382 1797 et
1403 1763 1597 1797 tabellarum
1615 1761 1879 1796 emendationem
1897 1766 1929 1795 et

1182 1818 1449 1851 reformationem
1475 1816 1628 1850 devenire
1653 1817 1788 1856 valeant,
1814 1815 1927 1859 sicque

1182 1872 1287 1906 omnis
1313 1871 1420 1905 aditus
1438 1870 1666 1915 praecludatur
1680 1869 1791 1903 litibus
1809 1873 1842 1902 et
1855 1878 1928 1901 con-

1183 1925 1347 1959 troversiis
1363 1952 1370 1966 ,
1398 1934 1480 1968 quae
1507 1934 1544 1957 ex
1569 1923 1673 1967 pactis
1691 1928 1723 1956 et
1740 1921 1929 1956 conventio-

1182 1979 1276 2012 nibus
1301 1979 1350 2012 vel
1374 1977 1460 2011 inter
1484 1987 1518 2010 se
1543 1975 1774 2020 pugnantibus,
1800 1976 1852 2009 vel
1870 1975 1929 2008 ob-

1182 2031 1400 2071 scurioribus,
1427 2041 1487 2064 nec
1512 2030 1590 2063 satis
1615 2030 1700 2063 clare
1737 2027 1898 2072 explicitis
1918 2054 1926 2069 ,

1182 2097 1247 2120 non
1274 2096 1347 2120 raro
1381 2085 1520 2118 antehac
1550 2094 1622 2117 cum
1657 2083 1744 2126 gravi
1781 2081 1928 2116 eiusdem

1181 2140 1336 2174 Gamerae
1362 2144 1394 2172 et
1418 2139 1659 2182 appaltatorum
1692 2135 1905 2170 incommodo
1922 2161 1930 2175 ,

1183 2193 1234 2228 cui
1261 2192 1394 2227 omnino
1419 2191 1551 2226 obviare
1576 2189 1780 2224 intendimus
1801 2217 1808 2231 ,
1836 2198 1930 2223 exur-

1183 2257 1259 2290 gere
1285 2250 1540 2280 consueverunt.

402 2298 556 2343 pradictis
582 2298 717 2332 notariis
737 2308 794 2332 seu
814 2298 1021 2332 secretariis:
1044 2298 1141 2341 idque
1228 2300 1243 2344 ἓ
1268 2298 1322 2332 w.
1350 2299 1396 2332 Ad
1424 2298 1524 2339 haec,
1551 2307 1616 2341 quo
1642 2296 1777 2330 nomina
1809 2295 2127 2350 deb510·m‡{:¹,⁰,'i{‚’g}„‚l;‡,;

403 2353 456 2386 liat
474 2356 546 2387 octo
564 2351 747 2394 mensibus,
766 2357 938 2396 antequam
965 2362 1066 2385 novae
1085 2352 1141 2385 ob·
1185 2364 1257 2386 rum
1282 2352 1383 2396 ipsius
1406 2350 1573 2392 Gamerae,
1599 2361 1686 2383 nunc
1711 2355 1742 2383 et
1766 2359 1826 2393 pro
1853 2354 1932 2382 tem·
1942 2345 2062 2376 debitorum
2087 2354 2130 2375 Ca-

403 2408 541 2441 lationes
566 2406 778 2450 recipiantur,
806 2406 845 2439 ad
871 2406 934 2439 hoc
959 2410 995 2438 ut
1020 2416 1079 2449 pro
1099 2406 1143 2438 su-

1185 2416 1267 2448 porc
1304 2403 1535 2445 existentium,
1575 2403 1693 2444 citius,
1728 2413 1824 2446 quam
1860 2381 2130 2435 fierifflersffilicss'ffgffiff

405 2462 484 2494 turis
510 2460 726 2495 locationibus
751 2459 882 2493 interim
907 2464 1079 2503 perspecta
1107 2469 1143 2492 ac

404 2514 573 2559 explorata
597 2513 662 2547 sint
686 2512 886 2548 oblatoribus
910 2512 1062 2556 capitula,
1090 2523 1145 2556 pa-

1942 2435 1982 2455 bus
1998 2434 2091 2456 tradere.

404 2574 455 2603 cta
478 2573 510 2602 et
534 2567 763 2602 conventiones
783 2593 790 2608 ,
818 2565 934 2610 quibus
957 2575 1009 2598 res
1038 2565 1145 2598 locan-

1187 2463 1311 2502 potest,
1336 2457 1562 2498 discutiantur,
1590 2456 1780 2500 exigantur,
1807 2454 1932 2488 debita-

1187 2521 1251 2554 que
1276 2510 1416 2555 pecunia
1432 2510 1472 2544 ad
1490 2510 1560 2544 eius
1578 2508 1812 2553 depositarium
1829 2517 1931 2551 genc-

405 2624 461 2658 das
486 2621 668 2657 conducere
688 2624 851 2667 poterunt,
868 2619 918 2654 vix
934 2628 1079 2663 unquam
1095 2619 1144 2653 vel

1187 2564 1288 2598 ralem
1312 2564 1492 2608 perveniat,
1507 2563 1818 2608 superintendentes
1840 2571 1932 2604 prae-

1189 2618 1244 2652 fati
1284 2619 1429 2662 quolibet
1467 2618 1620 2653 trimestri
1658 2617 1805 2661 geminos
1839 2615 1927 2650 indi-
