2232 3178
32 205 78 233 An.
97 203 126 231 C.
142 200 208 229 175³9

847 202 990 226 CLEMENS
1016 202 1062 226 XII
1086 203 1135 226 PP.

218 249 359 280 librorum
382 249 612 279 acatholicorum
636 249 817 284 detentores,
841 250 885 279 vel
908 250 956 279 de-

217 302 363 328 tentorum
386 298 528 332 conscios,
547 302 574 328 et
590 307 645 328 non
670 298 845 335 revelantes,
863 307 911 327 eos
927 298 955 327 in

217 346 395 385 provinciam
419 346 545 375 ferentes
568 350 595 376 et
619 346 814 383 intrudentes,
838 356 955 376 eorum-

217 403 272 433 que
294 394 503 431 auxiliatores,
527 395 660 424 conscios
684 400 711 424 et
733 395 890 434 participes
913 395 957 424 in-

216 443 334 482 quirere
356 447 443 481 atque
464 443 656 479 denuntiare,
679 443 800 472 verbum
824 443 954 472 divinum
977 466 979 476 ,

216 495 244 520 et
267 491 333 520 fidei
356 491 488 529 dogmata
511 491 606 520 ubivis
636 496 661 521 et
691 492 777 521 etiam
801 500 835 520 ex
858 492 957 521 cathe-
977 507 978 511 =

216 540 269 569 dra
285 540 339 578 (sic
359 543 455 568 tamen
472 544 503 569 ut
520 539 743 570 Ordinariorum
767 549 823 569 non
847 540 956 569 distur-

216 587 321 617 bentur
343 587 560 617 ecclesiasticae
585 588 763 626 functiones)
787 588 860 617 intra
885 588 955 626 ipsis

214 636 398 674 designatum
422 636 588 665 districtum
612 636 739 673 tradere,
757 637 799 665 sic
815 637 865 665 et¹
889 645 956 674 poe-

215 684 355 714 nitentiae
384 689 599 714 sacramentum
630 685 710 722 (sola.
739 684 858 723 dempta
887 694 956 714 con-

214 733 340 763 sessione
363 733 505 772 paschali,
523 733 547 762 si
564 733 694 763 locorum
718 733 854 762 curiones
878 733 954 763 ultra

213 791 272 812 non
295 782 462 820 annuant),
487 786 701 812 sacrosanctam
726 791 794 811 vero
817 781 956 811 Euchari-

213 831 299 860 stiam
323 831 351 860 in
377 830 494 870 proprio
525 830 570 860 vel
601 834 715 860 tantum
740 830 888 860 missionis
911 840 955 860 sa-

213 878 306 917 cello,
329 878 398 908 alibi
424 887 492 908 vero
515 887 572 907 non
605 878 661 908 nisi
684 887 770 917 quam
799 878 954 908 accedente

213 927 341 966 ipsorum
364 927 519 957 curionum
544 936 705 964 consensu,
730 927 952 966 administrare,

212 977 281 1006 item
305 976 400 1014 aegris
423 980 451 1006 et
474 976 656 1006 moribundis
672 977 807 1006 solatium
825 986 889 1006 cum
907 986 954 1006 an-

213 1025 283 1054 xilio
317 1025 504 1064 impendere,
535 1025 651 1064 aliaque
684 1034 823 1064 peragere
856 1025 952 1055 omnia

213 1083 287 1114 quae
310 1074 494 1103 individuum
518 1074 697 1104 missionarii
721 1074 872 1113 apostolici
892 1083 954 1103 mu-

213 1132 268 1153 nus
290 1123 391 1161 exigit,
416 1123 480 1152 iure
503 1123 673 1162 sepulturae
696 1123 789 1152 aliove
812 1132 952 1162 quocum-

213 1180 268 1210 que
292 1171 453 1210 parochiali
473 1180 589 1210 semper
610 1175 742 1210 excepto.

253 1228 280 1248 x.
305 1221 341 1249 Et
364 1219 432 1258 quia
455 1220 489 1249 de
512 1220 655 1258 religione
675 1219 749 1249 bene
768 1220 878 1260 sperari
895 1230 951 1249 non

212 1272 317 1308 potest,
341 1268 365 1297 si
388 1269 420 1306 ii,
438 1269 488 1308 qui
505 1269 706 1306 magistratum
723 1269 951 1298 ecclesiasticum

212 1316 257 1346 vel
278 1316 393 1346 civilem
414 1321 482 1346 sunt
505 1317 655 1355 assecuti,
680 1317 809 1346 moribus
831 1317 953 1347 scanda-

211 1365 265 1396 losi
289 1366 367 1401 sint,
391 1370 441 1396 aut
463 1366 542 1395 vitiis
565 1365 681 1405 publice
705 1370 825 1405 turpes3
851 1376 952 1406 eapro—

211 1419 275 1454 pter
299 1419 457 1444 teneantur
479 1414 589 1454 pariter
621 1415 651 1444 in
685 1415 773 1444 vitam
807 1421 835 1444 et
856 1424 952 1445 mores

210 1473 269 1494 non
292 1464 379 1494 modo
401 1463 584 1494 subditorum
604 1464 674 1503 ipsis
690 1464 785 1503 quoad
803 1464 951 1495 missionis

211 1513 407 1543 ministerium
432 1513 674 1551 commissorum,
699 1513 748 1543 sed
777 1517 805 1543 ct
833 1523 950 1551 eorum,

211 1561 318 1601 quibus
341 1561 397 1601 ipsi
421 1561 530 1591 subditi
554 1561 631 1592 intra
650 1562 835 1600 designatum
856 1563 952 1593 distri-

211 1614 290 1640 ctum
315 1619 366 1649 per
388 1610 590 1640 demandatam
624 1619 639 1639 a
666 1609 751 1639 nobis
775 1610 953 1641 iurisdictio-

210 1668 277 1688 ncm
300 1658 436 1696 subsunt,
460 1659 560 1689 sedulo
582 1659 747 1697 invigilare,
764 1659 888 1699 datoque
904 1660 953 1690 de-

211 1707 289 1738 fectu
320 1707 457 1746 religioni
486 1708 596 1737 directe
619 1708 662 1738 vel
686 1707 829 1738 indirecte
853 1709 951 1747 perni-

210 1756 299 1793 cioso,
317 1756 341 1785 si
364 1756 491 1786 fraterna
508 1756 668 1786 admonitio
684 1765 742 1786 non
759 1757 849 1795 tollat,
868 1757 951 1787 nobis

210 1809 239 1835 et
261 1804 481 1835 successoribus
504 1805 611 1835 nostris
627 1805 661 1835 ad
678 1805 810 1845 proprias
834 1806 951 1835 manus²

210 1854 336 1892 referre,
366 1855 402 1883 ea
434 1854 500 1893 ipsa,
531 1854 645 1884 ratione
678 1863 734 1893 qua
764 1863 779 1884 6
811 1863 950 1884 converso

210 1902 318 1932 nostris
340 1902 458 1932 decanis
481 1903 627 1933 ruralibus
659 1903 735 1933 serio
765 1903 951 1933 demandabi—

211 1961 276 1982 mus
312 1955 498 1991 perspectum
534 1951 661 1982 habendi
698 1961 733 1982 an
771 1952 950 1983 missionarii

209 2000 266 2040 ipsi
299 2000 447 2030 missionis
480 2000 595 2030 muneri
628 2000 725 2031 debite
760 2000 948 2040 incumbant,

210 2049 324 2088 hocque
347 2049 526 2088 adimpleant
541 2059 578 2079 ex
594 2058 669 2087 asse,
688 2049 795 2089 quidve
811 2049 949 2080 adversus

209 2097 262 2127 has
283 2100 399 2127 nostras
422 2097 511 2135 leges,
535 2098 719 2128 conditiones
740 2101 769 2128 et
785 2102 867 2138 pacta
884 2108 951 2138 ope-

209 2149 337 2183 rentur3
361 2146 438 2185 quod
460 2146 485 2176 si
507 2151 623 2186 praeter
655 2156 736 2186 spem
759 2156 874 2177 omnem
898 2157 949 2177 no-

209 2198 299 2224 stram
322 2194 452 2233 daretur,
476 2204 525 2225 eos
547 2195 581 2225 ad
604 2195 823 2235 adimplendum
850 2200 879 2226 et
904 2196 949 2226 his

210 2242 324 2281 legibus
358 2243 519 2282 parendum
552 2244 682 2274 fraterne
714 2249 874 2281 moneant3
899 2244 948 2274 ubi

209 2300 279 2321 vero
301 2300 354 2321 nec
378 2292 431 2321 bac
453 2292 501 2321 via
522 2292 654 2322 desectus
672 2293 824 2331 tollantur,
849 2297 876 2323 et
898 2293 949 2322 hos

209 2340 346 2370 similiter
368 2340 452 2370 nobis
482 2341 608 2371 habeant
637 2342 768 2378 reserre;
794 2342 949 2381 praecipue

210 2397 278 2418 vero
300 2388 445 2419 curabunt
474 2388 530 2428 ipsi
558 2389 736 2419 missionarii
759 2394 791 2420 ut
812 2390 949 2420 ecclesia-

243 2455 257 2481 1
279 2455 315 2482 Ut
338 2463 420 2490 supra
440 2455 466 2482 in
486 2455 537 2483 loc.
564 2455 658 2491 parall.
680 2464 741 2491 pag.
763 2455 814 2483 513
834 2465 867 2483 a:
889 2464 950 2492 pes-

209 2499 276 2526 sime
295 2499 359 2526 edit.
380 2499 460 2526 Main.
481 2499 547 2535 legit.
566 2500 629 2527 ticet
649 2508 696 2535 pro
715 2500 756 2528 sic
776 2503 802 2528 ec
821 2501 864 2535 (n.
880 2501 930 2532 τ.).

243 2544 259 2570 2
278 2543 364 2579 Supra
383 2540 443 2579 pa‘g.
465 2543 518 2572 513
537 2544 552 2571 b
572 2544 599 2572 in
619 2544 678 2572 loco
698 2544 828 2580 parallelo
853 2544 950 2579 legitur

208 2595 294 2617 aures
313 2589 354 2624 (rt.
369 2589 419 2624 τ.).

1003 251 1093 281 sticus
1124 255 1150 281 et
1179 250 1273 281 civilis
1302 252 1487 290 magistratus
1515 251 1673 281 concordes
1702 253 1743 281 vi-

1004 302 1083 336 vant,
1107 303 1207 339 utpote
1231 300 1291 339 qui,
1309 309 1374 329 cum
1398 309 1455 329 non
1479 300 1537 329 sint
1560 300 1615 329 duo
1639 300 1742 329 distin-

1001 352 1043 376 cta
1072 356 1209 387 corpora,
1240 348 1287 377 sed
1321 349 1407 378 nnius
1441 349 1571 387 corporis
1604 348 1739 377 distIncta

1001 396 1142 432 membra,
1166 397 1242 426 sicut
1265 397 1418 426 concordia
1442 406 1541 426 eorum
1573 397 1661 425 totius
1683 397 1740 426 rei-

1002 444 1135 482 publicae
1152 445 1236 474 unica
1255 449 1295 474 est
1314 446 1452 482 anchora,
1471 455 1525 484 qua
1544 445 1670 481 sublata,
1689 446 1741 475 ssu-

1001 496 1102 521 ctuant
1125 493 1234 530 omnia,
1259 497 1286 522 et
1310 494 1460 531 religionis
1482 498 1667 532 contemptus
1683 494 1742 523 ori-

1002 545 1058 578 tur,
1082 541 1123 569 sic
1146 550 1177 569 ea
1201 546 1313 570 servata
1335 546 1397 571 tuto
1420 543 1516 572 firmat
1539 547 1566 571 et
1589 543 1738 572 immotam

1000 589 1187 617 securitatem
1212 590 1367 627 promittit.

1041 646 1079 666 xi.
1103 637 1324 675 Ablegabuntur
1357 643 1512 678 eapropter
1534 649 1547 668 a
1569 644 1648 678 patre
1676 649 1740 678 pro-

1001 685 1131 719 vinciali,
1151 689 1178 714 et
1200 684 1286 714 nobis
1310 686 1588 725 praesentabuntur,
1608 688 1660 717 viri
1679 692 1738 716 tum

1000 733 1140 770 scientia,
1166 738 1225 763 tum
1260 739 1287 764 et
1319 735 1514 765 sanctimonia
1545 736 1620 765 vitae
1649 737 1737 771 clari,

999 781 1216 821 simplicitatem
1240 792 1305 812 cum
1331 784 1440 813 astutia
1473 785 1659 814 commixtam
1690 785 1740 814 lia-

999 830 1111 867 bentes‚
1125 831 1247 867 cordati,
1262 840 1391 870 sagaces,
1405 841 1507 870 graves
1524 837 1551 862 et
1568 834 1738 872 prudentes,

999 879 1028 908 in
1052 879 1195 918 polemica
1217 884 1245 909 et
1267 880 1297 910 in
1319 880 1364 910 his
1391 890 1465 920 quae
1495 886 1562 911 sunt
1597 882 1630 911 ad
1665 882 1739 912 bene

1000 928 1181 957 formandam
1216 929 1378 959 haereticae
1402 930 1551 969 pravitatis
1574 930 1740 970 inquisitio-

999 986 1064 1005 nem
1087 977 1268 1006 susticienter
1287 978 1405 1015 versati,
1424 978 1547 1013 robusti,
1565 984 1652 1018 atque
1675 989 1739 1017 gra-

1000 1026 1126 1054 vissimis
1149 1026 1296 1055 missionis
1320 1026 1469 1056 laboribus
1485 1028 1664 1057 sustinendis
1681 1029 1740 1058 ido-

999 1074 1045 1103 nei
1068 1079 1096 1104 et
1119 1074 1187 1113 apti,
1211 1075 1319 1113 quique
1342 1084 1405 1104 esse
1428 1076 1553 1106 debeant
1570 1077 1612 1106 vel
1636 1086 1649 1105 a
1674 1086 1739 1106 san-

998 1124 1045 1152 cta
1067 1122 1140 1152 Sede
1162 1123 1327 1161 Apostolica
1351 1123 1394 1152 vel
1424 1133 1438 1152 a
1470 1126 1553 1153 sacra
1576 1124 1738 1162 Congrega-

999 1170 1076 1200 tlone
1099 1170 1133 1200 de
1156 1170 1348 1209 propaganda
1370 1172 1439 1201 Fide
1455 1172 1627 1211 approbati,
1652 1173 1680 1202 id
1696 1178 1739 1202 est

998 1219 1170 1249 necessariis
1186 1220 1221 1249 ad
1238 1220 1391 1250 missiones
1408 1222 1581 1259 apostolicas
1598 1231 1737 1261 peragen-

997 1268 1047 1297 das
1071 1268 1232 1307 privilegiis
1254 1268 1392 1298 instructi
1409 1270 1428 1298 ¹.

1038 1325 1086 1346 xn.
1110 1316 1146 1346 Ut
1169 1326 1237 1346 vero
1260 1317 1376 1356 penitus
1399 1326 1412 1346 a
1430 1317 1554 1347 subditis
1573 1317 1738 1348 ministerio

996 1365 1144 1395 missionis
1166 1374 1266 1395 eornm
1284 1366 1448 1396 commissis
1464 1367 1523 1396 sint
1539 1367 1737 1406 independen-

996 1418 1048 1449 tes,
1073 1414 1195 1444 vetitum
1219 1414 1256 1444 sit
1279 1415 1474 1445 missionariis
1498 1425 1549 1455 pro
1565 1415 1737 1445 celebratio-

995 1473 1031 1493 ne
1053 1464 1208 1493 missarum
1231 1463 1444 1502 eleemosynam
1464 1464 1499 1494 ab
1517 1465 1575 1494 illis
1590 1465 1733 1504 accipere3

996 1513 1108 1551 possint
1131 1521 1200 1542 vero
1233 1521 1246 1541 a
1270 1513 1379 1542 curatis
1413 1517 1440 1543 et
1462 1514 1672 1544 decurionibus
1696 1514 1736 1544 1ο-

995 1570 1107 1599 corum,
1131 1561 1155 1590 si
1178 1562 1208 1590 hi
1224 1561 1281 1590 illis
1297 1561 1366 1591 dare
1383 1562 1488 1597 velint‚·
1504 1566 1532 1592 et
1547 1562 1737 1592 abstinebunt

995 1611 1116 1649 insuper
1138 1610 1173 1639 ab
1196 1610 1274 1639 omni
1298 1612 1443 1649 quaestua
1465 1621 1515 1641 seu
1533 1612 1689 1641 collectura
1706 1612 1735 1641 in

995 1659 1143 1698 praedicto
1166 1660 1237 1698 ipsis
1260 1659 1409 1697 designato
1433 1660 1566 1690 districtu
1601 1661 1669 1699 (hac
1692 1661 1736 1690 in-

995 1709 1077 1745 tegra.
1108 1708 1188 1745 illis,
1213 1708 1262 1746 qui
1295 1708 1435 1738 hactenus
1468 1709 1509 1738 eis
1543 1709 1571 1738 in
1600 1709 1671 1738 locis
1700 1710 1736 1738 ea

994 1757 1085 1794 gavisi
1107 1761 1186 1793 sunt,
1211 1757 1328 1796 penitus
1350 1759 1535 1795 remanente)
1561 1758 1689 1787 contenti
1705 1758 1734 1788 in

994 1806 1115 1836 Domino
1137 1807 1297 1836 esculentis
1324 1810 1351 1836 et
1380 1807 1543 1845 poculentis
1569 1807 1628 1836 illis
1661 1816 1735 1846 quae

996 1854 1034 1893 pii
1053 1854 1206 1892 largitores
1229 1854 1264 1884 ad
1288 1855 1407 1894 hospitii
1423 1855 1540 1885 ianuam
1559 1855 1646 1893 ultro,
1665 1855 1736 1885 libe-

994 1903 1095 1932 raliter
1116 1908 1144 1933 et
1168 1903 1341 1932 charitative
1364 1903 1534 1942 detulerint,
1553 1908 1580 1934 et
1602 1913 1654 1943 pro
1671 1904 1734 1943 qni-

993 1950 1059 1990 bus,
1084 1951 1107 1981 si
1129 1952 1166 1981 ita
1191 1951 1283 1981 visum
1306 1952 1404 1988 fuerit,
1428 1952 1571 1982 sacrificia
1596 1961 1734 1991 peragere

994 1999 1118 2038 possint3
1143 1999 1293 2038 signanter
1315 2004 1411 2030 antem
1431 2000 1576 2031 cavebunt
1592 2000 1627 2030 ab
1643 2000 1735 2030 omni-

993 2047 1047 2077 bus
1060 2048 1358 2079 commensationibus
1369 2058 1434 2078 cum
1449 2049 1506 2079 illis
1522 2050 1556 2079 de
1569 2049 1733 2088 saepedicto

993 2096 1035 2126 eis
1058 2097 1208 2135 designato
1228 2097 1375 2127 districtu.

1034 2154 1093 2175 xin.
1113 2145 1166 2175 Fas
1183 2145 1304 2185 insuper
1320 2155 1406 2185 saepe
1422 2147 1523 2177 relatis
1539 2147 1733 2177 missionariis

994 2194 1070 2223 baud
1093 2194 1130 2224 sit
1158 2194 1200 2224 eis
1222 2194 1406 2233 designatum
1440 2196 1538 2234 egredi
1569 2196 1733 2226 districtum

993 2253 1007 2272 a
1036 2242 1119 2272 nobis
1149 2242 1193 2272 vel
1223 2243 1443 2273 successoribus
1473 2245 1581 2274 nostris
1615 2244 1734 2284 praevia

992 2300 1051 2321 non
1069 2291 1189 2322 obtenta
1211 2291 1347 2328 licentia,
1372 2302 1457 2332 quain
1478 2297 1574 2322 tamen
1595 2302 1652 2322 non
1676 2293 1732 2322 nisi

992 2340 1028 2370 ob
1051 2349 1169 2378 gravem
1192 2349 1309 2370 causam
1333 2341 1374 2370 eis
1397 2350 1498 2370 sumus
1520 2341 1701 2379 denegaturi.

1032 2398 1089 2418 xiv.
1114 2389 1249 2419 Liberum
1284 2399 1299 2419 e
1321 2394 1421 2419 contra
1445 2389 1481 2419 sit
1511 2398 1626 2428 semper
1648 2389 1732 2419 nobis

992 2442 1020 2467 et
1041 2438 1261 2468 successoribus
1283 2438 1410 2477 nostris,
1435 2438 1489 2468 etsi
1518 2438 1656 2475 erigenda
1682 2439 1731 2468 (lo-

993 2497 1056 2517 mus
1069 2487 1244 2526 apostolicae
1261 2487 1407 2516 missionis
1425 2486 1510 2516 tinem
1529 2486 1731 2525 principaliter

1025 2545 1038 2570 1
1062 2545 1132 2571 Male
1151 2544 1216 2571 edit.
1243 2544 1321 2571 Μαίη.
1348 2544 1411 2579 legit
1440 2544 1581 2572 instructa
1609 2552 1656 2579 pro
1685 2545 1729 2570 ἰη-

991 2590 1093 2618 structi
1114 2590 1150 2625 (n.
1166 2590 1214 2623 τ.).

1642 193 1706 226 517
1752 202 1804 229 An.
1826 202 1855 229 c.
1873 204 1938 231 1739
