2232 3178
291 223 340 250 An.
360 222 387 250 c.
409 222 477 250 1739
523 212 587 247 558

482 282 584 315 usque
605 271 644 304 ad
663 272 786 304 obitum
815 276 888 303 tunc
906 270 937 302 in
955 270 1105 303 humanis
1125 281 1223 312 agen-

485 324 522 356 tis
543 323 699 356 Vincentii
727 323 904 355 Mouserrat
928 322 1030 356 ultimi
1053 323 1223 355 assessoris

485 377 647 418 generalis
664 376 797 409 militiae
816 376 854 409 de
872 376 1015 409 ltlontesa
1034 376 1221 409 huiusmodi

484 429 677 472 permansit.

1063 221 1246 246 BULLARIUM
1269 221 1427 245 ROMANUM
1454 221 1459 225 ⁴

1267 270 1403 303 iusmodi
1439 276 1501 303 tam
1534 271 1567 302 in
1600 271 1820 314 spiritualibus
1849 281 1944 314 quam
1971 271 2001 303 in

1266 323 1498 366 temporalibus
1535 324 1567 356 in
1593 330 1777 366 posterum,
1804 330 1902 367 prout
1927 324 2003 357 alia-

1266 387 1335 407 rum
1361 376 1627 419 primodictarum
1652 377 1683 409 S.
1703 377 1819 416 Iacobi,
1840 377 2004 410 Calatrava

1267 433 1298 461 et
1322 430 1494 462 Alcautara
1519 429 1721 467 militiarum,
1741 440 1812 462 cum
1837 440 1933 472 supra
1950 440 2003 462 ex-

2008 222 2060 250 Αη.
2083 223 2111 250 C.
2129 212 2232 256 17395ιὲ

316 494 343 513 ΑΡ
359 499 395 518 μη
412 499 470 522 mes
528 482 542 525 ἓ
566 481 597 514 02.
625 481 783 519 Quoniam
801 487 906 515 autem
926 483 1029 516 dictus
1052 483 1222 526 Philippus
1266 479 1386 521 pressis
1412 480 1663 519 conditionibus,
1689 481 1728 513 ad
1754 480 1874 513 dictum
1898 480 2005 512 consi·

289 520 470 591 ἷῖἶῖζζὟῖῘζΙἿῩηιῷὶ[Γ
484 545 548 574 rex,
568 540 725 577 exoptans
751 539 786 566 ut
812 534 897 568 dicta
921 535 1035 568 militia
1052 536 1087 568 Β.
1108 535 1221 568 Mariae
1266 531 1343 564 liUm
1369 532 1526 565 OsdlssUffl
1553 538 1711 575 SPGClssPO,
1737 538 1768 565 θῑ
1792 532 1831 565 ad
1857 532 1945 565 hunc
1962 532 2006 564 ΕΓ·

289 574 362 592 rulmri
377 579 405 591 iu-
418 580 437 591 «i
458 580 460 590 ι

290 573 522 622 iiiiiniiiiiiis¹ss·1'de
548 586 704 626 Mentesa,
731 592 794 620 tam
820 587 852 619 in
878 588 1101 631 spiritualibus
1128 599 1221 631 quam

290 626 372 645 b‘ww
391 626 462 646 'dud'
483 640 515 672 in
539 640 785 683 temporalibus,
799 646 896 683 prout
921 641 1000 674 aliae
1019 641 1222 684 supradictae

482 693 616 725 militiae
637 693 885 735 gubernentur¹‚
904 704 976 726 curn
995 694 1091 726 liuius
1118 700 1222 727 tamen

483 745 615 778 militiae
643 745 886 788 particularium
917 747 1141 779 definitionum
1168 748 1223 780 ol)-

483 799 643 831 servantia
669 799 701 831 in
726 804 915 842 posterum,
942 800 1083 833 extincto
1118 805 1222 833 tamen

486 851 574 884 illius
601 851 775 884 assessoris
802 852 962 894 generalis
986 852 1100 891 officio,
1127 853 1223 886 admi-

484 905 650 945 nistretur,
669 915 705 937 ae
722 910 854 947 propter
869 905 1090 938 reductionem
1108 916 1223 948 regno-

1268 585 1386 617 sectum
1412 584 1604 628 praedictis¹
1622 585 1698 618 Sixti
1717 596 1772 618 seu
1790 585 1926 618 aliorum
1943 585 2006 618 Ro-

1267 648 1434 670 manorum
1479 637 1672 670 Pontificum
1715 639 2006 681 praedecessorum
2210 671 2211 686 ἶ

1267 695 1452 723 nostrorum
1468 690 1757 723 constitutionibus
1770 690 1919 733 derogari
1934 691 2006 734 plu·
2207 690 2228 733 ἦ·

1266 743 1381 776 rimum
1404 743 1589 776 desiderat:
2225 732 2230 793 ⁸,

1310 797 1325 839 ᾗ
1349 796 1380 829 3.
1400 796 1499 829 Nobis
1512 802 1687 839 propterea
1702 797 1848 830 eiusdem
1862 797 2005 840 Philippi
2062 809 2088 841 ci
2103 810 2193 833 Pontifici
2212 800 2230 836 ²l

2016 838 2121 863 supplicat
2157 843 2193 863 pro
2223 843 2232 883 't

2225 889 2232 911 ι

1267 849 1352 892 regis
1368 850 1499 882 nomine
1522 849 1580 882 suit
1603 850 1771 883 humiliter
1787 850 2005 893 supplicatum
2016 864 2080 911 {inueiffi
2095 863 2195 917 affigi?

484 968 556 989 rum
582 958 761 1000 Aragoniae
798 964 828 990 et
864 958 1027 991 Valentiae
1064 958 1222 1001 gubernio

483 1009 651 1050 Castellae,
680 1016 713 1042 ut
737 1010 962 1053 praemittitur,
984 1011 1221 1044 administratio

482 1062 617 1095 militiae
636 1063 670 1095 B.
688 1062 805 1095 Mariae
821 1063 859 1096 de
873 1063 1017 1096 Montesa
1038 1064 1221 1096 huiusmodi

483 1115 575 1157 regio
601 1115 757 1148 Ordinum
783 1116 930 1156 consilio,
948 1122 1043 1159 prout
1063 1116 1145 1149 aliae
1170 1127 1223 1148 su-

483 1168 648 1211 pradictae
665 1168 800 1202 militiae
819 1170 968 1209 existunt,
988 1174 1052 1202 tam
1070 1169 1103 1202 in
1128 1170 1224 1213 spiri-

483 1221 624 1253 tualibus
650 1232 746 1264 quam
765 1222 796 1253 in
818 1222 1062 1265 temporalibus,
1080 1227 1144 1254 tum
1162 1233 1223 1266 pro

485 1273 637 1307 decisone
663 1284 832 1307 causarum
850 1275 889 1307 ad
908 1275 1055 1308 eamdem
1074 1275 1223 1308 militiam

484 1327 711 1368 spectantium,
739 1332 805 1359 tum
830 1338 890 1370 pro
915 1327 1010 1360 modo
1035 1327 1223 1360 nominandi

485 1378 718 1420 informantes,
745 1390 781 1412 ac
818 1381 949 1413 videndi
985 1386 1017 1413 et
1052 1381 1224 1414 decidendi

485 1432 698 1474 probationes
723 1432 859 1465 militiae
880 1432 1075 1472 huiusmodi,
1095 1443 1224 1466 necnon

485 1485 661 1518 mandandi
693 1496 753 1528 pro
779 1486 913 1529 reliquis
938 1486 1200 1520 ordinationibus
1216 1513 1223 1527 ,

486 1547 565 1580 quas
591 1538 696 1571 dictus
722 1538 895 1582 Philippus
919 1549 975 1572 rex
1001 1539 1154 1582 expedire
1179 1539 1226 1571 iu—

487 1589 663 1631 dicaverit,
688 1592 836 1624 absolute
863 1592 1011 1625 subiecta
1036 1597 1222 1632 remaneat,

487 1647 518 1676 et
543 1644 575 1676 in
601 1644 730 1678 civitate
747 1644 911 1678 Valentiae
937 1646 1080 1678 tribunal
1104 1647 1226 1679 locum-

486 1696 630 1729 tenentis
659 1697 821 1739 generalis
847 1698 953 1731 dictae
978 1697 1126 1738 militiae,
1152 1708 1225 1730 cum

488 1749 644 1792 qualitate
675 1750 837 1783 substituti
870 1761 928 1784 seu
953 1750 1169 1794 dependentis
1194 1752 1226 1784 in

489 1802 641 1836 omnibus
667 1808 698 1836 et
722 1814 780 1847 per
805 1805 915 1837 onmia
940 1804 1016 1837 dicti
1043 1804 1125 1847 regii
1150 1815 1227 1837 con-

489 1856 552 1889 silii
567 1856 733 1898 Ordinum,
748 1868 820 1890 cum
835 1857 1042 1890 observanti-21
1055 1858 1144 1891 illius
1157 1868 1228 1901 par-

490 1909 675 1943 ticularium
701 1910 944 1950 definitionum,
969 1911 1052 1944 sicut
1075 1911 1229 1954 praemit-

490 1962 580 2003 titur,
596 1973 766 1997 remanere
792 1964 925 2003 debeat,
942 1975 1014 1996 cum
1040 1964 1228 1997 conditione

490 2016 578 2058 quod
604 2017 796 2059 praesidens
831 2027 888 2050 seu
924 2017 1123 2060 gubernator
1147 2017 1228 2061 regii

490 2068 619 2102 consilii
644 2068 801 2102 Ordinum
839 2069 1025 2103 huiusmodi
1059 2070 1146 2103 inter
1170 2070 1230 2103 mi-

490 2122 612 2155 nistros
637 2121 732 2155 dicti²
749 2123 875 2156 consilii
894 2123 1036 2166 aliquem
1062 2134 1099 2156 ex
1125 2124 1230 2156 fratri-

491 2175 551 2207 bus
575 2175 733 2208 militibus
750 2186 903 2219 expresse
923 2177 1075 2219 professis
1096 2176 1229 2211 militiae

493 2228 688 2268 huiusmodi,
714 2229 767 2271 qui
794 2229 880 2262 dicto
902 2230 1039 2262 consilio
1064 2230 1175 2273 regis³
1199 2236 1231 2263 et

492 2281 634 2324 negotiis
660 2282 692 2314 in
714 2293 752 2315 eo
779 2282 955 2316 tractandis
980 2282 1166 2316 necessario
1182 2283 1231 2316 in-

495 2335 621 2375 tersint,
634 2345 763 2378 semper
780 2335 1015 2369 admittendum
1036 2341 1067 2369 et
1086 2335 1230 2373 retinen-

494 2390 571 2421 dum
596 2394 703 2429 curet·,
722 2388 859 2432 proinde
881 2389 949 2432 ipse
967 2389 1138 2433 Philippus
1163 2400 1229 2431 rex,

494 2442 636 2475 officium
657 2442 828 2475 assessoris
846 2442 1006 2485 generalis
1022 2442 1155 2476 militiae
1171 2443 1231 2476 hu-

531 2523 542 2549 1
566 2521 657 2549 Potius
676 2522 734 2557 lege
753 2522 954 2557 gubernantur
971 2523 1012 2556 (a.
1027 2523 1076 2556 Τ.).

530 2566 546 2591 2
567 2565 637 2592 Edit.
657 2565 736 2593 Maia.
759 2566 823 2601 legit
842 2567 917 2594 dicto
937 2566 977 2602 (n.
994 2567 1042 2601 T.)-

532 2609 547 2636 3
567 2609 660 2644 Aptius
680 2610 738 2646 lege
757 2611 836 2645 reyio
855 2611 955 2646 (8.1),

1266 908 1300 935 ut
1325 903 1357 935 in
1388 902 1576 946 praemissis
1601 908 1785 946 opportune
1809 903 2083 947 providere‚uone.

1267 961 1297 988 et
1313 961 1349 988 ut
1364 956 1447 988 infra
1464 956 1635 999 indulgere
1654 957 1693 989 de
1711 957 1912 999 benignitate
1928 967 2006 1001 apo-

1266 1009 1382 1042 stolica
1408 1008 1629 1051 dignaremur.

1310 1061 1324 1104 ἓ
1347 1061 1379 1094 4.
1398 1061 1462 1094 Nos
1486 1061 1594 1104 igitur,
1612 1062 1674 1105 piis
1699 1062 1844 1096 eiusdem
1863 1061 2195 1124 p¹¹¹¹³PPipP5ss³s²⁵32⁰⁰⁸st
2228 1067 2232 1094 -ἷ

2036 1110 2046 1124 ⁰
2089 1110 2099 1124 θ
2115 1117 2120 1123 ι

1267 1115 1350 1158 regis
1368 1115 1449 1148 votis
1475 1115 1536 1148 hac
1559 1115 1592 1148 in
1618 1126 1664 1155 re,
1682 1121 1838 1158 quantum
1860 1127 1930 1149 cum
1948 1117 2008 1149 Do-

1266 1168 1355 1201 mino
1381 1178 1565 1211 possumus,
1586 1169 1727 1211 benigne
1753 1171 1933 1211 consulere,
1959 1169 2006 1212 ip-

1266 1231 1402 1264 sumque
1443 1220 1629 1264 Philippum
1668 1232 1777 1263 regem
1813 1222 2006 1265 specialibus

1267 1275 1428 1308 favoribus
1460 1279 1493 1307 et
1525 1275 1634 1317 gratiis
1664 1276 1819 1319 prosequi
1844 1276 2007 1315 volentes,

1268 1327 1454 1361 huiusmodi
1479 1328 1773 1371 supplicationibus
1799 1328 2007 1369 inclinati‚de

1266 1381 1499 1414 venerabilium
1515 1382 1648 1414 fratrum
1662 1386 1848 1414 nostrorum
1865 1381 1895 1415 S.
1917 1382 1954 1414 R.
1970 1381 2005 1414 E.

1268 1434 1481 1466 cardinalium
1506 1433 1640 1467 Concilii
1658 1433 1837 1466 Tridentini
1855 1434 2010 1478 interpre-

1269 1492 1349 1527 tum,
1376 1487 1415 1519 ad
1441 1497 1522 1530 quos
1548 1487 1727 1530 supplicem
1752 1487 1900 1520 libellum
1915 1487 2009 1520 nobis

1269 1545 1451 1583 porrectum
1475 1539 1672 1580 remisimus,
1698 1541 1753 1583 qui
1768 1545 1877 1573 votum
1899 1539 2009 1573 dilecti

1270 1592 1325 1625 [ilii
1350 1592 1453 1626 nostri
1478 1592 1629 1626 Ludovici
1655 1592 1686 1626 S.
1711 1593 1748 1625 R.
1772 1593 1807 1625 E.
1824 1592 2009 1636 praedictae

1270 1645 1452 1690 presbyteri
1471 1645 1646 1679 cardinalis
1663 1646 1796 1688 Belluga
1821 1646 2010 1689 nuncupati,

1270 1699 1308 1731 ad
1322 1699 1507 1732 huiusmodi
1523 1698 1695 1741 negocium
1707 1698 1955 1731 examinandum
1970 1700 2008 1732 ab

1270 1751 1392 1784 eisdem
1410 1751 1630 1784 cardinalibus
1649 1751 1808 1794 deputati,
1830 1752 2011 1794 perpende-

1271 1809 1357 1844 runt,
1379 1803 1528 1843 consilio,
1553 1803 1693 1837 officium
1720 1809 1932 1837 assessoratus
1957 1814 2011 1847 ge-

1271 1857 1393 1890 neralis
1418 1857 1552 1890 militiae
1578 1857 1612 1890 B.
1639 1857 1754 1890 Mariae
1781 1857 1820 1890 de
1845 1857 2009 1898 Montesa‚

1272 1920 1343 1943 eum
1362 1909 1513 1942 omnibus
1528 1915 1560 1942 ct
1573 1910 1709 1952 singulis
1723 1909 1939 1952 facultatibus,
1958 1921 2011 1943 au-

1272 1962 1435 2003 ctoritate,
1461 1963 1747 2006 praeeminentiis,
1766 1962 2009 2004 iurisdictione,

1273 2015 1518 2059 dependentiis,
1543 2016 1675 2049 annexis
1711 2020 1741 2049 et
1773 2016 1944 2056 connexis,
1971 2017 2010 2050 ad

1272 2067 1420 2101 effectum
1452 2068 1672 2111 praesentium
1707 2069 1951 2112 spectantibus,
1978 2074 2011 2102 et

1272 2120 1488 2164 pertinentiis,
1505 2121 1620 2164 quibus
1638 2132 1820 2155 assessores
1838 2123 2010 2165 generales

1272 2184 1331 2217 pro
1358 2180 1506 2217 tempore
1532 2174 1708 2208 existentes
1735 2175 1870 2208 militiae
1901 2175 2012 2209 huius·

1272 2228 1359 2260 modi
1377 2233 1449 2262 ante
1468 2228 1612 2271 deputati
1631 2227 1699 2260 usi2
1715 2228 1856 2269 fuerunt,
1877 2229 2011 2262 auctori·

1274 2285 1336 2314 tate
1353 2281 1542 2325 apostolica,
1557 2287 1667 2314 tenore
1688 2282 1919 2324 praesentium,
1937 2282 2012 2315 aho-

1273 2335 1599 2375 lemus,1·evocamUS‚
1614 2345 1792 2376 cassamus,
1808 2335 1968 2368 irritamus
1982 2340 2014 2368 et

1274 2388 1499 2427 annullamus,
1525 2387 1715 2431 viribusque
1752 2394 1783 2421 et
1819 2387 1934 2422 effectu
1959 2399 2013 2432 pe-

1273 2441 1360 2473 nitus
1388 2446 1419 2474 et
1444 2441 1579 2474 omnino
1599 2441 1798 2484 vacuamus⁸‚
1817 2452 1853 2475 ac
1870 2452 1907 2474 ex
1925 2451 2012 2475 nunc

1310 2522 1321 2547 1
1344 2520 1414 2548 Edit.
1436 2521 1518 2549 Main.
1540 2521 1604 2556 legit
1619 2522 1790 2556 praedictae
1810 2523 1849 2557 (n.
1865 2522 1915 2556 T.).

1307 2565 1324 2591 2
1343 2565 1409 2593 Male
1430 2565 1497 2593 edit.
1518 2565 1598 2592 ttiain.
1618 2564 1684 2600 legit
1702 2566 1747 2593 uti
1766 2574 1816 2600 pro
1836 2566 1882 2593 usi
1901 2568 1940 2601 (n.
1961 2565 2010 2600 Τ.).

1309 2610 1324 2637 3
1344 2609 1414 2637 Edit.
1435 2609 1515 2638 Μαίη.
1536 2610 1600 2645 legit
1618 2615 1756 2638 vacamus
1773 2612 1814 2646 (n.
1832 2610 1882 2645 Τ.).
