2232 3178
27 215 73 242 An.
90 211 119 240 C.
141 210 208 249 1736

29 2136 146 2165 Praesentis
160 2142 208 2158 con·

29 2164 140 2185 stitutionis
175 2165 208 2185 nr-

29 2189 86 2211 mtta=
91 2205 97 2211 .

826 211 971 236 CLEMENS
996 212 1013 236 X
1021 212 1043 236 11
1069 213 1119 237 PP.

213 259 303 293 ribus
329 263 361 292 et
384 259 507 301 gratiiis
533 259 686 303 prosequi
722 260 868 293 volentes
887 287 894 300 ,
926 265 957 293 et

215 324 329 348 eorum
353 313 535 355 singulares
561 324 721 357 personas
747 324 764 345 a
787 314 956 356 quibusvis

214 366 570 405 excommunicationi&
599 367 829 409 suspensionis
854 372 885 398 et
910 368 957 399 in-

216 419 356 459 terdicti,
373 419 508 463 aliisque
527 419 755 452 ecclesiasticis
773 420 957 459 sententiis,

214 473 362 507 censuris
383 479 414 505 et
432 472 559 515 poenis,
581 483 597 504 a
612 473 681 505 iure
696 473 746 505 vel
762 472 800 504 ab
814 472 956 511 bomine,

214 526 325 570 quavis
342 526 513 558 occasione
529 527 579 558 vel
592 527 688 558 causa
704 524 786 564 latis,
800 525 824 557 si
843 525 958 567 quibus

214 578 462 623 quomodolibet
484 578 658 611 innodatae
684 578 835 617 existunt,
855 578 892 610 ad
914 578 958 610 et*-

214 634 332 667 sectum
344 631 562 675 praesentium
575 631 741 664 dumtaxat
759 641 959 674 consequen-

214 686 298 725 dum,
320 686 435 718 barum
453 685 535 717 serie
554 685 762 717 absolventes
783 689 814 716 et
832 684 959 716 absolu-

215 746 281 774 tum
300 741 368 772 sore
390 738 781 778 censentes,huiusmodi
801 738 961 781 supplica·

214 794 356 828 tionibus
375 793 532 832 inclinati,
547 792 852 825 confraternitatem
868 802 961 835 prae-

215 848 332 881 dictam
362 847 395 879 in
431 846 855 885 arcliiconsraternitatem,
885 849 983 878 cum*

215 900 367 934 omnibus
393 904 425 932 et
449 898 584 941 singulis
616 898 854 942 praerogativis
873 925 880 938 ‚
912 898 961 930 iu-

216 954 325 993 ribus,
352 953 535 986 honoribus
561 957 593 984 et
618 951 886 994 praeeminentiis
912 962 960 984 so-

214 1007 281 1040 litis
307 1011 339 1038 et
363 1005 553 1043 consuetis,
579 1005 773 1038 auctoritate
799 1005 959 1047 praefata,

215 1066 331 1094 tenore
370 1059 620 1103 praesentium,
658 1059 727 1091 sine
768 1059 959 1101 cuiusquam

214 1112 433 1158 praeiudicio,
457 1117 619 1155 perpetuo
640 1112 794 1154 erigimus
817 1117 848 1143 ct
873 1112 960 1144 insti-

215 1167 347 1200 tuimus.
376 1167 420 1198 Ac
439 1164 811 1198 archiconfraternitatis
829 1164 874 1196 sic
893 1175 961 1197 ere-

215 1227 286 1255 ctae
313 1220 505 1254 officialibus
525 1225 555 1252 et
574 1218 791 1252 confratribus
809 1228 960 1261 praesen-

215 1275 302 1308 tibus
324 1279 356 1307 et
369 1273 495 1312 suturis,
513 1278 547 1305 ut
565 1271 627 1315 ipsi
646 1272 724 1305 alias
739 1282 959 1315 quascumque

215 1326 500 1361 confraternitates
526 1325 673 1358 eiusdem
699 1325 848 1366 instituti,
871 1330 960 1358 extra

216 1381 335 1414 Urbem
362 1379 558 1423 praedictam
585 1379 780 1421 ubicumque
814 1379 960 1411 locorum

216 1434 413 1473 existentes,
440 1433 546 1466 eidem
571 1431 928 1465 arcliiconfraternitati
952 1458 958 1471 ,

216 1489 340 1521 servata
366 1492 474 1519 tamen
500 1486 601 1519 forma
620 1485 824 1528 supradictae
843 1485 962 1518 consti-

216 1540 348 1574 tutionis
364 1539 540 1573 Clementis
558 1538 833 1582 praedecessoris
850 1548 962 1580 aggre-

216 1604 309 1638 gare,
337 1593 468 1636 illisque
495 1602 608 1625 ornnes
635 1597 665 1624 et
690 1591 834 1634 singulas
857 1591 962 1623 indul-

217 1647 340 1691 gentias
374 1651 405 1679 et
437 1652 642 1689 peccatorum
669 1645 880 1678 remissiones
926 1656 961 1678 ac

216 1700 495 1746 poenitentiarum
522 1699 762 1737 relaxationes,
789 1698 849 1741 ipsi
877 1709 958 1731 con-

218 1753 412 1788 fraternitati
439 1753 486 1786 sic
512 1753 543 1785 in
570 1751 960 1785 arcliiconsraternitatem

217 1819 235 1842 a
259 1807 354 1841 nobis
380 1812 509 1840 erectae
535 1817 552 1839 a
577 1806 660 1839 Sede
686 1806 961 1848 Apostolicacon-

217 1871 320 1894 cessas
338 1870 374 1893 ac
395 1859 691 1899 communicabileS,
713 1864 746 1891 ut
764 1858 959 1902 praefertur,

218 1914 368 1948 similiter
393 1913 636 1946 communicare
667 1912 770 1945 libere
808 1918 838 1944 et
874 1912 960 1944 licite

217 1967 345 2011 possint
371 1972 403 2000 et
428 1968 563 2006 valcant,
585 1965 776 1998 auctoritate
795 1971 826 1998 et
845 1970 959 1997 tenore

217 2020 388 2064 praefatis,
414 2020 525 2052 itidem
563 2024 724 2063 perpetuo
751 2018 960 2051 concedimus

219 2080 252 2108 et
275 2074 498 2116 indulgemus.

262 2128 277 2171 5
301 2127 334 2161 3.
361 2127 590 2167 Decet-nentes,
613 2126 744 2159 easdem
772 2130 961 2169 praesentes

218 2179 346 2214 litteras
372 2189 502 2223 semper
527 2180 656 2220 tii-mas,
681 2179 803 2212 validas
836 2185 867 2212 et
895 2180 962 2212 effi-

220 2243 313 2266 caces
333 2233 473 2266 existere
492 2238 524 2265 et
541 2233 620 2273 sore,
635 2243 776 2275 suosque
795 2232 960 2276 plenarios

220 2292 251 2320 et
271 2286 416 2329 integros
443 2285 573 2318 effectus
607 2286 714 2318 sortiri
744 2292 775 2318 et
801 2286 961 2326 obtinere,

219 2351 257 2373 ac
281 2339 365 2379 illis,
400 2339 437 2371 ad
464 2349 546 2382 quos
571 2344 697 2381 spectat
732 2343 762 2372 et
798 2350 855 2382 pro
884 2346 962 2372 tem-

219 2403 300 2437 pore
318 2392 591 2436 quandocumque
612 2393 788 2436 spectabit,
808 2393 839 2424 in
859 2393 962 2425 omni·

219 2446 279 2479 bus
302 2452 333 2478 et
358 2455 416 2488 per
441 2444 549 2478 omnia
567 2445 755 2487 plenissime
777 2444 960 2488 sull'ragari,

219 2499 333 2543 sicque
362 2499 394 2531 in
427 2499 619 2542 praemissis
646 2509 703 2542 per
737 2510 962 2543 quoscumque

219 2552 343 2586 iudices
373 2552 557 2585 ordinarios
583 2558 615 2585 ct
647 2553 813 2595 delegatos
833 2579 840 2592 ,
866 2553 963 2586 ctiam

220 2617 392 2641 causarum
428 2606 538 2651 palatii
565 2607 740 2650 apostolici
767 2606 931 2640 auditores
953 2634 960 2648 ,

1000 261 1138 295 iudicari
1168 268 1199 296 et
1228 263 1356 296 definiri
1383 263 1523 303 debere,
1551 275 1587 296 ac
1617 264 1742 296 irritum

1001 320 1032 347 et
1054 315 1150 348 inane
1175 316 1201 348 si
1222 327 1314 349 secus
1340 327 1435 360 super
1461 317 1511 350 liis
1537 327 1554 349 a
1579 327 1742 360 quoquam

1001 369 1111 411 quavis
1136 369 1336 409 auctoritate,
1355 371 1497 403 scienter
1523 371 1571 403 vel
1597 370 1743 412 ignoran-

1002 428 1050 454 ter
1069 448 1076 460 ‚
1105 422 1281 464 contigerit
1305 424 1472 457 attentari.

1046 476 1060 517 ἓ
1085 476 1117 508 4.
1140 475 1209 508 Non
1230 477 1435 509 obstantibus
1455 477 1741 510 constitutionibus

1003 534 1034 561 et
1061 528 1321 562 ordinationibus
1348 531 1556 572 apostolicis,
1582 541 1637 570 ac,
1664 523 1777 573 qua-‘U
1795 517 1837 534 Μ

1005 587 1096 615 tenus
1123 593 1204 626 opus
1237 584 1294 623 sit,
1329 584 1531 627 supradictae
1565 585 1742 617 confrater-

1004 635 1130 675 nitatis,
1166 637 1278 669 aliisve
1315 637 1499 680 quibusvis,
1532 638 1628 670 ctiam
1661 637 1743 670 iura-

1005 695 1140 730 mento,
1178 689 1421 723 confirmatione
1458 692 1657 735 apostolica,
1693 693 1742 724 vel

1005 742 1117 785 quavis
1143 742 1292 776 firmitate
1319 743 1379 776 alia
1406 744 1588 782 roboratis,
1616 745 1743 776 statutis

1005 801 1037 828 et
1062 796 1374 835 consuettulinilms,
1401 797 1578 839 privilegiis
1604 807 1744 840 quoque,

1006 849 1140 881 indultis
1167 854 1198 881 et
1222 849 1339 882 litteris
1357 850 1544 893 apostolicis
1564 850 1596 882 in
1618 855 1746 882 contra-

1006 903 1087 934 rium
1113 903 1367 945 praemissormn
1395 903 1642 946 quomodolibet
1668 913 1745 935 con-

1005 955 1113 995 cessis,
1141 955 1339 988 conlirmatis
1367 962 1397 988 et
1424 956 1599 996 innovatis,
1626 956 1745 999 quibus

982 1009 1157 1055 ,omnibus
1195 1014 1226 1041 et
1262 1009 1415 1051 singulis,
1448 1009 1579 1042 illorum
1617 1015 1745 1042 tenores

1005 1062 1233 1106 praesentibus
1265 1073 1323 1105 pro
1356 1063 1452 1105 plene
1484 1068 1515 1094 et
1545 1062 1746 1095 sufficienter

1005 1115 1166 1158 expressis
1198 1125 1234 1147 ac
1264 1116 1303 1148 de
1335 1116 1434 1147 verbo
1469 1116 1506 1147 ad
1538 1115 1671 1147 verbum
1698 1115 1745 1147 in-

1004 1169 1098 1201 sertis
1125 1169 1291 1207 babentes,
1312 1168 1376 1201 illis
1402 1167 1481 1201 alias
1508 1168 1540 1199 in
1567 1178 1625 1201 suo
1652 1169 1745 1200 robo-

1005 1233 1038 1255 re
1066 1222 1299 1266 permansuris,
1324 1222 1362 1254 ad
1389 1221 1643 1264 praemissorum
1670 1221 1747 1254 ell'c-

1005 1281 1102 1315 ctum,
1126 1275 1186 1308 bac
1211 1275 1277 1307 vice
1304 1275 1482 1315 dumtaxat,
1508 1274 1694 1317 specialiter
1716 1280 1747 1307 ct

1006 1340 1160 1373 expresse
1183 1329 1392 1371 derogamus;
1414 1328 1598 1371 ceterisque
1620 1333 1747 1361 contra-

1005 1383 1061 1415 riis
1087 1383 1361 1426 quibuscumque.

1049 1437 1163 1469 Datum
1194 1436 1333 1475 Romae,
1348 1436 1432 1479 apud
1452 1436 1483 1469 S.
1506 1435 1637 1469 Mariam
1652 1436 1749 1469 Maio-

1007 1500 1087 1530 rem,
1113 1490 1173 1522 sub
1199 1491 1320 1522 annulo
1351 1489 1535 1530 Piscatoris,
1559 1490 1610 1522 die
1632 1500 1640 1523 1
1667 1489 1745 1522 iunii

1005 1553 1205 1583 unccxxxv1,
1229 1542 1436 1585 pontificatus
1468 1542 1569 1575 nostri
1600 1553 1683 1575 anno
1702 1553 1744 1575 vi.

1041 1606 1099 1632 Dat.
1122 1605 1164 1632 die
1187 1607 1194 1632 1
1221 1606 1288 1632 iunii
1312 1605 1395 1636 1736,
1417 1605 1511 1639 pontif.
1535 1613 1606 1631 anno
1627 1611 1662 1631 vt.

1282 1750 1465 1783 cmlxxiii.

1005 1822 1208 1866 Approbalio
1234 1826 1261 1854 et
1279 1821 1455 1863 ralificalio
1472 1822 1649 1855 sentcntiae
1666 1831 1748 1854 com-

1049 1876 1279 1908 missariorum
1315 1874 1565 1918 apostolicorum
1601 1879 1629 1907 et
1664 1875 1748 1917 reqz's

1049 1929 1316 1962 chrislimzissimi
1337 1929 1388 1961 cli'e
1412 1939 1481 1962 xxtx
1501 1929 1582 1961 maii
1605 1929 1749 1971 proximi

1049 1983 1198 2026 preteriti
1225 1983 1310 2015 latae
1335 1993 1431 2025 super
1454 1981 1652 2025 quibusdam
1677 1992 1749 2014 cotz-

1051 2037 1214 2069 troversiis
1228 2036 1355 2068 civitati
1368 2035 1649 2078 Cuvullicensipro
1658 2041 1749 2078 parte

1050 2090 1288 2122 nonnullorum
1299 2089 1501 2121 subditorum
1516 2088 1654 2121 eiusdem
1665 2089 1750 2131 repis

1050 2144 1145 2176 motis
1171 2144 1258 2176 circa
1283 2142 1516 2175 derivationem
1542 2152 1705 2185 aquarum
1736 2153 1751 2174 e

1035 2198 1186 2248 ‚flumine
1211 2197 1401 2230 Druenliae.

1221 2277 1356 2304 Clemens
1377 2277 1456 2310 Papa
1475 2277 1537 2307 ΧΠ,

1125 2323 1162 2350 ad
1183 2325 1363 2356 perpetuam
1384 2322 1429 2348 rei
1450 2320 1634 2348 memoriam.

1051 2394 1064 2434 ᾖ
1090 2393 1120 2426 sl.
1148 2393 1245 2432 Cum,
1272 2392 1354 2425 sicut
1379 2392 1472 2424 nobis
1498 2391 1645 2430 innotuit,
1674 2401 1748 2424 con·
1767 2399 1932 2443 ‚jsquwwlvvrfu

1008 2447 1194 2485 trovcrsiae,
1220 2457 1301 2490 quae
1327 2456 1385 2488 pro
1412 2450 1501 2488 parte
1521 2436 1801 2477 nonnullorumiiw>
1831 2433 1842 2444 '⁸
1875 2433 1885 2445 Η
1920 2432 1924 2444 ¹

1008 2500 1213 2533 subditorum
1240 2498 1394 2531 carissimi
1421 2498 1452 2530 in
1471 2497 1598 2530 Christo
1617 2497 1673 2530 lilii
1695 2508 1749 2530 no-

1008 2553 1064 2585 stri
1091 2552 1240 2585 Ludovici
1268 2551 1464 2584 Francorum
1492 2550 1575 2589 regis
1601 2550 1748 2583 christia-

1007 2606 1135 2638 nissimi
1162 2605 1287 2637 dilcctis
1316 2603 1387 2636 tiliis
1409 2603 1632 2636 comumnitati
1651 2609 1680 2636 ct
1696 2604 1748 2637 lio-

1645 204 1708 237 199
1753 214 1802 240 An.
1820 213 1848 240 e.
1869 214 1937 240 1736

1824 488 1936 511 bammum

1881 522 1885 533 Ι
