2232 3178
292 220 340 247 An.
357 220 386 247 c,
409 220 474 248 1737
522 212 586 247 230

525 275 628 303 cealos
645 271 789 303 nacionis
802 270 985 313 Hispaniae
1005 275 1032 303 el
1048 269 1222 304 ludicrum

527 327 653 356 tantum
682 323 855 367 pertinere.

1048 222 1236 246 BULLARIUM
1261 222 1420 247 ROMANUM

1266 271 1381 304 litteris
1406 282 1423 303 a
1447 272 1593 314 praefato
1617 271 1770 306 Gildardo
1805 274 1916 316 priore
1951 282 2005 316 ge-

1267 324 1370 356 nerali
1408 323 1621 367 subscriptis,
1660 336 1741 369 quac
1778 332 1852 359 sunt
1884 326 2004 359 tenoris

2012 226 2063 253 An.
2085 225 2113 253 C.
2130 226 2194 256 ¹73⁷

1267 378 1450 421 sequentis,
1477 377 1650 411 videlicet:

693 413 829 440 Clemens
851 413 929 447 Papa
948 414 1012 444 ΧΠ,

599 459 635 484 ³⁶¹
655 460 832 491 perpetuam
852 459 898 485 ¹⁰5
917 458 1105 485 ¹¹¹⁰¹¹¹⁰si³¹¹¹-
1306 467 1364 505 Ego
1386 467 1590 506 infrascriptus
1613 467 1703 497 frater
1722 468 1877 498 Gildardus
1895 468 2004 508 Dussos,
2043 486 2137 506 mm„
2158 485 2197 508 ΙΙΕΕ

1268 520 1438 555 procurator
1461 516 1606 553 generalis
1629 516 1753 546 fratrum
1779 517 1923 547 Miuorum
1946 517 2115 548 Dis-⁸⁰⁹⁰‘s‘’
2126 513 2195 535 ω’·-

343 546 471 566 mmmm
1267 564 1464 593 calceatorum
1497 569 1525 594 et
1548 564 1779 595 Recottectorum
1812 566 1841 595 in
1876 566 2007 596 Romana

290 574 393 596 florini-ati<
409 573 472 591 ‹inti-

290 606 320 618 ,ων
337 600 362 619 aa
379 594 550 621 ioum-tactus
576 588 661 620 fitius
688 588 801 620 Petrus
826 588 1011 621 Ioannetius
1037 589 1076 621 dc
1096 588 1222 627 Moliua,

526 536 595 577 51.
623 535 745 578 Exponi
776 535 868 568 nobis
899 546 1007 579 nuper
1037 536 1111 568 fecit
1145 536 1224 568 dilc-

289 626 583 673 SA‘Css'321.·„¹'.''2*.2'..frater
606 651 759 683 expresse
785 642 949 684 professus
974 641 1104 674 Ordinis
1129 642 1225 674 Mino·
1268 613 1358 691 gurm
1374 637 1382 651 ’
1407 617 1518 642 mamm
1552 613 1734 678 &spen-{iens
1757 614 1831 653 qUOd
1860 615 2008 669 prOVifmia

289 678 472 698 mmmm„
1292 662 1515 691 iscalceatorum
1546 661 1702 700 Hispaniae
1736 671 1769 692 ex
1803 663 2008 694 communibus

289 707 354 730 [pu-u
398 704 471 724 ῃ-..ιω
482 704 551 726 rum
576 693 608 726 S.
632 693 791 726 Francisci
810 694 1081 727 Discalceatorum
1099 705 1225 727 nuncu-

289 732 424 750 wluittlaulur
450 738 470 749 a·

1267 712 1471 750 eleemosynis,
1507 712 1550 741 vel
1584 712 1671 742 etiam
1705 721 1739 742 ex
1767 713 1957 743 emeudIcatis
1980 717 2008 743 et

289 758 363 777 liarttut
403 760 460 776 num
482 752 605 787 torum,
632 747 825 779 secretarius
851 747 1013 789 generalis
1034 747 1146 780 Curiae
1162 753 1224 780 tam

1269 761 1431 800 procuratis
1455 761 1489 791 ad
1513 762 1590 791 hunc
1613 761 1711 799 finem,
1730 761 2009 792 administraverunt

288 786 644 835 lllqfflniffss'ssf'mdictorum
671 799 943 833 Discalccaterum
978 811 1072 844 quam
1110 800 1225 834 Recol-

480 854 652 894 lectorum,
678 854 780 897 quod,
805 853 894 886 iussu
921 860 1045 894 nostro,
1064 856 1155 897 capta
1174 865 1226 898 pa-

481 906 570 939 cifica
586 907 796 948 possessione
813 906 973 939 ecclesiae
990 912 1020 939 et
1033 907 1096 939 loci
1116 906 1162 940 Ss.
1175 907 1225 939 XL

480 959 655 1002 Martyrum
682 960 786 992 almae
815 959 907 992 Urbis
933 966 1062 992 nostrae
1089 970 1147 1003 pro
1168 960 1225 992 eri-

480 1013 587 1054 gendo
613 1019 773 1046 conventu
800 1012 1054 1046 Reformationis
1079 1013 1111 1046 S.
1138 1013 1224 1046 Petri

481 1066 521 1098 de
547 1067 716 1099 Alcantara
741 1072 772 1099 et
796 1066 975 1099 residentia
1000 1066 1225 1109 procuratoris

482 1119 646 1161 generalis
672 1129 731 1162 pro
757 1124 903 1162 tempore
934 1119 1102 1152 existentis
1141 1120 1226 1152 eius-

481 1173 554 1205 dem
580 1172 834 1206 Resormationis
860 1179 892 1206 et
917 1171 1106 1205 retinenda¹
1134 1172 1225 1205 sami-

481 1225 523 1258 lia
547 1226 746 1269 competenti
769 1226 808 1258 ad
826 1226 996 1259 servitium
1019 1226 1111 1259 chori
1128 1232 1225 1269 atque

480 1279 640 1312 ecclesiae
659 1284 691 1312 et
709 1279 952 1312 observantiam
968 1279 1161 1323 disciplinae
1180 1290 1225 1312 rc·

479 1332 615 1375 gularis,
634 1332 772 1366 dilectus
796 1333 880 1366 silius
903 1333 1075 1366 Gildardus
1105 1333 1223 1373 Dnssos,

479 1385 659 1418 modernus
684 1392 880 1429 procurator
901 1386 1064 1429 generalis
1087 1386 1223 1429 praefati

480 1438 621 1479 Ordinis,
638 1439 774 1483 cupiens
799 1450 995 1483 praecavere
1022 1440 1160 1483 plurima
1178 1439 1225 1471 iu-

481 1493 732 1532 convenientia,
771 1503 852 1536 quae
889 1493 1029 1526 decursu
1068 1493 1224 1536 temporis

480 1545 559 1578 oriri
591 1551 725 1589 possent
764 1546 789 1578 si
824 1546 944 1579 familia
976 1546 1112 1590 praefati
1149 1545 1224 1578 novi

480 1604 657 1631 conventus
688 1599 773 1632 soret
804 1599 990 1642 promiscua
1023 1599 1222 1632 diversarum

479 1651 647 1684 nationum
674 1662 756 1695 quae
775 1652 923 1695 pendent
940 1662 956 1684 a
980 1652 1123 1694 generali
1144 1652 1226 1684 eius-

480 1704 553 1738 dem
580 1705 836 1748 procuratione,
866 1715 925 1748 pro
960 1715 1019 1738 suo
1055 1705 1224 1746 iustitiae,

479 1757 557 1790 boni
585 1758 765 1790 communis
792 1763 824 1790 et
849 1758 1042 1800 disciplinae
1065 1758 1225 1800 regularis

481 1812 567 1850 zelo,
594 1811 838 1844 communicatis
864 1811 959 1844 ctiam
985 1812 1129 1844 consiliis
1153 1822 1224 1844 cum

481 1864 552 1908 ipso
579 1865 675 1898 Petro
700 1865 882 1906 Ioannetio‚
911 1871 943 1898 et
967 1865 1226 1909 approbantibus

481 1918 659 1962 provinciis
684 1918 843 1951 interesse
870 1919 1078 1959 habentibus,
1109 1929 1228 1952 conve-

482 1971 530 2003 nit
555 1977 587 2004 et
611 1972 795 2012 declaravit,
823 1972 911 2015 quod
931 1982 1031 2004 novus
1050 1976 1227 2005 conventus

481 2024 530 2057 Ss.
560 2025 609 2057 XL
635 2025 817 2069 Martyrum,
837 2031 871 2058 ut
891 2026 1085 2068 praefertur,
1105 2031 1228 2058 tantum

481 2088 553 2110 esse
594 2078 731 2110 fratrum
772 2078 1045 2111 Discalceatorum
1086 2078 1227 2111 nationis

481 2131 678 2174 Hispaniae,
704 2136 736 2163 et
760 2131 847 2174 quod
882 2131 1091 2164 solummodo
1129 2131 1227 2163 iidem

481 2183 669 2217 Discatceati
694 2183 828 2227 llispani
854 2183 1014 2216 deberent
1042 2189 1074 2216 et
1093 2189 1229 2226 possent

482 2247 681 2280 componere
707 2237 973 2270 communitatem
999 2248 1056 2270 seu
1075 2237 1227 2270 familiam

482 2291 618 2334 praelati
659 2297 839 2324 conventus
863 2318 870 2330 ,
916 2296 1082 2323 reservato
1121 2296 1227 2323 tamen

482 2344 688 2387 procuratori
715 2343 858 2387 generali
885 2354 943 2387 pro
978 2349 1125 2387 tempore
1163 2344 1228 2376 exi-

484 2398 594 2437 stenti,
620 2398 851 2441 cuiuscumque
877 2397 972 2430 suerit
990 2397 1140 2437 nationis,
1159 2397 1228 2430 iure

483 2451 515 2483 in
541 2451 658 2484 codem
684 2457 845 2484 conventu
863 2461 934 2483 cum
953 2450 1019 2483 suis
1036 2450 1228 2483 necessariis

483 2504 649 2544 ministris,
669 2515 751 2548 quos
774 2505 932 2537 hactenus
959 2503 1074 2536 haberi
1093 2514 1229 2536 consue-

483 2557 553 2598 vit,
581 2557 772 2598 residendi,
799 2562 833 2590 ut
858 2557 952 2590 latius
979 2557 1165 2590 continetur
1195 2557 1228 2589 in

521 2624 532 2648 t
556 2619 627 2648 Edit.
651 2619 729 2648 Μαίη.
752 2619 817 2656 legit
836 2619 987 2649 retinendi
1007 2620 1045 2656 (n.
1062 2619 1114 2654 τ.).

1268 819 1415 839 summam
1433 814 1581 840 scutorum
1599 810 1655 840 duo
1673 810 1798 840 millium
1817 811 2010 849 trigintaduo-

1268 868 1332 889 rum
1360 864 1493 890 monetae
1516 869 1670 896 romanae,
1692 869 1756 890 cum
1776 869 1832 899 qua
1855 860 2008 890 effectuata

1268 912 1311 937 cst
1334 909 1442 948 emptio
1464 908 1519 938 loci
1550 908 1594 939 Ss.
1619 908 1663 938 XL
1686 909 1840 948 Martyrum
1865 918 1916 948 pro
1945 910 2009 939 sun-

1268 957 1383 986 datione
1400 957 1465 987 novi
1488 961 1648 987 conventus
1671 957 1700 987 in
1725 957 1814 995 Urbe,
1837 962 1864 988 et
1887 958 2010 997 insuper

1268 1005 1549 1036 administraverunt
1571 1006 1656 1035 aliam
1685 1015 1828 1036 summam
1857 1011 2009 1036 scutorum

1270 1053 1349 1083 mille
1365 1058 1535 1084 sexcentum
1559 1046 1779 1093 quatuordecim
1796 1064 1847 1094 pro
1863 1055 2010 1095 emptione

1268 1103 1389 1132 alterius
1418 1103 1520 1133 domus
1551 1103 1660 1133 domiui
1692 1103 1804 1133 abbatis
1834 1104 1946 1143 losephi
1976 1104 2010 1133 (le

1268 1151 1391 1181 Herrera
1416 1151 1548 1191 Hispani,
1583 1161 1656 1191 quae
1690 1157 1733 1182 est
1766 1153 1900 1191 contigua
1934 1153 2010 1183 dicto

1268 1199 1332 1229 loco
1355 1199 1547 1236 fundationis,
1575 1204 1603 1229 et
1626 1200 1697 1230 alias
1721 1201 1911 1239 pecuniarum
1934 1210 2012 1230 sum-

1268 1258 1329 1278 mas
1361 1249 1479 1278 mittere
1512 1249 1673 1288 disponunt
1702 1249 1736 1278 ad
1759 1249 1893 1279 effectum
1927 1249 2012 1279 redu-

1268 1297 1353 1327 cendi
1376 1298 1410 1327 ad
1434 1297 1555 1328 sormam
1573 1298 1739 1335 regularem
1757 1298 1889 1328 eamdem
1907 1307 2010 1328 novam

1269 1346 1488 1384 sundationem3
1507 1350 1534 1376 et
1551 1351 1701 1385 praeterea
1723 1346 1805 1386 plura
1821 1346 1939 1376 mobilia
1958 1347 2011 1376 mi-

1268 1400 1387 1433 serunt,
1408 1396 1558 1434 signanter
1575 1404 1625 1434 pro
1641 1396 1765 1425 ccclesia
1781 1401 1810 1425 et
1825 1395 1978 1426 sacristia:

1309 1444 1501 1475 Cousideraus
1518 1444 1640 1474 ulterius
1659 1444 1734 1483 quod
1759 1445 1924 1483 provinciae
1941 1445 2010 1474 Por-

1270 1493 1409 1532 tugalliac
1433 1493 1504 1523 nitiit
1527 1502 1646 1532 prorsus
1662 1493 1816 1531 miserunt,
1834 1502 1929 1532 neque
1945 1493 2009 1523 mit-

1272 1546 1333 1572 tere
1355 1542 1515 1582 disponunt
1537 1541 1571 1571 ad
1599 1541 1676 1571 huuc
1699 1542 1808 1578 finem3
1843 1541 2010 1580 provinciae

1270 1595 1367 1620 autem
1390 1590 1622 1621 Recollectorum
1639 1590 1764 1628 Galliae,
1789 1590 1858 1620 licet
1879 1593 1945 1620 ante
1968 1590 2011 1619 in-

1270 1644 1384 1679 ceptam
1416 1639 1616 1669 fundationem
1649 1648 1712 1669 sese
1745 1638 1946 1669 exhibuissent
1977 1639 2012 1669 ad

1271 1688 1519 1719 contribuendum
1552 1688 1749 1718 effectu-atiani
1783 1688 1911 1718 eiusdem
1946 1697 2012 1717 cum

1270 1737 1446 1777 competenti
1465 1738 1579 1766 summa
1596 1736 1799 1776 pecuniarum,
1818 1735 1902 1766 modo
1916 1741 2011 1766 tamen

1271 1796 1302 1816 se
1324 1790 1467 1816 excusant
1490 1785 1604 1825 aliquae
1626 1785 1799 1815 adducendo
1814 1784 2011 1814 deficientiam

1271 1835 1533 1873 eleemosynarum,
1551 1838 1579 1863 et
1594 1833 1668 1863 aliae
1682 1838 1876 1873 protestantes
1892 1842 1921 1863 se
1937 1833 2013 1863 nolle

1271 1892 1468 1921 concurrere,
1495 1883 1551 1912 nisi
1579 1891 1679 1912 omues
1706 1882 1779 1912 aliae
1806 1882 1934 1912 eiusdem
1963 1890 2014 1912 na-

1271 1933 1360 1962 tionis
1382 1932 1512 1962 effective
1539 1936 1740 1970 concurrant3
1771 1931 1848 1961 unde
1878 1931 1910 1961 sit
1936 1929 2014 1971 quod

1272 1982 1349 2012 nulla
1373 1981 1409 2011 sit
1431 1991 1497 2021 spes
1526 1980 1602 2020 quod
1630 1980 1724 2011 dictae
1752 1980 1916 2011 fundationi
1946 1989 2014 2010 con-

1272 2030 1404 2061 tribuant
1419 2040 1425 2059 :

1312 2079 1346 2110 Et
1374 2088 1427 2117 ego
1456 2079 1534 2109 solus
1568 2087 1619 2118 pro
1653 2087 1717 2108 tneo
1749 2087 1833 2118 posse
1865 2077 2013 2108 contribui
2055 2108 2058 2112 ,
2089 2090 2095 2095 ’

1272 2129 1461 2168 applicando,
1492 2128 1532 2157 uti
1566 2127 1696 2157 effective
1730 2128 1897 2166 applicavi,
1921 2136 2014 2167 usque

1272 2177 1356 2208 modo
1379 2186 1522 2207 summam
1546 2181 1697 2206 scutorum
1723 2181 1887 2207 tercentum
1911 2176 2014 2215 viginti

1274 2231 1405 2256 monetae
1443 2235 1580 2256 romanae
1616 2226 1650 2256 ad
1684 2235 1728 2256 me
1761 2226 1926 2264 missam¹,
1961 2234 2014 2265 pro

1274 2277 1338 2305 mea
1370 2280 1398 2305 et
1429 2275 1574 2305 sociorum
1612 2284 1742 2305 meorum
1781 2275 2014 2310 manutentione,

1273 2322 1473 2362 principaliter
1495 2331 1509 2351 a
1533 2323 1597 2351 mea
1620 2321 1769 2360 provincia
1784 2320 1813 2351 S.
1830 2321 1962 2350 Andreae
1976 2314 2014 2350 'in

1273 2370 1395 2409 Belgio:
1420 2380 1494 2409 quae
1519 2370 1636 2409 quidem
1660 2379 1771 2399 summa
1796 2369 1900 2409 partim
1924 2369 2015 2399 inser-

1273 2420 1345 2449 vivit
1367 2429 1417 2458 pro
1440 2418 1586 2459 aliquibus
1610 2418 1766 2448 mobilibus
1793 2418 2012 2458 comparandi²,

1273 2472 1301 2498 et
1323 2468 1475 2498 residuum
1501 2477 1553 2507 pro
1575 2467 1783 2497 communibus
1804 2467 1941 2506 expensis
1964 2476 2015 2506 pro

1274 2517 1373 2555 victu;
1398 2521 1426 2546 et
1448 2517 1569 2556 insuper
1602 2521 1718 2556 paratus
1741 2525 1806 2546 sum
1838 2516 1872 2546 ad
1906 2516 2015 2546 contri-

1310 2577 1320 2601 1
1343 2575 1415 2601 Edit.
1437 2574 1514 2601 Main.
1538 2574 1602 2608 legit
1621 2575 1710 2601 missa
1729 2575 1770 2604 (n.
1786 2574 1836 2604 TA.

1308 2618 1324 2645 2
1344 2618 1416 2646 Edit.
1438 2618 1519 2647 Maia.
1540 2618 1604 2654 tegit
1623 2618 1820 2657 comparandi
1839 2621 1880 2653 (R.
1898 2617 1949 2654 Τ.).

2216 1252 2232 2204 “,.-..-...-Α-ηνι-μλ-...μωι-ῴ---ω--ψᾼ
2230 1231 2232 1236 Δ
2231 1204 2232 1213 c
2231 1175 2232 1192 Η
2231 1134 2232 1151 c„
