2232 3178
286 227 334 252 An.
352 226 380 253 c.
405 227 471 254 1740
516 217 580 250 6⁹24

338 489 385 508 Car⁴
404 489 418 508 Ι,

314 515 342 534 ΙΝ·
363 520 466 534 noiinnnnt

285 543 355 564 repulsi
366 542 467 561 alunnum

284 572 303 588 (⁷1
319 574 458 593 superiorum.

478 283 604 313 cumque
627 274 654 303 in
680 273 733 303 hoc
756 273 916 312 deliquisse
939 274 1137 314 deprehensae
1159 274 1219 304 fue-

479 322 549 360 rint,
574 331 673 352 severe
697 321 868 361 puniantur.

741 405 815 426 PARS
839 405 956 427 TERTIA.

518 477 537 496 1.
561 468 629 496 Cum
653 466 802 505 ahbatum,
826 477 987 506 eorumque
1017 469 1145 498 omnium
1169 469 1219 508 qui

479 516 512 544 ad
538 515 667 553 regimen
692 515 808 554 aliquod
832 516 860 544 in
885 521 989 546 nostro¹
1007 516 1114 547 Ordine
1137 527 1219 546 assu-

479 568 607 599 muntur,
639 563 766 592 officium
790 564 828 593 sit
850 574 1003 594 commune
1027 565 1116 594 totius
1137 565 1220 595 Ordi-

479 612 524 641 nis
547 611 654 640 honum
679 620 847 650 procurare,
872 621 924 641 nec
958 612 1032 642 vires
1063 622 1162 642 eorum
1185 613 1219 642 ad

479 664 590 689 tantuin
614 669 687 689 onus
711 660 860 690 ferendum
878 661 1013 690 sufficere
1035 665 1146 691 certum
1169 662 1218 699 sit,

479 708 506 737 in
532 707 632 746 primis
654 708 781 737 divinam
805 718 887 747 opem
911 709 966 748 ipsi
989 709 1146 748 implorare
1163 719 1219 739 non

477 756 628 794 desinant,
661 757 749 796 idque
781 758 966 796 potissimum
998 758 1121 795 facient,
1153 767 1218 788 cum

479 805 638 835 necessitas
657 806 828 835 occurrerit.
846 806 953 836 Deinde
975 807 1110 836 noverint
1132 816 1162 837 se
1186 807 1219 837 ad

478 854 606 884 laborem
630 859 656 884 et
678 855 910 885 sollccitudinem
944 856 1036 894 magis
1069 865 1155 895 quam
1185 856 1219 886 ad

478 903 616 933 honorem
640 908 803 943 assumptos
825 914 906 942 esse3
922 904 1168 944 meminerintque
1190 914 1220 935 se

478 952 613 992 exemplo
635 952 775 982 bonorum
799 962 919 992 operum
948 953 1053 984 debere
1082 953 1220 984 fratribus

480 1002 604 1039 praeire.
629 1001 803 1031 Communes
836 1002 934 1041 itaque
957 1002 1072 1040 regulas
1095 1002 1150 1041 ipsi
1173 1011 1219 1032 ac-

478 1053 578 1079 curate
601 1054 737 1087 servent,
763 1054 790 1079 et
812 1049 999 1089 particularia
1026 1050 1054 1079 in
1079 1049 1153 1087 cibo,
1178 1050 1221 1080 in-

478 1098 624 1128 dumentis
646 1103 674 1128 et
696 1099 819 1128 aliarum
853 1108 952 1129 rerum
983 1108 1054 1138 usu,
1078 1103 1218 1138 quantum

479 1147 542 1176 fieri
566 1151 673 1186 potest,
698 1147 839 1177 devitent.

520 1205 549 1224 n.
573 1196 701 1226 Calleant
723 1196 851 1226 rationes
874 1197 962 1226 officii
985 1197 1041 1235 sui,
1059 1201 1086 1227 et
1108 1207 1141 1227 ex
1165 1197 1220 1227 sre-

479 1245 580 1282 quenti
604 1245 860 1283 constitutionum,
878 1250 936 1276 tam
955 1246 1136 1285 privatarum
1155 1256 1220 1276 sua-

480 1302 557 1331 rum,
575 1303 660 1332 quam
677 1294 890 1333 communium,
907 1295 1091 1335 aliorumque
1111 1295 1218 1325 officia-

479 1342 550 1371 lium
574 1342 629 1372 sibi
654 1342 870 1381 subiectorum,
892 1344 1017 1374 lectione
1039 1344 1217 1383 intelligant,

479 1400 536 1420 non
567 1395 676 1421 temere
704 1394 731 1421 et
761 1401 813 1430 pro
842 1401 894 1422 suo
917 1392 1037 1424 arbitrio
1070 1402 1131 1422 rom
1163 1393 1219 1423 sibi

478 1440 618 1478 agendam
642 1449 722 1478 esse,
746 1440 795 1470 sed
818 1438 1057 1480 ex“praescript0
1083 1442 1217 1480 regulae,

479 1488 722 1518 constitutionum
756 1493 783 1518 et
816 1494 999 1528 receptarum
1032 1490 1218 1520 consuetudi-

479 1546 548 1566 num
573 1537 731 1576 regendum
755 1537 904 1576 Ordinem,
929 1538 1092 1578 fratresque
1114 1538 1220 1577 guber-

479 1586 600 1615 nandos.
627 1585 721 1622 Quare
753 1590 884 1626 receptos
914 1596 1009 1617 mores
1036 1591 1064 1617 et
1090 1597 1104 1616 a
1133 1597 1218 1627 supe-

479 1634 606 1664 rioribus
639 1635 685 1665 vel
718 1636 921 1666 decessoribus
955 1637 1015 1666 suis
1044 1636 1219 1676 approbatos

479 1688 595 1713 servent
621 1694 654 1713 ac
676 1685 787 1715 servari
809 1685 937 1723 faciant,
964 1696 1017 1715 nec
1040 1690 1152 1716 mutare
1174 1686 1218 1716 vel

478 1732 618 1771 abrogare
638 1734 764 1771 valeant,
781 1733 946 1763 inconsulta
964 1735 1116 1773 superiore
1139 1738 1218 1774 pote-

478 1785 572 1818 state3
594 1781 649 1820 ipsi
678 1790 747 1811 vero
775 1782 889 1818 nullos,
914 1782 969 1811 nisi
992 1783 1144 1821 superiore
1170 1791 1219 1821 ap-

480 1829 636 1868 probante,
660 1830 860 1861 introducant.

517 1888 557 1908 nt.
575 1879 718 1916 Caveant,
737 1889 784 1916 ne,
801 1881 997 1912 familiaritate
1013 1885 1100 1920 atque
1122 1881 1219 1911 indul-

478 1927 578 1964 genita
599 1937 665 1957 cum
689 1928 874 1966 quibusdam,
892 1929 964 1959 alios
981 1929 1143 1967 offendant,
1167 1934 1219 1960 aut

478 1976 661 2005 occasionem
684 1976 852 2007 offensionis
871 1978 1089 2017 quoquomodo
1111 1979 1141 2008 in
1165 1979 1218 2008 hac

480 2028 562 2063 parte
585 2024 753 2064 praebeant.
781 2025 879 2065 Neque
908 2027 1035 2056 alienum
1061 2027 1097 2056 ab
1121 2027 1218 2066 aliquo

478 2073 607 2102 animuin
621 2074 785 2111 ostendant,
799 2075 849 2105 sed
863 2084 929 2114 erga
944 2085 1045 2105 omnes
1056 2076 1218 2115 aequaliter

478 2126 506 2150 et
528 2122 590 2151 sine
614 2131 804 2161 personarum
828 2124 1000 2163 acceptione
1023 2134 1053 2154 se
1075 2129 1188 2163 gerant.

517 2179 554 2200 ιν.
574 2170 646 2200 Dent
665 2181 782 2210 operam
797 2176 827 2202 ut
843 2172 978 2202 omnibus
997 2173 1135 2203 fratribus
1151 2183 1217 2203 cum

477 2219 556 2248 omni
580 2219 778 2249 sollicitudine
794 2220 959 2258 invigilent,
984 2221 1160 2260 eosdemque
1182 2222 1217 2251 ab

478 2267 513 2297 iis
536 2277 609 2306 quae
625 2277 731 2298 nocere
748 2269 858 2308 possint
876 2269 954 2299 domi
978 2274 1006 2299 et
1028 2270 1097 2300 foris
1120 2270 1218 2300 defen-

476 2317 556 2353 dant,
581 2321 641 2346 tum
666 2318 889 2356 praeveniendo,
908 2323 967 2348 tum
990 2319 1089 2357 etiam,
1107 2319 1131 2349 si
1148 2321 1216 2359 quid

479 2366 544 2395 mali
565 2366 714 2404 acciderit,
738 2367 899 2397 remedium
923 2368 1100 2405 athbendo,
1124 2369 1162 2398 ita
1186 2374 1217 2399 ut

477 2415 505 2444 in
529 2415 665 2445 omnibus
698 2416 800 2446 honori
828 2420 856 2445 et
882 2417 975 2447 famae
1004 2421 1065 2447 tum
1096 2418 1217 2447 fratrum

477 2463 659 2502 singulorum
688 2468 749 2494 tum
776 2465 893 2495 Ordinis
921 2466 1008 2496 totius
1034 2467 1215 2496 consulatur.

517 2521 543 2541 v.
571 2513 705 2543 Efficiant
733 2518 765 2543 ut
787 2522 885 2543 secum
909 2514 952 2544 vel
975 2524 1040 2544 cum
1064 2515 1128 2544 aliis
1149 2525 1164 2545 a
1187 2524 1217 2545 se

477 2561 622 2600 deputatis
645 2561 679 2591 de
702 2562 821 2601 propria
839 2562 1021 2592 conscientia
1047 2563 1130 2593 statis
1147 2568 1218 2593 tem-

478 2610 595 2651 poribus
617 2611 721 2641 fratres
745 2615 899 2642 tractatum
917 2611 1059 2650 habeant3
1082 2621 1136 2643 nec
1157 2612 1216 2652 spi-

1063 226 1246 251 nL'LLAnlUM
1271 226 1426 251 Romanum

1262 274 1411 305 ritualium
1435 275 1622 306 collationum
1646 277 1886 308 consuetudinem
1909 278 2000 317 negli-

1261 327 1352 361 gant,
1377 324 1426 353 sed
1449 323 1551 354 crebro
1574 327 1601 354 ct
1623 326 1729 363 magna
1760 334 1824 355 cum
1848 326 2000 357 charitatis·

1262 371 1475 409 significatione
1502 372 1688 412 alloquantur
1714 372 1861 411 subditos,
1884 383 1999 404 eorum-

1262 429 1317 458 que
1334 420 1569 459 necessitatibus,
1587 430 1643 451 non
1661 421 1793 461 corporis
1810 425 1933 459 tantum,
1949 423 1999 452 sed

1264 468 1353 497 multo
1375 468 1462 498 etiam
1496 469 1588 507 magis
1619 470 1731 505 animi,
1755 474 1874 509 paterno
1897 470 1999 500 affectu

1263 517 1448 556 prospiciant.
1472 517 1561 552 Quem
1579 527 1646 547 vero
1669 518 1832 556 intelligent
1850 519 1929 556 gravi
1947 519 2000 548 ali-

1262 567 1320 604 qua
1344 565 1505 595 tentatione
1528 566 1648 605 pulsari,
1672 566 1734 596 eius
1758 567 1932 605 peculiarem
1950 576 2001 596 cu-

1263 623 1341 650 ram,
1368 623 1424 643 non
1449 615 1541 644 solum
1566 624 1615 653 per
1637 624 1678 652 se,
1702 615 1750 645 sed
1773 616 1861 645 ctiam
1876 640 1883 653 ,
1905 615 1928 645 si
1952 625 2002 646 ne-

1263 672 1343 692 cesse
1366 663 1473 700 suerit,
1498 671 1548 701 per
1570 663 1642 692 alios
1665 668 1784 701 gerant,
1809 668 2000 703 caveantque,

1264 720 1311 749 ne,
1328 711 1488 740 remedium
1506 711 1678 749 differendo,
1695 712 1889 742 difficiliorem
1907 712 2001 743 morbi

1263 759 1443 789 curationem
1466 759 1586 789 faciant.

1304 817 1341 837 vi.
1365 808 1503 843 Quamvis
1519 808 1548 838 in
1567 808 1672 839 virtute
1694 808 1875 839 obedientiae
1898 808 2000 839 iubere

1264 856 1393 895 possint,
1423 857 1539 886 nonnisi
1568 857 1717 887 rarissime
1739 861 1766 887 et
1788 867 1821 887 ex
1851 857 1932 896 gravi
1955 866 2000 887 ur-

1263 908 1348 943 gente
1371 906 1459 935 causa
1480 905 1508 935 id
1530 905 1648 935 faciant.

1303 963 1350 984 vn.
1365 954 1395 983 In
1409 954 1638 984 correctionibus
1654 959 1681 984 et
1697 954 1884 993 poenitentiis
1901 954 2002 984 iniun-

1264 1003 1366 1039 gendis
1379 1007 1499 1032 caveant
1512 1002 1679 1032 iracundiae
1695 1007 1743 1033 aut
1759 1003 1878 1033 alterius
1896 1013 2001 1042 pravae

1263 1052 1425 1081 affectionis
1442 1052 1568 1091 speciem
1583 1061 1590 1088 ς
1609 1052 1656 1081 sed
1675 1061 1865 1091 personarum
1879 1052 2002 1092 disposi-

1264 1101 1370 1131 tionem
1394 1101 1599 1139 considerent,
1617 1101 1829 1131 aedificationis
1851 1101 2001 1131 universa-

1263 1149 1297 1178 lis
1315 1154 1342 1179 ct
1362 1149 1547 1188 particularis
1563 1149 1678 1179 illarum
1692 1150 1833 1179 rationem
1850 1149 2001 1180 habentes.

1262 1198 1321 1227 Nisi
1351 1203 1448 1227 autem
1473 1198 1627 1237 prudentia
1656 1198 1743 1228 rebus
1773 1198 2001 1237 particularibus

1262 1246 1424 1276 adhibenda
1446 1247 1524 1276 aliud
1542 1247 1706 1283 dictaverit,
1724 1247 1752 1276 in
1770 1246 2001 1277 correctionibus

1263 1296 1478 1335 procedendum
1502 1297 1558 1327 erit
1579 1297 1634 1326 hoc
1661 1296 1776 1335 ordine,
1796 1301 1838 1335 ut,
1861 1296 1912 1336 qui
1934 1306 2000 1336 pec-

1261 1349 1347 1383 cant,
1372 1345 1467 1385 primo
1498 1345 1527 1374 in
1551 1346 1693 1375 charitate
1726 1346 1865 1385 quidem,
1889 1345 1938 1375 sed
1966 1354 2000 1375 eo

1262 1399 1358 1424 tamen
1382 1394 1465 1424 modo
1485 1398 1516 1424 ut
1538 1395 1579 1424 eis
1602 1394 1733 1425 confusio
1766 1399 1794 1425 et
1826 1394 1916 1425 rubor
1936 1394 2001 1424 inii-

1262 1443 1369 1481 ciatur,
1395 1443 1492 1481 tertio,
1516 1443 1609 1473 amori
1630 1453 1681 1481 ea,
1705 1453 1778 1483 quae
1802 1444 1935 1474 timorem
1957 1443 2001 1474 in-

1262 1492 1384 1529 cutiant,
1405 1492 1428 1521 si
1451 1502 1523 1531 opus
1546 1492 1611 1530 erit,
1635 1493 1822 1523 adiiciantur.
1846 1492 1884 1523 De
1907 1492 2001 1532 publi-

1262 1541 1303 1570 cis
1326 1550 1394 1570 vero
1417 1540 1580 1571 defectibus
1602 1541 1717 1580 publica
1741 1541 1828 1571 debet
1849 1551 1911 1571 esse
1934 1550 2001 1581 poe-

1261 1589 1395 1619 nitentia.

1301 1647 1360 1668 vnt.
1392 1639 1439 1669 Sic
1468 1639 1606 1677 regimini
1629 1639 1752 1669 aliorum
1771 1642 1831 1668 tum
1854 1638 1999 1678 spirituali

1262 1691 1320 1717 tum
1345 1687 1432 1717 etiam
1463 1687 1616 1726 temporali
1648 1687 1837 1726 incumbant,
1864 1691 1894 1717 ut
1926 1687 2000 1717 nihil

1262 1736 1297 1766 de
1332 1736 1473 1766 virtutum
1510 1736 1769 1767 exercitationibus
1806 1736 2000 1776 propriaeque

1262 1785 1364 1815 salutis
1386 1786 1458 1815 cura
1481 1785 1642 1815 remittant.
1664 1785 1766 1815 Omnia
1790 1785 1901 1824 igitur,
1925 1794 1999 1824 quae

1261 1833 1295 1863 ad
1318 1833 1484 1871 religiosam
1505 1834 1711 1873 perfectionem
1735 1838 1881 1873 spectant,
1898 1843 1997 1864 mona-

1261 1882 1381 1922 chisque
1397 1892 1464 1920 erga
1477 1881 1595 1912 abbates
1610 1887 1639 1912 et
1654 1882 1818 1922 superiores
1835 1883 1998 1913 exercenda

1262 1931 1495 1970 praecipiuntur,
1513 1935 1545 1960 ut
1561 1934 1639 1969 puta,
1663 1930 1826 1961 reddendae
1849 1930 1999 1961 conscien-

1262 1980 1316 2010 tiae
1339 1979 1423 2017 ratio,
1440 1988 1570 2008 recessus
1586 1988 1600 2008 a
1624 1979 1770 2009 communi
1793 1979 1915 2009 aliorum
1931 1988 1999 2009 con-

1261 2029 1350 2058 sortio
1375 2037 1425 2067 per
1447 2028 1558 2067 aliquot
1581 2028 1643 2057 dies
1665 2028 1863 2067 spiritualium
1880 2028 1998 2058 niedita-

1262 2077 1373 2107 tionum
1396 2077 1498 2114 causa,
1522 2079 1550 2105 ct
1571 2082 1665 2105 cetera
1699 2076 1886 2114 huiusmodi,
1908 2086 1940 2106 ea
1963 2076 1998 2106 ab

1261 2125 1332 2165 ipsis
1354 2124 1508 2154 abbatibus
1536 2128 1564 2154 et
1585 2124 1787 2163 superioribus
1809 2125 1938 2155 facienda
1955 2124 1999 2155 in-

1262 2174 1442 2212 telliguntur.

1300 2231 1318 2251 1.
1343 2221 1411 2252 Cum
1428 2222 1549 2258 dudum,
1567 2222 1615 2252 Dei
1631 2222 1744 2252 favente
1761 2222 1865 2260 gratia,
1883 2232 1916 2252 ex
1935 2221 1997 2261 plu-

1261 2271 1335 2300 rium
1362 2271 1606 2300 monasteriorum
1635 2270 1752 2301 Ordinis
1785 2270 1877 2301 sancti
1909 2271 1999 2310 patris

2008 230 2060 258 An.
2076 230 2104 258 C.
2128 231 2194 258 tuo

2055 2243 2106 2264 Car.
2121 2243 2144 2264 ΙΙ.

2035 2269 2065 2290 De
2090 2269 2185 2296 regimine

2009 2298 2030 2317 et
2052 2294 2185 2320 oe'ordiuo.
2226 2310 2227 2314 ,

1260 2319 1354 2349 nostri
1377 2319 1495 2349 Antonii
1518 2319 1627 2349 unione
1649 2319 1838 2357 Congregatio
1854 2323 1952 2350 nostra
1968 2319 1998 2349 in
2009 2325 2075 2354 atqu-q
2085 2323 2186 2350 praeemi-

2008 2352 2081 2370 nentia
2124 2348 2185 2370 abba·

1260 2368 1380 2398 Domino
1412 2367 1573 2406 coaluerit,
1598 2377 1722 2407 cumque
1753 2368 1783 2397 in
1816 2368 1895 2398 omni
1923 2368 2059 2399 benetum.

1260 2417 1417 2447 constituto
1440 2417 1590 2446 hominum
1625 2421 1708 2447 coetu
1730 2426 1851 2447 necesse
1874 2418 1912 2447 sit
1933 2427 1996 2448 esse

1259 2467 1398 2506 aliquem,
1416 2466 1460 2496 vel
1482 2466 1568 2497 etiam
1592 2466 1703 2505 plures,
1720 2466 1769 2506 qui
1791 2466 1859 2496 boni
1882 2466 1998 2497 univer-

1259 2515 1328 2545 salis
1350 2524 1450 2545 curam
1472 2519 1596 2554 gerant,
1620 2519 1737 2555 praeter
1758 2524 1819 2554 eos,
1838 2516 1887 2555 qui
1909 2516 1996 2547 certis

1260 2563 1417 2603 provinciis
1432 2568 1462 2594 et
1478 2563 1703 2603 particularibus
1715 2564 1900 2594 monasteriis
1914 2574 1998 2604 prae-

1259 2616 1348 2651 sunt,
1371 2612 1524 2652 eligendus
1557 2617 1600 2644 est
1631 2612 1719 2644 abbas
1748 2613 1915 2652 generalis,
1945 2613 1996 2654 qui
