2232 3178
35 213 83 239 Αη.
101 212 130 238 C.
154 211 220 238 1734

36 274 95 298 scsspi
117 273 219 319 ΙᾸῘινιιῌ»ἱ

60 307 112 320 ΥθὶνίΙ
125 306 184 319 dhl'l'!k
191 306 206 319 [ἰ

35 330 115 353 sciipta
126 327 218 347 «ΙμιιιηυΔ

46 857 170 877 Praesentes
186 858 218 878 lt-

32 886 87 903 toras
113 886 219 910 prat-cipit

32 910 158 936 putta-can.

70 1653 192 1679 'l'ransnutp'
199 1659 213 1673 is

29 1681 86 1700 credi
103 1680 153 1700 vui:

858 207 1000 233 CLEMENS
1025 207 1069 232 XII
1093 208 1142 233 PP-

230 258 334 291 simile
359 258 531 301 scriptum,
560 268 576 290 a
598 256 684 290 dicto
711 255 864 299 episcopo
890 255 976 289 Mon-

231 310 522 354 tispessulanensi,
558 310 671 354 quovis
704 309 800 342 etiam
826 309 918 342 titulo
945 312 975 340 et

229 364 384 397 idiomate
402 364 464 396 iam
483 364 614 403 editum,
633 364 682 396 vel
709 362 795 406 quod
823 361 975 405 deinceps

231 417 282 450 edi
302 423 332 451 et
357 417 504 460 evulgari
523 416 706 460 eontigerit,
732 415 923 448 auctoritate
941 425 976 447 ac

230 476 344 504 tenore
377 470 531 514 praefatis
565 470 756 503 damnamus
787 479 917 512 quoque
945 473 974 501 et

228 524 454 568 reprobamus,
475 524 626 566 illiusque
645 522 907 566 impressionem,
925 521 976 554 de-

229 577 461 621 scriptionem.
488 577 671 615 lectionem,
698 575 920 608 retentionem
947 580 976 607 et

229 641 323 663 usum
341 630 401 663 sub
420 631 488 674 pari
508 628 853 664 excommunicationis
871 629 975 671 poena

230 685 364 717 omnino
390 685 502 717 itidem
531 683 756 727 prohibemus.
784 682 817 715 ln
844 687 975 715 contra-

229 738 313 770 rium
338 737 530 771 facientibus
566 747 632 770 non
666 735 874 769 obstantibus
906 735 975 778 qui-

229 791 444 834 buscumque.

273 844 288 887 §
312 843 344 877 3.
373 844 411 877 Ut
429 849 534 878 autem
557 844 691 877 eaedem
717 847 907 886 praesentes
925 842 974 875 lit-

230 903 316 930 terae
342 898 381 930 ad
407 897 549 931 omnium
575 897 722 931 notitiam
748 896 872 929 facilius
899 907 975 939 per-

229 951 409 991 ducantur,
434 961 494 984 nec
530 951 702 994 quisquam
728 950 856 982 illarum
882 949 973 992 igno-

227 1004 369 1039 rantiam
391 1004 534 1047 allegare
558 1004 674 1048 possit,
699 1005 848 1037 volumus
868 1009 899 1036 et
919 1013 972 1035 au-

227 1057 378 1090 ctoritate
403 1057 572 1101 praedicta
598 1056 815 1096 decernimus,
835 1056 906 1088 illas
933 1056 970 1088 ad

227 1111 332 1144 valvas
357 1110 513 1144 basilicae
538 1110 696 1154 Principis
723 1109 969 1153 Apostolorum,

227 1174 264 1196 ac
289 1163 506 1197 Cancellariae
533 1164 747 1207 Apostolieae,
767 1173 894 1196 necnon
914 1162 972 1195 Cu-

225 1218 294 1251 riae
319 1217 483 1260 generalis
515 1217 547 1249 in
574 1217 682 1249 Monte
707 1216 861 1250 Citatorio
888 1221 919 1248 et
938 1216 969 1248 in

226 1271 293 1304 acie
314 1271 526 1314 Campissorae
553 1271 592 1303 de
625 1270 710 1303 Urbe
739 1280 798 1313 per
826 1270 968 1313 aliquem

226 1335 263 1358 cx
290 1324 480 1357 cursoribus
506 1324 638 1364 nostris,
657 1329 689 1356 ut
716 1323 815 1356 moris
842 1329 899 1362 est,
916 1334 970 1366 pu·

224 1378 340 1412 blicari
356 1405 364 1418 ,
389 1378 585 1420 illarumque
612 1377 760 1420 exempla
783 1376 904 1409 ibidem
929 1377 970 1409 as—

225 1431 286 1465 {ixa
304 1431 458 1475 relinqui,
481 1431 528 1464 sic
546 1442 622 1464 vero
643 1431 835 1474 publicatas,
854 1441 968 1463 omnes

225 1492 257 1519 et
281 1486 444 1529 singulos,
472 1496 551 1529 quos
576 1490 800 1525 concernunt,
829 1485 968 1528 perinde

225 1539 352 1573 afficere
378 1550 416 1572 ae
441 1539 465 1572 si
491 1539 668 1582 unicuique
701 1539 834 1572 illorum
860 1549 970 1581 perso-

225 1594 342 1627 naliter
368 1592 550 1626 notificatae
571 1598 602 1625 et
620 1592 785 1625 intimatae
813 1592 966 1632 suissent;

269 1647 284 1690 ἓ
309 1646 340 1679 5.
368 1647 579 1689 Ipsarumque
605 1646 787 1678 litterarum
812 1651 970 1678 transum-

225 1700 308 1743 ptis,
335 1710 390 1732 seu
429 1699 585 1742 exemplis
604 1727 611 1740 ‚
638 1699 734 1732 etiam
773 1699 965 1742 impressis,

224 1765 320 1787 manu
338 1754 474 1787 alicuius
489 1753 607 1786 notarii
622 1753 744 1796 publici
760 1753 965 1796 subscriptis,

223 1813 254 1841 ct
281 1808 389 1851 sigillo
425 1818 585 1851 personae
615 1807 647 1839 in
680 1806 897 1840 ecclesiastiea
923 1807 968 1840 di-

222 1861 345 1905 gnitate
387 1861 582 1895 constitutae
626 1860 781 1901 munitis,
820 1861 966 1894 eamdem

221 1927 358 1960 prorsus
385 1915 481 1949 fidem
509 1920 570 1948 tam
595 1915 627 1947 in
653 1915 773 1947 iudicio
801 1925 896 1958 quam
916 1926 966 1948 ex-

223 1976 270 2003 tra
295 1969 376 2003 illud
401 1969 522 2012 ubique
547 1969 697 2002 locorum
724 1968 857 2009 haberi,
883 1979 965 2012 quae

222 2023 400 2057 haberetur
425 2022 546 2055 eisdem
573 2021 802 2064 praesentibus
828 2021 852 2054 si
880 2021 966 2054 exhi-

221 2077 307 2110 bitae
332 2076 440 2109 sorent
464 2076 513 2108 vel
538 2081 700 2108 ostensae.

265 2130 381 2163 Datum
408 2130 549 2169 Romae,
577 2129 664 2172 apud
690 2128 722 2162 S.
750 2128 884 2162 Mariam
908 2129 967 2163 Ma-

222 2184 350 2224 iorem,
381 2182 442 2216 sub
477 2182 599 2215 annulo
625 2181 801 2215 Piscatoris
819 2209 826 2222 ‚
854 2183 906 2215 die
935 2193 965 2217 x1

223 2237 363 2270 octobris
394 2246 595 2277 unccxxxw,
627 2236 837 2280 pontificatus
862 2237 964 2270 nostri

223 2300 307 2323 anno
334 2302 361 2324 v.

257 2347 316 2375 Dat.
335 2348 380 2374 die
401 2349 429 2375 11
449 2348 569 2376 octobris
592 2348 670 2383 1734,
689 2349 792 2384 pontif.
814 2357 886 2376 anno
901 2357 927 2376 v.

328 2397 388 2430 Pro
415 2398 544 2432 domino
571 2399 727 2432 cardinali
746 2399 915 2440 Delmino,

596 2453 630 2485 P.
658 2452 691 2485 L.
718 2453 873 2490 JACQUET.

260 2514 341 2544 Anao
364 2525 379 2544 a
395 2515 535 2544 nativitate
551 2514 663 2544 Domini
678 2516 763 2545 nostri
779 2516 840 2545 Iesu
858 2516 963 2546 Cltristi

1019 257 1070 285 tris
1093 260 1117 285 et
1139 256 1243 285 domini
1266 257 1351 285 nostri
1373 256 1476 285 domini
1500 255 1647 285 Clementis
1669 256 1767 285 diciaci

1017 305 1193 343 providentia
1226 305 1319 344 Papae
1348 305 1405 335 XI!
1432 315 1503 333 cinno
1526 314 1565 339 v,
1590 305 1766 343 supradictae

1019 353 1128 382 litterae
1150 353 1314 392 apostolieae
1341 355 1441 393 affioeae
1467 357 1491 382 et
1518 354 1675 392 publicatae
1707 356 1768 392 sae-

1020 406 1084 430 runt
1106 402 1141 430 aa'
1157 401 1246 430 valvas
1262 402 1391 431 basilicae
1404 402 1545 440 Principis
1561 402 1764 441 Apostolorum,

1021 450 1211 480 Cancellariae
1233 451 1427 490 .›iposlolicae,
1453 451 1555 479 Curiae
1575 450 1713 488 generalis
1737 452 1766 479 in

1019 499 1109 529 Mon‘e
1133 500 1264 528 (jaatorio
1279 523 1285 535 ,
1311 502 1337 528 in
1366 501 1423 529 acic
1458 499 1660 538 (Jampislorae,
1684 510 1714 528 ac
1737 500 1766 528 in

1019 549 1082 578 aliis
1105 548 1170 577 locis
1202 548 1289 577 solitis
1312 553 1335 577 ct
1358 550 1492 577 consuetis
1526 549 1606 577 [ritis
1622 572 1629 585 ‚
1652 558 1702 587 per
1725 558 1766 578 me

1019 598 1199 627 I‘'1·aneiseztm
1216 597 1363 626 Bartololli
1379 597 1555 636 apostolirmn
1578 607 1725 626 carmi-em.

1129 646 1246 676 Pernrs
1269 646 1374 676 Omont
1398 646 1537 684 magister
1561 655 1725 676 cursorum.

1326 791 1454 825 CXLIV.

1020 863 1228 906 Confirmatio
1247 863 1385 896 duorum
1414 863 1613 896 decretorum
1631 874 1684 896 scu
1701 868 1766 896 sta-

1063 921 1208 950 tutorum
1233 928 1253 949 a
1278 917 1422 960 capilulo
1455 917 1603 960 (seneroti
1630 918 1766 961 60119τέ-

1060 971 1205 1014 yatz'om's
1230 969 1419 1003 clericorum
1457 970 1680 1003 saeculariam
1704 971 1766 1003 Do-

1061 1024 1186 1057 ctrinae
1213 1023 1423 1058 Christianae
1456 1023 1490 1055 in
1518 1023 1631 1056 Gallici
1657 1023 1761 1056 edito-

1060 1088 1133 1109 rum
1153 1078 1241 1110 circa
1260 1087 1365 1109 rocem
1383 1076 1642 1120 provincialium
1661 1077 1696 1109 in
1714 1088 1763 1109 ca-

1057 1130 1176 1173 pitalis
1200 1130 1421 1173 qeneratibus,
1450 1140 1624 1173 eorumque
1639 1131 1764 1173 praesi-

1060 1183 1209 1216 (teneram
1235 1183 1392 1226 capitulis
1414 1182 1687 1225 provincialibus.

1229 1263 1365 1290 Clemens
1385 1263 1466 1296 Papa
1485 1263 1546 1296 XlI,

1158 1309 1194 1334 ad
1215 1307 1350 1333 futuram
1370 1306 1413 1334 rei
1434 1307 1615 1334 memoriem.

1057 1379 1121 1422 §1-
1141 1379 1263 1422 Exponi
1284 1379 1378 1412 nobis
1397 1389 1502 1421 nuper
1522 1379 1595 1412 fecit
1620 1378 1774 1437 dilectus¹

1013 1432 1097 1466 tilius
1114 1432 1316 1476 Hyacinthus
1336 1433 1375 1465 de
1395 1424 1954 1476 Bomoit,presbyterae22112›1‚÷‚1'1‘.¹11'''021

1013 1493 1205 1529 procurator
1228 1486 1394 1529 generalis
1430 1487 1623 1519 elericorum
1649 1497 1758 1520 saecu-

1012 1540 1126 1572 larium
1153 1540 1323 1573 Doctrinae
1354 1539 1557 1572 Christianae
1584 1541 1616 1572 in
1643 1540 1754 1580 Gallia,

1012 1594 1098 1637 quod
1117 1594 1147 1626 in
1171 1594 1313 1637 capitulo
1340 1593 1486 1635 generali
1510 1593 1652 1626 eiusdem
1678 1594 1757 1627 Con-

1012 1646 1212 1689 gregationis
1238 1647 1298 1680 hoc
1319 1657 1403 1678 anno
1422 1646 1552 1678 Parisiis
1578 1648 1755 1687 celebrato,

1011 1711 1082 1743 cap.
1111 1711 1133 1733 11
1160 1699 1430 1733 constitutionum
1466 1700 1544 1732 inibi
1571 1700 1751 1741 editarum,

1010 1759 1165 1786 statutum
1193 1753 1252 1786 suit
1277 1753 1464 1796 (reservatis
1486 1759 1592 1786 tamen
1613 1754 1755 1798 desuper

1010 1807 1129 1840 nostris
1147 1812 1178 1839 et
1197 1806 1401 1849 Apostolicae
1427 1805 1519 1838 Sedis
1546 1806 1754 1850 beneplacito

1010 1865 1041 1892 et
1065 1859 1329 1903 approbatione),
1350 1864 1393 1899 ut,
1412 1859 1435 1891 si
1457 1864 1602 1902 tempore
1621 1861 1753 1903 capituli

1010 1912 1174 1955 generalis
1212 1912 1316 1944 dictae
1342 1911 1611 1954 Congregationis
1638 1923 1753 1945 munus

1010 1965 1185 2010 praepositi
1212 1965 1421 2008 provincialis
1459 1965 1595 1998 alicuius
1621 1967 1754 2009 provin-

1009 2020 1077 2052 ciae
1103 2019 1202 2062 ipsius
1228 2018 1496 2061 Congregationis
1534 2029 1592 2061 per
1629 2020 1753 2053 obitum

1009 2079 1063 2106 aut
1088 2074 1166 2106 alias
1194 2073 1476 2116 qualitercumspie
1497 2083 1613 2105 vacans
1632 2074 1753 2116 reperi-

1009 2133 1110 2167 retur,
1139 2133 1213 2160 tune
1239 2127 1396 2159 interesse
1423 2125 1579 2159 deberet¹
1606 2127 1750 2170 capitulo

1009 2181 1154 2223 generali
1180 2180 1323 2224 praefato
1359 2185 1522 2222 tamquam
1555 2180 1692 2221 vocalis,
1720 2185 1751 2213 et

1007 2235 1121 2267 codem
1147 2234 1243 2267 modo
1271 2244 1334 2276 quo
1361 2233 1429 2276 ipse
1448 2233 1654 2276 praepositus
1679 2245 1750 2277 pro-

1007 2288 1152 2322 vincialis
1172 2288 1332 2322 eiusmodi
1358 2298 1491 2320 munere
1510 2288 1540 2320 in
1562 2291 1598 2321 ea
1619 2288 1750 2331 provin-

1007 2342 1055 2376 cia
1071 2343 1257 2376 immediate
1276 2342 1404 2375 functus
1424 2342 1543 2381 suisset,
1562 2343 1622 2382 vel,
1641 2353 1678 2375 eo
1698 2343 1750 2375 de-

1006 2396 1134 2430 ficiente
1151 2424 1158 2437 ,
1187 2396 1239 2440 qui
1266 2396 1303 2429 ad
1330 2395 1562 2438 praescriptum
1589 2395 1747 2429 dictarum

1006 2449 1277 2483 constitutionum
1304 2448 1450 2481 eamdem
1476 2448 1677 2490 provinciam
1699 2460 1748 2483 re-

1005 2509 1115 2547 geret3
1135 2509 1167 2536 et
1192 2513 1262 2546 cap.
1283 2512 1325 2535 vn
1352 2507 1480 2534 cautum
1508 2507 1568 2542 est,
1589 2508 1631 2543 ut,
1650 2503 1674 2536 si
1694 2514 1748 2536 no·

221 2571 401 2601 iinccxxxW,
424 2565 574 2594 inflictione
598 2573 645 2602 χιι,
662 2565 705 2594 dte
728 2575 788 2594 vero
808 2574 845 2595 xn
862 2568 962 2595 niensis
1005 2568 1060 2590 vus
1075 2555 1281 2600 praepositus
1300 2553 1508 2598 provincialis
1524 2555 1607 2589 soret
1622 2556 1660 2589 de
1678 2567 1747 2600 gre-

220 2612 343 2651 octobris,
358 2614 535 2652 pontificatus
550 2614 717 2643 sanctissimi
738 2614 766 2643 in
792 2613 900 2644 Cltrislo
912 2625 963 2654 pa-

292 2670 372 2699 Bull.
393 2671 477 2699 Rom.
499 2687 532 2692 —
556 2671 616 2700 Vol.
640 2671 743 2700 XXIV.
922 2674 938 2699 2

1043 2620 1050 2646 1
1075 2618 1224 2650 Quisnam?
1245 2618 1326 2644 Deest
1346 2616 1498 2643 subiectum
1519 2617 1556 2652 (n.
1573 2617 1620 2652 T.).

1702 197 1721 232 9
1768 207 1819 235 An.
1835 207 1863 234 c.
1890 207 1957 235 1734

1809 1390 1954 1411 Puta-ananus

1777 1424 1831 1437 hillis
