2232 3178
18 190 68 218 An.
82 188 112 216 c.
134 185 202 214 1739

490 231 652 266 CCLXVII.

207 306 306 339 Breve
324 304 449 337 Urbani
470 303 565 344 VIII,
584 314 647 347 quo
661 302 851 347 provinciae
874 301 943 334 Lu-

248 358 376 390 sitanae
388 357 523 391 Ordinis
536 358 679 400 fratrum
692 356 859 389 Minornm
875 365 948 387 san-

250 412 294 444 cti
311 411 484 444 Franciscz'
503 411 541 444 de
563 410 777 445 Observantici
793 410 949 452 reforma-

252 469 358 498 torum
375 468 642 507 nuncupatorum
660 463 819 506 fratribus
835 461 949 505 prohi-

252 518 344 551 betur
380 518 540 550 transitus
575 517 618 550 ad
648 517 735 550 alias
763 516 950 560 provincias

251 571 393 604 eiusdem
413 570 560 611 Ordinis,
583 570 738 603 studendi
769 569 879 608 causei,
898 579 950 602 ex-

251 624 396 657 tenditur
422 624 465 657 ad
479 624 682 667 provinciam
699 623 732 657 S.
754 623 896 656 Antonii
914 622 951 655 in

250 677 402 710 Brasitid
418 677 524 721 ipsius
543 676 687 711 Ordinis.

419 758 553 785 Clemens
574 758 653 791 Papa
673 757 734 789 XII,

347 802 384 829 ad
403 802 538 829 futuram
557 801 603 829 rei
623 800 808 829 memoriam.

21 881 197 934 abssd'ssuogtfflgff
251 873 266 916 ξ
290 873 321 906 1.
344 872 469 916 Exponi
486 872 580 906 nobis
599 883 704 916 nuper
721 872 795 906 fecit
815 872 952 905 dilectus

21 936 197 984 gsseantsgmagiaff
209 926 295 959 filius
319 926 474 959 Emanuel
488 937 505 959 a
518 926 767 960 Resurrectione
785 926 885 959 frater
903 936 952 958 ex-

21 988 322 1023 suossrcvicavu-presse
348 980 526 1023 professus,
552 990 681 1013 necnon
705 979 853 1013 minister
878 989 952 1022 pro-

208 1033 353 1067 vincialis
371 1033 557 1076 provinciae
575 1033 607 1066 S.
620 1033 751 1066 Antonii
770 1033 801 1066 in
817 1033 952 1066 Brasilia

209 1086 338 1120 Ordinis
373 1087 533 1121 Minorum
571 1087 674 1120 sancti
713 1086 874 1120 Francisci
912 1087 951 1121 de

208 1139 418 1173 Observantia
448 1140 710 1173 Reformatorum
743 1145 950 1183 nuncupato-

210 1203 281 1225 rum
297 1219 305 1233 ,
330 1193 417 1236 quod
441 1193 539 1232 alias,
574 1197 609 1225 ut
633 1194 783 1226 nonnulli
809 1194 950 1232 abusus,

210 1247 263 1290 qui
301 1247 334 1279 in
371 1246 539 1290 provincia
575 1246 725 1279 Lusitana
757 1246 789 1280 S.
822 1246 951 1280 Antonii

210 1300 353 1333 eiusdem
371 1299 513 1338 Ordinis,
530 1309 566 1331 ex
585 1310 649 1342 qua
667 1299 862 1342 primodicta
880 1311 953 1344 pro-

209 1353 310 1386 vincia
326 1352 556 1386 dismembrata
579 1352 647 1392 fuit,
668 1352 875 1396 irrepserant,
897 1354 953 1386 tol-

209 1407 368 1446 lerentur,
382 1411 577 1439 emanarunt
598 1417 614 1439 a
635 1406 739 1440 felicis
755 1406 953 1440 recordatio-

209 1460 259 1493 nis
273 1460 404 1493 Urbano
419 1459 475 1491 PP.
490 1459 554 1492 VIII
571 1456 824 1503 praedecessore
842 1465 953 1493 nostro

211 1513 369 1557 quaedam
396 1513 523 1546 litterae
548 1512 581 1545 in
602 1513 700 1546 simili
719 1513 821 1546 forma
843 1514 953 1547 Brevis

212 1567 383 1610 expeditae
411 1566 533 1600 tenoris
567 1567 754 1610 sequentis,
779 1567 953 1600 videlicet:

23 1624 202 1681 ξξὲεέξζὲῗῃῑᾘὲ
261 1620 412 1654 Urbanus
446 1621 541 1663 Papa
581 1620 665 1654 VIII
679 1647 688 1660 ‚
726 1620 768 1653 nd
808 1622 956 1663 suturam

26 1681 123 1702 adanam
136 1685 201 1703 trans·
211 1674 261 1706 rei
298 1674 502 1707 memoriam.
544 1673 669 1716 Exponi
711 1674 805 1706 nobis
848 1685 956 1717 nuper

25 1708 289 1761 llissfliffit'tss-'secit
313 1727 452 1760 dilectus
478 1727 561 1760 filius
591 1726 753 1760 Berardus
779 1728 818 1760 dc
844 1727 956 1772 Marty-

25 1763 60 1782 η
212 1781 319 1822 ribus,
345 1780 495 1813 minister
519 1780 727 1824 provincialis
766 1781 955 1824 provinciae

213 1835 245 1868 S.
272 1834 404 1867 Antonii
420 1833 549 1866 Ordinis
567 1834 726 1867 Minorum
744 1834 845 1866 sancti
863 1834 955 1867 Fran-

213 1887 288 1921 cisci
315 1887 574 1921 Reformatorum
612 1892 879 1931 nuncupatorum
906 1898 956 1921 re-

213 1942 268 1985 gni
294 1941 526 1984 Portugalliae,
552 1942 640 1985 quod
666 1942 824 1984 permulti
850 1942 957 1975 dictae

212 1995 401 2040 provinciae
426 1995 543 2028 fratres
568 1995 744 2028 Reformati
771 1995 956 2029 huiusmodi

214 2050 254 2082 ad
279 2049 365 2083 illius
389 2050 554 2093 praelatos
578 2048 767 2092 superiores
788 2059 957 2081 recursum

216 2102 360 2143 liabent,
392 2107 427 2134 ut
462 2102 501 2134 ab
538 2102 584 2135 eis
620 2102 766 2136 licentias
798 2113 832 2135 se
858 2113 893 2135 se
918 2102 956 2135 ad

215 2156 410 2189 studendum
429 2157 518 2189 extra
535 2155 654 2189 dictam
672 2156 872 2199 provinciam
887 2166 958 2189 con-

215 2209 343 2243 ferendi
368 2209 550 2250 obtineant,
577 2220 642 2242 non
668 2210 739 2242 sine
765 2210 851 2252 gravi
881 2210 960 2243 alio-

214 2273 285 2295 rum
328 2263 462 2295 fratrum
502 2262 767 2295 Reformatorum
812 2262 957 2296 eiusdem

214 2316 422 2359 provinciae,
450 2316 483 2348 in
509 2326 572 2359 qua
596 2321 669 2348 sunt
705 2315 832 2355 studia,
860 2315 957 2348 detri-

215 2375 326 2403 mento
351 2374 381 2403 et
405 2369 664 2413 perturbatione.
690 2368 846 2407 Quoniam
866 2379 955 2410 vero,

216 2423 299 2457 sicut
312 2424 425 2457 eadem
440 2423 597 2467 expositio
611 2422 841 2466 subiungebat,
855 2422 958 2465 ignari

216 2478 361 2511 licentias
387 2477 571 2510 huiusmodi
598 2481 797 2520 procurant,
823 2486 886 2520 quo
922 2476 959 2509 li-

217 2532 342 2564 centius
369 2537 400 2564 et
424 2530 559 2564 liberius
586 2530 706 2569 vivant,
729 2535 774 2570 et,
795 2539 868 2563 cum
894 2540 959 2562 ma-

215 2584 300 2618 ximo
325 2584 454 2618 Ordinis
480 2584 669 2617 eorumdem
695 2583 829 2617 fratrum
852 2583 960 2616 Refor—

831 179 975 206 CLEMENS
999 179 1044 204 xu
1068 180 1118 204 PP.

1629 166 1692 200 589
1738 176 1790 203 An.
1807 175 1835 204 c.
1859 176 1925 203 2739

989 234 1150 262 matorum
1171 227 1341 267 dedecore,
1359 225 1564 270 postmodum
1578 225 1611 258 in
1622 225 1737 258 eodem

989 281 1101 314 habitu
1126 281 1298 315 incedunt:
1331 280 1425 313 nobis
1450 283 1625 323 propterea
1650 277 1736 311 idem

991 336 1151 368 Berardus
1174 335 1323 368 minister
1340 333 1548 378 provincialis
1567 332 1737 366 humiliter

991 390 1168 433 supplicari
1194 390 1269 423 fecit
1293 395 1326 422 ut
1352 389 1384 421 in
1411 387 1598 432 praemissis
1616 397 1738 430 oppor-

993 448 1068 476 tune
1095 444 1143 476 et¹
1162 448 1197 475 ut
1221 443 1306 475 infra
1330 442 1502 486 providere
1522 441 1561 474 de
1586 439 1739 483 benigni-

993 501 1056 529 tate
1083 495 1258 539 apostolica
1284 496 1503 539 dignaremur.
1535 494 1597 528 Nos
1626 493 1736 536 igitur,

994 550 1144 582 eumdem
1163 549 1338 582 Berardum
1357 549 1552 592 specialibus
1572 547 1736 580 favoribus

993 608 1023 635 et
1047 602 1158 645 gratiis
1181 602 1338 646 prosequi
1372 602 1526 641 volentes
1559 606 1588 633 et
1632 611 1649 633 a
1670 599 1738 643 qui-

993 655 1100 688 busvis
1127 654 1484 694 excommunicationis,
1506 653 1738 697 suspensionis

995 714 1027 741 et
1044 708 1226 749 interdicti,
1253 708 1391 752 aliisque
1417 706 1645 741 ecclesiasticis
1669 715 1741 739 sen-

995 762 1116 802 tentiis,
1138 761 1284 795 censuris
1303 767 1334 794 et
1351 761 1485 805 poenis,
1507 772 1523 794 a
1545 760 1614 793 iure
1633 761 1682 793 vel
1699 759 1738 792 ab

994 815 1139 856 homine,
1160 815 1272 859 quavis
1290 815 1461 848 occasione
1477 815 1526 847 vel
1541 815 1636 847 causa
1653 813 1738 853 latis,

994 869 1019 902 si
1046 869 1163 913 quibus
1190 868 1442 912 quomodolibet
1469 868 1644 901 innodatus
1675 867 1741 901 exi-

994 923 1058 957 stit.
1085 923 1125 955 ad
1151 922 1302 955 effectum
1328 921 1550 965 praesentium
1577 921 1741 953 dumtaxat

994 976 1279 1019 consequendum,
1293 975 1410 1008 harum
1429 975 1514 1008 serie
1532 975 1740 1007 absolventes

995 1034 1026 1062 et
1040 1029 1224 1061 absolutum
1245 1028 1312 1061 fore
1331 1033 1503 1061 censentes
1520 1054 1527 1067 ,
1554 1027 1739 1060 huiusmodi

995 1081 1289 1126 supplicationibus
1322 1081 1489 1121 inclinati,
1515 1081 1601 1124 quod
1627 1081 1666 1113 de
1690 1091 1742 1113 ce-

997 1141 1064 1169 tero
1090 1136 1200 1169 nullus
1227 1135 1331 1168 dictae
1351 1134 1537 1178 provinciae
1560 1135 1660 1167 frater
1680 1134 1742 1166 Re-

997 1188 1151 1221 formatus
1177 1187 1365 1221 huiusmodi
1392 1192 1480 1220 extra
1506 1188 1652 1220 eamdem
1671 1197 1743 1230 pro—

997 1242 1132 1275 vinciam
1181 1241 1332 1274 studendi
1377 1243 1473 1273 causa
1517 1241 1639 1283 absque
1682 1251 1742 1284 pro

997 1301 1143 1340 tempore
1170 1295 1336 1329 existentis
1355 1295 1459 1328 dictae
1481 1294 1665 1338 provinciae
1685 1294 1744 1326 mi-

998 1349 1091 1382 nistri
1116 1349 1327 1393 provincialis
1353 1347 1484 1381 licentia
1522 1353 1554 1381 et
1578 1358 1742 1381 consensu

996 1413 1031 1436 se
1056 1413 1092 1436 se
1113 1403 1265 1436 conferre
1289 1403 1452 1435 ullatenus
1478 1402 1589 1445 possit,
1607 1401 1667 1434 sub
1689 1412 1741 1434 ex-

998 1456 1299 1490 communicationis
1314 1458 1419 1499 poena
1433 1466 1472 1488 eo
1491 1455 1561 1499 ipso
1576 1455 1743 1488 incurren-

998 1512 1049 1552 da,
1077 1510 1259 1554 apostolica
1283 1509 1485 1552 auctoritate,
1512 1514 1623 1542 tenore
1648 1519 1743 1553 prae-

998 1565 1148 1605 sentium,
1187 1563 1413 1597 interdicimus
1451 1568 1482 1596 et
1517 1562 1742 1606 prohibemus.

998 1618 1151 1651 Volentes
1178 1622 1210 1650 et
1235 1626 1390 1661 expresse
1416 1616 1625 1656 mandantes,
1649 1621 1685 1648 ut
1709 1615 1743 1648 in

999 1677 1161 1712 eventurn,
1189 1671 1222 1703 in
1248 1681 1344 1714 quem
1370 1670 1486 1713 aliquis
1511 1670 1608 1703 frater
1634 1669 1743 1702 Refor-

998 1731 1103 1758 matus
1129 1724 1313 1757 huiusmodi
1336 1723 1459 1757 litteras
1484 1723 1676 1766 apostolicas
1703 1721 1743 1755 ad

1000 1779 1087 1811 hunc
1112 1777 1261 1811 effectum
1288 1776 1466 1810 obtinuerit
1491 1781 1522 1808 et
1542 1775 1669 1815 habeat,
1688 1775 1743 1808 ille

1000 1832 1104 1864 eidem
1123 1830 1319 1874 provinciae,
1337 1829 1369 1862 in
1388 1840 1451 1873 qua
1468 1828 1620 1868 studebit,
1641 1829 1744 1861 incor-

999 1889 1144 1928 poretur,
1170 1888 1202 1916 et
1226 1883 1372 1915 habitum
1389 1882 1552 1926 praefatae
1571 1881 1741 1921 dumtaxat,

1000 1948 1065 1971 non
1092 1942 1201 1970 autem
1236 1936 1345 1977 illius,
1373 1936 1405 1969 in
1443 1946 1506 1979 qua
1531 1935 1620 1979 prius
1649 1939 1741 1974 erat,

999 1991 1010 2008 ⁹
1028 1990 1213 2035 provinciae
1233 1989 1350 2033 gestari
1370 1989 1518 2029 solitum,
1538 1989 1677 2027 deferat,
1697 1987 1744 2020 di-

1001 2051 1136 2088 ctaeque
1162 2044 1277 2088 prioris
1303 2042 1499 2086 provinciae,
1518 2054 1535 2075 a
1553 2053 1616 2085 qua
1637 2041 1744 2081 exivit,

1002 2100 1148 2132 habitum
1183 2098 1393 2141 praeteritum
1419 2107 1621 2130 reassumere
1647 2101 1678 2128 et
1711 2096 1745 2127 in

1001 2155 1038 2186 ea
1067 2153 1208 2196 amplius
1237 2150 1339 2194 recipi
1373 2155 1525 2194 nequeat.
1554 2149 1598 2183 Ac
1632 2149 1744 2182 decer-

1001 2214 1125 2247 nentes,
1142 2211 1331 2250 praesentes
1347 2204 1472 2238 litteras
1488 2202 1743 2243 validas,tir1nas

1001 2266 1033 2294 et
1069 2260 1215 2293 efficaces
1252 2258 1391 2292 existere
1427 2263 1458 2291 et
1492 2258 1578 2297 fore,
1603 2266 1743 2299 suosque

1001 2313 1166 2357 plenarios
1193 2319 1224 2346 et
1249 2313 1394 2354 integros
1420 2310 1551 2344 effectus
1576 2309 1687 2343 sortiri
1713 2314 1745 2341 et

1002 2368 1158 2408 obtinere,
1185 2371 1216 2400 et
1241 2367 1279 2399 ab
1305 2365 1455 2398 omnibus
1482 2369 1513 2397 et
1538 2363 1684 2406 singulis,
1704 2362 1744 2395 ad

1002 2431 1082 2465 quos
1109 2425 1237 2464 spectat
1262 2424 1294 2452 et
1318 2429 1378 2464 pro
1405 2423 1550 2460 tempore
1574 2415 1743 2460 spectabit,

1001 2474 1231 2507 inviolabiliter
1244 2471 1409 2505 observari
1425 2472 1554 2512 debere,
1566 2480 1602 2503 ac
1616 2469 1744 2502 irritum

1037 2545 1050 2571 1
1074 2545 1216 2571 Couiunct.
1238 2547 1264 2571 et
1285 2552 1334 2570 nos
1354 2542 1478 2570 addimus
1497 2543 1534 2576 (R.
1556 2543 1606 2572 T.).

1036 2590 1053 2617 2
1073 2590 1212 2618 Coniunct.
1234 2592 1258 2618 et
1279 2589 1340 2616 hinc
1361 2588 1503 2616 adiicimus
1522 2587 1565 2623 (n.
1582 2587 1629 2621 T.)-
