<?xml version="1.0" encoding="UTF-8"?>
<!DOCTYPE html PUBLIC "-//W3C//DTD XHTML 1.0 Transitional//EN"
    "http://www.w3.org/TR/xhtml1/DTD/xhtml1-transitional.dtd">
<html xmlns="http://www.w3.org/1999/xhtml" xml:lang="en" lang="en">
 <head>
  <title>
</title>
<meta http-equiv="Content-Type" content="text/html;charset=utf-8" />
  <meta name='ocr-system' content='tesseract 3.04.00' />
  <meta name='ocr-capabilities' content='ocr_page ocr_carea ocr_par ocr_line ocrx_word'/>
</head>
<body>
  <div class='ocr_page' id='page_1' title='image "./bullarumdiplomat24cath_0691.png"; bbox 0 0 2232 3178; ppageno 0'>
   <div class='ocr_carea' id='block_1_1' title="bbox 58 186 249 216">
    <p class='ocr_par' dir='ltr' id='par_1_1' title="bbox 58 186 249 216">
     <span class='ocr_line' id='line_1_1' title="bbox 58 186 249 216; baseline -0.016 0"><span class='ocrx_word' id='word_1_1' title='bbox 58 187 113 216; x_wconf 78' lang='lat' dir='ltr'>An.</span> <span class='ocrx_word' id='word_1_2' title='bbox 129 186 157 213; x_wconf 89' lang='lat' dir='ltr'>C.</span> <span class='ocrx_word' id='word_1_3' title='bbox 181 186 249 215; x_wconf 78' lang='lat'>¹740</span> 
     </span>
    </p>
   </div>
   <div class='ocr_carea' id='block_1_2' title="bbox 249 233 988 417">
    <p class='ocr_par' dir='ltr' id='par_1_2' title="bbox 249 233 988 417">
     <span class='ocr_line' id='line_1_2' title="bbox 249 233 988 273; baseline -0.003 -9"><span class='ocrx_word' id='word_1_4' title='bbox 249 237 354 272; x_wconf 88' lang='lat' dir='ltr'>vetur,</span> <span class='ocrx_word' id='word_1_5' title='bbox 377 238 406 264; x_wconf 87' lang='lat' dir='ltr'>et</span> <span class='ocrx_word' id='word_1_6' title='bbox 437 233 530 273; x_wconf 89' lang='lat' dir='ltr'>primo</span> <span class='ocrx_word' id='word_1_7' title='bbox 564 243 639 264; x_wconf 88' lang='lat' dir='ltr'>anno</span> <span class='ocrx_word' id='word_1_8' title='bbox 663 234 797 264; x_wconf 85' lang='lat' dir='ltr'>ultimum</span> <span class='ocrx_word' id='word_1_9' title='bbox 827 233 922 263; x_wconf 89' lang='lat' dir='ltr'>locum</span> <span class='ocrx_word' id='word_1_10' title='bbox 947 236 988 262; x_wconf 88' lang='lat' dir='ltr'>te-</span> 
     </span>
     <span class='ocr_line' id='line_1_3' title="bbox 250 283 987 322; baseline -0.003 -9"><span class='ocrx_word' id='word_1_11' title='bbox 250 287 332 313; x_wconf 84' lang='lat' dir='ltr'>neat:</span> <span class='ocrx_word' id='word_1_12' title='bbox 363 287 391 313; x_wconf 92' lang='lat' dir='ltr'>et</span> <span class='ocrx_word' id='word_1_13' title='bbox 424 292 474 322; x_wconf 89' lang='lat' dir='ltr'>per</span> <span class='ocrx_word' id='word_1_14' title='bbox 497 292 625 313; x_wconf 92' lang='lat' dir='ltr'>mensem</span> <span class='ocrx_word' id='word_1_15' title='bbox 650 283 795 322; x_wconf 84' lang='lat' dir='ltr'>integrum</span> <span class='ocrx_word' id='word_1_16' title='bbox 819 283 928 312; x_wconf 64' lang='lat' dir='ltr'>corona</span> <span class='ocrx_word' id='word_1_17' title='bbox 959 285 987 312; x_wconf 89' lang='lat' dir='ltr'>et</span> 
     </span>
     <span class='ocr_line' id='line_1_4' title="bbox 249 331 988 371; baseline -0.003 -9"><span class='ocrx_word' id='word_1_18' title='bbox 249 332 363 362; x_wconf 92' lang='lat' dir='ltr'>cucullo</span> <span class='ocrx_word' id='word_1_19' title='bbox 386 332 527 371; x_wconf 73' lang='lat' dir='ltr'>privetur,</span> <span class='ocrx_word' id='word_1_20' title='bbox 551 331 574 361; x_wconf 91' lang='lat' dir='ltr'>si</span> <span class='ocrx_word' id='word_1_21' title='bbox 597 331 729 362; x_wconf 74' lang='lat' dir='ltr'>habitum</span> <span class='ocrx_word' id='word_1_22' title='bbox 749 331 925 367; x_wconf 82' lang='lat' dir='ltr'>dimisisset3</span> <span class='ocrx_word' id='word_1_23' title='bbox 944 340 988 360; x_wconf 90' lang='lat' dir='ltr'>se-</span> 
     </span>
     <span class='ocr_line' id='line_1_5' title="bbox 249 380 987 417; baseline -0.003 -7"><span class='ocrx_word' id='word_1_24' title='bbox 249 390 311 417; x_wconf 86' lang='lat' dir='ltr'>cus,</span> <span class='ocrx_word' id='word_1_25' title='bbox 335 381 358 410; x_wconf 90' lang='lat' dir='ltr'>si</span> <span class='ocrx_word' id='word_1_26' title='bbox 382 390 447 410; x_wconf 88' lang='lat' dir='ltr'>eum</span> <span class='ocrx_word' id='word_1_27' title='bbox 472 381 662 411; x_wconf 79' lang='lat' dir='ltr'><strong>retinuisset:</strong></span> <span class='ocrx_word' id='word_1_28' title='bbox 686 381 710 411; x_wconf 88' lang='lat' dir='ltr'>si</span> <span class='ocrx_word' id='word_1_29' title='bbox 732 390 801 410; x_wconf 92' lang='lat' dir='ltr'>vero</span> <span class='ocrx_word' id='word_1_30' title='bbox 824 380 915 409; x_wconf 86' lang='lat' dir='ltr'>laicus</span> <span class='ocrx_word' id='word_1_31' title='bbox 937 384 987 409; x_wconf 90' lang='lat' dir='ltr'>aut</span> 
     </span>
    </p>
   </div>
   <div class='ocr_carea' id='block_1_3' title="bbox 247 428 1009 564">
    <p class='ocr_par' dir='ltr' id='par_1_3' title="bbox 247 428 1009 564">
     <span class='ocr_line' id='line_1_6' title="bbox 248 428 1009 460; baseline -0.004 -1"><span class='ocrx_word' id='word_1_32' title='bbox 248 429 373 460; x_wconf 83' lang='lat' dir='ltr'>clericus</span> <span class='ocrx_word' id='word_1_33' title='bbox 396 429 425 458; x_wconf 91' lang='lat' dir='ltr'>in</span> <span class='ocrx_word' id='word_1_34' title='bbox 448 429 612 459; x_wconf 74' lang='lat' dir='ltr'>minoribus</span> <span class='ocrx_word' id='word_1_35' title='bbox 634 429 787 459; x_wconf 85' lang='lat' dir='ltr'>ordinibus</span> <span class='ocrx_word' id='word_1_36' title='bbox 812 428 987 458; x_wconf 85' lang='lat' dir='ltr'>constitutus</span> <span class='ocrx_word' id='word_1_37' title='bbox 1008 451 1009 454; x_wconf 64' lang='grc'>,</span> 
     </span>
     <span class='ocr_line' id='line_1_7' title="bbox 248 475 1008 516; baseline -0.004 -9"><span class='ocrx_word' id='word_1_38' title='bbox 248 482 334 513; x_wconf 87' lang='lat' dir='ltr'>esset,</span> <span class='ocrx_word' id='word_1_39' title='bbox 359 486 410 516; x_wconf 89' lang='lat' dir='ltr'>per</span> <span class='ocrx_word' id='word_1_40' title='bbox 429 477 663 516; x_wconf 86' lang='lat' dir='ltr'>quinquennium</span> <span class='ocrx_word' id='word_1_41' title='bbox 681 476 859 506; x_wconf 86' lang='lat' dir='ltr'>novissimus</span> <span class='ocrx_word' id='word_1_42' title='bbox 875 475 985 512; x_wconf 87' lang='lat' dir='ltr'>sedeat,</span> <span class='ocrx_word' id='word_1_43' title='bbox 1007 498 1008 508; x_wconf 64' lang='grc'>,</span> 
     </span>
     <span class='ocr_line' id='line_1_8' title="bbox 247 525 1008 564; baseline -0.004 -9"><span class='ocrx_word' id='word_1_44' title='bbox 247 530 276 555; x_wconf 91' lang='lat' dir='ltr'>et</span> <span class='ocrx_word' id='word_1_45' title='bbox 298 534 367 555; x_wconf 85' lang='lat' dir='ltr'>voce</span> <span class='ocrx_word' id='word_1_46' title='bbox 391 525 486 554; x_wconf 72' lang='lat' dir='ltr'>activa</span> <span class='ocrx_word' id='word_1_47' title='bbox 514 529 542 554; x_wconf 92' lang='lat' dir='ltr'>et</span> <span class='ocrx_word' id='word_1_48' title='bbox 572 525 688 564; x_wconf 69' lang='lat' dir='ltr'>passIva</span> <span class='ocrx_word' id='word_1_49' title='bbox 711 525 852 564; x_wconf 79' lang='lat' dir='ltr'>privetur,</span> <span class='ocrx_word' id='word_1_50' title='bbox 877 532 986 562; x_wconf 82' lang='lat' dir='ltr'>perque</span> <span class='ocrx_word' id='word_1_51' title='bbox 1007 545 1008 549; x_wconf 64' lang='lat'>,</span> 
     </span>
    </p>
   </div>
   <div class='ocr_carea' id='block_1_4' title="bbox 239 571 987 2611">
    <p class='ocr_par' dir='ltr' id='par_1_4' title="bbox 244 571 987 902">
     <span class='ocr_line' id='line_1_9' title="bbox 248 571 987 611; baseline -0.003 -9"><span class='ocrx_word' id='word_1_52' title='bbox 248 582 378 603; x_wconf 89' lang='lat' dir='ltr'>mensem</span> <span class='ocrx_word' id='word_1_53' title='bbox 401 573 517 602; x_wconf 86' lang='lat' dir='ltr'>cucullo</span> <span class='ocrx_word' id='word_1_54' title='bbox 541 573 683 611; x_wconf 76' lang='lat' dir='ltr'>privetur,</span> <span class='ocrx_word' id='word_1_55' title='bbox 701 573 724 602; x_wconf 91' lang='lat' dir='ltr'>si</span> <span class='ocrx_word' id='word_1_56' title='bbox 748 571 987 610; x_wconf 58' lang='lat' dir='ltr'>habitum-dimi-</span> 
     </span>
     <span class='ocr_line' id='line_1_10' title="bbox 247 619 986 660; baseline -0.003 -9"><span class='ocrx_word' id='word_1_57' title='bbox 247 621 344 652; x_wconf 79' lang='lat' dir='ltr'>sisset.</span> <span class='ocrx_word' id='word_1_58' title='bbox 368 621 511 657; x_wconf 83' lang='lat' dir='ltr'>Secundo,</span> <span class='ocrx_word' id='word_1_59' title='bbox 536 631 588 660; x_wconf 90' lang='lat' dir='ltr'>per</span> <span class='ocrx_word' id='word_1_60' title='bbox 613 621 723 660; x_wconf 82' lang='lat' dir='ltr'>aliquot</span> <span class='ocrx_word' id='word_1_61' title='bbox 746 629 861 650; x_wconf 87' lang='lat' dir='ltr'>menses</span> <span class='ocrx_word' id='word_1_62' title='bbox 882 620 912 649; x_wconf 91' lang='lat' dir='ltr'>in</span> <span class='ocrx_word' id='word_1_63' title='bbox 931 619 986 649; x_wconf 87' lang='lat' dir='ltr'>cel-</span> 
     </span>
     <span class='ocr_line' id='line_1_11' title="bbox 246 669 983 708; baseline -0.003 -8"><span class='ocrx_word' id='word_1_64' title='bbox 246 671 303 700; x_wconf 87' lang='lat' dir='ltr'>lam</span> <span class='ocrx_word' id='word_1_65' title='bbox 325 670 504 708; x_wconf 72' lang='lat' dir='ltr'>includatur,</span> <span class='ocrx_word' id='word_1_66' title='bbox 528 674 556 699; x_wconf 92' lang='lat' dir='ltr'>et</span> <span class='ocrx_word' id='word_1_67' title='bbox 578 669 689 699; x_wconf 83' lang='lat' dir='ltr'>ieiunet</span> <span class='ocrx_word' id='word_1_68' title='bbox 711 669 740 699; x_wconf 90' lang='lat' dir='ltr'>in</span> <span class='ocrx_word' id='word_1_69' title='bbox 760 678 834 708; x_wconf 87' lang='lat' dir='ltr'>pane</span> <span class='ocrx_word' id='word_1_70' title='bbox 852 673 880 698; x_wconf 81' lang='lat' dir='ltr'>et</span> <span class='ocrx_word' id='word_1_71' title='bbox 896 669 983 707; x_wconf 69' lang='lat' dir='ltr'>aqua.</span> 
     </span>
     <span class='ocr_line' id='line_1_12' title="bbox 245 717 985 759; baseline -0.003 -10"><span class='ocrx_word' id='word_1_72' title='bbox 245 719 354 757; x_wconf 87' lang='lat' dir='ltr'>Tertio,</span> <span class='ocrx_word' id='word_1_73' title='bbox 378 728 430 759; x_wconf 91' lang='lat' dir='ltr'>per</span> <span class='ocrx_word' id='word_1_74' title='bbox 453 727 541 748; x_wconf 88' lang='lat' dir='ltr'>unam</span> <span class='ocrx_word' id='word_1_75' title='bbox 558 717 781 755; x_wconf 82' lang='lat' dir='ltr'>hebdomadam,</span> <span class='ocrx_word' id='word_1_76' title='bbox 800 722 953 757; x_wconf 81' lang='lat' dir='ltr'>postquam</span> <span class='ocrx_word' id='word_1_77' title='bbox 970 726 985 747; x_wconf 87' lang='lat' dir='ltr'>e</span> 
     </span>
     <span class='ocr_line' id='line_1_13' title="bbox 245 766 986 805; baseline -0.003 -8"><span class='ocrx_word' id='word_1_78' title='bbox 245 767 320 797; x_wconf 72' lang='lat' dir='ltr'>cella</span> <span class='ocrx_word' id='word_1_79' title='bbox 342 776 476 805; x_wconf 81' lang='lat' dir='ltr'>egressus</span> <span class='ocrx_word' id='word_1_80' title='bbox 492 770 520 796; x_wconf 90' lang='lat' dir='ltr'>et</span> <span class='ocrx_word' id='word_1_81' title='bbox 535 766 570 796; x_wconf 92' lang='lat' dir='ltr'>ad</span> <span class='ocrx_word' id='word_1_82' title='bbox 587 766 766 796; x_wconf 78' lang='lat' dir='ltr'>consortium</span> <span class='ocrx_word' id='word_1_83' title='bbox 789 766 913 796; x_wconf 81' lang='lat' dir='ltr'>fratrum</span> <span class='ocrx_word' id='word_1_84' title='bbox 938 766 986 796; x_wconf 88' lang='lat' dir='ltr'>ad-</span> 
     </span>
     <span class='ocr_line' id='line_1_14' title="bbox 246 814 984 855; baseline -0.001 -10"><span class='ocrx_word' id='word_1_85' title='bbox 246 816 351 846; x_wconf 87' lang='lat' dir='ltr'>missus</span> <span class='ocrx_word' id='word_1_86' title='bbox 369 815 468 854; x_wconf 86' lang='lat' dir='ltr'>suerit,</span> <span class='ocrx_word' id='word_1_87' title='bbox 485 818 702 855; x_wconf 87' lang='lat' dir='ltr'>sequestratum</span> <span class='ocrx_word' id='word_1_88' title='bbox 722 815 819 845; x_wconf 87' lang='lat' dir='ltr'>locum</span> <span class='ocrx_word' id='word_1_89' title='bbox 834 814 939 844; x_wconf 87' lang='lat' dir='ltr'>habeat</span> <span class='ocrx_word' id='word_1_90' title='bbox 954 814 984 844; x_wconf 92' lang='lat' dir='ltr'>in</span> 
     </span>
     <span class='ocr_line' id='line_1_15' title="bbox 244 863 783 902; baseline -0.002 -8"><span class='ocrx_word' id='word_1_91' title='bbox 244 864 379 902; x_wconf 69' lang='lat' dir='ltr'>ecclesia,</span> <span class='ocrx_word' id='word_1_92' title='bbox 403 864 433 894; x_wconf 90' lang='lat' dir='ltr'>in</span> <span class='ocrx_word' id='word_1_93' title='bbox 455 863 544 894; x_wconf 92' lang='lat' dir='ltr'>choro</span> <span class='ocrx_word' id='word_1_94' title='bbox 566 868 594 894; x_wconf 88' lang='lat' dir='ltr'>et</span> <span class='ocrx_word' id='word_1_95' title='bbox 617 864 647 894; x_wconf 94' lang='lat' dir='ltr'>in</span> <span class='ocrx_word' id='word_1_96' title='bbox 671 865 783 894; x_wconf 68' lang='lat' dir='ltr'>mensa.</span> 
     </span>
    </p>

    <p class='ocr_par' dir='ltr' id='par_1_5' title="bbox 241 911 986 1822">
     <span class='ocr_line' id='line_1_16' title="bbox 283 911 983 952; baseline -0.003 -10"><span class='ocrx_word' id='word_1_97' title='bbox 283 922 311 943; x_wconf 86' lang='lat'>11.</span> <span class='ocrx_word' id='word_1_98' title='bbox 345 912 375 942; x_wconf 88' lang='lat' dir='ltr'>Si</span> <span class='ocrx_word' id='word_1_99' title='bbox 408 912 534 942; x_wconf 88' lang='lat' dir='ltr'>secundo</span> <span class='ocrx_word' id='word_1_100' title='bbox 566 912 610 942; x_wconf 87' lang='lat' dir='ltr'>vel</span> <span class='ocrx_word' id='word_1_101' title='bbox 644 913 730 942; x_wconf 91' lang='lat' dir='ltr'>tertio</span> <span class='ocrx_word' id='word_1_102' title='bbox 763 911 983 952; x_wconf 78' lang='lat' dir='ltr'>apostataverit,</span> 
     </span>
     <span class='ocr_line' id='line_1_17' title="bbox 244 961 985 1002; baseline -0.001 -10"><span class='ocrx_word' id='word_1_103' title='bbox 244 971 353 1002; x_wconf 90' lang='lat' dir='ltr'>poenae</span> <span class='ocrx_word' id='word_1_104' title='bbox 384 962 586 1002; x_wconf 82' lang='lat' dir='ltr'>suprapositae</span> <span class='ocrx_word' id='word_1_105' title='bbox 622 961 648 992; x_wconf 88' lang='lat' dir='ltr'>ei</span> <span class='ocrx_word' id='word_1_106' title='bbox 685 962 919 1002; x_wconf 85' lang='lat' dir='ltr'>multiplicentur</span> <span class='ocrx_word' id='word_1_107' title='bbox 951 971 985 992; x_wconf 83' lang='lat' dir='ltr'>ex</span> 
     </span>
     <span class='ocr_line' id='line_1_18' title="bbox 244 1011 985 1050; baseline 0 -10"><span class='ocrx_word' id='word_1_108' title='bbox 244 1011 367 1041; x_wconf 89' lang='lat' dir='ltr'>consilio</span> <span class='ocrx_word' id='word_1_109' title='bbox 401 1015 516 1050; x_wconf 90' lang='lat' dir='ltr'>patrum</span> <span class='ocrx_word' id='word_1_110' title='bbox 550 1011 710 1041; x_wconf 89' lang='lat' dir='ltr'>seniorum.</span> <span class='ocrx_word' id='word_1_111' title='bbox 745 1011 825 1047; x_wconf 89' lang='lat' dir='ltr'>Quod</span> <span class='ocrx_word' id='word_1_112' title='bbox 861 1011 885 1041; x_wconf 90' lang='lat' dir='ltr'>si</span> <span class='ocrx_word' id='word_1_113' title='bbox 918 1020 985 1040; x_wconf 89' lang='lat' dir='ltr'>cum</span> 
     </span>
     <span class='ocr_line' id='line_1_19' title="bbox 244 1059 982 1097; baseline 0 -8"><span class='ocrx_word' id='word_1_114' title='bbox 244 1059 391 1096; x_wconf 87' lang='lat' dir='ltr'>scandalo,</span> <span class='ocrx_word' id='word_1_115' title='bbox 414 1059 516 1089; x_wconf 86' lang='lat' dir='ltr'>relicto</span> <span class='ocrx_word' id='word_1_116' title='bbox 545 1059 665 1097; x_wconf 85' lang='lat' dir='ltr'>Ordine,</span> <span class='ocrx_word' id='word_1_117' title='bbox 690 1060 843 1090; x_wconf 82' lang='lat' dir='ltr'>inhoneste</span> <span class='ocrx_word' id='word_1_118' title='bbox 866 1059 982 1097; x_wconf 84' lang='lat' dir='ltr'>vixerit,</span> 
     </span>
     <span class='ocr_line' id='line_1_20' title="bbox 243 1108 986 1148; baseline 0 -10"><span class='ocrx_word' id='word_1_119' title='bbox 243 1108 412 1138; x_wconf 89' lang='lat' dir='ltr'>autdiutius</span> <span class='ocrx_word' id='word_1_120' title='bbox 435 1112 515 1138; x_wconf 83' lang='lat' dir='ltr'>extra</span> <span class='ocrx_word' id='word_1_121' title='bbox 539 1108 676 1139; x_wconf 86' lang='lat' dir='ltr'>Ordinem</span> <span class='ocrx_word' id='word_1_122' title='bbox 698 1109 902 1148; x_wconf 82' lang='lat' dir='ltr'>permanserit,</span> <span class='ocrx_word' id='word_1_123' title='bbox 919 1118 986 1148; x_wconf 89' lang='lat' dir='ltr'>poe-</span> 
     </span>
     <span class='ocr_line' id='line_1_21' title="bbox 244 1157 982 1197; baseline 0.001 -11"><span class='ocrx_word' id='word_1_124' title='bbox 244 1167 279 1187; x_wconf 90' lang='lat' dir='ltr'>na</span> <span class='ocrx_word' id='word_1_125' title='bbox 302 1157 345 1187; x_wconf 87' lang='lat' dir='ltr'>illi</span> <span class='ocrx_word' id='word_1_126' title='bbox 369 1161 511 1195; x_wconf 82' lang='lat' dir='ltr'>augeatur</span> <span class='ocrx_word' id='word_1_127' title='bbox 533 1157 612 1187; x_wconf 80' lang='lat' dir='ltr'>iuxta</span> <span class='ocrx_word' id='word_1_128' title='bbox 636 1158 807 1197; x_wconf 79' lang='lat' dir='ltr'>qualitatem</span> <span class='ocrx_word' id='word_1_129' title='bbox 841 1158 982 1197; x_wconf 84' lang='lat' dir='ltr'>scandali,</span> 
     </span>
     <span class='ocr_line' id='line_1_22' title="bbox 243 1206 984 1247; baseline 0.003 -12"><span class='ocrx_word' id='word_1_130' title='bbox 243 1206 417 1236; x_wconf 86' lang='lat' dir='ltr'>delictorum</span> <span class='ocrx_word' id='word_1_131' title='bbox 441 1210 469 1236; x_wconf 90' lang='lat' dir='ltr'>et</span> <span class='ocrx_word' id='word_1_132' title='bbox 485 1215 584 1236; x_wconf 84' lang='lat' dir='ltr'>morae</span> <span class='ocrx_word' id='word_1_133' title='bbox 606 1206 846 1237; x_wconf 82' lang='lat' dir='ltr'>diuturnitatem.</span> <span class='ocrx_word' id='word_1_134' title='bbox 867 1207 905 1237; x_wconf 88' lang='lat' dir='ltr'>De</span> <span class='ocrx_word' id='word_1_135' title='bbox 927 1217 984 1247; x_wconf 89' lang='lat' dir='ltr'>quo</span> 
     </span>
     <span class='ocr_line' id='line_1_23' title="bbox 243 1255 980 1294; baseline 0.001 -9"><span class='ocrx_word' id='word_1_136' title='bbox 243 1264 311 1285; x_wconf 92' lang='lat' dir='ltr'>vero</span> <span class='ocrx_word' id='word_1_137' title='bbox 334 1264 392 1285; x_wconf 91' lang='lat' dir='ltr'>non</span> <span class='ocrx_word' id='word_1_138' title='bbox 415 1258 540 1293; x_wconf 89' lang='lat' dir='ltr'>constat,</span> <span class='ocrx_word' id='word_1_139' title='bbox 564 1255 640 1294; x_wconf 91' lang='lat' dir='ltr'>quod</span> <span class='ocrx_word' id='word_1_140' title='bbox 664 1255 796 1286; x_wconf 89' lang='lat' dir='ltr'>habitum</span> <span class='ocrx_word' id='word_1_141' title='bbox 820 1256 980 1291; x_wconf 78' lang='lat' dir='ltr'>dimiserit,</span> 
     </span>
     <span class='ocr_line' id='line_1_24' title="bbox 242 1303 983 1343; baseline 0 -9"><span class='ocrx_word' id='word_1_142' title='bbox 242 1307 292 1334; x_wconf 86' lang='lat' dir='ltr'>aut</span> <span class='ocrx_word' id='word_1_143' title='bbox 323 1313 358 1333; x_wconf 81' lang='lat' dir='ltr'>ex</span> <span class='ocrx_word' id='word_1_144' title='bbox 390 1303 498 1334; x_wconf 87' lang='lat' dir='ltr'>Ordine</span> <span class='ocrx_word' id='word_1_145' title='bbox 532 1303 660 1342; x_wconf 82' lang='lat' dir='ltr'>fugerit,</span> <span class='ocrx_word' id='word_1_146' title='bbox 684 1304 734 1334; x_wconf 90' lang='lat' dir='ltr'>sed</span> <span class='ocrx_word' id='word_1_147' title='bbox 759 1308 870 1334; x_wconf 86' lang='lat' dir='ltr'>tantum</span> <span class='ocrx_word' id='word_1_148' title='bbox 895 1314 983 1343; x_wconf 74' lang='lat' dir='ltr'>vagus</span> 
     </span>
     <span class='ocr_line' id='line_1_25' title="bbox 242 1352 984 1393; baseline 0.001 -11"><span class='ocrx_word' id='word_1_149' title='bbox 242 1352 318 1382; x_wconf 89' lang='lat' dir='ltr'>intra</span> <span class='ocrx_word' id='word_1_150' title='bbox 343 1352 386 1382; x_wconf 91' lang='lat' dir='ltr'>vel</span> <span class='ocrx_word' id='word_1_151' title='bbox 409 1356 488 1382; x_wconf 76' lang='lat' dir='ltr'>extra</span> <span class='ocrx_word' id='word_1_152' title='bbox 520 1352 724 1391; x_wconf 87' lang='lat' dir='ltr'>provinciam,</span> <span class='ocrx_word' id='word_1_153' title='bbox 748 1357 902 1393; x_wconf 79' lang='lat' dir='ltr'>praetextu</span> <span class='ocrx_word' id='word_1_154' title='bbox 935 1353 984 1383; x_wconf 88' lang='lat' dir='ltr'>ad-</span> 
     </span>
     <span class='ocr_line' id='line_1_26' title="bbox 242 1400 983 1441; baseline 0 -9"><span class='ocrx_word' id='word_1_155' title='bbox 242 1401 329 1432; x_wconf 91' lang='lat' dir='ltr'>eundi</span> <span class='ocrx_word' id='word_1_156' title='bbox 351 1400 545 1441; x_wconf 87' lang='lat' dir='ltr'>superiorem,</span> <span class='ocrx_word' id='word_1_157' title='bbox 562 1401 592 1430; x_wconf 92' lang='lat' dir='ltr'>in</span> <span class='ocrx_word' id='word_1_158' title='bbox 616 1401 718 1432; x_wconf 84' lang='lat' dir='ltr'>habitu</span> <span class='ocrx_word' id='word_1_159' title='bbox 741 1401 934 1441; x_wconf 87' lang='lat' dir='ltr'>circumierit,</span> <span class='ocrx_word' id='word_1_160' title='bbox 959 1403 983 1433; x_wconf 91' lang='lat' dir='ltr'>is</span> 
     </span>
     <span class='ocr_line' id='line_1_27' title="bbox 243 1449 982 1490; baseline 0 -9"><span class='ocrx_word' id='word_1_161' title='bbox 243 1459 351 1490; x_wconf 87' lang='lat' dir='ltr'>poenas</span> <span class='ocrx_word' id='word_1_162' title='bbox 386 1449 529 1488; x_wconf 82' lang='lat' dir='ltr'>gravioris</span> <span class='ocrx_word' id='word_1_163' title='bbox 566 1450 669 1490; x_wconf 86' lang='lat' dir='ltr'>culpae</span> <span class='ocrx_word' id='word_1_164' title='bbox 706 1450 869 1489; x_wconf 88' lang='lat' dir='ltr'>sustineat,</span> <span class='ocrx_word' id='word_1_165' title='bbox 900 1451 982 1481; x_wconf 80' lang='lat' dir='ltr'>iuxta</span> 
     </span>
     <span class='ocr_line' id='line_1_28' title="bbox 244 1498 982 1538; baseline 0 -9"><span class='ocrx_word' id='word_1_166' title='bbox 244 1507 353 1529; x_wconf 89' lang='lat' dir='ltr'>moram</span> <span class='ocrx_word' id='word_1_167' title='bbox 376 1498 539 1537; x_wconf 81' lang='lat' dir='ltr'>vagationis</span> <span class='ocrx_word' id='word_1_168' title='bbox 555 1502 583 1528; x_wconf 86' lang='lat' dir='ltr'>et</span> <span class='ocrx_word' id='word_1_169' title='bbox 601 1499 771 1538; x_wconf 84' lang='lat' dir='ltr'>qualitatem</span> <span class='ocrx_word' id='word_1_170' title='bbox 788 1499 982 1537; x_wconf 82' lang='lat' dir='ltr'>‹lelictorum3</span> 
     </span>
     <span class='ocr_line' id='line_1_29' title="bbox 243 1547 981 1587; baseline 0 -9"><span class='ocrx_word' id='word_1_171' title='bbox 243 1553 338 1578; x_wconf 85' lang='lat' dir='ltr'>tamen</span> <span class='ocrx_word' id='word_1_172' title='bbox 354 1571 361 1585; x_wconf 91' lang='lat'>,</span> <span class='ocrx_word' id='word_1_173' title='bbox 385 1551 417 1577; x_wconf 89' lang='lat' dir='ltr'>ut</span> <span class='ocrx_word' id='word_1_174' title='bbox 450 1547 585 1586; x_wconf 89' lang='lat' dir='ltr'>superior</span> <span class='ocrx_word' id='word_1_175' title='bbox 618 1547 778 1586; x_wconf 84' lang='lat' dir='ltr'>prudenter</span> <span class='ocrx_word' id='word_1_176' title='bbox 801 1548 981 1587; x_wconf 88' lang='lat' dir='ltr'>prospiciat,</span> 
     </span>
     <span class='ocr_line' id='line_1_30' title="bbox 243 1596 982 1636; baseline 0.001 -9"><span class='ocrx_word' id='word_1_177' title='bbox 243 1596 312 1636; x_wconf 89' lang='lat' dir='ltr'>quid</span> <span class='ocrx_word' id='word_1_178' title='bbox 336 1599 447 1626; x_wconf 89' lang='lat' dir='ltr'>attento</span> <span class='ocrx_word' id='word_1_179' title='bbox 470 1596 617 1635; x_wconf 86' lang='lat' dir='ltr'>praesenti</span> <span class='ocrx_word' id='word_1_180' title='bbox 645 1600 719 1626; x_wconf 85' lang='lat' dir='ltr'>statu</span> <span class='ocrx_word' id='word_1_181' title='bbox 753 1597 930 1636; x_wconf 90' lang='lat' dir='ltr'>poenitentis</span> <span class='ocrx_word' id='word_1_182' title='bbox 952 1598 982 1628; x_wconf 94' lang='lat' dir='ltr'>in</span> 
     </span>
     <span class='ocr_line' id='line_1_31' title="bbox 242 1644 982 1684; baseline 0.001 -9"><span class='ocrx_word' id='word_1_183' title='bbox 242 1645 364 1675; x_wconf 91' lang='lat' dir='ltr'>Domino</span> <span class='ocrx_word' id='word_1_184' title='bbox 388 1644 543 1684; x_wconf 85' lang='lat' dir='ltr'>expediat,</span> <span class='ocrx_word' id='word_1_185' title='bbox 568 1644 698 1674; x_wconf 88' lang='lat' dir='ltr'>adhibito</span> <span class='ocrx_word' id='word_1_186' title='bbox 722 1645 807 1675; x_wconf 88' lang='lat' dir='ltr'>etiam</span> <span class='ocrx_word' id='word_1_187' title='bbox 832 1646 982 1676; x_wconf 91' lang='lat' dir='ltr'>seniorum</span> 
     </span>
     <span class='ocr_line' id='line_1_32' title="bbox 242 1693 983 1734; baseline 0.001 -10"><span class='ocrx_word' id='word_1_188' title='bbox 242 1699 357 1734; x_wconf 89' lang='lat' dir='ltr'>patrum</span> <span class='ocrx_word' id='word_1_189' title='bbox 379 1693 513 1730; x_wconf 90' lang='lat' dir='ltr'>consilio,</span> <span class='ocrx_word' id='word_1_190' title='bbox 538 1703 575 1723; x_wconf 80' lang='lat' dir='ltr'>ne</span> <span class='ocrx_word' id='word_1_191' title='bbox 598 1694 739 1733; x_wconf 87' lang='lat' dir='ltr'>remedia,</span> <span class='ocrx_word' id='word_1_192' title='bbox 763 1705 837 1734; x_wconf 86' lang='lat' dir='ltr'>quac</span> <span class='ocrx_word' id='word_1_193' title='bbox 859 1696 889 1725; x_wconf 88' lang='lat' dir='ltr'>in</span> <span class='ocrx_word' id='word_1_194' title='bbox 905 1696 983 1726; x_wconf 90' lang='lat' dir='ltr'>salu-</span> 
     </span>
     <span class='ocr_line' id='line_1_33' title="bbox 243 1742 981 1782; baseline 0.001 -9"><span class='ocrx_word' id='word_1_195' title='bbox 243 1748 299 1773; x_wconf 92' lang='lat' dir='ltr'>tem</span> <span class='ocrx_word' id='word_1_196' title='bbox 323 1743 506 1773; x_wconf 84' lang='lat' dir='ltr'>intirmorum</span> <span class='ocrx_word' id='word_1_197' title='bbox 530 1742 653 1772; x_wconf 79' lang='lat' dir='ltr'>fratrum</span> <span class='ocrx_word' id='word_1_198' title='bbox 675 1744 838 1782; x_wconf 86' lang='lat' dir='ltr'>excogitata</span> <span class='ocrx_word' id='word_1_199' title='bbox 855 1749 933 1782; x_wconf 89' lang='lat' dir='ltr'>sunt,</span> <span class='ocrx_word' id='word_1_200' title='bbox 951 1745 981 1774; x_wconf 92' lang='lat' dir='ltr'>in</span> 
     </span>
     <span class='ocr_line' id='line_1_34' title="bbox 241 1791 864 1822; baseline 0 0"><span class='ocrx_word' id='word_1_201' title='bbox 241 1801 342 1822; x_wconf 92' lang='lat' dir='ltr'>eorum</span> <span class='ocrx_word' id='word_1_202' title='bbox 365 1791 480 1821; x_wconf 87' lang='lat' dir='ltr'>ruinam</span> <span class='ocrx_word' id='word_1_203' title='bbox 504 1794 532 1820; x_wconf 88' lang='lat' dir='ltr'>et</span> <span class='ocrx_word' id='word_1_204' title='bbox 554 1791 677 1821; x_wconf 85' lang='lat' dir='ltr'>exitium</span> <span class='ocrx_word' id='word_1_205' title='bbox 703 1796 864 1822; x_wconf 88' lang='lat' dir='ltr'>vertantur.</span> 
     </span>
    </p>

    <p class='ocr_par' dir='ltr' id='par_1_6' title="bbox 239 1839 980 2611">
     <span class='ocr_line' id='line_1_35' title="bbox 281 1839 980 1880; baseline 0.003 -9"><span class='ocrx_word' id='word_1_206' title='bbox 281 1851 321 1871; x_wconf 95' lang='grc' dir='ltr'>ιιι.</span> <span class='ocrx_word' id='word_1_207' title='bbox 346 1840 485 1880; x_wconf 86' lang='lat' dir='ltr'>Apostata</span> <span class='ocrx_word' id='word_1_208' title='bbox 519 1839 555 1869; x_wconf 86' lang='lat' dir='ltr'>ab</span> <span class='ocrx_word' id='word_1_209' title='bbox 587 1839 696 1870; x_wconf 89' lang='lat' dir='ltr'>Ordine</span> <span class='ocrx_word' id='word_1_210' title='bbox 730 1842 912 1879; x_wconf 88' lang='lat' dir='ltr'>monastico,</span> <span class='ocrx_word' id='word_1_211' title='bbox 937 1843 980 1873; x_wconf 86' lang='lat' dir='ltr'>vel</span> 
     </span>
     <span class='ocr_line' id='line_1_36' title="bbox 240 1889 978 1929; baseline 0 -9"><span class='ocrx_word' id='word_1_212' title='bbox 240 1890 392 1929; x_wconf 83' lang='lat' dir='ltr'>fugitivus,</span> <span class='ocrx_word' id='word_1_213' title='bbox 415 1889 476 1919; x_wconf 90' lang='lat' dir='ltr'>sive</span> <span class='ocrx_word' id='word_1_214' title='bbox 499 1889 658 1919; x_wconf 80' lang='lat' dir='ltr'>monachus</span> <span class='ocrx_word' id='word_1_215' title='bbox 680 1889 768 1920; x_wconf 86' lang='lat' dir='ltr'>suerit</span> <span class='ocrx_word' id='word_1_216' title='bbox 796 1890 856 1920; x_wconf 86' lang='lat' dir='ltr'>sive</span> <span class='ocrx_word' id='word_1_217' title='bbox 879 1891 978 1929; x_wconf 86' lang='lat' dir='ltr'>abbas,</span> 
     </span>
     <span class='ocr_line' id='line_1_37' title="bbox 241 1938 980 1977; baseline 0.001 -7"><span class='ocrx_word' id='word_1_218' title='bbox 241 1950 256 1970; x_wconf 90' lang='lat' dir='ltr'>a</span> <span class='ocrx_word' id='word_1_219' title='bbox 279 1939 358 1970; x_wconf 92' lang='lat' dir='ltr'>nullo</span> <span class='ocrx_word' id='word_1_220' title='bbox 381 1938 492 1968; x_wconf 85' lang='lat' dir='ltr'>absolvi</span> <span class='ocrx_word' id='word_1_221' title='bbox 515 1942 620 1977; x_wconf 84' lang='lat' dir='ltr'>potest,</span> <span class='ocrx_word' id='word_1_222' title='bbox 645 1948 698 1968; x_wconf 90' lang='lat' dir='ltr'>nec</span> <span class='ocrx_word' id='word_1_223' title='bbox 721 1939 750 1969; x_wconf 91' lang='lat' dir='ltr'>in</span> <span class='ocrx_word' id='word_1_224' title='bbox 771 1942 980 1971; x_wconf 83' lang='lat' dir='ltr'>monasterium</span> 
     </span>
     <span class='ocr_line' id='line_1_38' title="bbox 241 1986 979 2028; baseline 0 -9"><span class='ocrx_word' id='word_1_225' title='bbox 241 1988 343 2028; x_wconf 80' lang='lat' dir='ltr'>recipi,</span> <span class='ocrx_word' id='word_1_226' title='bbox 367 1990 571 2027; x_wconf 85' lang='lat' dir='ltr'>praeterquam</span> <span class='ocrx_word' id='word_1_227' title='bbox 594 1986 630 2016; x_wconf 86' lang='lat' dir='ltr'>ab</span> <span class='ocrx_word' id='word_1_228' title='bbox 653 1986 757 2018; x_wconf 84' lang='lat' dir='ltr'>abbate</span> <span class='ocrx_word' id='word_1_229' title='bbox 779 1989 926 2027; x_wconf 80' lang='lat' dir='ltr'>generali:</span> <span class='ocrx_word' id='word_1_230' title='bbox 944 1990 979 2020; x_wconf 87' lang='lat' dir='ltr'>ad</span> 
     </span>
     <span class='ocr_line' id='line_1_39' title="bbox 241 2035 978 2078; baseline 0 -10"><span class='ocrx_word' id='word_1_231' title='bbox 241 2047 326 2078; x_wconf 88' lang='lat' dir='ltr'>quem</span> <span class='ocrx_word' id='word_1_232' title='bbox 360 2036 482 2077; x_wconf 90' lang='lat' dir='ltr'>proinde</span> <span class='ocrx_word' id='word_1_233' title='bbox 515 2035 712 2066; x_wconf 86' lang='lat' dir='ltr'>remittendus</span> <span class='ocrx_word' id='word_1_234' title='bbox 745 2038 800 2067; x_wconf 88' lang='lat' dir='ltr'>erit</span> <span class='ocrx_word' id='word_1_235' title='bbox 823 2047 909 2075; x_wconf 88' lang='lat' dir='ltr'>reus,</span> <span class='ocrx_word' id='word_1_236' title='bbox 936 2039 978 2069; x_wconf 90' lang='lat' dir='ltr'>vel</span> 
     </span>
     <span class='ocr_line' id='line_1_40' title="bbox 241 2084 980 2126; baseline 0.001 -10"><span class='ocrx_word' id='word_1_237' title='bbox 241 2087 342 2117; x_wconf 85' lang='lat' dir='ltr'>saltem</span> <span class='ocrx_word' id='word_1_238' title='bbox 377 2084 578 2115; x_wconf 84' lang='lat' dir='ltr'>scribendum.</span> <span class='ocrx_word' id='word_1_239' title='bbox 604 2085 678 2115; x_wconf 83' lang='lat' dir='ltr'>Cum</span> <span class='ocrx_word' id='word_1_240' title='bbox 701 2089 798 2115; x_wconf 86' lang='lat' dir='ltr'>autem</span> <span class='ocrx_word' id='word_1_241' title='bbox 822 2085 911 2116; x_wconf 89' lang='lat' dir='ltr'>abbas</span> <span class='ocrx_word' id='word_1_242' title='bbox 932 2097 980 2126; x_wconf 77' lang='lat' dir='ltr'>ge—</span> 
     </span>
     <span class='ocr_line' id='line_1_41' title="bbox 242 2134 979 2167; baseline 0.001 -1"><span class='ocrx_word' id='word_1_243' title='bbox 242 2135 350 2166; x_wconf 85' lang='lat' dir='ltr'>neralis</span> <span class='ocrx_word' id='word_1_244' title='bbox 382 2134 550 2164; x_wconf 81' lang='lat' dir='ltr'>facultatem</span> <span class='ocrx_word' id='word_1_245' title='bbox 580 2143 662 2163; x_wconf 86' lang='lat' dir='ltr'>suam</span> <span class='ocrx_word' id='word_1_246' title='bbox 686 2134 783 2164; x_wconf 84' lang='lat' dir='ltr'>abbati</span> <span class='ocrx_word' id='word_1_247' title='bbox 808 2137 979 2167; x_wconf 79' lang='lat' dir='ltr'>monasterii</span> 
     </span>
     <span class='ocr_line' id='line_1_42' title="bbox 241 2183 979 2220; baseline 0.001 -6"><span class='ocrx_word' id='word_1_248' title='bbox 241 2183 435 2220; x_wconf 85' lang='lat' dir='ltr'>commiserit,</span> <span class='ocrx_word' id='word_1_249' title='bbox 461 2186 544 2220; x_wconf 88' lang='lat' dir='ltr'>tunc,</span> <span class='ocrx_word' id='word_1_250' title='bbox 579 2183 738 2212; x_wconf 68' lang='lat' dir='ltr'>convocata</span> <span class='ocrx_word' id='word_1_251' title='bbox 770 2184 979 2215; x_wconf 86' lang='lat' dir='ltr'>monachorum</span> 
     </span>
     <span class='ocr_line' id='line_1_43' title="bbox 241 2231 980 2272; baseline 0 -9"><span class='ocrx_word' id='word_1_252' title='bbox 241 2231 488 2272; x_wconf 79' lang='lat' dir='ltr'>congregatione,</span> <span class='ocrx_word' id='word_1_253' title='bbox 525 2231 696 2269; x_wconf 80' lang='lat' dir='ltr'>genuflexus</span> <span class='ocrx_word' id='word_1_254' title='bbox 726 2241 794 2261; x_wconf 92' lang='lat' dir='ltr'>reus</span> <span class='ocrx_word' id='word_1_255' title='bbox 827 2232 980 2263; x_wconf 84' lang='lat' dir='ltr'>humiliter</span> 
     </span>
     <span class='ocr_line' id='line_1_44' title="bbox 241 2278 980 2321; baseline 0 -9"><span class='ocrx_word' id='word_1_256' title='bbox 241 2282 356 2321; x_wconf 83' lang='lat' dir='ltr'>culpam</span> <span class='ocrx_word' id='word_1_257' title='bbox 380 2289 462 2310; x_wconf 85' lang='lat' dir='ltr'>suam</span> <span class='ocrx_word' id='word_1_258' title='bbox 485 2279 573 2316; x_wconf 86' lang='lat' dir='ltr'>dicat,</span> <span class='ocrx_word' id='word_1_259' title='bbox 606 2283 634 2309; x_wconf 86' lang='lat' dir='ltr'>et</span> <span class='ocrx_word' id='word_1_260' title='bbox 655 2278 745 2309; x_wconf 81' lang='lat' dir='ltr'>abbas</span> <span class='ocrx_word' id='word_1_261' title='bbox 768 2280 882 2310; x_wconf 83' lang='lat' dir='ltr'>intonat</span> <span class='ocrx_word' id='word_1_262' title='bbox 904 2282 980 2321; x_wconf 86' lang='lat' dir='ltr'>psal-</span> 
     </span>
     <span class='ocr_line' id='line_1_45' title="bbox 240 2328 980 2368; baseline -0.001 -7"><span class='ocrx_word' id='word_1_263' title='bbox 240 2340 319 2361; x_wconf 91' lang='lat' dir='ltr'>mum</span> <span class='ocrx_word' id='word_1_264' title='bbox 333 2340 358 2361; x_wconf 72' lang='grc' dir='ltr'>ιι</span> <span class='ocrx_word' id='word_1_265' title='bbox 380 2330 511 2361; x_wconf 69' lang='lat' dir='ltr'>Msserere</span> <span class='ocrx_word' id='word_1_266' title='bbox 534 2329 585 2357; x_wconf 79' lang='lat' dir='ltr'>mei</span> <span class='ocrx_word' id='word_1_267' title='bbox 610 2328 691 2365; x_wconf 65' lang='lat' dir='ltr'>Deus,</span> <span class='ocrx_word' id='word_1_268' title='bbox 715 2338 800 2368; x_wconf 89' lang='lat' dir='ltr'>quem</span> <span class='ocrx_word' id='word_1_269' title='bbox 821 2331 924 2360; x_wconf 83' lang='lat' dir='ltr'>fratres</span> <span class='ocrx_word' id='word_1_270' title='bbox 939 2332 980 2360; x_wconf 88' lang='lat' dir='ltr'>al-</span> 
     </span>
     <span class='ocr_line' id='line_1_46' title="bbox 241 2377 978 2418; baseline -0.004 -6"><span class='ocrx_word' id='word_1_271' title='bbox 241 2380 377 2412; x_wconf 85' lang='lat' dir='ltr'>ternatim</span> <span class='ocrx_word' id='word_1_272' title='bbox 402 2381 632 2418; x_wconf 80' lang='lat' dir='ltr'>prosequuntur.</span> <span class='ocrx_word' id='word_1_273' title='bbox 656 2377 796 2417; x_wconf 88' lang='lat' dir='ltr'>Dictoque</span> <span class='ocrx_word' id='word_1_274' title='bbox 816 2378 911 2408; x_wconf 76' lang='lat' dir='ltr'>Gloria</span> <span class='ocrx_word' id='word_1_275' title='bbox 927 2379 978 2409; x_wconf 85' lang='lat' dir='ltr'>Pa-</span> 
     </span>
     <span class='ocr_line' id='line_1_47' title="bbox 239 2425 979 2467; baseline -0.004 -7"><span class='ocrx_word' id='word_1_276' title='bbox 239 2431 287 2467; x_wconf 82' lang='lat' dir='ltr'>tri,</span> <span class='ocrx_word' id='word_1_277' title='bbox 310 2428 400 2459; x_wconf 85' lang='lat' dir='ltr'>abbas</span> <span class='ocrx_word' id='word_1_278' title='bbox 422 2427 504 2456; x_wconf 89' lang='lat' dir='ltr'>illum</span> <span class='ocrx_word' id='word_1_279' title='bbox 528 2425 663 2463; x_wconf 84' lang='lat' dir='ltr'>absolvit,</span> <span class='ocrx_word' id='word_1_280' title='bbox 688 2426 803 2455; x_wconf 87' lang='lat' dir='ltr'>dicens:</span> <span class='ocrx_word' id='word_1_281' title='bbox 828 2427 901 2457; x_wconf 73' lang='lat' dir='ltr'>Deus</span> <span class='ocrx_word' id='word_1_282' title='bbox 927 2430 979 2458; x_wconf 83' lang='lat' dir='ltr'>mi-</span> 
     </span>
     <span class='ocr_line' id='line_1_48' title="bbox 239 2474 976 2515; baseline -0.004 -7"><span class='ocrx_word' id='word_1_283' title='bbox 239 2482 364 2510; x_wconf 83' lang='lat' dir='ltr'>sereatur</span> <span class='ocrx_word' id='word_1_284' title='bbox 386 2477 428 2506; x_wconf 78' lang='lat' dir='ltr'>lui</span> <span class='ocrx_word' id='word_1_285' title='bbox 459 2479 484 2504; x_wconf 84' lang='lat' dir='ltr'>et</span> <span class='ocrx_word' id='word_1_286' title='bbox 516 2475 635 2503; x_wconf 81' lang='lat' dir='ltr'>dimittat</span> <span class='ocrx_word' id='word_1_287' title='bbox 656 2474 745 2504; x_wconf 70' lang='lat' dir='ltr'>debita</span> <span class='ocrx_word' id='word_1_288' title='bbox 774 2479 838 2512; x_wconf 81' lang='lat' dir='ltr'>tua,</span> <span class='ocrx_word' id='word_1_289' title='bbox 862 2478 887 2505; x_wconf 77' lang='lat' dir='ltr'>et</span> <span class='ocrx_word' id='word_1_290' title='bbox 912 2486 976 2515; x_wconf 67' lang='lat'>(¹90,</span> 
     </span>
     <span class='ocr_line' id='line_1_49' title="bbox 239 2524 975 2564; baseline -0.004 -7"><span class='ocrx_word' id='word_1_291' title='bbox 239 2527 400 2557; x_wconf 80' lang='lat' dir='ltr'>auctoritate</span> <span class='ocrx_word' id='word_1_292' title='bbox 421 2525 512 2564; x_wconf 76' lang='lat' dir='ltr'>ipsius</span> <span class='ocrx_word' id='word_1_293' title='bbox 533 2527 558 2552; x_wconf 84' lang='lat' dir='ltr'>et</span> <span class='ocrx_word' id='word_1_294' title='bbox 580 2524 803 2552; x_wconf 63' lang='lat' dir='ltr'>reverendissimi·</span> <span class='ocrx_word' id='word_1_295' title='bbox 822 2525 912 2563; x_wconf 80' lang='lat' dir='ltr'>patris</span> <span class='ocrx_word' id='word_1_296' title='bbox 930 2535 975 2554; x_wconf 83' lang='lat' dir='ltr'>no-</span> 
     </span>
     <span class='ocr_line' id='line_1_50' title="bbox 239 2572 976 2611; baseline -0.001 -6"><span class='ocrx_word' id='word_1_297' title='bbox 239 2577 290 2605; x_wconf 81' lang='lat' dir='ltr'>stri</span> <span class='ocrx_word' id='word_1_298' title='bbox 312 2575 346 2605; x_wconf 87' lang='lat' dir='ltr'>N.</span> <span class='ocrx_word' id='word_1_299' title='bbox 371 2572 473 2603; x_wconf 76' lang='lat' dir='ltr'>abbatis</span> <span class='ocrx_word' id='word_1_300' title='bbox 492 2572 641 2611; x_wconf 48' lang='lat' dir='ltr'>generalia,</span> <span class='ocrx_word' id='word_1_301' title='bbox 665 2572 773 2602; x_wconf 68' lang='lat' dir='ltr'>absolvo</span> <span class='ocrx_word' id='word_1_302' title='bbox 795 2576 819 2601; x_wconf 78' lang='lat' dir='ltr'>te</span> <span class='ocrx_word' id='word_1_303' title='bbox 834 2583 850 2602; x_wconf 91' lang='lat' dir='ltr'>a</span> <span class='ocrx_word' id='word_1_304' title='bbox 865 2573 976 2604; x_wconf 60' lang='lat' dir='ltr'>vinculo</span> 
     </span>
    </p>
   </div>
   <div class='ocr_carea' id='block_1_5' title="bbox 311 2631 920 2662">
    <p class='ocr_par' dir='ltr' id='par_1_7' title="bbox 311 2631 920 2662">
     <span class='ocr_line' id='line_1_51' title="bbox 311 2631 920 2662; baseline -0.005 0"><span class='ocrx_word' id='word_1_305' title='bbox 311 2632 393 2662; x_wconf 78' lang='lat' dir='ltr'>Bulb-</span> <span class='ocrx_word' id='word_1_306' title='bbox 407 2633 492 2662; x_wconf 78' lang='lat' dir='ltr'>Rom.</span> <span class='ocrx_word' id='word_1_307' title='bbox 506 2646 539 2652; x_wconf 77' lang='lat'>—-</span> <span class='ocrx_word' id='word_1_308' title='bbox 562 2631 622 2660; x_wconf 89' lang='lat' dir='ltr'>Vol.</span> <span class='ocrx_word' id='word_1_309' title='bbox 639 2631 742 2660; x_wconf 71' lang='lat' dir='ltr'>XXIV.</span> <span class='ocrx_word' id='word_1_310' title='bbox 887 2631 920 2660; x_wconf 88' lang='grc'>83</span> 
     </span>
    </p>
   </div>
   <div class='ocr_carea' id='block_1_6' title="bbox 869 182 1154 209">
    <p class='ocr_par' dir='ltr' id='par_1_8' title="bbox 869 182 1154 209">
     <span class='ocr_line' id='line_1_52' title="bbox 869 182 1154 209; baseline -0.007 0"><span class='ocrx_word' id='word_1_311' title='bbox 869 183 1012 209; x_wconf 81' lang='lat' dir='ltr'>CLEMENS</span> <span class='ocrx_word' id='word_1_312' title='bbox 1036 182 1080 208; x_wconf 63' lang='lat'><em>,¹211</em></span> <span class='ocrx_word' id='word_1_313' title='bbox 1105 183 1154 208; x_wconf 82' lang='lat' dir='ltr'>PP.</span> 
     </span>
    </p>
   </div>
   <div class='ocr_carea' id='block_1_7' title="bbox 1028 232 1774 905">
    <p class='ocr_par' dir='ltr' id='par_1_9' title="bbox 1028 232 1774 660">
     <span class='ocr_line' id='line_1_53' title="bbox 1031 232 1774 272; baseline 0 -11"><span class='ocrx_word' id='word_1_314' title='bbox 1031 232 1343 271; x_wconf 61' lang='lat' dir='ltr'>ercommunicastwis,</span> <span class='ocrx_word' id='word_1_315' title='bbox 1367 232 1394 261; x_wconf 80' lang='lat' dir='ltr'>in</span> <span class='ocrx_word' id='word_1_316' title='bbox 1418 241 1499 271; x_wconf 81' lang='lat' dir='ltr'>quam</span> <span class='ocrx_word' id='word_1_317' title='bbox 1518 236 1632 272; x_wconf 68' lang='lat' dir='ltr'>propter</span> <span class='ocrx_word' id='word_1_318' title='bbox 1666 236 1774 272; x_wconf 82' lang='lat' dir='ltr'>aposta-</span> 
     </span>
     <span class='ocr_line' id='line_1_54' title="bbox 1031 280 1773 320; baseline 0 -11"><span class='ocrx_word' id='word_1_319' title='bbox 1031 282 1100 310; x_wconf 62' lang='lat' dir='ltr'>siam</span> <span class='ocrx_word' id='word_1_320' title='bbox 1124 281 1166 310; x_wconf 68' lang='lat' dir='ltr'>uel</span> <span class='ocrx_word' id='word_1_321' title='bbox 1187 283 1282 320; x_wconf 65' lang='lat' dir='ltr'>fugam</span> <span class='ocrx_word' id='word_1_322' title='bbox 1304 291 1338 309; x_wconf 68' lang='lat' dir='ltr'>ex</span> <span class='ocrx_word' id='word_1_323' title='bbox 1361 280 1465 310; x_wconf 77' lang='lat' dir='ltr'>Ordine</span> <span class='ocrx_word' id='word_1_324' title='bbox 1487 281 1635 310; x_wconf 73' lang='lat' dir='ltr'>incurrt&#39;sti</span> <span class='ocrx_word' id='word_1_325' title='bbox 1652 304 1659 318; x_wconf 88' lang='lat'>,</span> <span class='ocrx_word' id='word_1_326' title='bbox 1684 284 1709 309; x_wconf 83' lang='lat' dir='ltr'>et</span> <span class='ocrx_word' id='word_1_327' title='bbox 1731 290 1773 309; x_wconf 86' lang='lat' dir='ltr'>re-</span> 
     </span>
     <span class='ocr_line' id='line_1_55' title="bbox 1030 330 1774 369; baseline 0 -11"><span class='ocrx_word' id='word_1_328' title='bbox 1030 331 1112 359; x_wconf 76' lang='lat' dir='ltr'>stituo</span> <span class='ocrx_word' id='word_1_329' title='bbox 1145 334 1169 359; x_wconf 84' lang='lat' dir='ltr'>te</span> <span class='ocrx_word' id='word_1_330' title='bbox 1201 331 1388 360; x_wconf 75' lang='lat' dir='ltr'>communioni</span> <span class='ocrx_word' id='word_1_331' title='bbox 1419 334 1444 359; x_wconf 84' lang='lat' dir='ltr'>et</span> <span class='ocrx_word' id='word_1_332' title='bbox 1474 331 1569 360; x_wconf 77' lang='lat' dir='ltr'>unioni</span> <span class='ocrx_word' id='word_1_333' title='bbox 1590 330 1725 369; x_wconf 70' lang='lat' dir='ltr'>fidelium,</span> <span class='ocrx_word' id='word_1_334' title='bbox 1749 333 1774 358; x_wconf 81' lang='lat' dir='ltr'>et</span> 
     </span>
     <span class='ocr_line' id='line_1_56' title="bbox 1028 378 1774 418; baseline 0 -12"><span class='ocrx_word' id='word_1_335' title='bbox 1028 379 1238 418; x_wconf 70' lang='lat' dir='ltr'>participationi</span> <span class='ocrx_word' id='word_1_336' title='bbox 1264 383 1420 408; x_wconf 78' lang='lat' dir='ltr'>sanctornm</span> <span class='ocrx_word' id='word_1_337' title='bbox 1458 378 1596 408; x_wconf 75' lang='lat' dir='ltr'>Ecclesiae</span> <span class='ocrx_word' id='word_1_338' title='bbox 1618 388 1774 407; x_wconf 80' lang='lat' dir='ltr'>sacramen-</span> 
     </span>
     <span class='ocr_line' id='line_1_57' title="bbox 1030 426 1774 465; baseline 0 -10"><span class='ocrx_word' id='word_1_339' title='bbox 1030 431 1130 456; x_wconf 78' lang='lat' dir='ltr'>torum.</span> <span class='ocrx_word' id='word_1_340' title='bbox 1152 428 1181 456; x_wconf 88' lang='lat' dir='ltr'>In</span> <span class='ocrx_word' id='word_1_341' title='bbox 1206 428 1314 457; x_wconf 79' lang='lat' dir='ltr'>nomine</span> <span class='ocrx_word' id='word_1_342' title='bbox 1331 427 1422 457; x_wconf 75' lang='lat' dir='ltr'>Patris</span> <span class='ocrx_word' id='word_1_343' title='bbox 1443 429 1461 464; x_wconf 85' lang='lat'>†</span> <span class='ocrx_word' id='word_1_344' title='bbox 1484 432 1508 456; x_wconf 77' lang='lat' dir='ltr'>rt</span> <span class='ocrx_word' id='word_1_345' title='bbox 1532 427 1603 456; x_wconf 81' lang='lat' dir='ltr'>Filii</span> <span class='ocrx_word' id='word_1_346' title='bbox 1625 428 1642 462; x_wconf 90' lang='lat'>†</span> <span class='ocrx_word' id='word_1_347' title='bbox 1664 431 1688 455; x_wconf 80' lang='lat' dir='ltr'>et</span> <span class='ocrx_word' id='word_1_348' title='bbox 1709 426 1774 465; x_wconf 72' lang='lat' dir='ltr'>Spi-</span> 
     </span>
     <span class='ocr_line' id='line_1_58' title="bbox 1030 475 1772 512; baseline 0 -8"><span class='ocrx_word' id='word_1_349' title='bbox 1030 476 1101 504; x_wconf 75' lang='lat' dir='ltr'>ritus</span> <span class='ocrx_word' id='word_1_350' title='bbox 1123 475 1227 505; x_wconf 78' lang='lat' dir='ltr'>Sancti.</span> <span class='ocrx_word' id='word_1_351' title='bbox 1250 477 1350 506; x_wconf 80' lang='lat' dir='ltr'>Amen.</span> <span class='ocrx_word' id='word_1_352' title='bbox 1373 476 1427 506; x_wconf 82' lang='lat' dir='ltr'>Sed</span> <span class='ocrx_word' id='word_1_353' title='bbox 1451 476 1474 505; x_wconf 89' lang='lat' dir='ltr'>si</span> <span class='ocrx_word' id='word_1_354' title='bbox 1498 476 1588 505; x_wconf 79' lang='lat' dir='ltr'>suerit</span> <span class='ocrx_word' id='word_1_355' title='bbox 1610 475 1701 505; x_wconf 86' lang='lat' dir='ltr'>abbas</span> <span class='ocrx_word' id='word_1_356' title='bbox 1722 484 1772 512; x_wconf 82' lang='lat' dir='ltr'>ge-</span> 
     </span>
     <span class='ocr_line' id='line_1_59' title="bbox 1031 524 1773 561; baseline 0 -9"><span class='ocrx_word' id='word_1_357' title='bbox 1031 524 1140 553; x_wconf 85' lang='lat' dir='ltr'>neralis</span> <span class='ocrx_word' id='word_1_358' title='bbox 1157 547 1163 559; x_wconf 90' lang='lat'>,</span> <span class='ocrx_word' id='word_1_359' title='bbox 1188 525 1282 554; x_wconf 84' lang='lat' dir='ltr'>dicat:</span> <span class='ocrx_word' id='word_1_360' title='bbox 1316 524 1389 554; x_wconf 83' lang='lat' dir='ltr'>Dens</span> <span class='ocrx_word' id='word_1_361' title='bbox 1411 525 1574 553; x_wconf 73' lang='lat' dir='ltr'>misereatur</span> <span class='ocrx_word' id='word_1_362' title='bbox 1595 525 1636 553; x_wconf 82' lang='lat' dir='ltr'>tui</span> <span class='ocrx_word' id='word_1_363' title='bbox 1651 548 1658 558; x_wconf 84' lang='lat'><em>‚</em></span> <span class='ocrx_word' id='word_1_364' title='bbox 1682 528 1707 552; x_wconf 86' lang='lat' dir='ltr'>et</span> <span class='ocrx_word' id='word_1_365' title='bbox 1728 533 1773 561; x_wconf 69' lang='lat' dir='ltr'>eqo</span> 
     </span>
     <span class='ocr_line' id='line_1_60' title="bbox 1029 572 1774 611; baseline 0.003 -11"><span class='ocrx_word' id='word_1_366' title='bbox 1029 573 1191 602; x_wconf 74' lang='lat' dir='ltr'>auctoritate</span> <span class='ocrx_word' id='word_1_367' title='bbox 1213 574 1301 611; x_wconf 77' lang='lat' dir='ltr'>ipsius</span> <span class='ocrx_word' id='word_1_368' title='bbox 1322 573 1429 602; x_wconf 73' lang='lat' dir='ltr'>absoluo</span> <span class='ocrx_word' id='word_1_369' title='bbox 1445 578 1478 610; x_wconf 84' lang='lat' dir='ltr'>te,</span> <span class='ocrx_word' id='word_1_370' title='bbox 1496 577 1546 602; x_wconf 81' lang='lat' dir='ltr'>etc.</span> <span class='ocrx_word' id='word_1_371' title='bbox 1571 572 1653 602; x_wconf 88' lang='lat' dir='ltr'>Tunc</span> <span class='ocrx_word' id='word_1_372' title='bbox 1675 572 1774 605; x_wconf 86' lang='lat' dir='ltr'>iniun-</span> 
     </span>
     <span class='ocr_line' id='line_1_61' title="bbox 1029 620 1548 660; baseline 0.002 -11"><span class='ocrx_word' id='word_1_373' title='bbox 1029 624 1077 658; x_wconf 85' lang='lat' dir='ltr'>gat</span> <span class='ocrx_word' id='word_1_374' title='bbox 1099 620 1124 649; x_wconf 88' lang='lat' dir='ltr'>ei</span> <span class='ocrx_word' id='word_1_375' title='bbox 1148 621 1368 659; x_wconf 84' lang='lat' dir='ltr'>poenitentiam,</span> <span class='ocrx_word' id='word_1_376' title='bbox 1395 625 1426 650; x_wconf 86' lang='lat' dir='ltr'>ut</span> <span class='ocrx_word' id='word_1_377' title='bbox 1448 630 1548 660; x_wconf 90' lang='lat' dir='ltr'>supra.</span> 
     </span>
    </p>

    <p class='ocr_par' dir='ltr' id='par_1_10' title="bbox 1028 669 1772 905">
     <span class='ocr_line' id='line_1_62' title="bbox 1068 669 1772 710; baseline 0.003 -12"><span class='ocrx_word' id='word_1_378' title='bbox 1068 678 1106 699; x_wconf 90' lang='lat' dir='ltr'>1v.</span> <span class='ocrx_word' id='word_1_379' title='bbox 1131 669 1257 709; x_wconf 85' lang='lat' dir='ltr'>Tempus</span> <span class='ocrx_word' id='word_1_380' title='bbox 1280 670 1441 710; x_wconf 86' lang='lat' dir='ltr'>apostasiae</span> <span class='ocrx_word' id='word_1_381' title='bbox 1458 671 1502 700; x_wconf 89' lang='lat' dir='ltr'>vel</span> <span class='ocrx_word' id='word_1_382' title='bbox 1519 671 1602 709; x_wconf 79' lang='lat' dir='ltr'>fugae</span> <span class='ocrx_word' id='word_1_383' title='bbox 1618 679 1676 700; x_wconf 88' lang='lat' dir='ltr'>non</span> <span class='ocrx_word' id='word_1_384' title='bbox 1695 679 1772 700; x_wconf 89' lang='lat' dir='ltr'>com-</span> 
     </span>
     <span class='ocr_line' id='line_1_63' title="bbox 1029 719 1770 757; baseline 0 -10"><span class='ocrx_word' id='word_1_385' title='bbox 1029 722 1148 757; x_wconf 90' lang='lat' dir='ltr'>putatur</span> <span class='ocrx_word' id='word_1_386' title='bbox 1171 719 1313 748; x_wconf 88' lang='lat' dir='ltr'>monacho</span> <span class='ocrx_word' id='word_1_387' title='bbox 1335 719 1412 749; x_wconf 91' lang='lat' dir='ltr'>inter</span> <span class='ocrx_word' id='word_1_388' title='bbox 1447 728 1539 749; x_wconf 88' lang='lat' dir='ltr'>annos</span> <span class='ocrx_word' id='word_1_389' title='bbox 1569 719 1770 749; x_wconf 77' lang='lat' dir='ltr'>monachatus.</span> 
     </span>
     <span class='ocr_line' id='line_1_64' title="bbox 1049 767 1772 807; baseline 0.001 -11"><span class='ocrx_word' id='word_1_390' title='bbox 1049 775 1096 796; x_wconf 83' lang='lat' dir='ltr'>.v.</span> <span class='ocrx_word' id='word_1_391' title='bbox 1120 767 1198 797; x_wconf 84' lang='lat' dir='ltr'>ldem</span> <span class='ocrx_word' id='word_1_392' title='bbox 1234 767 1392 798; x_wconf 87' lang='lat' dir='ltr'>dicendum</span> <span class='ocrx_word' id='word_1_393' title='bbox 1425 768 1459 798; x_wconf 93' lang='lat' dir='ltr'>de</span> <span class='ocrx_word' id='word_1_394' title='bbox 1488 768 1636 807; x_wconf 67' lang='lat' dir='ltr'>apostasia</span> <span class='ocrx_word' id='word_1_395' title='bbox 1667 777 1682 797; x_wconf 87' lang='lat' dir='ltr'>a</span> <span class='ocrx_word' id='word_1_396' title='bbox 1715 767 1772 797; x_wconf 84' lang='lat' dir='ltr'>side</span> 
     </span>
     <span class='ocr_line' id='line_1_65' title="bbox 1028 815 1771 854; baseline 0.001 -10"><span class='ocrx_word' id='word_1_397' title='bbox 1028 815 1190 846; x_wconf 67' lang='lat' dir='ltr'>christiana</span> <span class='ocrx_word' id='word_1_398' title='bbox 1212 816 1256 846; x_wconf 91' lang='lat' dir='ltr'>vel</span> <span class='ocrx_word' id='word_1_399' title='bbox 1279 816 1424 846; x_wconf 67' lang='lat' dir='ltr'>catholica</span> <span class='ocrx_word' id='word_1_400' title='bbox 1446 816 1481 846; x_wconf 89' lang='lat' dir='ltr'>ad</span> <span class='ocrx_word' id='word_1_401' title='bbox 1504 816 1647 846; x_wconf 85' lang='lat' dir='ltr'>haeresim</span> <span class='ocrx_word' id='word_1_402' title='bbox 1664 840 1671 854; x_wconf 91' lang='lat'>,</span> <span class='ocrx_word' id='word_1_403' title='bbox 1696 816 1771 846; x_wconf 89' lang='lat' dir='ltr'>schi-</span> 
     </span>
     <span class='ocr_line' id='line_1_66' title="bbox 1028 864 1770 905; baseline 0.001 -12"><span class='ocrx_word' id='word_1_404' title='bbox 1028 873 1089 893; x_wconf 87' lang='lat' dir='ltr'>sma</span> <span class='ocrx_word' id='word_1_405' title='bbox 1105 868 1154 894; x_wconf 88' lang='lat' dir='ltr'>aut</span> <span class='ocrx_word' id='word_1_406' title='bbox 1176 864 1340 895; x_wconf 81' lang='lat' dir='ltr'>infidelium</span> <span class='ocrx_word' id='word_1_407' title='bbox 1357 869 1478 902; x_wconf 85' lang='lat' dir='ltr'>sectam,</span> <span class='ocrx_word' id='word_1_408' title='bbox 1496 865 1573 905; x_wconf 91' lang='lat' dir='ltr'>quod</span> <span class='ocrx_word' id='word_1_409' title='bbox 1592 865 1702 894; x_wconf 89' lang='lat' dir='ltr'>dictum</span> <span class='ocrx_word' id='word_1_410' title='bbox 1726 869 1770 894; x_wconf 90' lang='lat' dir='ltr'>est</span> 
     </span>
    </p>
   </div>
   <div class='ocr_carea' id='block_1_8' title="bbox 1006 912 1770 953">
    <p class='ocr_par' dir='ltr' id='par_1_11' title="bbox 1006 912 1770 953">
     <span class='ocr_line' id='line_1_67' title="bbox 1006 912 1770 953; baseline 0.001 -12"><span class='ocrx_word' id='word_1_411' title='bbox 1006 935 1007 941; x_wconf 69' lang='grc'>,</span> <span class='ocrx_word' id='word_1_412' title='bbox 1028 912 1062 942; x_wconf 89' lang='lat' dir='ltr'>de</span> <span class='ocrx_word' id='word_1_413' title='bbox 1078 913 1225 953; x_wconf 67' lang='lat' dir='ltr'>apostasia</span> <span class='ocrx_word' id='word_1_414' title='bbox 1247 923 1261 943; x_wconf 84' lang='lat' dir='ltr'>a</span> <span class='ocrx_word' id='word_1_415' title='bbox 1286 913 1467 953; x_wconf 82' lang='lat' dir='ltr'>professione</span> <span class='ocrx_word' id='word_1_416' title='bbox 1490 913 1667 943; x_wconf 74' lang='lat' dir='ltr'>monastica:</span> <span class='ocrx_word' id='word_1_417' title='bbox 1685 913 1720 942; x_wconf 90' lang='lat' dir='ltr'>ab</span> <span class='ocrx_word' id='word_1_418' title='bbox 1736 923 1770 943; x_wconf 91' lang='lat' dir='ltr'>eo</span> 
     </span>
    </p>
   </div>
   <div class='ocr_carea' id='block_1_9' title="bbox 997 282 1012 2575">
    <p class='ocr_par' dir='ltr' id='par_1_12' title="bbox 997 282 1012 2575">
     <span class='ocr_line' id='line_1_68' title="bbox 997 282 1012 2575; baseline 0 0"><span class='ocrx_word' id='word_1_419' title='bbox 997 282 1012 2575; x_wconf 95' lang='lat' dir='ltr'> </span> 
     </span>
    </p>
   </div>
   <div class='ocr_carea' id='block_1_10' title="bbox 1020 961 1771 2604">
    <p class='ocr_par' dir='ltr' id='par_1_13' title="bbox 1028 961 1771 1050">
     <span class='ocr_line' id='line_1_69' title="bbox 1029 961 1771 1002; baseline 0.001 -12"><span class='ocrx_word' id='word_1_420' title='bbox 1029 965 1123 991; x_wconf 88' lang='lat' dir='ltr'>tamen</span> <span class='ocrx_word' id='word_1_421' title='bbox 1149 971 1218 992; x_wconf 87' lang='lat' dir='ltr'>casu</span> <span class='ocrx_word' id='word_1_422' title='bbox 1240 961 1351 992; x_wconf 83' lang='lat' dir='ltr'>absolvi</span> <span class='ocrx_word' id='word_1_423' title='bbox 1375 962 1477 1002; x_wconf 89' lang='lat' dir='ltr'>nequit</span> <span class='ocrx_word' id='word_1_424' title='bbox 1500 962 1555 992; x_wconf 87' lang='lat' dir='ltr'>nisi</span> <span class='ocrx_word' id='word_1_425' title='bbox 1585 961 1620 991; x_wconf 88' lang='lat' dir='ltr'>ab</span> <span class='ocrx_word' id='word_1_426' title='bbox 1648 961 1771 992; x_wconf 89' lang='lat' dir='ltr'>Ordina-</span> 
     </span>
     <span class='ocr_line' id='line_1_70' title="bbox 1028 1010 1289 1050; baseline 0.004 -11"><span class='ocrx_word' id='word_1_427' title='bbox 1028 1010 1070 1040; x_wconf 91' lang='lat' dir='ltr'>rio</span> <span class='ocrx_word' id='word_1_428' title='bbox 1093 1015 1289 1050; x_wconf 88' lang='lat' dir='ltr'>competente.</span> 
     </span>
    </p>

    <p class='ocr_par' dir='ltr' id='par_1_14' title="bbox 1026 1060 1770 1341">
     <span class='ocr_line' id='line_1_71' title="bbox 1067 1060 1769 1100; baseline 0 -11"><span class='ocrx_word' id='word_1_429' title='bbox 1067 1070 1087 1089; x_wconf 85' lang='lat'>1.</span> <span class='ocrx_word' id='word_1_430' title='bbox 1111 1060 1196 1090; x_wconf 85' lang='lat' dir='ltr'>Solus</span> <span class='ocrx_word' id='word_1_431' title='bbox 1228 1060 1318 1090; x_wconf 88' lang='lat' dir='ltr'>abbas</span> <span class='ocrx_word' id='word_1_432' title='bbox 1351 1060 1497 1099; x_wconf 84' lang='lat' dir='ltr'>generalis</span> <span class='ocrx_word' id='word_1_433' title='bbox 1530 1064 1624 1100; x_wconf 90' lang='lat' dir='ltr'>potest</span> <span class='ocrx_word' id='word_1_434' title='bbox 1648 1069 1769 1099; x_wconf 88' lang='lat' dir='ltr'>poenam</span> 
     </span>
     <span class='ocr_line' id='line_1_72' title="bbox 1028 1108 1769 1147; baseline 0.001 -10"><span class='ocrx_word' id='word_1_435' title='bbox 1028 1109 1344 1139; x_wconf 82' lang='lat' dir='ltr'>excommunicationis</span> <span class='ocrx_word' id='word_1_436' title='bbox 1376 1109 1509 1147; x_wconf 77' lang='lat' dir='ltr'>infligere</span> <span class='ocrx_word' id='word_1_437' title='bbox 1544 1109 1704 1139; x_wconf 88' lang='lat' dir='ltr'>monachis.</span> <span class='ocrx_word' id='word_1_438' title='bbox 1739 1108 1769 1138; x_wconf 94' lang='lat' dir='ltr'>ld</span> 
     </span>
     <span class='ocr_line' id='line_1_73' title="bbox 1028 1157 1770 1196; baseline 0.001 -9"><span class='ocrx_word' id='word_1_439' title='bbox 1028 1161 1124 1187; x_wconf 88' lang='lat' dir='ltr'>tamen</span> <span class='ocrx_word' id='word_1_440' title='bbox 1147 1167 1213 1188; x_wconf 87' lang='lat' dir='ltr'>raro</span> <span class='ocrx_word' id='word_1_441' title='bbox 1236 1158 1391 1188; x_wconf 90' lang='lat' dir='ltr'>admodum</span> <span class='ocrx_word' id='word_1_442' title='bbox 1415 1158 1465 1188; x_wconf 78' lang='lat' dir='ltr'>[iat</span> <span class='ocrx_word' id='word_1_443' title='bbox 1497 1162 1525 1188; x_wconf 90' lang='lat' dir='ltr'>et</span> <span class='ocrx_word' id='word_1_444' title='bbox 1558 1167 1596 1188; x_wconf 77' lang='lat' dir='ltr'>ex</span> <span class='ocrx_word' id='word_1_445' title='bbox 1624 1157 1770 1196; x_wconf 82' lang='lat' dir='ltr'>urgentis-</span> 
     </span>
     <span class='ocr_line' id='line_1_74' title="bbox 1026 1206 1768 1246; baseline 0.001 -11"><span class='ocrx_word' id='word_1_446' title='bbox 1026 1206 1102 1236; x_wconf 67' lang='lat' dir='ltr'>sima</span> <span class='ocrx_word' id='word_1_447' title='bbox 1124 1207 1308 1236; x_wconf 85' lang='lat' dir='ltr'>necessitate.</span> <span class='ocrx_word' id='word_1_448' title='bbox 1334 1207 1367 1236; x_wconf 91' lang='lat' dir='ltr'>Et</span> <span class='ocrx_word' id='word_1_449' title='bbox 1391 1208 1484 1246; x_wconf 88' lang='lat' dir='ltr'>primo</span> <span class='ocrx_word' id='word_1_450' title='bbox 1507 1207 1626 1246; x_wconf 87' lang='lat' dir='ltr'>quidem</span> <span class='ocrx_word' id='word_1_451' title='bbox 1648 1216 1683 1236; x_wconf 81' lang='lat' dir='ltr'>ex</span> <span class='ocrx_word' id='word_1_452' title='bbox 1699 1216 1768 1236; x_wconf 88' lang='lat' dir='ltr'>con-</span> 
     </span>
     <span class='ocr_line' id='line_1_75' title="bbox 1027 1255 1769 1295; baseline 0.003 -11"><span class='ocrx_word' id='word_1_453' title='bbox 1027 1255 1093 1285; x_wconf 87' lang='lat' dir='ltr'>silio</span> <span class='ocrx_word' id='word_1_454' title='bbox 1126 1260 1154 1285; x_wconf 88' lang='lat' dir='ltr'>et</span> <span class='ocrx_word' id='word_1_455' title='bbox 1184 1255 1396 1286; x_wconf 88' lang='lat' dir='ltr'>deliberatione</span> <span class='ocrx_word' id='word_1_456' title='bbox 1418 1256 1656 1295; x_wconf 81' lang='lat' dir='ltr'>congregationis</span> <span class='ocrx_word' id='word_1_457' title='bbox 1679 1256 1769 1294; x_wconf 82' lang='lat' dir='ltr'>begu-</span> 
     </span>
     <span class='ocr_line' id='line_1_76' title="bbox 1029 1313 1198 1341; baseline 0.012 -8"><span class='ocrx_word' id='word_1_458' title='bbox 1029 1313 1198 1341; x_wconf 69' lang='lat' dir='ltr'>menorum,</span> 
     </span>
    </p>

    <p class='ocr_par' dir='ltr' id='par_1_15' title="bbox 1027 1353 1770 1441">
     <span class='ocr_line' id='line_1_77' title="bbox 1065 1353 1770 1394; baseline 0.003 -11"><span class='ocrx_word' id='word_1_459' title='bbox 1065 1363 1096 1383; x_wconf 88' lang='lat'>11.</span> <span class='ocrx_word' id='word_1_460' title='bbox 1120 1353 1162 1385; x_wconf 86' lang='lat' dir='ltr'>Ob</span> <span class='ocrx_word' id='word_1_461' title='bbox 1185 1363 1272 1384; x_wconf 90' lang='lat' dir='ltr'>unam</span> <span class='ocrx_word' id='word_1_462' title='bbox 1295 1363 1328 1384; x_wconf 79' lang='lat' dir='ltr'>ex</span> <span class='ocrx_word' id='word_1_463' title='bbox 1353 1354 1447 1394; x_wconf 87' lang='lat' dir='ltr'>culpis</span> <span class='ocrx_word' id='word_1_464' title='bbox 1469 1353 1672 1393; x_wconf 75' lang='lat' dir='ltr'>gravissimis,</span> <span class='ocrx_word' id='word_1_465' title='bbox 1696 1364 1770 1394; x_wconf 85' lang='lat' dir='ltr'>quae</span> 
     </span>
     <span class='ocr_line' id='line_1_78' title="bbox 1027 1407 1596 1441; baseline 0.004 -10"><span class='ocrx_word' id='word_1_466' title='bbox 1027 1411 1115 1441; x_wconf 87' lang='lat' dir='ltr'>supra</span> <span class='ocrx_word' id='word_1_467' title='bbox 1139 1412 1203 1441; x_wconf 88' lang='lat' dir='ltr'>cap.</span> <span class='ocrx_word' id='word_1_468' title='bbox 1229 1412 1255 1433; x_wconf 80' lang='lat' dir='ltr'>vt</span> <span class='ocrx_word' id='word_1_469' title='bbox 1278 1407 1306 1433; x_wconf 90' lang='lat' dir='ltr'>et</span> <span class='ocrx_word' id='word_1_470' title='bbox 1327 1411 1364 1432; x_wconf 88' lang='lat' dir='ltr'>vu</span> <span class='ocrx_word' id='word_1_471' title='bbox 1388 1407 1596 1440; x_wconf 83' lang='lat' dir='ltr'>recensentur3</span> 
     </span>
    </p>

    <p class='ocr_par' dir='ltr' id='par_1_16' title="bbox 1025 1451 1770 1676">
     <span class='ocr_line' id='line_1_79' title="bbox 1070 1451 1770 1491; baseline 0 -11"><span class='ocrx_word' id='word_1_472' title='bbox 1070 1459 1109 1480; x_wconf 85' lang='grc' dir='ltr'>ιιι.</span> <span class='ocrx_word' id='word_1_473' title='bbox 1134 1451 1203 1481; x_wconf 81' lang='lat' dir='ltr'>Post</span> <span class='ocrx_word' id='word_1_474' title='bbox 1226 1452 1333 1481; x_wconf 79' lang='lat' dir='ltr'>factum</span> <span class='ocrx_word' id='word_1_475' title='bbox 1357 1451 1496 1481; x_wconf 85' lang='lat' dir='ltr'>canonice</span> <span class='ocrx_word' id='word_1_476' title='bbox 1519 1460 1710 1491; x_wconf 89' lang='lat' dir='ltr'>processum,</span> <span class='ocrx_word' id='word_1_477' title='bbox 1742 1455 1770 1481; x_wconf 86' lang='lat' dir='ltr'>et</span> 
     </span>
     <span class='ocr_line' id='line_1_80' title="bbox 1027 1499 1768 1538; baseline 0.003 -11"><span class='ocrx_word' id='word_1_478' title='bbox 1027 1499 1188 1538; x_wconf 61' lang='lat' dir='ltr'>praemissa</span> <span class='ocrx_word' id='word_1_479' title='bbox 1221 1500 1300 1530; x_wconf 69' lang='lat' dir='ltr'>trina</span> <span class='ocrx_word' id='word_1_480' title='bbox 1334 1500 1495 1530; x_wconf 88' lang='lat' dir='ltr'>monitione</span> <span class='ocrx_word' id='word_1_481' title='bbox 1528 1500 1671 1530; x_wconf 62' lang='lat' dir='ltr'>canonica</span> <span class='ocrx_word' id='word_1_482' title='bbox 1701 1509 1768 1529; x_wconf 90' lang='lat' dir='ltr'>cum</span> 
     </span>
     <span class='ocr_line' id='line_1_81' title="bbox 1026 1547 1769 1588; baseline 0.003 -12"><span class='ocrx_word' id='word_1_483' title='bbox 1026 1547 1116 1578; x_wconf 87' lang='lat' dir='ltr'>certis</span> <span class='ocrx_word' id='word_1_484' title='bbox 1140 1548 1324 1582; x_wconf 74' lang='lat' dir='ltr'>intervallis,</span> <span class='ocrx_word' id='word_1_485' title='bbox 1349 1552 1380 1578; x_wconf 91' lang='lat' dir='ltr'>ut</span> <span class='ocrx_word' id='word_1_486' title='bbox 1402 1552 1469 1588; x_wconf 89' lang='lat' dir='ltr'>puta</span> <span class='ocrx_word' id='word_1_487' title='bbox 1495 1548 1603 1586; x_wconf 83' lang='lat' dir='ltr'>unius,</span> <span class='ocrx_word' id='word_1_488' title='bbox 1629 1548 1671 1578; x_wconf 90' lang='lat' dir='ltr'>vel</span> <span class='ocrx_word' id='word_1_489' title='bbox 1705 1548 1769 1588; x_wconf 90' lang='lat' dir='ltr'>plu-</span> 
     </span>
     <span class='ocr_line' id='line_1_82' title="bbox 1026 1596 1768 1643; baseline 0.001 -17"><span class='ocrx_word' id='word_1_490' title='bbox 1026 1596 1102 1626; x_wconf 89' lang='lat' dir='ltr'>rium</span> <span class='ocrx_word' id='word_1_491' title='bbox 1125 1598 1256 1636; x_wconf 89' lang='lat' dir='ltr'>dierum,</span> <span class='ocrx_word' id='word_1_492' title='bbox 1279 1602 1329 1628; x_wconf 88' lang='lat' dir='ltr'>aut</span> <span class='ocrx_word' id='word_1_493' title='bbox 1352 1598 1439 1628; x_wconf 89' lang='lat' dir='ltr'>etiam</span> <span class='ocrx_word' id='word_1_494' title='bbox 1462 1598 1618 1643; x_wconf 71' lang='lat' dir='ltr'>horarum,</span> <span class='ocrx_word' id='word_1_495' title='bbox 1643 1597 1667 1627; x_wconf 92' lang='lat' dir='ltr'>si</span> <span class='ocrx_word' id='word_1_496' title='bbox 1691 1598 1768 1637; x_wconf 90' lang='lat' dir='ltr'>peri-</span> 
     </span>
     <span class='ocr_line' id='line_1_83' title="bbox 1025 1645 1359 1676; baseline 0.003 -2"><span class='ocrx_word' id='word_1_497' title='bbox 1025 1645 1188 1676; x_wconf 74' lang='lat' dir='ltr'>culum&#39;sit</span> <span class='ocrx_word' id='word_1_498' title='bbox 1210 1646 1240 1676; x_wconf 90' lang='lat' dir='ltr'>in</span> <span class='ocrx_word' id='word_1_499' title='bbox 1265 1648 1359 1676; x_wconf 68' lang='lat' dir='ltr'>mora.</span> 
     </span>
    </p>

    <p class='ocr_par' dir='ltr' id='par_1_17' title="bbox 1024 1694 1768 1919">
     <span class='ocr_line' id='line_1_84' title="bbox 1065 1694 1768 1733; baseline 0.003 -11"><span class='ocrx_word' id='word_1_500' title='bbox 1065 1702 1107 1723; x_wconf 85' lang='lat' dir='ltr'>tv.-</span> <span class='ocrx_word' id='word_1_501' title='bbox 1127 1694 1276 1733; x_wconf 74' lang='lat' dir='ltr'>Asngenda</span> <span class='ocrx_word' id='word_1_502' title='bbox 1310 1695 1366 1725; x_wconf 88' lang='lat' dir='ltr'>erit</span> <span class='ocrx_word' id='word_1_503' title='bbox 1389 1695 1532 1725; x_wconf 86' lang='lat' dir='ltr'>sententia</span> <span class='ocrx_word' id='word_1_504' title='bbox 1567 1695 1768 1725; x_wconf 83' lang='lat' dir='ltr'>excommuni-</span> 
     </span>
     <span class='ocr_line' id='line_1_85' title="bbox 1024 1743 1766 1783; baseline 0.003 -12"><span class='ocrx_word' id='word_1_505' title='bbox 1024 1743 1148 1772; x_wconf 87' lang='lat' dir='ltr'>cationis</span> <span class='ocrx_word' id='word_1_506' title='bbox 1179 1744 1270 1773; x_wconf 88' lang='lat' dir='ltr'>cellae</span> <span class='ocrx_word' id='word_1_507' title='bbox 1302 1744 1376 1781; x_wconf 84' lang='lat' dir='ltr'>eius,</span> <span class='ocrx_word' id='word_1_508' title='bbox 1402 1744 1451 1783; x_wconf 87' lang='lat' dir='ltr'>qui</span> <span class='ocrx_word' id='word_1_509' title='bbox 1484 1743 1766 1782; x_wconf 82' lang='lat' dir='ltr'>excommunicatur,</span> 
     </span>
     <span class='ocr_line' id='line_1_86' title="bbox 1024 1791 1766 1830; baseline 0.001 -10"><span class='ocrx_word' id='word_1_510' title='bbox 1024 1795 1074 1821; x_wconf 89' lang='lat' dir='ltr'>aut</span> <span class='ocrx_word' id='word_1_511' title='bbox 1096 1791 1218 1830; x_wconf 84' lang='lat' dir='ltr'>legenda</span> <span class='ocrx_word' id='word_1_512' title='bbox 1241 1791 1270 1821; x_wconf 95' lang='lat' dir='ltr'>in</span> <span class='ocrx_word' id='word_1_513' title='bbox 1294 1792 1522 1830; x_wconf 80' lang='lat' dir='ltr'>congregatione</span> <span class='ocrx_word' id='word_1_514' title='bbox 1554 1792 1766 1822; x_wconf 88' lang='lat' dir='ltr'>monachorum</span> 
     </span>
     <span class='ocr_line' id='line_1_87' title="bbox 1024 1839 1766 1880; baseline 0 -11"><span class='ocrx_word' id='word_1_515' title='bbox 1024 1839 1085 1870; x_wconf 87' lang='lat' dir='ltr'>sive</span> <span class='ocrx_word' id='word_1_516' title='bbox 1109 1840 1385 1870; x_wconf 77' lang='lat' dir='ltr'>excommunicatus</span> <span class='ocrx_word' id='word_1_517' title='bbox 1409 1850 1560 1880; x_wconf 88' lang='lat' dir='ltr'>praesens,</span> <span class='ocrx_word' id='word_1_518' title='bbox 1584 1840 1645 1871; x_wconf 85' lang='lat' dir='ltr'>sive</span> <span class='ocrx_word' id='word_1_519' title='bbox 1661 1841 1766 1871; x_wconf 84' lang='lat' dir='ltr'>absens</span> 
     </span>
     <span class='ocr_line' id='line_1_88' title="bbox 1024 1889 1122 1919; baseline 0 -1"><span class='ocrx_word' id='word_1_520' title='bbox 1024 1889 1122 1919; x_wconf 85' lang='lat' dir='ltr'>fuerit.</span> 
     </span>
    </p>

    <p class='ocr_par' dir='ltr' id='par_1_18' title="bbox 1020 1937 1767 2604">
     <span class='ocr_line' id='line_1_89' title="bbox 1063 1937 1767 1976; baseline 0.001 -9"><span class='ocrx_word' id='word_1_521' title='bbox 1063 1947 1088 1967; x_wconf 90' lang='lat' dir='ltr'>v.</span> <span class='ocrx_word' id='word_1_522' title='bbox 1113 1937 1296 1976; x_wconf 78' lang='lat' dir='ltr'>Vulgandum</span> <span class='ocrx_word' id='word_1_523' title='bbox 1329 1938 1384 1968; x_wconf 87' lang='lat' dir='ltr'>erit</span> <span class='ocrx_word' id='word_1_524' title='bbox 1407 1938 1469 1968; x_wconf 87' lang='lat' dir='ltr'>eius</span> <span class='ocrx_word' id='word_1_525' title='bbox 1502 1948 1608 1969; x_wconf 89' lang='lat' dir='ltr'>nomen</span> <span class='ocrx_word' id='word_1_526' title='bbox 1630 1938 1767 1969; x_wconf 88' lang='lat' dir='ltr'>omnibus</span> 
     </span>
     <span class='ocr_line' id='line_1_90' title="bbox 1023 1986 1767 2026; baseline -0.001 -9"><span class='ocrx_word' id='word_1_527' title='bbox 1023 1986 1103 2017; x_wconf 89' lang='lat' dir='ltr'>illius</span> <span class='ocrx_word' id='word_1_528' title='bbox 1126 1987 1296 2017; x_wconf 86' lang='lat' dir='ltr'>monasterii</span> <span class='ocrx_word' id='word_1_529' title='bbox 1315 1991 1342 2017; x_wconf 89' lang='lat' dir='ltr'>et</span> <span class='ocrx_word' id='word_1_530' title='bbox 1364 1987 1534 2026; x_wconf 88' lang='lat' dir='ltr'>provinciae</span> <span class='ocrx_word' id='word_1_531' title='bbox 1557 1987 1717 2025; x_wconf 88' lang='lat' dir='ltr'>monacbis,</span> <span class='ocrx_word' id='word_1_532' title='bbox 1736 1991 1767 2017; x_wconf 92' lang='lat' dir='ltr'>ut</span> 
     </span>
     <span class='ocr_line' id='line_1_91' title="bbox 1023 2035 1766 2067; baseline 0 -2"><span class='ocrx_word' id='word_1_533' title='bbox 1023 2035 1058 2065; x_wconf 85' lang='lat' dir='ltr'>ab</span> <span class='ocrx_word' id='word_1_534' title='bbox 1081 2035 1218 2066; x_wconf 90' lang='lat' dir='ltr'>omnibus</span> <span class='ocrx_word' id='word_1_535' title='bbox 1250 2036 1407 2066; x_wconf 87' lang='lat' dir='ltr'>devitetur.</span> <span class='ocrx_word' id='word_1_536' title='bbox 1433 2037 1583 2067; x_wconf 82' lang='lat' dir='ltr'>Sententia</span> <span class='ocrx_word' id='word_1_537' title='bbox 1617 2046 1685 2067; x_wconf 88' lang='lat' dir='ltr'>vero</span> <span class='ocrx_word' id='word_1_538' title='bbox 1715 2047 1766 2067; x_wconf 82' lang='lat' dir='ltr'>ex-</span> 
     </span>
     <span class='ocr_line' id='line_1_92' title="bbox 1023 2085 1766 2125; baseline 0 -10"><span class='ocrx_word' id='word_1_539' title='bbox 1023 2085 1298 2116; x_wconf 85' lang='lat' dir='ltr'>communicationis</span> <span class='ocrx_word' id='word_1_540' title='bbox 1321 2085 1505 2125; x_wconf 89' lang='lat' dir='ltr'>concipietur</span> <span class='ocrx_word' id='word_1_541' title='bbox 1538 2086 1567 2116; x_wconf 94' lang='lat' dir='ltr'>in</span> <span class='ocrx_word' id='word_1_542' title='bbox 1600 2086 1678 2115; x_wconf 86' lang='lat' dir='ltr'>hunc</span> <span class='ocrx_word' id='word_1_543' title='bbox 1705 2095 1766 2115; x_wconf 91' lang='lat' dir='ltr'>mo-</span> 
     </span>
     <span class='ocr_line' id='line_1_93' title="bbox 1022 2134 1764 2173; baseline 0 -10"><span class='ocrx_word' id='word_1_544' title='bbox 1022 2134 1110 2164; x_wconf 91' lang='lat' dir='ltr'>dum:</span> <span class='ocrx_word' id='word_1_545' title='bbox 1136 2134 1192 2173; x_wconf 73' lang='lat'>1390</span> <span class='ocrx_word' id='word_1_546' title='bbox 1213 2134 1248 2165; x_wconf 94' lang='lat' dir='ltr'>N.</span> <span class='ocrx_word' id='word_1_547' title='bbox 1281 2135 1360 2164; x_wconf 81' lang='lat' dir='ltr'>abbas</span> <span class='ocrx_word' id='word_1_548' title='bbox 1392 2135 1542 2173; x_wconf 63' lang='lat' dir='ltr'>generalis,</span> <span class='ocrx_word' id='word_1_549' title='bbox 1567 2134 1658 2164; x_wconf 62' lang='lat' dir='ltr'>habita</span> <span class='ocrx_word' id='word_1_550' title='bbox 1682 2135 1764 2173; x_wconf 72' lang='lat' dir='ltr'>heya-</span> 
     </span>
     <span class='ocr_line' id='line_1_94' title="bbox 1022 2183 1765 2222; baseline -0.001 -10"><span class='ocrx_word' id='word_1_551' title='bbox 1022 2193 1164 2212; x_wconf 81' lang='lat' dir='ltr'>menorum</span> <span class='ocrx_word' id='word_1_552' title='bbox 1196 2183 1255 2214; x_wconf 87' lang='lat' dir='ltr'>NN.</span> <span class='ocrx_word' id='word_1_553' title='bbox 1279 2183 1340 2213; x_wconf 83' lang='lat' dir='ltr'>NN.</span> <span class='ocrx_word' id='word_1_554' title='bbox 1374 2185 1591 2222; x_wconf 61' lang='lat' dir='ltr'>congregatione,</span> <span class='ocrx_word' id='word_1_555' title='bbox 1613 2193 1664 2222; x_wconf 78' lang='lat' dir='ltr'>per</span> <span class='ocrx_word' id='word_1_556' title='bbox 1697 2183 1765 2211; x_wconf 79' lang='lat' dir='ltr'>lianc</span> 
     </span>
     <span class='ocr_line' id='line_1_95' title="bbox 1022 2233 1763 2271; baseline -0.001 -10"><span class='ocrx_word' id='word_1_557' title='bbox 1022 2233 1194 2268; x_wconf 70' lang='lat' dir='ltr'>sententiam,</span> <span class='ocrx_word' id='word_1_558' title='bbox 1219 2242 1300 2271; x_wconf 79' lang='lat' dir='ltr'>quam</span> <span class='ocrx_word' id='word_1_559' title='bbox 1335 2233 1361 2261; x_wconf 86' lang='lat' dir='ltr'>in</span> <span class='ocrx_word' id='word_1_560' title='bbox 1395 2233 1506 2271; x_wconf 74' lang='lat' dir='ltr'>scriptis</span> <span class='ocrx_word' id='word_1_561' title='bbox 1523 2233 1689 2268; x_wconf 57' lang='lat' dir='ltr'>pronuncio,</span> <span class='ocrx_word' id='word_1_562' title='bbox 1714 2242 1763 2260; x_wconf 77' lang='lat' dir='ltr'>at!-</span> 
     </span>
     <span class='ocr_line' id='line_1_96' title="bbox 1021 2279 1763 2320; baseline -0.003 -10"><span class='ocrx_word' id='word_1_563' title='bbox 1021 2282 1146 2310; x_wconf 76' lang='lat' dir='ltr'>ctoritatc</span> <span class='ocrx_word' id='word_1_564' title='bbox 1169 2281 1219 2310; x_wconf 73' lang='lat' dir='ltr'>Dei</span> <span class='ocrx_word' id='word_1_565' title='bbox 1241 2281 1453 2320; x_wconf 68' lang='lat' dir='ltr'>armipotentis,</span> <span class='ocrx_word' id='word_1_566' title='bbox 1483 2280 1574 2309; x_wconf 78' lang='lat' dir='ltr'>Patris</span> <span class='ocrx_word' id='word_1_567' title='bbox 1596 2284 1620 2308; x_wconf 80' lang='lat' dir='ltr'>et</span> <span class='ocrx_word' id='word_1_568' title='bbox 1644 2279 1712 2309; x_wconf 72' lang='lat' dir='ltr'>Filii</span> <span class='ocrx_word' id='word_1_569' title='bbox 1738 2285 1763 2308; x_wconf 81' lang='lat' dir='ltr'>et</span> 
     </span>
     <span class='ocr_line' id='line_1_97' title="bbox 1021 2329 1763 2368; baseline -0.003 -9"><span class='ocrx_word' id='word_1_570' title='bbox 1021 2329 1144 2368; x_wconf 77' lang='lat' dir='ltr'>Spiritus</span> <span class='ocrx_word' id='word_1_571' title='bbox 1165 2330 1271 2365; x_wconf 79' lang='lat' dir='ltr'>Sancti,</span> <span class='ocrx_word' id='word_1_572' title='bbox 1295 2334 1319 2359; x_wconf 80' lang='lat' dir='ltr'>ct</span> <span class='ocrx_word' id='word_1_573' title='bbox 1340 2330 1464 2367; x_wconf 64' lang='lat' dir='ltr'>erigente</span> <span class='ocrx_word' id='word_1_574' title='bbox 1485 2329 1656 2357; x_wconf 72' lang='lat' dir='ltr'>contumacia</span> <span class='ocrx_word' id='word_1_575' title='bbox 1674 2329 1763 2366; x_wconf 77' lang='lat' dir='ltr'>patris</span> 
     </span>
     <span class='ocr_line' id='line_1_98' title="bbox 1021 2376 1762 2416; baseline -0.005 -7"><span class='ocrx_word' id='word_1_576' title='bbox 1021 2378 1082 2409; x_wconf 76' lang='lat' dir='ltr'>NN.</span> <span class='ocrx_word' id='word_1_577' title='bbox 1107 2379 1136 2406; x_wconf 86' lang='lat' dir='ltr'>ob</span> <span class='ocrx_word' id='word_1_578' title='bbox 1159 2378 1212 2407; x_wconf 75' lang='lat' dir='ltr'>tate</span> <span class='ocrx_word' id='word_1_579' title='bbox 1244 2378 1374 2407; x_wconf 72' lang='lat' dir='ltr'>delictum</span> <span class='ocrx_word' id='word_1_580' title='bbox 1407 2377 1504 2416; x_wconf 87' lang='lat' dir='ltr'>(quod</span> <span class='ocrx_word' id='word_1_581' title='bbox 1525 2376 1611 2406; x_wconf 82' lang='lat' dir='ltr'>debet</span> <span class='ocrx_word' id='word_1_582' title='bbox 1643 2377 1762 2406; x_wconf 91' lang='lat' dir='ltr'>omnino</span> 
     </span>
     <span class='ocr_line' id='line_1_99' title="bbox 1022 2427 1762 2466; baseline -0.004 -10"><span class='ocrx_word' id='word_1_583' title='bbox 1022 2427 1173 2466; x_wconf 82' lang='lat' dir='ltr'>exprimi),</span> <span class='ocrx_word' id='word_1_584' title='bbox 1191 2428 1281 2465; x_wconf 76' lang='lat' dir='ltr'>ipsam</span> <span class='ocrx_word' id='word_1_585' title='bbox 1303 2427 1517 2461; x_wconf 67' lang='lat' dir='ltr'>earconnnune&#39;co,</span> <span class='ocrx_word' id='word_1_586' title='bbox 1541 2429 1565 2454; x_wconf 83' lang='lat' dir='ltr'>et</span> <span class='ocrx_word' id='word_1_587' title='bbox 1585 2435 1636 2464; x_wconf 81' lang='lat' dir='ltr'>pro</span> <span class='ocrx_word' id='word_1_588' title='bbox 1658 2434 1762 2454; x_wconf 64' lang='lat' dir='ltr'>necom-</span> 
     </span>
     <span class='ocr_line' id='line_1_100' title="bbox 1020 2474 1762 2512; baseline -0.003 -8"><span class='ocrx_word' id='word_1_589' title='bbox 1020 2477 1159 2505; x_wconf 77' lang='lat' dir='ltr'>municato</span> <span class='ocrx_word' id='word_1_590' title='bbox 1179 2476 1272 2504; x_wconf 81' lang='lat' dir='ltr'>haberi</span> <span class='ocrx_word' id='word_1_591' title='bbox 1293 2474 1419 2508; x_wconf 59' lang='lat' dir='ltr'>decimo·</span> <span class='ocrx_word' id='word_1_592' title='bbox 1442 2478 1465 2503; x_wconf 82' lang='lat' dir='ltr'>et</span> <span class='ocrx_word' id='word_1_593' title='bbox 1488 2474 1591 2503; x_wconf 74' lang='lat' dir='ltr'>tamdiu</span> <span class='ocrx_word' id='word_1_594' title='bbox 1615 2475 1706 2512; x_wconf 79' lang='lat' dir='ltr'>ipsum</span> <span class='ocrx_word' id='word_1_595' title='bbox 1722 2474 1762 2503; x_wconf 78' lang='lat' dir='ltr'>vi-</span> 
     </span>
     <span class='ocr_line' id='line_1_101' title="bbox 1020 2522 1762 2562; baseline -0.003 -9"><span class='ocrx_word' id='word_1_596' title='bbox 1020 2525 1133 2554; x_wconf 69' lang='lat' dir='ltr'>tandam.</span> <span class='ocrx_word' id='word_1_597' title='bbox 1170 2524 1320 2559; x_wconf 72' lang='lat' dir='ltr'>denuncio,</span> <span class='ocrx_word' id='word_1_598' title='bbox 1355 2524 1436 2552; x_wconf 75' lang='lat' dir='ltr'>donec</span> <span class='ocrx_word' id='word_1_599' title='bbox 1468 2522 1662 2562; x_wconf 65' lang='lat' dir='ltr'>adimpleverit</span> <span class='ocrx_word' id='word_1_600' title='bbox 1693 2523 1762 2561; x_wconf 77' lang='lat' dir='ltr'>quod</span> 
     </span>
     <span class='ocr_line' id='line_1_102' title="bbox 1020 2571 1761 2604; baseline 0.001 -1"><span class='ocrx_word' id='word_1_601' title='bbox 1020 2574 1174 2604; x_wconf 66' lang='lat' dir='ltr'>maintatnr.</span> <span class='ocrx_word' id='word_1_602' title='bbox 1197 2572 1226 2604; x_wconf 81' lang='lat' dir='ltr'>Si</span> <span class='ocrx_word' id='word_1_603' title='bbox 1249 2572 1338 2603; x_wconf 83' lang='lat' dir='ltr'>abbas</span> <span class='ocrx_word' id='word_1_604' title='bbox 1372 2572 1542 2604; x_wconf 80' lang='lat' dir='ltr'>monasterii</span> <span class='ocrx_word' id='word_1_605' title='bbox 1562 2572 1605 2602; x_wconf 88' lang='lat' dir='ltr'>vel</span> <span class='ocrx_word' id='word_1_606' title='bbox 1629 2571 1761 2604; x_wconf 82' lang='lat' dir='ltr'>visitator</span> 
     </span>
    </p>
   </div>
   <div class='ocr_carea' id='block_1_11' title="bbox 1671 171 1969 210">
    <p class='ocr_par' dir='ltr' id='par_1_19' title="bbox 1671 171 1969 210">
     <span class='ocr_line' id='line_1_103' title="bbox 1671 171 1969 210; baseline 0.013 -5"><span class='ocrx_word' id='word_1_607' title='bbox 1671 171 1735 206; x_wconf 78' lang='lat'>657</span> <span class='ocrx_word' id='word_1_608' title='bbox 1781 182 1835 210; x_wconf 80' lang='lat' dir='ltr'>An.</span> <span class='ocrx_word' id='word_1_609' title='bbox 1855 182 1872 208; x_wconf 87' lang='lat' dir='ltr'>c</span> <span class='ocrx_word' id='word_1_610' title='bbox 1903 183 1969 209; x_wconf 62' lang='lat'>¹750</span> 
     </span>
    </p>
   </div>
   <div class='ocr_carea' id='block_1_12' title="bbox 1780 1075 1963 1149">
    <p class='ocr_par' dir='ltr' id='par_1_20' title="bbox 1780 1075 1963 1149">
     <span class='ocr_line' id='line_1_104' title="bbox 1821 1075 1922 1095; baseline 0 0"><span class='ocrx_word' id='word_1_611' title='bbox 1821 1075 1862 1095; x_wconf 67' lang='lat' dir='ltr'>en-</span> <span class='ocrx_word' id='word_1_612' title='bbox 1888 1075 1922 1095; x_wconf 74' lang='grc' dir='ltr'>Χῖ.</span> 
     </span>
     <span class='ocr_line' id='line_1_105' title="bbox 1796 1102 1963 1130; baseline 0.006 -9"><span class='ocrx_word' id='word_1_613' title='bbox 1796 1102 1830 1130; x_wconf 26' lang='lat' dir='ltr'>,De</span> <span class='ocrx_word' id='word_1_614' title='bbox 1843 1107 1963 1122; x_wconf 72' lang='lat' dir='ltr'>excommu-</span> 
     </span>
     <span class='ocr_line' id='line_1_106' title="bbox 1780 1131 1896 1149; baseline 0 -1"><span class='ocrx_word' id='word_1_615' title='bbox 1780 1131 1896 1149; x_wconf 76' lang='lat' dir='ltr'>nicatione.</span> 
     </span>
    </p>
   </div>
  </div>
 </body>
</html>
