2232 3178
30 248 79 280 An.
94 251 123 278 G.
146 249 217 278 1738

421 297 559 325 Clemens
580 296 758 332 episeopus,

411 349 518 369 servus
536 349 691 369 servorum
708 342 772 374 Dei,

337 387 373 413 ad
393 389 575 420 perpetuam
594 386 641 413 rei
661 386 845 413 memoriam.

56 468 197 491 Prooemium.
263 455 401 488 Adiutor
418 460 450 487 et
467 460 641 497 susceptor
658 459 769 487 noster
790 458 881 496 pater
907 452 963 484 mi-

220 507 484 546 sericordiarum,
508 508 567 550 qui
590 511 701 550 potens
723 510 767 538 est
785 506 895 538 onznia
913 506 962 547 fa-

220 571 287 594 cere
309 560 616 604 superabundanter
632 570 729 603 quam
748 560 889 602 petimus
906 563 963 590 aut

219 614 450 656 intelligimus,
473 615 590 655 magna
618 613 767 646 fidelibus
786 613 879 645 adest
902 611 962 644 rir-

220 672 298 707 tute,
317 677 399 706 cum,
418 667 457 699 ad
483 666 588 709 ipsum
608 666 794 704 clamantes,
821 665 911 698 illinc
930 665 961 697 in

221 719 469 753 necessitatibus
497 720 643 752 levamen
662 724 852 762 expectant,
878 717 962 750 unde

220 773 331 805 salutis
370 776 579 815 sumpserunt
622 771 802 804 exordium.
850 770 962 808 Quam-

221 826 333 859 obrem
361 824 534 868 apostolici
571 824 716 857 muneris
752 824 854 856 nostri
892 834 964 866 par-

225 885 273 911 tes
311 878 342 910 in
380 877 418 910 iis
455 877 595 911 libenter
620 876 879 919 interponimus,
906 886 965 919 per

222 942 305 975 quae
323 930 447 970 fideles,
464 936 501 963 ut
517 930 712 973 praefertur,
732 934 964 972 superstantes,

223 985 330 1018 bonus
357 984 436 1017 odor
462 982 579 1022 effecti,
601 982 803 1026 precationes
839 983 966 1015 valeant

226 1037 393 1071 effundere
418 1037 600 1076 suaviores,
628 1037 742 1079 eisque
769 1036 895 1077 exinde,
911 1037 966 1069 be-

224 1091 396 1125 nedicente
410 1089 676 1130 Doniino,votiva
694 1089 875 1133 promptius
893 1100 966 1132 pro-

223 1144 356 1178 veniant
380 1144 511 1177 auxilia.

33 1205 213 1254 ffgffistmssffissfss
269 1198 283 1240 ξ
309 1197 340 1231 l.
380 1197 456 1229 Cum
493 1197 614 1240 itaque,
652 1197 736 1229 sicut
768 1197 964 1240 accepimus,

33 1258 213 1306 §nappe-33:332}
226 1250 390 1294 gloriosus
415 1250 447 1283 S.
475 1249 665 1282 Francis-cus
684 1249 722 1282 de
742 1249 850 1289 Pania,
877 1249 968 1282 Ordi-

33 1301 132 1333 stitutum.
225 1304 275 1336 nis
301 1304 436 1336 fratrum
462 1303 668 1336 Minimorum
705 1308 966 1346 nuncupatorum

226 1358 396 1395 fundator,
425 1361 491 1388 tum
517 1355 549 1388 in
576 1356 728 1388 humanis
754 1365 866 1398 agens,
892 1357 966 1388 dum

225 1410 374 1444 nonnulli
389 1408 631 1449 christifideles,
642 1408 706 1442 suis
721 1409 967 1442 necessitatibus

225 1463 416 1507 prospicere
452 1462 644 1506 cupientes,
679 1462 825 1495 eiusdem
867 1462 966 1494 sancti

226 1517 284 1549 viri
311 1517 395 1560 apud
420 1516 520 1549 Deum
545 1516 648 1548 officia
666 1526 702 1548 ac
719 1526 834 1558 preces
861 1521 968 1558 postu-

226 1572 344 1610 larent,
381 1570 554 1613 quemdam
582 1569 651 1612 ipse
677 1568 833 1611 precandi
858 1569 968 1607 ritum,

226 1625 323 1666 vulgo
350 1629 384 1656 ut
406 1623 523 1656 dieitur
541 1623 587 1655 La
606 1622 771 1654 clivom’one
792 1621 839 1654 cte'
853 1621 969 1654 tredici

226 1677 380 1716 venerdi,
408 1677 440 1709 in
475 1677 599 1710 domiui
625 1676 724 1708 nostri
752 1677 819 1708 lesu
850 1675 968 1708 Christi

229 1741 265 1763 ac
284 1731 453 1763 beatorum
472 1730 643 1762 duodecim
655 1730 885 1772 Apostolorum
906 1730 970 1771 glo-

228 1784 307 1816 riam
347 1788 378 1816 et
405 1783 563 1816 honorem
596 1793 634 1815 eo
671 1792 766 1814 sensu
794 1782 971 1814 instituerit

229 1837 282 1880 qui
304 1836 462 1879 sequitur,
480 1835 655 1868 videlicet:
687 1834 815 1867 Treclt'ct'
839 1834 970 1867 venerdi

228 1891 260 1922 vi
285 1890 498 1932 confesserete,
528 1899 541 1921 e
559 1888 727 1920 ricererete
746 1887 770 1920 it
787 1888 971 1920 santissimo

229 1943 437 1977 sacramento
457 1941 546 1975 nella
570 1952 673 1974 messa
698 1942 753 1973 che
777 1942 878 1984 s'ttrete
903 1941 973 1974 dire

227 2006 286 2039 per
308 1995 417 2039 quella
435 1995 588 2027 necessitti
607 1994 693 2027 nella
712 1995 807 2037 (μαῖα
825 1995 973 2026 ricorrete

230 2049 264 2082 αἰ
281 2049 427 2092 Sigynore.
456 2048 628 2081 Reciterete
654 2048 768 2080 treclict'
788 2048 882 2080 Pater
907 2058 969 2080 no-

231 2109 298 2137 ster
325 2113 340 2135 e
366 2101 480 2134 tredicz'
505 2102 568 2134 Ave
587 2101 684 2134 Maria
711 2101 744 2133 in
770 2112 865 2134 onore
889 2112 904 2134 e
928 2101 974 2132 ri—

233 2166 363 2189 verenza
388 2155 422 2188 di
444 2155 527 2188 Gesrt
554 2154 657 2188 Cristo
690 2154 852 2186 benedetto
884 2165 899 2186 e
923 2154 975 2186 dei

231 2209 304 2241 suoi
327 2207 435 2240 dedici
470 2206 621 2250 apostoli.
648 2207 782 2240 Porrete
817 2206 878 2238 due
904 2216 974 2238 cun-

232 2261 301 2294 dele
325 2261 359 2293 di
383 2270 453 2293 cera
481 2260 596 2292 bianca
622 2259 711 2292 nella
734 2264 841 2291 vostra
858 2269 971 2299 messa,

232 2316 268 2348 in
293 2324 388 2356 scyno
409 2314 491 2346 delle
511 2313 572 2345 clue
590 2313 689 2352 virui,
709 2312 792 2345 Ferte
810 2323 824 2344 e
841 2312 977 2355 Speran-

233 2379 294 2408 za,·
322 2371 434 2400 terrete
459 2367 491 2398 in
518 2376 615 2398 niano
650 2366 707 2398 wz'
725 2366 813 2398 altra
841 2365 975 2397 candela

233 2431 353 2460 accesct,
373 2424 496 2452 mentre
515 2419 677 2451 reciterete
695 2418 722 2451 Ie
739 2418 886 2451 orazioni
911 2429 925 2450 e
949 2418 978 2449 si

234 2473 303 2506 dice
339 2473 372 2505 la
408 2482 532 2511 messa,
560 2471 595 2503 in
630 2470 865 2514 protestazione
889 2469 977 2502 cletta

236 2525 349 2560 Caritc't
374 2535 432 2557 con
456 2524 510 2557 cui
532 2524 639 2556 dot-cte
664 2534 759 2556 amar
784 2523 808 2555 il
842 2523 978 2566 Siynore

236 2589 250 2612 e
275 2577 454 2620 clziederqli
480 2577 507 2609 le
523 2577 643 2619 (lrazie,
664 2577 780 2619 perche
805 2577 841 2608 in
865 2580 978 2618 questa

237 2630 387 2664 mamerti
421 2630 454 2662 vi
486 2629 515 2661 si
543 2628 783 2662 concederanno
809 2629 820 2660 ι’
843 2628 904 2670 fini
927 2627 979 2661 dei

844 247 986 272 CLEMENS
1012 246 1055 271 XII
1080 246 1129 271 PP.

1643 233 1707 267 405

1004 295 1105 328 vostri
1136 295 1238 339 yiustz'
1274 293 1430 328 desistert:
1456 303 1611 337 cumque,
1649 291 1743 325 sicuti

1005 349 1126 394 pariter
1151 348 1344 392 accepimus,
1370 347 1560 381 misericors
1580 347 1664 379 Deus
1684 345 1745 389 piis

1005 402 1192 435 eorumdem
1215 401 1475 434 christifidelium
1497 400 1535 433 ad
1553 399 1744 442 praeinserti

1006 455 1085 487 ritus
1122 455 1256 487 formam
1283 454 1484 496 precantium
1521 453 1602 486 votis
1639 453 1682 485 ita
1713 463 1746 485 se

1006 508 1184 550 propitium
1212 506 1399 540 exhibuerit
1435 513 1467 538 et
1502 506 1690 545 liberalem,
1714 510 1748 537 ut

1006 561 1067 604 ipsi
1094 560 1323 594 christifideles
1351 560 1485 603 gratiam
1503 560 1534 592 in
1561 565 1748 602 opportuno

1007 614 1127 647 auxilio
1143 614 1280 647 feliciter
1299 614 1492 646 invenerint:
1508 618 1748 656 proptereaque

1008 672 1152 700 sanctum
1189 667 1271 699 ritus
1307 666 1493 698 huiusmodi
1519 665 1707 698 exercitium
1733 675 1750 697 a

1008 719 1176 752 nonnullis
1212 718 1521 762 praedecessoribus
1557 718 1676 750 nostris
1713 728 1750 750 ac

1007 772 1038 805 S.
1059 772 1096 804 R.
1116 771 1150 804 E.
1172 770 1401 811 cardinalibus,
1430 780 1555 803 necnon
1583 770 1670 813 regia
1696 770 1751 802 im-

1008 824 1188 868 perialique
1223 823 1379 866 dignitate
1412 823 1614 866 fulgentibus
1639 833 1752 866 perso-

1009 880 1068 917 nis,
1095 878 1231 920 aliisque
1257 876 1400 910 cuiusvis
1426 881 1549 915 status,
1576 876 1695 917 gradus
1722 877 1753 908 ct

1009 930 1208 964 conditionis
1233 929 1499 963 christifidelibus
1535 929 1655 971 ubique
1682 933 1750 961 ter-

1008 995 1116 1017 rarum
1144 994 1182 1017 eo
1208 989 1324 1017 eventu
1349 988 1514 1026 peractum
1541 982 1644 1020 fuerit,
1665 987 1696 1014 et
1720 981 1752 1013 in

1010 1039 1078 1073 dies
1097 1038 1278 1081 respective
1298 1042 1484 1080 peragatur,
1505 1041 1539 1068 ut
1560 1036 1609 1068 via
1634 1036 1753 1068 adeun-

1010 1091 1040 1125 di
1066 1101 1138 1123 cnm
1165 1090 1280 1122 fiducia
1306 1089 1344 1122 ad
1371 1095 1514 1122 montem
1534 1093 1680 1121 sanctum
1698 1088 1754 1120 Do-

1010 1144 1099 1183 mini,
1119 1149 1150 1176 et
1175 1143 1258 1175 intra
1280 1153 1440 1186 supernae
1467 1141 1685 1175 exauditionis
1708 1151 1755 1173 sa-

1010 1197 1147 1231 crarium
1173 1208 1190 1229 a
1216 1197 1361 1240 praefato
1393 1195 1425 1228 S.
1456 1194 1628 1229 Francisco
1665 1205 1755 1227 mon-

1010 1256 1108 1283 strata
1133 1260 1203 1283 esse
1230 1254 1412 1282 noscatur:

1054 1304 1068 1347 ξ
1094 1304 1126 1336 ⁶2.
1145 1303 1210 1336 Nos
1236 1302 1347 1345 igitur,
1367 1309 1512 1335 sanctum
1538 1302 1617 1334 ritus
1644 1301 1755 1334 huius-

1012 1357 1096 1391 modi
1122 1356 1313 1390 exercitium
1347 1356 1523 1399 plurimum
1560 1355 1592 1388 in
1617 1355 1754 1388 Domino

1010 1410 1295 1450 commendantes,
1329 1409 1482 1452 ipsosque
1524 1407 1636 1442 fideles
1676 1408 1756 1442 illud

1012 1465 1126 1498 devote
1152 1469 1350 1507 peragentes
1376 1463 1572 1506 specialibus
1593 1462 1757 1495 favoribus

1012 1524 1044 1551 et
1069 1517 1180 1560 gratiis
1216 1517 1371 1560 prosequi
1397 1517 1564 1556 volentes,
1595 1516 1759 1559 supplica·

1015 1571 1158 1604 tionibus
1195 1570 1292 1603 etiam
1328 1580 1388 1613 pro
1425 1576 1517 1612 parte
1554 1569 1663 1602 dilecti
1700 1568 1757 1600 filii

1012 1623 1166 1657 ldelsonsi
1185 1623 1353 1655 Gutierrez
1372 1622 1506 1661 Garine,
1534 1622 1759 1663 procuratoris

1013 1676 1174 1719 generalis
1201 1686 1256 1708 seu
1282 1676 1383 1708 zelosi
1410 1675 1487 1708 dicti
1505 1675 1644 1714 Ordinis,
1664 1675 1759 1707 nobis

1014 1740 1112 1773 super
1138 1730 1200 1762 hoc
1226 1729 1392 1762 humiliter
1418 1729 1578 1771 porrectis
1597 1728 1756 1767 inclinati,

1015 1783 1053 1816 de
1092 1782 1327 1825 omnipotentis
1368 1782 1423 1814 Dei
1461 1781 1685 1815 misericordia
1724 1792 1760 1814 ac

1014 1835 1185 1868 beatorum
1223 1834 1307 1867 Petri
1346 1840 1376 1867 et
1410 1835 1500 1867 Pauli
1532 1835 1759 1877 apostolorum

1015 1889 1084 1921 eius
1110 1888 1302 1920 auctoritate
1330 1887 1452 1926 confisi,
1473 1887 1626 1919 omnibus
1652 1892 1683 1919 et
1700 1887 1762 1918 sin-

1016 1941 1098 1984 gulis
1130 1941 1304 1983 utriusque
1342 1951 1437 1973 sexus
1475 1940 1758 1980 christifidelibus,

1016 1994 1069 2037 qui
1096 1994 1126 2026 in
1155 1993 1314 2026 tredecim
1340 1993 1439 2026 sextis
1467 1993 1554 2026 feriis
1581 2004 1596 2026 a
1614 1993 1761 2036 praefato

1017 2048 1047 2081 S.
1077 2047 1248 2080 Francisco
1282 2047 1321 2079 de
1358 2047 1471 2084 Paula,
1498 2053 1532 2079 ut
1557 2048 1760 2090 praefertur,

1018 2098 1193 2138 institutis,
1220 2108 1293 2130 vere
1332 2098 1539 2140 poenitentes
1565 2104 1596 2130 et
1621 2098 1760 2130 confessi

1018 2163 1053 2184 ac
1090 2153 1182 2184 sacra
1218 2152 1449 2184 cou‘imnnione
1487 2151 1596 2184 refecti
1623 2152 1760 2191 fuerint,

1018 2206 1118 2238 semel
1147 2211 1271 2237 tantum
1297 2204 1329 2236 in
1351 2215 1448 2243 anno,
1466 2204 1499 2236 in
1526 2207 1590 2236 unzi
1610 2215 1646 2236 ex
1666 2205 1761 2237 dictis

1019 2258 1175 2291 tredecim
1200 2258 1296 2290 sextis
1323 2257 1413 2290 feriis
1440 2268 1498 2300 per
1520 2268 1576 2290 eos
1601 2258 1639 2289 ad
1658 2257 1763 2289 cuius-

1019 2323 1082 2354 que
1110 2312 1236 2343 libitnm
1264 2311 1443 2353 respective
1463 2311 1627 2351 eligendz‘i,
1655 2310 1762 2342 indul-

1019 2365 1160 2407 gentiam
1198 2364 1378 2407 plenariam
1406 2373 1440 2394 ac
1466 2363 1611 2395 omnium
1637 2368 1668 2394 et
1698 2363 1762 2394 sin-

1020 2419 1170 2460 gulorum
1196 2422 1404 2460 peccatorum
1431 2426 1562 2447 suorum
1586 2416 1712 2448 veniam
1732 2421 1764 2448 et

1020 2470 1249 2503 remissionem
1276 2468 1454 2511 apostolica
1490 2468 1679 2501 auctoritate
1706 2468 1763 2501 mi-

1022 2523 1235 2556 sericorditer
1260 2522 1290 2554 in
1318 2521 1454 2554 Domino
1482 2526 1593 2553 tenore
1612 2531 1764 2564 praesen-

1023 2575 1102 2607 tium
1122 2580 1280 2617 perpetuo
1300 2573 1508 2606 concedimus
1528 2578 1558 2605 et
1576 2573 1763 2615 elargimur,

1022 2627 1054 2660 in
1081 2627 1219 2670 singulis
1256 2637 1332 2660 vero
1369 2637 1404 2659 cx
1441 2625 1577 2669 reliquis
1609 2625 1766 2660 tredecim

1753 243 1804 268 An.
1823 242 1850 269 C.
1875 241 1941 267 ¹758

1767 1340 1822 1359 tibus

1767 1368 1802 1395 ban*

1768 1395 1818 1413 uae.

1787 1313 1838 1332 utu-t
1848 1318 1951 1338 peragen-

1855 1346 1952 1365 ρΓθῘῚΠδΙ·

1841 1366 1951 1391 indulgeu-
