2232 3178
44 171 92 196 An.
114 169 143 196 C.
167 168 234 196 ¹740

857 167 999 192 CLEMENS
1025 167 1068 192 ΧΠ
1093 168 1143 193 ΡΡ.

237 216 314 247 hunc
331 215 385 247 sibi
402 216 488 247 finem
512 216 683 255 constituat,
702 220 732 247 ut
749 216 884 247 universa
907 216 979 247 Con-

235 265 366 304 gregatio
386 265 595 296 monachorum
612 265 685 296 bene
701 264 893 304 gubernetur,
911 274 980 295 con-

236 318 369 344 servetur
392 319 420 344 et
442 319 593 353 augeatur.

275 372 305 392 11.
324 362 419 398 Quare
436 368 563 402 potestas
581 363 694 393 abbatis
705 363 852 402 generalis
865 372 977 393 summa

234 411 299 447 erit,
323 414 351 440 et
373 411 408 440 ad
431 420 532 441 omnes
548 416 577 441 et
600 420 651 451 per
673 411 781 448 omnia,
806 420 858 450 pro
880 420 976 441 sacro-

234 468 298 489 rum
332 469 477 489 canonum
512 460 721 499 dispositione,
751 464 976 499 nostrarumque

234 507 475 538 constitutionum
499 509 689 547 praescripto,
708 509 894 538 extendatur.

273 565 314 586 111.
351 556 377 585 Is
400 565 486 595 porro
516 556 551 586 ad
584 557 745 586 triennium
777 556 976 586 instituendus

233 609 295 635 est:
319 614 376 644 quo
398 605 524 643 expleto,
542 605 598 635 nisi
615 614 629 634 a
645 606 872 643 congregatione
887 614 976 644 gene-

232 653 286 683 rali
309 653 344 683 ad
366 653 490 684 alterum
511 653 670 683 triennium
692 655 894 690 confirmetur,
912 654 974 684 osti-

232 702 311 732 cium
334 702 473 732 continuo
497 702 638 732 dimittat.

271 750 359 781 1v.1n
382 750 543 781 subsidium
567 760 635 781 vero
658 750 822 790 regiminis,
842 751 973 789 generali

232 798 328 829 abbati
350 798 381 829 in
403 808 466 829 eam
485 808 572 838 quam
597 799 724 829 deimus
747 799 973 839 amplitudinem

231 847 398 884 commissi,
422 846 548 885 eligendi
571 851 658 877 erunt
686 847 716 877 in
746 847 973 886 congregatione

229 895 360 934 generali
376 899 499 935 quatuor
515 896 685 934 hegumeni,
703 906 828 936 quorum
843 896 971 926 officium

230 945 341 984 pariter
357 945 391 974 ad
415 945 575 974 triennium
599 944 729 983 durabit,
747 945 803 975 nisi
820 944 855 975 ab
872 945 972 975 eadem

229 993 457 1032 congregatione
490 994 619 1032 generali
657 994 691 1024 ad
725 994 846 1024 alterum
882 995 973 1024 trien-

228 1042 309 1072 nium
333 1042 535 1073 confirmetur.

268 1100 296 1120 v.
320 1091 449 1129 Singulis
471 1095 568 1121 autem
592 1092 751 1130 provinciis
778 1095 806 1121 et
828 1096 971 1122 monaste-

228 1140 281 1170 riis
303 1139 422 1170 abbates
445 1139 662 1179 praeficiantur,
686 1150 811 1181 quorum
843 1145 970 1181 potestas

228 1189 315 1220 etiam
339 1189 469 1229 explete,
495 1193 526 1219 ut
548 1198 652 1228 supra,
677 1190 803 1220 triennio
831 1189 967 1220 cessabit.

268 1246 306 1268 vi.
330 1237 524 1273 Quamobrem
548 1237 677 1277 quolibet
699 1238 827 1268 triennio
850 1248 970 1277 congre-

227 1287 307 1325 gatio
328 1286 475 1325 generalis
498 1287 626 1325 cogenda
650 1291 716 1325 est,
741 1287 776 1317 ad
799 1296 886 1326 quam
919 1297 967 1317 vo-

227 1335 312 1366 candi
335 1335 370 1366 ab
385 1335 489 1365 abbate
504 1336 633 1374 generali
650 1341 747 1374 erunt,
765 1341 881 1376 praeter
899 1346 970 1376 qua-

227 1389 292 1415 tuor
315 1384 495 1423 hegumenos
523 1390 813 1424 supramemoratos‚
837 1386 967 1416 omnium

225 1433 445 1473 provinciarum
468 1437 496 1463 et
519 1435 762 1465 monasteriorum
791 1434 911 1465 abbates
927 1439 969 1465 at-

226 1492 283 1522 que
312 1482 452 1512 officiales
481 1483 622 1520 maiores,
647 1488 674 1514 et
703 1488 845 1523 quotquot
872 1484 968 1514 officio

225 1532 390 1571 generalis,
406 1531 564 1570 hegumeni
578 1536 605 1562 et
617 1532 728 1562 abbatis
741 1532 869 1563 defuncti
886 1538 965 1572 sunt,

226 1581 311 1611 modo
333 1590 391 1611 non
415 1581 523 1611 suerint
555 1581 590 1611 ob
623 1581 736 1621 aliquos
766 1582 895 1612 defectus
918 1582 966 1612 de—

224 1631 322 1671 positi.

264 1689 312 1710 vn.
337 1679 430 1710 Huius
451 1680 597 1718 generalis
623 1681 860 1719 congregationis
887 1685 965 1720 potc-

223 1734 282 1759 stas
300 1729 330 1759 in
352 1728 461 1760 Ordine
483 1733 583 1758 nostro
606 1738 742 1768 suprema
766 1734 820 1766 est,
843 1739 966 1768 genera-

223 1778 340 1818 lemque
363 1777 498 1808 abbatem
521 1782 549 1808 et
571 1778 962 1818 hegumen052c011tirmare,

223 1832 311 1867 atque
326 1827 427 1864 etiam,
444 1827 468 1856 si
485 1836 558 1866 opus
574 1827 673 1864 fuerit,
690 1827 835 1867 deponere
855 1833 961 1867 potest.

263 1884 323 1906 vm.
353 1875 544 1913 Congregatio
574 1876 806 1914 hegumenorum
838 1877 963 1915 singulis

222 1924 325 1955 saltem
358 1923 548 1954 semestribus
577 1923 613 1953 ab
642 1923 745 1955 abbate
777 1926 906 1964 generali
934 1931 962 1956 et

222 1977 348 2013 quatuor
373 1973 548 2012 hegumenis
569 1973 733 2012 habeatur,
758 1974 879 2014 eiusque
912 1985 962 2015 po-

223 2026 312 2053 testas
335 2031 437 2053 omnes
462 2027 490 2053 et
513 2023 609 2052 omnia
633 2023 793 2062 contineat,
810 2024 897 2054 salvis
921 2028 962 2054 ta-

223 2081 288 2102 men
312 2071 456 2110 generalis
475 2072 710 2111 congregationis
732 2073 868 2103 decretis.

261 2130 300 2151 lx.
323 2120 458 2156 Quolibet
479 2129 555 2150 anno
584 2121 770 2160 congregatio
792 2122 960 2162 provinciae

221 2169 363 2200 habeatur
385 2169 420 2199 ab
444 2169 546 2199 abbate
576 2169 706 2200 eiusdem
742 2171 910 2210 provinciae
933 2176 961 2202 et

220 2218 342 2258 reliquis
364 2217 518 2248 abbatibus
551 2219 794 2249 monasteriorum
816 2219 961 2251 subiecto-

220 2276 303 2305 rum,
327 2267 449 2306 eiusque
472 2271 599 2306 potestas
621 2267 650 2297 in
674 2268 824 2307 provincia
846 2278 959 2300 summa

219 2321 275 2355 est,
291 2317 379 2347 salvis
401 2316 528 2346 decretis
550 2316 663 2346 abbatis
684 2318 829 2355 generalis
845 2322 873 2348 et
891 2328 959 2349 con-

219 2366 422 2405 gregationum
444 2370 773 2405 supramemoratarum.

260 2425 287 2445 x.
305 2414 440 2451 Quolibet
455 2415 557 2444 saltem
575 2424 673 2445 mense
690 2416 877 2454 congregatio
900 2426 959 2448 mo-

218 2464 380 2494 nachorum
404 2463 439 2493 ab
462 2463 564 2493 abbate
587 2464 756 2494 monasterii
778 2469 806 2495 et
827 2466 958 2496 sacerdo-

219 2513 296 2544 tibus
319 2512 467 2552 professis,
484 2522 556 2553 quos
578 2512 667 2543 abbas
689 2514 833 2552 generalis
849 2514 874 2545 ei
890 2525 959 2545 con-

1022 216 1051 246 in
1075 217 1253 248 monasterio
1287 227 1399 248 summa
1429 222 1489 256 est,
1521 219 1610 249 salvis
1640 219 1765 250 decretis

1023 266 1282 305 congregationum
1305 267 1534 305 antedictarum,
1552 268 1646 308 iisque
1672 269 1766 299 omni-

1022 314 1093 353 bus,
1118 325 1191 355 quae
1220 315 1310 346 abbas
1339 317 1484 354 generalis
1513 317 1555 347 vel
1586 317 1676 347 abbas
1698 327 1765 358 pro-

1022 364 1135 393 vinciae
1157 365 1370 395 ordinaverint.

1059 422 1100 442 xi.
1124 413 1357 444 Praeeminentia
1380 414 1494 445 abbatis
1512 416 1658 454 generalis
1680 426 1764 446 exce-

1019 460 1060 490 dit
1083 471 1184 491 omnes
1207 462 1329 492 aliorum
1352 463 1521 493 officialium
1545 464 1665 503 gradus,
1689 465 1763 495 itaut

1019 509 1123 539 ceteris
1145 510 1282 540 omnibus
1299 516 1326 541 et
1344 511 1406 541 loeo
1423 517 1451 541 et
1468 513 1571 542 ordine
1596 513 1759 552 praecedat.

1020 556 1086 587 Post
1102 557 1179 588 hunc
1195 563 1320 597 quatuor
1334 560 1489 598 hegumeni
1505 571 1556 600 pro
1574 563 1625 591 sua
1638 562 1762 601 quisque

1018 605 1170 636 electionis
1204 607 1377 646 prioritate,
1411 609 1434 638 si
1465 610 1627 650 presbyteri
1660 620 1761 640 omnes

1018 653 1076 683 sint
1099 655 1144 684 vel
1167 655 1319 693 dignitate;
1337 657 1360 686 si
1377 657 1443 696 quis
1465 667 1567 688 eorum
1591 658 1758 697 presbyter,

1018 707 1045 732 et
1067 703 1141 733 alius
1165 714 1222 734 non
1246 705 1396 744 presbyter
1418 707 1465 743 sit,
1488 707 1615 746 primum
1638 707 1668 737 in
1691 716 1760 737 con-

1017 751 1146 782 sessibus
1170 756 1198 782 et
1220 753 1367 792 suffragiis
1390 755 1517 785 serendis
1547 756 1643 786 locum
1667 760 1756 786 tenet.

1017 800 1185 831 Secundum
1207 802 1390 841 hegumenos
1407 813 1486 842 vero,
1504 804 1624 834 abbates
1642 805 1759 844 provin-

1016 850 1144 887 ciarum,
1164 851 1268 881 deinde
1287 851 1406 882 abbates
1430 854 1689 892 monasteriorum,
1715 855 1759 884 iu-

1017 903 1062 928 xta
1099 900 1330 940 uniuscuiusque
1370 903 1539 932 monasterii
1572 903 1755 941 dignitatem.

1015 948 1087 978 Tum
1120 949 1140 978 ii
1174 950 1224 988 qui
1253 950 1349 980 officio
1375 950 1511 981 abbatum
1540 952 1584 981 vel
1618 953 1758 990 hegume-

1014 1007 1118 1028 norum
1141 998 1270 1029 defuncti
1293 1005 1377 1037 sunt,
1402 1001 1502 1031 eodem
1529 1001 1630 1031 ordine
1656 1006 1687 1031 ut
1709 1012 1757 1031 su-

1015 1055 1077 1084 pra.
1095 1046 1215 1076 Demum
1234 1048 1369 1078 monachi
1390 1049 1524 1087 professi,
1542 1051 1660 1080 servata
1677 1050 1756 1080 inter

1014 1103 1062 1124 eos
1085 1095 1241 1125 sacerdotii
1262 1096 1405 1133 dignitate
1422 1101 1450 1127 et
1473 1098 1660 1136 professionis
1677 1098 1755 1137 prio-

1013 1143 1110 1173 ritate.

1053 1202 1102 1222 xn.
1126 1192 1155 1222 Si
1178 1192 1293 1232 quando
1315 1197 1412 1223 autem
1432 1193 1601 1232 contigerit,
1618 1199 1649 1224 ut
1671 1195 1757 1234 eliga-

1013 1244 1060 1270 tur
1082 1239 1208 1270 vicarius
1229 1240 1366 1271 abbatum
1389 1246 1440 1271 aut
1463 1242 1707 1280 hegumenorum,
1730 1244 1756 1274 is

1012 1288 1108 1318 locum
1130 1288 1210 1319 illius
1227 1289 1337 1319 tenebit
1350 1312 1357 1323 ‚
1375 1290 1458 1320 cuius
1475 1291 1611 1320 vicariam
1629 1295 1756 1330 potesta-

1012 1341 1068 1367 tem
1093 1337 1180 1375 gerit,
1197 1342 1228 1367 ut
1250 1342 1329 1377 puta,
1348 1338 1475 1368 vicarius
1498 1338 1611 1369 abbatis
1633 1349 1755 1378 genera-

1011 1386 1046 1416 lis
1069 1386 1195 1426 primum
1218 1387 1315 1417 locum
1337 1391 1404 1417 ante
1428 1397 1528 1417 omnes
1560 1389 1752 1428 hegumenos,

1011 1438 1039 1465 ct
1055 1435 1096 1465 sic
1124 1435 1158 1465 de
1185 1436 1295 1466 vicario
1318 1436 1550 1474 hegumenorum
1567 1442 1594 1468 et
1615 1437 1752 1468 abbatum

1012 1484 1230 1524 provinciarum
1263 1489 1349 1525 atque
1383 1487 1641 1517 monasteriorum.
1675 1488 1754 1518 Reli-

1010 1542 1134 1572 quorum
1158 1542 1225 1563 vero
1252 1534 1433 1571 officiorum,
1458 1540 1489 1565 ut
1511 1536 1661 1566 secretarii
1683 1546 1752 1566 con-

1009 1582 1212 1620 gregationum
1229 1582 1454 1622 antedictarum,
1472 1585 1543 1614 socii
1556 1584 1693 1615 abbatum
1708 1586 1750 1615 vel

1009 1631 1260 1670 hegumenorum,
1292 1633 1491 1671 procuratoris
1526 1634 1672 1672 generalis
1701 1640 1751 1665 aut

1009 1680 1175 1718 provinciae
1198 1681 1259 1710 sive
1282 1682 1475 1720 monasterii,
1500 1687 1528 1712 et
1551 1682 1748 1722 reliquorum,

1008 1737 1064 1758 non
1088 1729 1143 1758 alia
1176 1729 1249 1759 ratio
1282 1730 1437 1760 habebitur
1468 1740 1554 1770 quam
1588 1732 1750 1771 prioritatis

1007 1777 1164 1807 sacerdotii
1186 1782 1214 1807 et
1229 1778 1429 1816 professionis.

1045 1835 1065 1856 1.
1102 1826 1199 1857 Abbas
1228 1827 1395 1866 generalis,
1420 1837 1485 1858 cum
1510 1829 1599 1859 totius
1631 1829 1748 1860 Ordinis

1006 1884 1106 1905 curam
1130 1875 1238 1906 habere
1261 1876 1375 1915 debeat,
1393 1886 1407 1906 a
1428 1882 1488 1908 toto
1510 1877 1618 1909 Ordine
1634 1879 1663 1908 in
1680 1888 1748 1909 con-

1005 1925 1174 1964 gregatione
1196 1926 1326 1964 generali
1343 1926 1494 1965 eligendus
1513 1928 1577 1958 erit.
1602 1928 1628 1958 Is
1649 1932 1748 1959 autem

1005 1983 1042 2004 ex
1064 1983 1164 2004 eorum
1190 1984 1312 2005 numero
1344 1984 1408 2006 esse
1440 1976 1542 2012 debet,
1567 1978 1616 2016 qui
1645 1977 1694 2008 diu
1717 1978 1747 2008 in

1004 2020 1112 2052 Ordine
1128 2026 1156 2053 et
1171 2023 1359 2054 laudabiliter
1376 2024 1484 2055 vixisse
1502 2026 1648 2066 perspecti
1667 2031 1745 2056 sunt:

1005 2071 1051 2101 cui
1075 2072 1196 2112 proinde
1218 2082 1272 2103 nec
1294 2073 1369 2103 desit
1391 2074 1497 2104 eximia
1521 2074 1669 2114 probitas,
1693 2085 1747 2106 nec

1004 2129 1086 2151 amor
1107 2131 1175 2161 erga
1202 2121 1358 2160 Ordinem,
1382 2133 1435 2153 nec
1464 2124 1568 2154 idonea
1595 2124 1744 2163 doctrina,

1003 2180 1074 2209 nec,
1099 2171 1134 2201 ad
1163 2171 1368 2202 sustinendum
1403 2176 1515 2202 tantum
1539 2183 1629 2209 onus,
1654 2174 1744 2204 animi

1003 2220 1194 2260 corporisque
1214 2221 1349 2259 firmitas,
1367 2222 1416 2261 qui
1439 2222 1554 2252 demum
1578 2223 1689 2253 nullum
1709 2233 1744 2253 ex

1002 2269 1038 2299 iis
1060 2269 1281 2309 impedimentis
1302 2270 1419 2308 habeat,
1436 2281 1511 2311 quae
1527 2272 1601 2301 infra
1619 2281 1684 2311 cap.
1707 2272 1744 2302 De

1001 2319 1178 2349 electionibus
1199 2324 1400 2350 recensentur.

1041 2378 1071 2399 11.
1095 2369 1165 2399 Cum
1189 2379 1256 2400 vero
1278 2370 1417 2400 canonice
1432 2370 1541 2400 electus
1555 2370 1652 2407 fuerit,
1670 2375 1697 2400 ct
1713 2370 1743 2401 in

1001 2419 1055 2448 sua
1076 2418 1219 2457 dignitate
1234 2419 1363 2457 legitime
1379 2419 1583 2457 confirmatus,
1600 2420 1743 2450 omnimo-

1001 2467 1067 2497 dam
1091 2472 1262 2508 potestatem
1286 2467 1390 2498 habeat
1411 2469 1440 2498 in
1465 2468 1571 2499 Ordine
1588 2473 1688 2498 nostro
1706 2469 1742 2499 ad

1001 2526 1132 2546 normam
1155 2516 1272 2555 regulae
1294 2520 1322 2546 et
1344 2517 1599 2547 constitutionum.
1614 2517 1655 2547 Ad
1678 2517 1741 2548 eius

217 2562 342 2594 sultores
364 2561 567 2600 assignaverit,
592 2562 662 2601 ssat,
686 2563 808 2603 eiusque
830 2568 957 2603 potestas
1001 2566 1098 2605 itaque
1124 2565 1327 2596 auctoritatem
1350 2566 1499 2606 pertinet:
1526 2584 1559 2588 —-
1589 2566 1630 2605 1⁰,
1658 2575 1739 2607 prac-

304 2619 383 2650 Bull.
403 2619 487 2649 Rom.
509 2635 542 2641 —
565 2620 624 2648 Vol.
644 2620 745 2650 XXIV.
873 2621 908 2649 79

1663 160 1728 194 625
1773 170 1823 198 An.
1840 170 1868 197 c.
1892 171 1960 198 tito

1803 1835 1851 1856 (ΣΑΡ.
1867 1835 1900 1858 lll.

1774 1861 1803 1882 Ilo
1815 1864 1893 1892 abbate
1909 1870 1943 1889 gn·

1760 1891 1835 1910 netuli.
