<?xml version="1.0" encoding="UTF-8"?>
<!DOCTYPE html PUBLIC "-//W3C//DTD XHTML 1.0 Transitional//EN"
    "http://www.w3.org/TR/xhtml1/DTD/xhtml1-transitional.dtd">
<html xmlns="http://www.w3.org/1999/xhtml" xml:lang="en" lang="en">
 <head>
  <title>
</title>
<meta http-equiv="Content-Type" content="text/html;charset=utf-8" />
  <meta name='ocr-system' content='tesseract 3.04.00' />
  <meta name='ocr-capabilities' content='ocr_page ocr_carea ocr_par ocr_line ocrx_word'/>
</head>
<body>
  <div class='ocr_page' id='page_1' title='image "./bullarumdiplomat24cath_0580.png"; bbox 0 0 2232 3178; ppageno 0'>
   <div class='ocr_carea' id='block_1_1' title="bbox 279 242 572 279">
    <p class='ocr_par' dir='ltr' id='par_1_1' title="bbox 279 242 572 279">
     <span class='ocr_line' id='line_1_1' title="bbox 279 242 572 279; baseline -0.003 -3"><span class='ocrx_word' id='word_1_1' title='bbox 279 250 327 277; x_wconf 78' lang='lat' dir='ltr'><strong>An.</strong></span> <span class='ocrx_word' id='word_1_2' title='bbox 348 249 375 278; x_wconf 88' lang='lat' dir='ltr'><strong>C.</strong></span> <span class='ocrx_word' id='word_1_3' title='bbox 396 250 462 279; x_wconf 83' lang='lat'>1739</span> <span class='ocrx_word' id='word_1_4' title='bbox 508 242 572 276; x_wconf 76' lang='grc'><strong>546</strong></span> 
     </span>
    </p>
   </div>
   <div class='ocr_carea' id='block_1_2' title="bbox 281 2158 464 2209">
    <p class='ocr_par' dir='ltr' id='par_1_2' title="bbox 281 2158 464 2209">
     <span class='ocr_line' id='line_1_2' title="bbox 302 2158 464 2179; baseline 0 0"><span class='ocrx_word' id='word_1_5' title='bbox 302 2159 400 2179; x_wconf 77' lang='lat' dir='ltr'><strong>Urbanus</strong></span> <span class='ocrx_word' id='word_1_6' title='bbox 418 2158 464 2179; x_wconf 90' lang='lat' dir='ltr'>VIII</span> 
     </span>
     <span class='ocr_line' id='line_1_3' title="bbox 281 2187 464 2209; baseline 0 -4"><span class='ocrx_word' id='word_1_7' title='bbox 281 2187 319 2205; x_wconf 70' lang='lat' dir='ltr'><strong>sub</strong></span> <span class='ocrx_word' id='word_1_8' title='bbox 336 2192 464 2209; x_wconf 55' lang='lat' dir='ltr'><strong>gravissimis</strong></span> 
     </span>
    </p>
   </div>
   <div class='ocr_carea' id='block_1_3' title="bbox 282 2206 1216 2301">
    <p class='ocr_par' dir='ltr' id='par_1_3' title="bbox 282 2206 1216 2301">
     <span class='ocr_line' id='line_1_4' title="bbox 296 2206 1216 2258; baseline 0.004 -22"><span class='ocrx_word' id='word_1_9' title='bbox 296 2245 304 2257; x_wconf 54' lang='grc' dir='ltr'>Γ</span> <span class='ocrx_word' id='word_1_10' title='bbox 340 2218 343 2230; x_wconf 91' lang='lat'>·</span> <span class='ocrx_word' id='word_1_11' title='bbox 375 2212 463 2258; x_wconf 55' lang='grc' dir='ltr'><strong>ηωεᾱζξῃ</strong></span> <span class='ocrx_word' id='word_1_12' title='bbox 476 2206 597 2239; x_wconf 89' lang='lat' dir='ltr'><strong>moriae</strong></span> <span class='ocrx_word' id='word_1_13' title='bbox 617 2206 767 2239; x_wconf 86' lang='lat' dir='ltr'><strong>Urbanus</strong></span> <span class='ocrx_word' id='word_1_14' title='bbox 787 2206 883 2249; x_wconf 87' lang='lat' dir='ltr'><strong>Papa,</strong></span> <span class='ocrx_word' id='word_1_15' title='bbox 900 2207 965 2240; x_wconf 87' lang='lat' dir='ltr'>VIII</span> <span class='ocrx_word' id='word_1_16' title='bbox 986 2206 1098 2240; x_wconf 87' lang='lat' dir='ltr'><strong>itidem</strong></span> <span class='ocrx_word' id='word_1_17' title='bbox 1124 2218 1216 2250; x_wconf 90' lang='lat' dir='ltr'><strong>prae-</strong></span> 
     </span>
     <span class='ocr_line' id='line_1_5' title="bbox 282 2246 1214 2301; baseline 0.003 -11"><span class='ocrx_word' id='word_1_18' title='bbox 282 2246 363 2284; x_wconf 49' lang='lat' dir='ltr'><strong>cv‘sssum</strong></span> <span class='ocrx_word' id='word_1_19' title='bbox 379 2264 405 2284; x_wconf 68' lang='lat' dir='ltr'><strong>ad</strong></span> <span class='ocrx_word' id='word_1_20' title='bbox 423 2252 631 2292; x_wconf 59' lang='lat' dir='ltr'><strong>RS-decessor</strong></span> <span class='ocrx_word' id='word_1_21' title='bbox 660 2263 792 2298; x_wconf 89' lang='lat' dir='ltr'><strong>noster,</strong></span> <span class='ocrx_word' id='word_1_22' title='bbox 827 2269 887 2301; x_wconf 87' lang='lat' dir='ltr'><strong>per</strong></span> <span class='ocrx_word' id='word_1_23' title='bbox 911 2259 990 2291; x_wconf 89' lang='lat' dir='ltr'><strong>alias</strong></span> <span class='ocrx_word' id='word_1_24' title='bbox 1015 2270 1087 2292; x_wconf 89' lang='lat' dir='ltr'><strong>suas</strong></span> <span class='ocrx_word' id='word_1_25' title='bbox 1119 2260 1214 2293; x_wconf 87' lang='lat' dir='ltr'><strong>etiam</strong></span> 
     </span>
    </p>
   </div>
   <div class='ocr_carea' id='block_1_4' title="bbox 281 2291 1213 2367">
    <p class='ocr_par' dir='ltr' id='par_1_4' title="bbox 281 2291 1213 2367">
     <span class='ocr_line' id='line_1_6' title="bbox 281 2291 1213 2367; baseline 0.003 -25"><span class='ocrx_word' id='word_1_26' title='bbox 281 2291 507 2367; x_wconf 44' lang='lat' dir='ltr'><strong>”1:¹53¹¹¹11⁶=¹1¹H2Z÷E{{in</strong></span> <span class='ocrx_word' id='word_1_27' title='bbox 533 2311 601 2354; x_wconf 91' lang='lat' dir='ltr'><strong>pari</strong></span> <span class='ocrx_word' id='word_1_28' title='bbox 628 2311 729 2343; x_wconf 77' lang='lat' dir='ltr'><strong>forma</strong></span> <span class='ocrx_word' id='word_1_29' title='bbox 754 2310 863 2343; x_wconf 89' lang='lat' dir='ltr'><strong>Brevis</strong></span> <span class='ocrx_word' id='word_1_30' title='bbox 889 2311 940 2344; x_wconf 91' lang='lat' dir='ltr'><strong>die</strong></span> <span class='ocrx_word' id='word_1_31' title='bbox 966 2321 997 2344; x_wconf 88' lang='lat' dir='ltr'><strong>1v</strong></span> <span class='ocrx_word' id='word_1_32' title='bbox 1022 2312 1213 2355; x_wconf 79' lang='lat' dir='ltr'><strong>septembris</strong></span> 
     </span>
    </p>
   </div>
   <div class='ocr_carea' id='block_1_5' title="bbox 315 2361 1215 2406">
    <p class='ocr_par' dir='ltr' id='par_1_5' title="bbox 315 2361 1215 2406">
     <span class='ocr_line' id='line_1_7' title="bbox 315 2361 1215 2406; baseline 0.001 -12"><span class='ocrx_word' id='word_1_33' title='bbox 315 2376 333 2390; x_wconf 80' lang='lat' dir='ltr'>m</span> <span class='ocrx_word' id='word_1_34' title='bbox 349 2370 445 2390; x_wconf 61' lang='lat' dir='ltr'><strong>neemia-</strong></span> <span class='ocrx_word' id='word_1_35' title='bbox 473 2372 601 2396; x_wconf 81' lang='lat' dir='ltr'><strong>mocxxv</strong></span> <span class='ocrx_word' id='word_1_36' title='bbox 627 2361 794 2403; x_wconf 87' lang='lat' dir='ltr'><strong>expeditas</strong></span> <span class='ocrx_word' id='word_1_37' title='bbox 820 2362 956 2401; x_wconf 88' lang='lat' dir='ltr'><strong>litteras,</strong></span> <span class='ocrx_word' id='word_1_38' title='bbox 971 2363 1215 2406; x_wconf 86' lang='lat' dir='ltr'><strong>supplicationi-</strong></span> 
     </span>
    </p>
   </div>
   <div class='ocr_carea' id='block_1_6' title="bbox 472 298 1216 2197">
    <p class='ocr_par' dir='ltr' id='par_1_6' title="bbox 472 298 1216 2143">
     <span class='ocr_line' id='line_1_8' title="bbox 473 298 1210 343; baseline -0.003 -10"><span class='ocrx_word' id='word_1_39' title='bbox 473 310 610 343; x_wconf 84' lang='lat' dir='ltr'><strong>cumque</strong></span> <span class='ocrx_word' id='word_1_40' title='bbox 635 299 789 333; x_wconf 80' lang='lat' dir='ltr'>Ordinem</span> <span class='ocrx_word' id='word_1_41' title='bbox 816 298 1066 332; x_wconf 87' lang='lat' dir='ltr'><strong>Mendieantium</strong></span> <span class='ocrx_word' id='word_1_42' title='bbox 1091 303 1122 332; x_wconf 90' lang='lat' dir='ltr'><strong>et</strong></span> <span class='ocrx_word' id='word_1_43' title='bbox 1145 307 1210 332; x_wconf 91' lang='lat' dir='ltr'><strong>non</strong></span> 
     </span>
     <span class='ocr_line' id='line_1_9' title="bbox 473 351 1212 393; baseline -0.003 -7"><span class='ocrx_word' id='word_1_44' title='bbox 473 353 734 393; x_wconf 84' lang='lat' dir='ltr'><strong>Mendicantium,</strong></span> <span class='ocrx_word' id='word_1_45' title='bbox 757 351 1000 386; x_wconf 85' lang='lat' dir='ltr'><strong>monachalium</strong></span> <span class='ocrx_word' id='word_1_46' title='bbox 1022 362 1077 384; x_wconf 87' lang='lat' dir='ltr'><strong>seu</strong></span> <span class='ocrx_word' id='word_1_47' title='bbox 1098 351 1212 385; x_wconf 88' lang='lat' dir='ltr'><strong>discal-</strong></span> 
     </span>
     <span class='ocr_line' id='line_1_10' title="bbox 473 405 1212 448; baseline -0.001 -9"><span class='ocrx_word' id='word_1_48' title='bbox 473 412 654 445; x_wconf 82' lang='lat' dir='ltr'><strong>ceatorum,</strong></span> <span class='ocrx_word' id='word_1_49' title='bbox 680 411 733 438; x_wconf 89' lang='lat' dir='ltr'><strong>aut</strong></span> <span class='ocrx_word' id='word_1_50' title='bbox 757 415 994 448; x_wconf 81' lang='lat' dir='ltr'><strong>quamcumque</strong></span> <span class='ocrx_word' id='word_1_51' title='bbox 1020 405 1212 447; x_wconf 82' lang='lat' dir='ltr'><strong>religionum</strong></span> 
     </span>
     <span class='ocr_line' id='line_1_11' title="bbox 474 457 1213 500; baseline -0.003 -8"><span class='ocrx_word' id='word_1_52' title='bbox 474 464 652 492; x_wconf 84' lang='lat' dir='ltr'><strong>erectarum</strong></span> <span class='ocrx_word' id='word_1_53' title='bbox 671 468 727 490; x_wconf 89' lang='lat' dir='ltr'><strong>seu</strong></span> <span class='ocrx_word' id='word_1_54' title='bbox 745 457 984 500; x_wconf 80' lang='lat' dir='ltr'><strong>erigendarum,</strong></span> <span class='ocrx_word' id='word_1_55' title='bbox 998 458 1096 490; x_wconf 90' lang='lat' dir='ltr'><strong>etiam</strong></span> <span class='ocrx_word' id='word_1_56' title='bbox 1117 457 1213 490; x_wconf 88' lang='lat' dir='ltr'><strong>emis-</strong></span> 
     </span>
     <span class='ocr_line' id='line_1_12' title="bbox 473 510 1213 553; baseline -0.001 -10"><span class='ocrx_word' id='word_1_57' title='bbox 473 511 575 544; x_wconf 83' lang='lat' dir='ltr'><strong>sionis</strong></span> <span class='ocrx_word' id='word_1_58' title='bbox 607 511 713 553; x_wconf 88' lang='lat' dir='ltr'><strong>quarti</strong></span> <span class='ocrx_word' id='word_1_59' title='bbox 749 510 812 542; x_wconf 86' lang='lat' dir='ltr'><strong>voti</strong></span> <span class='ocrx_word' id='word_1_60' title='bbox 849 520 907 542; x_wconf 90' lang='lat' dir='ltr'><strong>seu</strong></span> <span class='ocrx_word' id='word_1_61' title='bbox 942 510 1146 553; x_wconf 74' lang='lat' dir='ltr'><strong>perfectioris</strong></span> <span class='ocrx_word' id='word_1_62' title='bbox 1182 515 1213 542; x_wconf 90' lang='lat' dir='ltr'><strong>et</strong></span> 
     </span>
     <span class='ocr_line' id='line_1_13' title="bbox 472 562 1213 605; baseline -0.001 -10"><span class='ocrx_word' id='word_1_63' title='bbox 472 563 656 595; x_wconf 82' lang='lat' dir='ltr'><strong>humilioris</strong></span> <span class='ocrx_word' id='word_1_64' title='bbox 673 563 756 595; x_wconf 88' lang='lat' dir='ltr'><strong>vitae</strong></span> <span class='ocrx_word' id='word_1_65' title='bbox 777 562 1053 605; x_wconf 76' lang='lat' dir='ltr'><strong>praesumptione,</strong></span> <span class='ocrx_word' id='word_1_66' title='bbox 1071 568 1126 594; x_wconf 88' lang='lat' dir='ltr'><strong>aut</strong></span> <span class='ocrx_word' id='word_1_67' title='bbox 1145 562 1213 594; x_wconf 90' lang='lat' dir='ltr'><strong>stri-</strong></span> 
     </span>
     <span class='ocr_line' id='line_1_14' title="bbox 475 616 1213 659; baseline -0.001 -10"><span class='ocrx_word' id='word_1_68' title='bbox 475 616 586 649; x_wconf 85' lang='lat' dir='ltr'><strong>ctioris</strong></span> <span class='ocrx_word' id='word_1_69' title='bbox 611 617 743 659; x_wconf 81' lang='lat' dir='ltr'><strong>regulae</strong></span> <span class='ocrx_word' id='word_1_70' title='bbox 779 627 834 649; x_wconf 89' lang='lat' dir='ltr'><strong>seu</strong></span> <span class='ocrx_word' id='word_1_71' title='bbox 860 616 1084 649; x_wconf 69' lang='lat' dir='ltr'><strong>observantiae</strong></span> <span class='ocrx_word' id='word_1_72' title='bbox 1120 626 1213 659; x_wconf 91' lang='lat' dir='ltr'><strong>prae-</strong></span> 
     </span>
     <span class='ocr_line' id='line_1_15' title="bbox 473 669 1214 713; baseline -0.003 -11"><span class='ocrx_word' id='word_1_73' title='bbox 473 675 562 702; x_wconf 88' lang='lat' dir='ltr'><strong>textu</strong></span> <span class='ocrx_word' id='word_1_74' title='bbox 587 671 635 703; x_wconf 89' lang='lat' dir='ltr'><strong>vel</strong></span> <span class='ocrx_word' id='word_1_75' title='bbox 657 669 945 713; x_wconf 73' lang='lat' dir='ltr'><strong>contemplatione,</strong></span> <span class='ocrx_word' id='word_1_76' title='bbox 964 674 1018 702; x_wconf 88' lang='lat' dir='ltr'><strong>aut</strong></span> <span class='ocrx_word' id='word_1_77' title='bbox 1034 669 1095 702; x_wconf 79' lang='lat' dir='ltr'><strong>alia</strong></span> <span class='ocrx_word' id='word_1_78' title='bbox 1117 679 1214 712; x_wconf 90' lang='lat' dir='ltr'><strong>quan-</strong></span> 
     </span>
     <span class='ocr_line' id='line_1_16' title="bbox 474 722 1213 767; baseline -0.001 -12"><span class='ocrx_word' id='word_1_79' title='bbox 474 724 589 756; x_wconf 84' lang='lat' dir='ltr'><strong>tumvis</strong></span> <span class='ocrx_word' id='word_1_80' title='bbox 625 723 708 756; x_wconf 79' lang='lat' dir='ltr'><strong>iusta</strong></span> <span class='ocrx_word' id='word_1_81' title='bbox 733 727 764 756; x_wconf 90' lang='lat' dir='ltr'><strong>et</strong></span> <span class='ocrx_word' id='word_1_82' title='bbox 789 722 953 767; x_wconf 79' lang='lat' dir='ltr'><strong>probabili</strong></span> <span class='ocrx_word' id='word_1_83' title='bbox 990 727 1043 755; x_wconf 88' lang='lat' dir='ltr'><strong>aut</strong></span> <span class='ocrx_word' id='word_1_84' title='bbox 1067 722 1213 765; x_wconf 78' lang='lat' dir='ltr'><strong>legitima</strong></span> 
     </span>
     <span class='ocr_line' id='line_1_17' title="bbox 474 776 1212 820; baseline -0.003 -10"><span class='ocrx_word' id='word_1_85' title='bbox 474 778 577 816; x_wconf 76' lang='lat' dir='ltr'><strong>causa,</strong></span> <span class='ocrx_word' id='word_1_86' title='bbox 594 777 653 810; x_wconf 90' lang='lat' dir='ltr'><strong>sub</strong></span> <span class='ocrx_word' id='word_1_87' title='bbox 671 777 853 820; x_wconf 80' lang='lat' dir='ltr'><strong>apostasiae</strong></span> <span class='ocrx_word' id='word_1_88' title='bbox 871 781 903 809; x_wconf 84' lang='lat' dir='ltr'><strong>et</strong></span> <span class='ocrx_word' id='word_1_89' title='bbox 921 776 1071 808; x_wconf 80' lang='lat' dir='ltr'><strong>infamiae</strong></span> <span class='ocrx_word' id='word_1_90' title='bbox 1093 786 1212 819; x_wconf 90' lang='lat' dir='ltr'><strong>perpe-</strong></span> 
     </span>
     <span class='ocr_line' id='line_1_18' title="bbox 474 828 1213 863; baseline -0.001 -2"><span class='ocrx_word' id='word_1_91' title='bbox 474 834 549 863; x_wconf 87' lang='lat' dir='ltr'><strong>tuae</strong></span> <span class='ocrx_word' id='word_1_92' title='bbox 575 831 650 863; x_wconf 78' lang='lat' dir='ltr'><strong>nota</strong></span> <span class='ocrx_word' id='word_1_93' title='bbox 682 840 719 862; x_wconf 86' lang='lat' dir='ltr'><strong>ac</strong></span> <span class='ocrx_word' id='word_1_94' title='bbox 751 828 1097 862; x_wconf 84' lang='lat' dir='ltr'><strong>excommunicationis</strong></span> <span class='ocrx_word' id='word_1_95' title='bbox 1129 829 1213 861; x_wconf 89' lang='lat' dir='ltr'><strong>latae</strong></span> 
     </span>
     <span class='ocr_line' id='line_1_19' title="bbox 475 882 1214 926; baseline -0.003 -11"><span class='ocrx_word' id='word_1_96' title='bbox 475 882 654 916; x_wconf 85' lang='lat' dir='ltr'><strong>sententiae</strong></span> <span class='ocrx_word' id='word_1_97' title='bbox 679 883 785 926; x_wconf 73' lang='lat' dir='ltr'><strong>poena</strong></span> <span class='ocrx_word' id='word_1_98' title='bbox 803 882 873 925; x_wconf 92' lang='lat' dir='ltr'><strong>ipso</strong></span> <span class='ocrx_word' id='word_1_99' title='bbox 899 882 982 914; x_wconf 86' lang='lat' dir='ltr'><strong>facto</strong></span> <span class='ocrx_word' id='word_1_100' title='bbox 1008 892 1066 924; x_wconf 91' lang='lat' dir='ltr'><strong>per</strong></span> <span class='ocrx_word' id='word_1_101' title='bbox 1090 886 1214 914; x_wconf 89' lang='lat' dir='ltr'><strong>contra-</strong></span> 
     </span>
     <span class='ocr_line' id='line_1_20' title="bbox 473 934 1214 974; baseline -0.001 -6"><span class='ocrx_word' id='word_1_102' title='bbox 473 935 628 968; x_wconf 77' lang='lat' dir='ltr'><strong>facientes</strong></span> <span class='ocrx_word' id='word_1_103' title='bbox 645 935 851 974; x_wconf 78' lang='lat' dir='ltr'><strong>incurrenda,</strong></span> <span class='ocrx_word' id='word_1_104' title='bbox 871 945 906 967; x_wconf 90' lang='lat' dir='ltr'><strong>se</strong></span> <span class='ocrx_word' id='word_1_105' title='bbox 925 934 1100 967; x_wconf 87' lang='lat' dir='ltr'><strong>transferre</strong></span> <span class='ocrx_word' id='word_1_106' title='bbox 1115 934 1214 967; x_wconf 90' lang='lat' dir='ltr'><strong>aude-</strong></span> 
     </span>
     <span class='ocr_line' id='line_1_21' title="bbox 473 988 1214 1031; baseline -0.001 -10"><span class='ocrx_word' id='word_1_107' title='bbox 473 994 524 1021; x_wconf 87' lang='lat' dir='ltr'><strong>ret</strong></span> <span class='ocrx_word' id='word_1_108' title='bbox 548 999 605 1021; x_wconf 91' lang='lat' dir='ltr'><strong>seu</strong></span> <span class='ocrx_word' id='word_1_109' title='bbox 631 993 857 1031; x_wconf 84' lang='lat' dir='ltr'><strong>praesumeret</strong></span> <span class='ocrx_word' id='word_1_110' title='bbox 873 988 1022 1031; x_wconf 81' lang='lat' dir='ltr'><strong>(excepto</strong></span> <span class='ocrx_word' id='word_1_111' title='bbox 1048 988 1214 1021; x_wconf 80' lang='lat' dir='ltr'><strong>dumtaxat</strong></span> 
     </span>
     <span class='ocr_line' id='line_1_22' title="bbox 473 1041 1214 1083; baseline -0.001 -9"><span class='ocrx_word' id='word_1_112' title='bbox 473 1041 593 1074; x_wconf 79' lang='lat' dir='ltr'><strong>Ordine</strong></span> <span class='ocrx_word' id='word_1_113' title='bbox 620 1042 754 1073; x_wconf 84' lang='lat' dir='ltr'><strong>fratrum</strong></span> <span class='ocrx_word' id='word_1_114' title='bbox 780 1041 1079 1080; x_wconf 86' lang='lat' dir='ltr'><strong>Carthusianorum,</strong></span> <span class='ocrx_word' id='word_1_115' title='bbox 1102 1046 1214 1083; x_wconf 87' lang='lat' dir='ltr'><strong>quate-</strong></span> 
     </span>
     <span class='ocr_line' id='line_1_23' title="bbox 473 1094 1213 1127; baseline 0 -1"><span class='ocrx_word' id='word_1_116' title='bbox 473 1105 534 1127; x_wconf 91' lang='lat' dir='ltr'><strong>nus</strong></span> <span class='ocrx_word' id='word_1_117' title='bbox 555 1095 592 1126; x_wconf 89' lang='lat' dir='ltr'><strong>ad</strong></span> <span class='ocrx_word' id='word_1_118' title='bbox 611 1095 702 1127; x_wconf 87' lang='lat' dir='ltr'><strong>illum</strong></span> <span class='ocrx_word' id='word_1_119' title='bbox 721 1094 910 1126; x_wconf 89' lang='lat' dir='ltr'><strong>transeundi</strong></span> <span class='ocrx_word' id='word_1_120' title='bbox 929 1094 1090 1127; x_wconf 84' lang='lat' dir='ltr'><strong>licentiam</strong></span> <span class='ocrx_word' id='word_1_121' title='bbox 1110 1105 1126 1127; x_wconf 91' lang='lat' dir='ltr'><strong>a</strong></span> <span class='ocrx_word' id='word_1_122' title='bbox 1147 1095 1213 1127; x_wconf 87' lang='lat' dir='ltr'><strong>suis</strong></span> 
     </span>
     <span class='ocr_line' id='line_1_24' title="bbox 473 1147 1211 1190; baseline 0 -11"><span class='ocrx_word' id='word_1_123' title='bbox 473 1147 695 1190; x_wconf 85' lang='lat' dir='ltr'><strong>superioribus</strong></span> <span class='ocrx_word' id='word_1_124' title='bbox 720 1147 893 1190; x_wconf 89' lang='lat' dir='ltr'><strong>petiissent</strong></span> <span class='ocrx_word' id='word_1_125' title='bbox 909 1152 940 1180; x_wconf 89' lang='lat' dir='ltr'><strong>et</strong></span> <span class='ocrx_word' id='word_1_126' title='bbox 957 1147 1174 1179; x_wconf 86' lang='lat' dir='ltr'><strong>obtinuissent</strong></span> <span class='ocrx_word' id='word_1_127' title='bbox 1187 1147 1211 1189; x_wconf 85' lang='lat'><strong>);</strong></span> 
     </span>
     <span class='ocr_line' id='line_1_25' title="bbox 474 1200 1215 1243; baseline 0.001 -12"><span class='ocrx_word' id='word_1_128' title='bbox 474 1205 506 1232; x_wconf 86' lang='lat' dir='ltr'><strong>et</strong></span> <span class='ocrx_word' id='word_1_129' title='bbox 531 1200 727 1243; x_wconf 82' lang='lat' dir='ltr'><strong>quicumque</strong></span> <span class='ocrx_word' id='word_1_130' title='bbox 760 1209 850 1232; x_wconf 82' lang='lat' dir='ltr'><strong>secus</strong></span> <span class='ocrx_word' id='word_1_131' title='bbox 876 1200 1026 1239; x_wconf 86' lang='lat' dir='ltr'><strong>fecisset,</strong></span> <span class='ocrx_word' id='word_1_132' title='bbox 1051 1210 1122 1232; x_wconf 86' lang='lat' dir='ltr'><strong>cum</strong></span> <span class='ocrx_word' id='word_1_133' title='bbox 1149 1200 1215 1242; x_wconf 85' lang='lat' dir='ltr'><strong>pri-</strong></span> 
     </span>
     <span class='ocr_line' id='line_1_26' title="bbox 474 1251 1214 1295; baseline 0.001 -11"><span class='ocrx_word' id='word_1_134' title='bbox 474 1263 563 1284; x_wconf 90' lang='lat' dir='ltr'><strong>mum</strong></span> <span class='ocrx_word' id='word_1_135' title='bbox 601 1253 744 1295; x_wconf 84' lang='lat' dir='ltr'><strong>desuper</strong></span> <span class='ocrx_word' id='word_1_136' title='bbox 782 1251 924 1285; x_wconf 88' lang='lat' dir='ltr'><strong>monitus</strong></span> <span class='ocrx_word' id='word_1_137' title='bbox 960 1252 1096 1292; x_wconf 86' lang='lat' dir='ltr'><strong>fuisset,</strong></span> <span class='ocrx_word' id='word_1_138' title='bbox 1125 1253 1214 1285; x_wconf 74' lang='lat' dir='ltr'><strong>nulla</strong></span> 
     </span>
     <span class='ocr_line' id='line_1_27' title="bbox 474 1305 1213 1345; baseline 0 -7"><span class='ocrx_word' id='word_1_139' title='bbox 474 1307 574 1345; x_wconf 80' lang='lat' dir='ltr'><strong>mora,</strong></span> <span class='ocrx_word' id='word_1_140' title='bbox 594 1310 648 1337; x_wconf 88' lang='lat' dir='ltr'><strong>aut</strong></span> <span class='ocrx_word' id='word_1_141' title='bbox 668 1305 888 1345; x_wconf 85' lang='lat' dir='ltr'><strong>excusatione,</strong></span> <span class='ocrx_word' id='word_1_142' title='bbox 909 1315 965 1337; x_wconf 89' lang='lat' dir='ltr'><strong>seu</strong></span> <span class='ocrx_word' id='word_1_143' title='bbox 991 1305 1110 1338; x_wconf 85' lang='lat' dir='ltr'><strong>forensi</strong></span> <span class='ocrx_word' id='word_1_144' title='bbox 1137 1316 1213 1338; x_wconf 91' lang='lat' dir='ltr'><strong>con-</strong></span> 
     </span>
     <span class='ocr_line' id='line_1_28' title="bbox 474 1358 1212 1402; baseline 0.003 -12"><span class='ocrx_word' id='word_1_145' title='bbox 474 1359 621 1392; x_wconf 87' lang='lat' dir='ltr'><strong>tentione</strong></span> <span class='ocrx_word' id='word_1_146' title='bbox 639 1359 687 1391; x_wconf 91' lang='lat' dir='ltr'><strong>vel</strong></span> <span class='ocrx_word' id='word_1_147' title='bbox 704 1358 925 1402; x_wconf 82' lang='lat' dir='ltr'><strong>appellatione</strong></span> <span class='ocrx_word' id='word_1_148' title='bbox 946 1358 1157 1401; x_wconf 84' lang='lat' dir='ltr'><strong>interpositis,</strong></span> <span class='ocrx_word' id='word_1_149' title='bbox 1173 1360 1212 1392; x_wconf 84' lang='lat' dir='ltr'><strong>ad</strong></span> 
     </span>
     <span class='ocr_line' id='line_1_29' title="bbox 475 1411 1210 1455; baseline 0.001 -11"><span class='ocrx_word' id='word_1_150' title='bbox 475 1412 639 1455; x_wconf 82' lang='lat' dir='ltr'><strong>propriam</strong></span> <span class='ocrx_word' id='word_1_151' title='bbox 661 1422 750 1444; x_wconf 89' lang='lat' dir='ltr'><strong>suam</strong></span> <span class='ocrx_word' id='word_1_152' title='bbox 775 1411 1065 1454; x_wconf 80' lang='lat' dir='ltr'><strong>Congregationem</strong></span> <span class='ocrx_word' id='word_1_153' title='bbox 1090 1413 1210 1453; x_wconf 90' lang='lat' dir='ltr'><strong>redire,</strong></span> 
     </span>
     <span class='ocr_line' id='line_1_30' title="bbox 476 1463 1211 1507; baseline 0.001 -11"><span class='ocrx_word' id='word_1_154' title='bbox 476 1475 512 1496; x_wconf 92' lang='lat' dir='ltr'><strong>ac</strong></span> <span class='ocrx_word' id='word_1_155' title='bbox 539 1463 745 1507; x_wconf 83' lang='lat' dir='ltr'><strong>superiorum</strong></span> <span class='ocrx_word' id='word_1_156' title='bbox 774 1474 906 1496; x_wconf 88' lang='lat' dir='ltr'><strong>suorum</strong></span> <span class='ocrx_word' id='word_1_157' title='bbox 939 1464 1151 1497; x_wconf 89' lang='lat' dir='ltr'><strong>correctioni¹</strong></span> <span class='ocrx_word' id='word_1_158' title='bbox 1177 1475 1211 1498; x_wconf 90' lang='lat' dir='ltr'><strong>se</strong></span> 
     </span>
     <span class='ocr_line' id='line_1_31' title="bbox 476 1516 1213 1559; baseline 0.003 -11"><span class='ocrx_word' id='word_1_159' title='bbox 476 1516 666 1549; x_wconf 84' lang='lat' dir='ltr'><strong>submittere</strong></span> <span class='ocrx_word' id='word_1_160' title='bbox 705 1522 893 1556; x_wconf 87' lang='lat' dir='ltr'><strong>teneretur·‚</strong></span> <span class='ocrx_word' id='word_1_161' title='bbox 921 1527 980 1549; x_wconf 90' lang='lat' dir='ltr'><strong>nec</strong></span> <span class='ocrx_word' id='word_1_162' title='bbox 1005 1518 1139 1559; x_wconf 86' lang='lat' dir='ltr'><strong>praelati</strong></span> <span class='ocrx_word' id='word_1_163' title='bbox 1166 1517 1213 1550; x_wconf 92' lang='lat' dir='ltr'><strong>di-</strong></span> 
     </span>
     <span class='ocr_line' id='line_1_32' title="bbox 476 1569 1213 1612; baseline 0 -10"><span class='ocrx_word' id='word_1_164' title='bbox 476 1574 598 1602; x_wconf 87' lang='lat' dir='ltr'><strong>ctarum</strong></span> <span class='ocrx_word' id='word_1_165' title='bbox 617 1569 915 1612; x_wconf 81' lang='lat' dir='ltr'><strong>Congregationum</strong></span> <span class='ocrx_word' id='word_1_166' title='bbox 942 1575 972 1602; x_wconf 92' lang='lat' dir='ltr'><strong>et</strong></span> <span class='ocrx_word' id='word_1_167' title='bbox 996 1569 1132 1602; x_wconf 91' lang='lat' dir='ltr'><strong>aliorum</strong></span> <span class='ocrx_word' id='word_1_168' title='bbox 1158 1570 1213 1603; x_wconf 93' lang='lat' dir='ltr'><strong>Or-</strong></span> 
     </span>
     <span class='ocr_line' id='line_1_33' title="bbox 476 1622 1213 1666; baseline 0.003 -12"><span class='ocrx_word' id='word_1_169' title='bbox 476 1622 589 1655; x_wconf 91' lang='lat' dir='ltr'><strong>dinum</strong></span> <span class='ocrx_word' id='word_1_170' title='bbox 622 1627 654 1655; x_wconf 93' lang='lat' dir='ltr'><strong>et</strong></span> <span class='ocrx_word' id='word_1_171' title='bbox 682 1622 878 1664; x_wconf 80' lang='lat' dir='ltr'><strong>religionum</strong></span> <span class='ocrx_word' id='word_1_172' title='bbox 910 1622 1094 1656; x_wconf 88' lang='lat' dir='ltr'><strong>huiusmodi</strong></span> <span class='ocrx_word' id='word_1_173' title='bbox 1126 1623 1213 1666; x_wconf 91' lang='lat' dir='ltr'><strong>ipsos</strong></span> 
     </span>
     <span class='ocr_line' id='line_1_34' title="bbox 475 1675 1214 1718; baseline 0.003 -11"><span class='ocrx_word' id='word_1_174' title='bbox 475 1675 522 1707; x_wconf 86' lang='lat' dir='ltr'><strong>sic</strong></span> <span class='ocrx_word' id='word_1_175' title='bbox 548 1676 730 1715; x_wconf 88' lang='lat' dir='ltr'><strong>translatos,</strong></span> <span class='ocrx_word' id='word_1_176' title='bbox 750 1685 808 1708; x_wconf 90' lang='lat' dir='ltr'><strong>seu</strong></span> <span class='ocrx_word' id='word_1_177' title='bbox 832 1675 982 1718; x_wconf 78' lang='lat' dir='ltr'><strong>fugitivos</strong></span> <span class='ocrx_word' id='word_1_178' title='bbox 1007 1681 1037 1709; x_wconf 85' lang='lat' dir='ltr'><strong>et</strong></span> <span class='ocrx_word' id='word_1_179' title='bbox 1054 1682 1214 1718; x_wconf 88' lang='lat' dir='ltr'><strong>apostatas</strong></span> 
     </span>
     <span class='ocr_line' id='line_1_35' title="bbox 473 1727 1213 1772; baseline 0.003 -13"><span class='ocrx_word' id='word_1_180' title='bbox 473 1727 627 1767; x_wconf 87' lang='lat' dir='ltr'><strong>retinere,</strong></span> <span class='ocrx_word' id='word_1_181' title='bbox 648 1729 704 1761; x_wconf 91' lang='lat' dir='ltr'><strong>sed</strong></span> <span class='ocrx_word' id='word_1_182' title='bbox 721 1737 786 1767; x_wconf 80' lang='lat' dir='ltr'><strong>eoS,</strong></span> <span class='ocrx_word' id='word_1_183' title='bbox 802 1728 898 1761; x_wconf 86' lang='lat' dir='ltr'><strong>etiam</strong></span> <span class='ocrx_word' id='word_1_184' title='bbox 913 1734 1085 1772; x_wconf 86' lang='lat' dir='ltr'><strong>postquam</strong></span> <span class='ocrx_word' id='word_1_185' title='bbox 1101 1740 1213 1763; x_wconf 87' lang='lat' dir='ltr'><strong>novam</strong></span> 
     </span>
     <span class='ocr_line' id='line_1_36' title="bbox 474 1780 1214 1823; baseline 0.003 -11"><span class='ocrx_word' id='word_1_186' title='bbox 474 1780 715 1823; x_wconf 86' lang='lat' dir='ltr'><strong>professionem</strong></span> <span class='ocrx_word' id='word_1_187' title='bbox 734 1782 917 1823; x_wconf 82' lang='lat' dir='ltr'><strong>regularem</strong></span> <span class='ocrx_word' id='word_1_188' title='bbox 944 1782 1137 1821; x_wconf 83' lang='lat' dir='ltr'><strong>emisissent,</strong></span> <span class='ocrx_word' id='word_1_189' title='bbox 1155 1783 1214 1815; x_wconf 88' lang='lat' dir='ltr'><strong>sub</strong></span> 
     </span>
     <span class='ocr_line' id='line_1_37' title="bbox 475 1833 1216 1876; baseline 0.004 -11"><span class='ocrx_word' id='word_1_190' title='bbox 475 1833 666 1876; x_wconf 84' lang='lat' dir='ltr'><strong>privationis</strong></span> <span class='ocrx_word' id='word_1_191' title='bbox 692 1844 824 1867; x_wconf 89' lang='lat' dir='ltr'><strong>suorum</strong></span> <span class='ocrx_word' id='word_1_192' title='bbox 851 1834 1033 1867; x_wconf 85' lang='lat' dir='ltr'><strong>officiorum</strong></span> <span class='ocrx_word' id='word_1_193' title='bbox 1051 1840 1082 1868; x_wconf 90' lang='lat' dir='ltr'><strong>et</strong></span> <span class='ocrx_word' id='word_1_194' title='bbox 1106 1846 1216 1868; x_wconf 89' lang='lat' dir='ltr'><strong>mnne-</strong></span> 
     </span>
     <span class='ocr_line' id='line_1_38' title="bbox 476 1887 1216 1932; baseline 0.005 -14"><span class='ocrx_word' id='word_1_195' title='bbox 476 1897 545 1919; x_wconf 90' lang='lat' dir='ltr'><strong>rum</strong></span> <span class='ocrx_word' id='word_1_196' title='bbox 568 1897 604 1919; x_wconf 88' lang='lat' dir='ltr'><strong>ac</strong></span> <span class='ocrx_word' id='word_1_197' title='bbox 629 1887 744 1920; x_wconf 89' lang='lat' dir='ltr'><strong>similis</strong></span> <span class='ocrx_word' id='word_1_198' title='bbox 771 1888 1115 1921; x_wconf 81' lang='lat' dir='ltr'><strong>excommunicationis</strong></span> <span class='ocrx_word' id='word_1_199' title='bbox 1139 1899 1216 1932; x_wconf 87' lang='lat' dir='ltr'><strong>poe-</strong></span> 
     </span>
     <span class='ocr_line' id='line_1_39' title="bbox 475 1939 1216 1985; baseline 0.004 -14"><span class='ocrx_word' id='word_1_200' title='bbox 475 1940 535 1979; x_wconf 91' lang='lat' dir='ltr'><strong>nis,</strong></span> <span class='ocrx_word' id='word_1_201' title='bbox 563 1939 629 1972; x_wconf 88' lang='lat' dir='ltr'><strong>suis</strong></span> <span class='ocrx_word' id='word_1_202' title='bbox 654 1940 890 1984; x_wconf 88' lang='lat' dir='ltr'><strong>superioribus,</strong></span> <span class='ocrx_word' id='word_1_203' title='bbox 913 1942 964 1974; x_wconf 89' lang='lat' dir='ltr'><strong>vel</strong></span> <span class='ocrx_word' id='word_1_204' title='bbox 990 1942 1029 1974; x_wconf 88' lang='lat' dir='ltr'><strong>ab</strong></span> <span class='ocrx_word' id='word_1_205' title='bbox 1048 1942 1094 1974; x_wconf 91' lang='lat' dir='ltr'><strong>eis</strong></span> <span class='ocrx_word' id='word_1_206' title='bbox 1116 1941 1216 1985; x_wconf 90' lang='lat' dir='ltr'><strong>depu-</strong></span> 
     </span>
     <span class='ocr_line' id='line_1_40' title="bbox 474 1993 1215 2038; baseline 0 -11"><span class='ocrx_word' id='word_1_207' title='bbox 474 1996 558 2034; x_wconf 87' lang='lat' dir='ltr'><strong>tatis,</strong></span> <span class='ocrx_word' id='word_1_208' title='bbox 577 1995 609 2028; x_wconf 91' lang='lat' dir='ltr'><strong>id</strong></span> <span class='ocrx_word' id='word_1_209' title='bbox 627 1993 869 2038; x_wconf 88' lang='lat' dir='ltr'><strong>requirentibus</strong></span> <span class='ocrx_word' id='word_1_210' title='bbox 888 1999 919 2027; x_wconf 90' lang='lat' dir='ltr'><strong>et</strong></span> <span class='ocrx_word' id='word_1_211' title='bbox 936 1994 1134 2038; x_wconf 90' lang='lat' dir='ltr'><strong>petentibus,</strong></span> <span class='ocrx_word' id='word_1_212' title='bbox 1152 2000 1215 2028; x_wconf 89' lang='lat' dir='ltr'><strong>sta-</strong></span> 
     </span>
     <span class='ocr_line' id='line_1_41' title="bbox 475 2046 1216 2090; baseline 0.001 -10"><span class='ocrx_word' id='word_1_213' title='bbox 475 2047 532 2080; x_wconf 89' lang='lat' dir='ltr'><strong>tim</strong></span> <span class='ocrx_word' id='word_1_214' title='bbox 552 2048 673 2090; x_wconf 89' lang='lat' dir='ltr'><strong>absque</strong></span> <span class='ocrx_word' id='word_1_215' title='bbox 698 2046 812 2080; x_wconf 86' lang='lat' dir='ltr'><strong>iudicis</strong></span> <span class='ocrx_word' id='word_1_216' title='bbox 829 2047 1010 2081; x_wconf 86' lang='lat' dir='ltr'><strong>ministerio</strong></span> <span class='ocrx_word' id='word_1_217' title='bbox 1037 2048 1165 2081; x_wconf 86' lang='lat' dir='ltr'><strong>tradere</strong></span> <span class='ocrx_word' id='word_1_218' title='bbox 1183 2052 1216 2081; x_wconf 89' lang='lat' dir='ltr'><strong>et</strong></span> 
     </span>
     <span class='ocr_line' id='line_1_42' title="bbox 476 2100 861 2143; baseline 0.003 -10"><span class='ocrx_word' id='word_1_219' title='bbox 476 2100 669 2143; x_wconf 85' lang='lat' dir='ltr'><strong>consignare</strong></span> <span class='ocrx_word' id='word_1_220' title='bbox 690 2101 861 2134; x_wconf 89' lang='lat' dir='ltr'><strong>deberent.</strong></span> 
     </span>
    </p>

    <p class='ocr_par' dir='ltr' id='par_1_7' title="bbox 519 2153 1216 2197">
     <span class='ocr_line' id='line_1_43' title="bbox 519 2153 1216 2197; baseline 0.003 -11"><span class='ocrx_word' id='word_1_221' title='bbox 519 2154 533 2197; x_wconf 76' lang='lat'>§</span> <span class='ocrx_word' id='word_1_222' title='bbox 559 2153 590 2186; x_wconf 70' lang='grc' dir='ltr'><strong>ΕΖ.</strong></span> <span class='ocrx_word' id='word_1_223' title='bbox 618 2154 662 2186; x_wconf 82' lang='lat' dir='ltr'><strong>Ac</strong></span> <span class='ocrx_word' id='word_1_224' title='bbox 686 2154 893 2197; x_wconf 89' lang='lat' dir='ltr'><strong>postmodum</strong></span> <span class='ocrx_word' id='word_1_225' title='bbox 928 2154 1124 2188; x_wconf 84' lang='lat' dir='ltr'><strong>recolendae</strong></span> <span class='ocrx_word' id='word_1_226' title='bbox 1150 2165 1216 2188; x_wconf 89' lang='lat' dir='ltr'><strong>me-</strong></span> 
     </span>
    </p>
   </div>
   <div class='ocr_carea' id='block_1_7' title="bbox 473 2414 1216 2672">
    <p class='ocr_par' dir='ltr' id='par_1_8' title="bbox 473 2414 1216 2457">
     <span class='ocr_line' id='line_1_44' title="bbox 473 2414 1216 2457; baseline 0.003 -11"><span class='ocrx_word' id='word_1_227' title='bbox 473 2415 532 2446; x_wconf 92' lang='lat' dir='ltr'><strong>bus</strong></span> <span class='ocrx_word' id='word_1_228' title='bbox 549 2420 623 2446; x_wconf 82' lang='lat' dir='ltr'><strong>tune</strong></span> <span class='ocrx_word' id='word_1_229' title='bbox 638 2414 806 2446; x_wconf 69' lang='lat' dir='ltr'><strong>existentis</strong></span> <span class='ocrx_word' id='word_1_230' title='bbox 819 2414 938 2457; x_wconf 89' lang='lat' dir='ltr'><strong>prioris</strong></span> <span class='ocrx_word' id='word_1_231' title='bbox 952 2415 1113 2457; x_wconf 84' lang='lat' dir='ltr'><strong>generalis</strong></span> <span class='ocrx_word' id='word_1_232' title='bbox 1129 2415 1216 2448; x_wconf 86' lang='lat' dir='ltr'><strong>eius-</strong></span> 
     </span>
    </p>

    <p class='ocr_par' dir='ltr' id='par_1_9' title="bbox 475 2466 1215 2502">
     <span class='ocr_line' id='line_1_45' title="bbox 475 2466 1215 2502; baseline 0.001 -3"><span class='ocrx_word' id='word_1_233' title='bbox 475 2468 546 2499; x_wconf 87' lang='lat' dir='ltr'><strong>dem</strong></span> <span class='ocrx_word' id='word_1_234' title='bbox 572 2466 700 2499; x_wconf 88' lang='lat' dir='ltr'><strong>Ordinis</strong></span> <span class='ocrx_word' id='word_1_235' title='bbox 736 2467 869 2500; x_wconf 90' lang='lat' dir='ltr'><strong>nomine</strong></span> <span class='ocrx_word' id='word_1_236' title='bbox 908 2467 1004 2500; x_wconf 88' lang='lat' dir='ltr'><strong>totius</strong></span> <span class='ocrx_word' id='word_1_237' title='bbox 1029 2467 1158 2501; x_wconf 91' lang='lat' dir='ltr'><strong>Ordinis</strong></span> <span class='ocrx_word' id='word_1_238' title='bbox 1185 2474 1215 2502; x_wconf 92' lang='lat' dir='ltr'><strong>et</strong></span> 
     </span>
    </p>

    <p class='ocr_par' dir='ltr' id='par_1_10' title="bbox 475 2519 1216 2563">
     <span class='ocr_line' id='line_1_46' title="bbox 475 2519 1216 2563; baseline 0.003 -11"><span class='ocrx_word' id='word_1_239' title='bbox 475 2519 740 2563; x_wconf 85' lang='lat' dir='ltr'><strong>Congregationis</strong></span> <span class='ocrx_word' id='word_1_240' title='bbox 755 2519 943 2553; x_wconf 87' lang='lat' dir='ltr'><strong>huiusmodi</strong></span> <span class='ocrx_word' id='word_1_241' title='bbox 960 2520 1127 2554; x_wconf 88' lang='lat' dir='ltr'><strong>humiliter</strong></span> <span class='ocrx_word' id='word_1_242' title='bbox 1144 2531 1216 2563; x_wconf 90' lang='lat' dir='ltr'><strong>por·</strong></span> 
     </span>
    </p>

    <p class='ocr_par' dir='ltr' id='par_1_11' title="bbox 476 2572 1214 2672">
     <span class='ocr_line' id='line_1_47' title="bbox 476 2572 1214 2618; baseline 0.001 -12"><span class='ocrx_word' id='word_1_243' title='bbox 476 2573 573 2607; x_wconf 86' lang='lat' dir='ltr'><strong>rectis</strong></span> <span class='ocrx_word' id='word_1_244' title='bbox 599 2573 786 2613; x_wconf 85' lang='lat' dir='ltr'><strong>inclinatus,</strong></span> <span class='ocrx_word' id='word_1_245' title='bbox 804 2572 969 2607; x_wconf 89' lang='lat' dir='ltr'><strong>interdixit</strong></span> <span class='ocrx_word' id='word_1_246' title='bbox 986 2578 1017 2607; x_wconf 89' lang='lat' dir='ltr'><strong>et</strong></span> <span class='ocrx_word' id='word_1_247' title='bbox 1034 2574 1214 2618; x_wconf 86' lang='lat' dir='ltr'><strong>prohibuit,</strong></span> 
     </span>
     <span class='ocr_line' id='line_1_48' title="bbox 509 2634 1123 2672; baseline 0.002 -9"><span class='ocrx_word' id='word_1_248' title='bbox 509 2635 522 2662; x_wconf 82' lang='lat'>1</span> <span class='ocrx_word' id='word_1_249' title='bbox 545 2634 618 2663; x_wconf 82' lang='lat' dir='ltr'><strong>Edit.</strong></span> <span class='ocrx_word' id='word_1_250' title='bbox 639 2634 721 2663; x_wconf 84' lang='lat' dir='ltr'><strong>Main.</strong></span> <span class='ocrx_word' id='word_1_251' title='bbox 742 2634 809 2671; x_wconf 83' lang='lat' dir='ltr'><strong>legit</strong></span> <span class='ocrx_word' id='word_1_252' title='bbox 827 2636 1004 2666; x_wconf 79' lang='lat' dir='ltr'><strong>correctione</strong></span> <span class='ocrx_word' id='word_1_253' title='bbox 1017 2636 1057 2672; x_wconf 76' lang='lat' dir='ltr'><strong>(n.</strong></span> <span class='ocrx_word' id='word_1_254' title='bbox 1074 2637 1123 2672; x_wconf 83' lang='lat' dir='ltr'><strong>T.).</strong></span> 
     </span>
    </p>
   </div>
   <div class='ocr_carea' id='block_1_8' title="bbox 1054 248 1419 274">
    <p class='ocr_par' dir='ltr' id='par_1_12' title="bbox 1054 248 1419 274">
     <span class='ocr_line' id='line_1_49' title="bbox 1054 248 1419 274; baseline 0 0"><span class='ocrx_word' id='word_1_255' title='bbox 1054 248 1237 274; x_wconf 72' lang='lat' dir='ltr'>BULLARIUM</span> <span class='ocrx_word' id='word_1_256' title='bbox 1261 248 1419 274; x_wconf 70' lang='lat' dir='ltr'>ROMANUM</span> 
     </span>
    </p>
   </div>
   <div class='ocr_carea' id='block_1_9' title="bbox 1255 298 2204 2410">
    <p class='ocr_par' dir='ltr' id='par_1_13' title="bbox 1255 298 1997 1655">
     <span class='ocr_line' id='line_1_50' title="bbox 1255 298 1992 335; baseline 0.005 -4"><span class='ocrx_word' id='word_1_257' title='bbox 1255 308 1296 332; x_wconf 90' lang='lat' dir='ltr'><strong>ne</strong></span> <span class='ocrx_word' id='word_1_258' title='bbox 1317 298 1357 332; x_wconf 90' lang='lat' dir='ltr'><strong>de</strong></span> <span class='ocrx_word' id='word_1_259' title='bbox 1383 303 1492 333; x_wconf 86' lang='lat' dir='ltr'><strong>cetero</strong></span> <span class='ocrx_word' id='word_1_260' title='bbox 1525 300 1609 333; x_wconf 90' lang='lat' dir='ltr'><strong>ullus</strong></span> <span class='ocrx_word' id='word_1_261' title='bbox 1642 300 1830 335; x_wconf 88' lang='lat' dir='ltr'><strong>eorumdem</strong></span> <span class='ocrx_word' id='word_1_262' title='bbox 1862 301 1992 335; x_wconf 90' lang='lat' dir='ltr'><strong>Ordinis</strong></span> 
     </span>
     <span class='ocr_line' id='line_1_51' title="bbox 1255 351 1992 397; baseline 0.005 -13"><span class='ocrx_word' id='word_1_263' title='bbox 1255 356 1287 384; x_wconf 90' lang='lat' dir='ltr'><strong>et</strong></span> <span class='ocrx_word' id='word_1_264' title='bbox 1317 351 1586 395; x_wconf 79' lang='lat' dir='ltr'><strong>CongregationIS</strong></span> <span class='ocrx_word' id='word_1_265' title='bbox 1622 353 1788 396; x_wconf 88' lang='lat' dir='ltr'><strong>professor</strong></span> <span class='ocrx_word' id='word_1_266' title='bbox 1820 354 1928 397; x_wconf 87' lang='lat' dir='ltr'><strong>quavis</strong></span> <span class='ocrx_word' id='word_1_267' title='bbox 1954 364 1992 388; x_wconf 88' lang='lat' dir='ltr'><strong>ex</strong></span> 
     </span>
     <span class='ocr_line' id='line_1_52' title="bbox 1255 404 1992 449; baseline 0.004 -13"><span class='ocrx_word' id='word_1_268' title='bbox 1255 405 1352 437; x_wconf 77' lang='lat' dir='ltr'><strong>causa</strong></span> <span class='ocrx_word' id='word_1_269' title='bbox 1376 404 1473 437; x_wconf 86' lang='lat' dir='ltr'><strong>etiam</strong></span> <span class='ocrx_word' id='word_1_270' title='bbox 1490 405 1694 447; x_wconf 87' lang='lat' dir='ltr'><strong>quantumvis</strong></span> <span class='ocrx_word' id='word_1_271' title='bbox 1718 405 1911 446; x_wconf 86' lang='lat' dir='ltr'><strong>rationabili,</strong></span> <span class='ocrx_word' id='word_1_272' title='bbox 1929 406 1992 449; x_wconf 90' lang='lat' dir='ltr'><strong>pri-</strong></span> 
     </span>
     <span class='ocr_line' id='line_1_53' title="bbox 1256 456 1992 502; baseline 0.005 -14"><span class='ocrx_word' id='word_1_273' title='bbox 1256 456 1405 499; x_wconf 78' lang='lat' dir='ltr'><strong>vilegiata</strong></span> <span class='ocrx_word' id='word_1_274' title='bbox 1429 462 1462 489; x_wconf 92' lang='lat' dir='ltr'><strong>et</strong></span> <span class='ocrx_word' id='word_1_275' title='bbox 1485 457 1585 497; x_wconf 81' lang='lat' dir='ltr'><strong>iusta,</strong></span> <span class='ocrx_word' id='word_1_276' title='bbox 1611 457 1677 491; x_wconf 89' lang='lat' dir='ltr'><strong>sive</strong></span> <span class='ocrx_word' id='word_1_277' title='bbox 1702 458 1761 490; x_wconf 90' lang='lat' dir='ltr'><strong>sub</strong></span> <span class='ocrx_word' id='word_1_278' title='bbox 1787 468 1992 502; x_wconf 85' lang='lat' dir='ltr'><strong>quocumque</strong></span> 
     </span>
     <span class='ocr_line' id='line_1_54' title="bbox 1255 509 1994 555; baseline 0.004 -14"><span class='ocrx_word' id='word_1_279' title='bbox 1255 514 1440 552; x_wconf 78' lang='lat' dir='ltr'><strong>praetextu,</strong></span> <span class='ocrx_word' id='word_1_280' title='bbox 1456 509 1494 542; x_wconf 87' lang='lat' dir='ltr'><strong>ad</strong></span> <span class='ocrx_word' id='word_1_281' title='bbox 1516 510 1696 543; x_wconf 85' lang='lat' dir='ltr'><strong>Romanam</strong></span> <span class='ocrx_word' id='word_1_282' title='bbox 1713 510 1851 550; x_wconf 85' lang='lat' dir='ltr'><strong>Curiam,</strong></span> <span class='ocrx_word' id='word_1_283' title='bbox 1873 511 1994 555; x_wconf 87' lang='lat' dir='ltr'><strong>absque</strong></span> 
     </span>
     <span class='ocr_line' id='line_1_55' title="bbox 1256 563 1993 605; baseline 0.004 -11"><span class='ocrx_word' id='word_1_284' title='bbox 1256 564 1410 605; x_wconf 78' lang='lat' dir='ltr'><strong>expressa</strong></span> <span class='ocrx_word' id='word_1_285' title='bbox 1427 564 1484 595; x_wconf 80' lang='lat' dir='ltr'><strong>sua</strong></span> <span class='ocrx_word' id='word_1_286' title='bbox 1502 568 1533 595; x_wconf 87' lang='lat' dir='ltr'><strong>et</strong></span> <span class='ocrx_word' id='word_1_287' title='bbox 1551 563 1646 596; x_wconf 85' lang='lat' dir='ltr'><strong>huius</strong></span> <span class='ocrx_word' id='word_1_288' title='bbox 1662 563 1796 596; x_wconf 83' lang='lat' dir='ltr'><strong>Sanctae</strong></span> <span class='ocrx_word' id='word_1_289' title='bbox 1813 564 1916 604; x_wconf 89' lang='lat' dir='ltr'><strong>Sedis,</strong></span> <span class='ocrx_word' id='word_1_290' title='bbox 1936 575 1993 597; x_wconf 89' lang='lat' dir='ltr'><strong>seu</strong></span> 
     </span>
     <span class='ocr_line' id='line_1_56' title="bbox 1256 614 1994 659; baseline 0.004 -12"><span class='ocrx_word' id='word_1_291' title='bbox 1256 615 1365 648; x_wconf 90' lang='lat' dir='ltr'><strong>dilecti</strong></span> <span class='ocrx_word' id='word_1_292' title='bbox 1398 614 1455 647; x_wconf 84' lang='lat' dir='ltr'><strong>filii</strong></span> <span class='ocrx_word' id='word_1_293' title='bbox 1482 615 1658 659; x_wconf 87' lang='lat' dir='ltr'><strong>praepositi</strong></span> <span class='ocrx_word' id='word_1_294' title='bbox 1684 621 1738 648; x_wconf 87' lang='lat' dir='ltr'><strong>aut</strong></span> <span class='ocrx_word' id='word_1_295' title='bbox 1760 616 1869 649; x_wconf 88' lang='lat' dir='ltr'><strong>vicarii</strong></span> <span class='ocrx_word' id='word_1_296' title='bbox 1895 627 1994 659; x_wconf 88' lang='lat' dir='ltr'><strong>gene-</strong></span> 
     </span>
     <span class='ocr_line' id='line_1_57' title="bbox 1255 667 1995 711; baseline 0.004 -12"><span class='ocrx_word' id='word_1_297' title='bbox 1255 667 1332 700; x_wconf 87' lang='lat' dir='ltr'><strong>ralis</strong></span> <span class='ocrx_word' id='word_1_298' title='bbox 1357 667 1483 700; x_wconf 90' lang='lat' dir='ltr'><strong>Ordinis</strong></span> <span class='ocrx_word' id='word_1_299' title='bbox 1518 673 1549 701; x_wconf 89' lang='lat' dir='ltr'><strong>et</strong></span> <span class='ocrx_word' id='word_1_300' title='bbox 1584 667 1852 711; x_wconf 86' lang='lat' dir='ltr'><strong>Congregationis</strong></span> <span class='ocrx_word' id='word_1_301' title='bbox 1882 669 1995 703; x_wconf 90' lang='lat' dir='ltr'><strong>huius-</strong></span> 
     </span>
     <span class='ocr_line' id='line_1_58' title="bbox 1255 720 1993 764; baseline 0.004 -11"><span class='ocrx_word' id='word_1_302' title='bbox 1255 720 1341 753; x_wconf 89' lang='lat' dir='ltr'><strong>modi</strong></span> <span class='ocrx_word' id='word_1_303' title='bbox 1359 731 1418 764; x_wconf 92' lang='lat' dir='ltr'><strong>pro</strong></span> <span class='ocrx_word' id='word_1_304' title='bbox 1437 726 1582 764; x_wconf 86' lang='lat' dir='ltr'><strong>tempore</strong></span> <span class='ocrx_word' id='word_1_305' title='bbox 1597 721 1764 754; x_wconf 84' lang='lat' dir='ltr'><strong>existentis</strong></span> <span class='ocrx_word' id='word_1_306' title='bbox 1780 721 1922 763; x_wconf 79' lang='lat' dir='ltr'><strong>licentia,</strong></span> <span class='ocrx_word' id='word_1_307' title='bbox 1934 724 1993 756; x_wconf 91' lang='lat' dir='ltr'><strong>suh</strong></span> 
     </span>
     <span class='ocr_line' id='line_1_59' title="bbox 1256 773 1995 819; baseline 0.001 -11"><span class='ocrx_word' id='word_1_308' title='bbox 1256 776 1363 817; x_wconf 76' lang='lat' dir='ltr'><strong>poena</strong></span> <span class='ocrx_word' id='word_1_309' title='bbox 1388 774 1527 807; x_wconf 86' lang='lat' dir='ltr'><strong>carceris</strong></span> <span class='ocrx_word' id='word_1_310' title='bbox 1544 773 1680 807; x_wconf 89' lang='lat' dir='ltr'><strong>arbitrio</strong></span> <span class='ocrx_word' id='word_1_311' title='bbox 1698 774 1840 808; x_wconf 90' lang='lat' dir='ltr'><strong>eiusdem</strong></span> <span class='ocrx_word' id='word_1_312' title='bbox 1857 786 1995 819; x_wconf 88' lang='lat' dir='ltr'><strong>praepo-</strong></span> 
     </span>
     <span class='ocr_line' id='line_1_60' title="bbox 1256 827 1995 870; baseline 0.004 -11"><span class='ocrx_word' id='word_1_313' title='bbox 1256 827 1307 860; x_wconf 90' lang='lat' dir='ltr'><strong>siti</strong></span> <span class='ocrx_word' id='word_1_314' title='bbox 1333 827 1498 867; x_wconf 76' lang='lat' dir='ltr'><strong>duratura‚</strong></span> <span class='ocrx_word' id='word_1_315' title='bbox 1524 838 1561 860; x_wconf 86' lang='lat' dir='ltr'><strong>ac</strong></span> <span class='ocrx_word' id='word_1_316' title='bbox 1585 827 1779 870; x_wconf 85' lang='lat' dir='ltr'><strong>privationis</strong></span> <span class='ocrx_word' id='word_1_317' title='bbox 1804 828 1890 861; x_wconf 92' lang='lat' dir='ltr'><strong>vocis</strong></span> <span class='ocrx_word' id='word_1_318' title='bbox 1915 829 1995 862; x_wconf 90' lang='lat' dir='ltr'><strong>acti-</strong></span> 
     </span>
     <span class='ocr_line' id='line_1_61' title="bbox 1257 879 1994 923; baseline 0.004 -11"><span class='ocrx_word' id='word_1_319' title='bbox 1257 890 1313 912; x_wconf 89' lang='lat' dir='ltr'><strong>vae</strong></span> <span class='ocrx_word' id='word_1_320' title='bbox 1327 885 1358 912; x_wconf 91' lang='lat' dir='ltr'><strong>et</strong></span> <span class='ocrx_word' id='word_1_321' title='bbox 1370 880 1514 923; x_wconf 80' lang='lat' dir='ltr'><strong>passivae</strong></span> <span class='ocrx_word' id='word_1_322' title='bbox 1529 890 1587 923; x_wconf 89' lang='lat' dir='ltr'><strong>per</strong></span> <span class='ocrx_word' id='word_1_323' title='bbox 1603 880 1770 913; x_wconf 88' lang='lat' dir='ltr'><strong>biennium</strong></span> <span class='ocrx_word' id='word_1_324' title='bbox 1788 879 1835 914; x_wconf 74' lang='lat' dir='ltr'><strong>ac¹</strong></span> <span class='ocrx_word' id='word_1_325' title='bbox 1850 881 1994 915; x_wconf 88' lang='lat' dir='ltr'><strong>omniurn</strong></span> 
     </span>
     <span class='ocr_line' id='line_1_62' title="bbox 1257 933 1994 977; baseline 0.004 -11"><span class='ocrx_word' id='word_1_326' title='bbox 1257 933 1440 967; x_wconf 79' lang='lat' dir='ltr'><strong>officiorum</strong></span> <span class='ocrx_word' id='word_1_327' title='bbox 1465 945 1524 977; x_wconf 88' lang='lat' dir='ltr'><strong>per</strong></span> <span class='ocrx_word' id='word_1_328' title='bbox 1548 945 1604 967; x_wconf 89' lang='lat' dir='ltr'><strong>eos</strong></span> <span class='ocrx_word' id='word_1_329' title='bbox 1626 935 1849 976; x_wconf 87' lang='lat' dir='ltr'><strong>obtentorum,</strong></span> <span class='ocrx_word' id='word_1_330' title='bbox 1864 946 1994 969; x_wconf 88' lang='lat' dir='ltr'><strong>necnon</strong></span> 
     </span>
     <span class='ocr_line' id='line_1_63' title="bbox 1257 986 1993 1022; baseline 0.004 -3"><span class='ocrx_word' id='word_1_331' title='bbox 1257 986 1471 1019; x_wconf 85' lang='lat' dir='ltr'><strong>inhabilitatis</strong></span> <span class='ocrx_word' id='word_1_332' title='bbox 1493 987 1533 1020; x_wconf 90' lang='lat' dir='ltr'><strong>ad</strong></span> <span class='ocrx_word' id='word_1_333' title='bbox 1558 987 1614 1020; x_wconf 84' lang='lat' dir='ltr'><strong>illa</strong></span> <span class='ocrx_word' id='word_1_334' title='bbox 1638 997 1694 1020; x_wconf 87' lang='lat' dir='ltr'><strong>seu</strong></span> <span class='ocrx_word' id='word_1_335' title='bbox 1711 988 1774 1020; x_wconf 87' lang='lat' dir='ltr'><strong>alia</strong></span> <span class='ocrx_word' id='word_1_336' title='bbox 1793 988 1826 1021; x_wconf 90' lang='lat' dir='ltr'><strong>in</strong></span> <span class='ocrx_word' id='word_1_337' title='bbox 1852 988 1993 1022; x_wconf 88' lang='lat' dir='ltr'><strong>futurum</strong></span> 
     </span>
     <span class='ocr_line' id='line_1_64' title="bbox 1257 1039 1994 1086; baseline 0.004 -13"><span class='ocrx_word' id='word_1_338' title='bbox 1257 1039 1436 1073; x_wconf 87' lang='lat' dir='ltr'><strong>obtinenda</strong></span> <span class='ocrx_word' id='word_1_339' title='bbox 1460 1050 1520 1083; x_wconf 88' lang='lat' dir='ltr'><strong>per</strong></span> <span class='ocrx_word' id='word_1_340' title='bbox 1556 1040 1825 1074; x_wconf 86' lang='lat' dir='ltr'><strong>contrafacientes</strong></span> <span class='ocrx_word' id='word_1_341' title='bbox 1857 1052 1896 1075; x_wconf 92' lang='lat' dir='ltr'><strong>eo</strong></span> <span class='ocrx_word' id='word_1_342' title='bbox 1921 1042 1994 1086; x_wconf 90' lang='lat' dir='ltr'><strong>ipso</strong></span> 
     </span>
     <span class='ocr_line' id='line_1_65' title="bbox 1257 1092 1995 1136; baseline 0.004 -11"><span class='ocrx_word' id='word_1_343' title='bbox 1257 1092 1465 1126; x_wconf 87' lang='lat' dir='ltr'><strong>incurrendis</strong></span> <span class='ocrx_word' id='word_1_344' title='bbox 1483 1093 1611 1136; x_wconf 87' lang='lat' dir='ltr'><strong>poenis,</strong></span> <span class='ocrx_word' id='word_1_345' title='bbox 1628 1093 1739 1126; x_wconf 89' lang='lat' dir='ltr'><strong>venire</strong></span> <span class='ocrx_word' id='word_1_346' title='bbox 1760 1104 1817 1127; x_wconf 91' lang='lat' dir='ltr'><strong>seu</strong></span> <span class='ocrx_word' id='word_1_347' title='bbox 1841 1096 1995 1128; x_wconf 87' lang='lat' dir='ltr'><strong>accedere</strong></span> 
     </span>
     <span class='ocr_line' id='line_1_66' title="bbox 1257 1146 1995 1191; baseline 0.003 -13"><span class='ocrx_word' id='word_1_348' title='bbox 1257 1146 1390 1178; x_wconf 85' lang='lat' dir='ltr'><strong>auderet</strong></span> <span class='ocrx_word' id='word_1_349' title='bbox 1414 1155 1471 1178; x_wconf 86' lang='lat' dir='ltr'><strong>seu</strong></span> <span class='ocrx_word' id='word_1_350' title='bbox 1497 1151 1742 1188; x_wconf 88' lang='lat' dir='ltr'><strong>praesumeret;</strong></span> <span class='ocrx_word' id='word_1_351' title='bbox 1768 1146 1995 1191; x_wconf 85' lang='lat' dir='ltr'><strong>mandavitque</strong></span> 
     </span>
     <span class='ocr_line' id='line_1_67' title="bbox 1257 1198 1996 1244; baseline 0.004 -14"><span class='ocrx_word' id='word_1_352' title='bbox 1257 1198 1288 1230; x_wconf 91' lang='lat' dir='ltr'><strong>in</strong></span> <span class='ocrx_word' id='word_1_353' title='bbox 1316 1198 1432 1231; x_wconf 86' lang='lat' dir='ltr'><strong>virtute</strong></span> <span class='ocrx_word' id='word_1_354' title='bbox 1462 1203 1594 1232; x_wconf 87' lang='lat' dir='ltr'><strong>sanctae</strong></span> <span class='ocrx_word' id='word_1_355' title='bbox 1624 1199 1832 1232; x_wconf 87' lang='lat' dir='ltr'><strong>obedientiae</strong></span> <span class='ocrx_word' id='word_1_356' title='bbox 1855 1210 1996 1244; x_wconf 88' lang='lat' dir='ltr'><strong>praepo-</strong></span> 
     </span>
     <span class='ocr_line' id='line_1_68' title="bbox 1256 1251 1995 1295; baseline 0.003 -12"><span class='ocrx_word' id='word_1_357' title='bbox 1256 1251 1316 1283; x_wconf 86' lang='lat' dir='ltr'><strong>sito</strong></span> <span class='ocrx_word' id='word_1_358' title='bbox 1343 1261 1399 1283; x_wconf 92' lang='lat' dir='ltr'><strong>seu</strong></span> <span class='ocrx_word' id='word_1_359' title='bbox 1424 1251 1544 1284; x_wconf 85' lang='lat' dir='ltr'><strong>vicario</strong></span> <span class='ocrx_word' id='word_1_360' title='bbox 1571 1251 1715 1294; x_wconf 83' lang='lat' dir='ltr'><strong>generali</strong></span> <span class='ocrx_word' id='word_1_361' title='bbox 1740 1251 1921 1295; x_wconf 86' lang='lat' dir='ltr'><strong>praedicto,</strong></span> <span class='ocrx_word' id='word_1_362' title='bbox 1941 1258 1995 1286; x_wconf 87' lang='lat' dir='ltr'><strong>aut</strong></span> 
     </span>
     <span class='ocr_line' id='line_1_69' title="bbox 1255 1303 1995 1348; baseline 0.005 -13"><span class='ocrx_word' id='word_1_363' title='bbox 1255 1303 1462 1347; x_wconf 87' lang='lat' dir='ltr'><strong>procuratori</strong></span> <span class='ocrx_word' id='word_1_364' title='bbox 1498 1304 1643 1347; x_wconf 86' lang='lat' dir='ltr'><strong>generali</strong></span> <span class='ocrx_word' id='word_1_365' title='bbox 1669 1304 1939 1348; x_wconf 82' lang='lat' dir='ltr'><strong>Congregationis</strong></span> <span class='ocrx_word' id='word_1_366' title='bbox 1963 1312 1995 1340; x_wconf 88' lang='lat' dir='ltr'><strong>et</strong></span> 
     </span>
     <span class='ocr_line' id='line_1_70' title="bbox 1255 1356 1995 1403; baseline 0.008 -15"><span class='ocrx_word' id='word_1_367' title='bbox 1255 1356 1385 1389; x_wconf 90' lang='lat' dir='ltr'><strong>Ordinis</strong></span> <span class='ocrx_word' id='word_1_368' title='bbox 1403 1357 1659 1400; x_wconf 84' lang='lat' dir='ltr'><strong>praedictorum,</strong></span> <span class='ocrx_word' id='word_1_369' title='bbox 1672 1357 1776 1401; x_wconf 90' lang='lat' dir='ltr'><strong>utipsi</strong></span> <span class='ocrx_word' id='word_1_370' title='bbox 1792 1357 1909 1391; x_wconf 88' lang='lat' dir='ltr'><strong>dictam</strong></span> <span class='ocrx_word' id='word_1_371' title='bbox 1924 1370 1995 1403; x_wconf 87' lang='lat' dir='ltr'><strong>pro-</strong></span> 
     </span>
     <span class='ocr_line' id='line_1_71' title="bbox 1256 1410 1995 1447; baseline 0.007 -5"><span class='ocrx_word' id='word_1_372' title='bbox 1256 1410 1450 1443; x_wconf 87' lang='lat' dir='ltr'><strong>hibitionem</strong></span> <span class='ocrx_word' id='word_1_373' title='bbox 1475 1410 1506 1442; x_wconf 91' lang='lat' dir='ltr'><strong>in</strong></span> <span class='ocrx_word' id='word_1_374' title='bbox 1529 1410 1678 1444; x_wconf 87' lang='lat' dir='ltr'><strong>omnibus</strong></span> <span class='ocrx_word' id='word_1_375' title='bbox 1697 1411 1889 1445; x_wconf 85' lang='lat' dir='ltr'><strong>eorumdem</strong></span> <span class='ocrx_word' id='word_1_376' title='bbox 1906 1412 1995 1447; x_wconf 91' lang='lat' dir='ltr'><strong>Ordi-</strong></span> 
     </span>
     <span class='ocr_line' id='line_1_72' title="bbox 1256 1463 1997 1507; baseline 0.005 -12"><span class='ocrx_word' id='word_1_377' title='bbox 1256 1464 1304 1495; x_wconf 85' lang='lat' dir='ltr'><strong>nis</strong></span> <span class='ocrx_word' id='word_1_378' title='bbox 1330 1468 1363 1496; x_wconf 88' lang='lat' dir='ltr'><strong>et</strong></span> <span class='ocrx_word' id='word_1_379' title='bbox 1384 1463 1653 1506; x_wconf 80' lang='lat' dir='ltr'><strong>Congregationis</strong></span> <span class='ocrx_word' id='word_1_380' title='bbox 1679 1463 1852 1507; x_wconf 85' lang='lat' dir='ltr'><strong>provinciis</strong></span> <span class='ocrx_word' id='word_1_381' title='bbox 1877 1470 1909 1498; x_wconf 89' lang='lat' dir='ltr'><strong>et</strong></span> <span class='ocrx_word' id='word_1_382' title='bbox 1933 1466 1997 1500; x_wconf 91' lang='lat' dir='ltr'><strong>sin-</strong></span> 
     </span>
     <span class='ocr_line' id='line_1_73' title="bbox 1257 1516 1994 1559; baseline 0.007 -11"><span class='ocrx_word' id='word_1_383' title='bbox 1257 1516 1340 1559; x_wconf 81' lang='lat' dir='ltr'><strong>gulis</strong></span> <span class='ocrx_word' id='word_1_384' title='bbox 1365 1516 1494 1549; x_wconf 89' lang='lat' dir='ltr'><strong>illarum</strong></span> <span class='ocrx_word' id='word_1_385' title='bbox 1520 1516 1672 1549; x_wconf 87' lang='lat' dir='ltr'><strong>domibus</strong></span> <span class='ocrx_word' id='word_1_386' title='bbox 1692 1521 1723 1549; x_wconf 90' lang='lat' dir='ltr'><strong>et</strong></span> <span class='ocrx_word' id='word_1_387' title='bbox 1740 1517 1812 1550; x_wconf 88' lang='lat' dir='ltr'><strong>aliis</strong></span> <span class='ocrx_word' id='word_1_388' title='bbox 1837 1518 1918 1552; x_wconf 89' lang='lat' dir='ltr'><strong>locis</strong></span> <span class='ocrx_word' id='word_1_389' title='bbox 1943 1529 1994 1553; x_wconf 86' lang='lat' dir='ltr'><strong>re-</strong></span> 
     </span>
     <span class='ocr_line' id='line_1_74' title="bbox 1257 1569 1995 1613; baseline 0.008 -12"><span class='ocrx_word' id='word_1_390' title='bbox 1257 1569 1424 1611; x_wconf 79' lang='lat' dir='ltr'><strong>gularibus</strong></span> <span class='ocrx_word' id='word_1_391' title='bbox 1447 1569 1656 1612; x_wconf 86' lang='lat' dir='ltr'><strong>publicarent</strong></span> <span class='ocrx_word' id='word_1_392' title='bbox 1680 1574 1712 1603; x_wconf 91' lang='lat' dir='ltr'><strong>et</strong></span> <span class='ocrx_word' id='word_1_393' title='bbox 1735 1570 1894 1613; x_wconf 88' lang='lat' dir='ltr'><strong>publicari</strong></span> <span class='ocrx_word' id='word_1_394' title='bbox 1912 1572 1995 1607; x_wconf 85' lang='lat' dir='ltr'><strong>face-</strong></span> 
     </span>
     <span class='ocr_line' id='line_1_75' title="bbox 1258 1628 1341 1655; baseline -0.012 0"><span class='ocrx_word' id='word_1_395' title='bbox 1258 1628 1341 1655; x_wconf 90' lang='lat' dir='ltr'><strong>rent.</strong></span> 
     </span>
    </p>

    <p class='ocr_par' dir='ltr' id='par_1_14' title="bbox 1257 1674 2204 2410">
     <span class='ocr_line' id='line_1_76' title="bbox 1300 1674 2184 1719; baseline 0.006 -13"><span class='ocrx_word' id='word_1_396' title='bbox 1300 1675 1315 1717; x_wconf 61' lang='grc' dir='ltr'><strong>ἓ</strong></span> <span class='ocrx_word' id='word_1_397' title='bbox 1338 1674 1368 1707; x_wconf 81' lang='lat'><strong>3.</strong></span> <span class='ocrx_word' id='word_1_398' title='bbox 1395 1674 1481 1707; x_wconf 76' lang='lat' dir='ltr'><strong>Alias</strong></span> <span class='ocrx_word' id='word_1_399' title='bbox 1505 1674 1599 1708; x_wconf 91' lang='lat' dir='ltr'><strong>nobis</strong></span> <span class='ocrx_word' id='word_1_400' title='bbox 1628 1685 1689 1718; x_wconf 90' lang='lat' dir='ltr'><strong>pro</strong></span> <span class='ocrx_word' id='word_1_401' title='bbox 1715 1681 1808 1719; x_wconf 86' lang='lat' dir='ltr'><strong>parte</strong></span> <span class='ocrx_word' id='word_1_402' title='bbox 1831 1680 1905 1709; x_wconf 92' lang='lat' dir='ltr'><strong>tunc</strong></span> <span class='ocrx_word' id='word_1_403' title='bbox 1929 1677 1997 1710; x_wconf 90' lang='lat' dir='ltr'><strong>exi·</strong></span> <span class='ocrx_word' id='word_1_404' title='bbox 2040 1687 2184 1718; x_wconf 55' lang='lat' dir='ltr'><strong>summram</strong></span> 
     </span>
     <span class='ocr_line' id='line_1_77' title="bbox 1257 1713 2200 1777; baseline 0.004 -17"><span class='ocrx_word' id='word_1_405' title='bbox 1257 1728 1407 1761; x_wconf 89' lang='lat' dir='ltr'><strong>stentium</strong></span> <span class='ocrx_word' id='word_1_406' title='bbox 1433 1728 1614 1771; x_wconf 88' lang='lat' dir='ltr'><strong>praepositi</strong></span> <span class='ocrx_word' id='word_1_407' title='bbox 1640 1729 1804 1771; x_wconf 83' lang='lat' dir='ltr'><strong>generalis</strong></span> <span class='ocrx_word' id='word_1_408' title='bbox 1838 1713 2200 1777; x_wconf 54' lang='lat' dir='ltr'><strong>aliorum-fifflssl&#39;c&#39;sstl&#39;ssii</strong></span> 
     </span>
     <span class='ocr_line' id='line_1_78' title="bbox 1258 1767 2203 1826; baseline 0.003 -13"><span class='ocrx_word' id='word_1_409' title='bbox 1258 1791 1321 1824; x_wconf 88' lang='lat' dir='ltr'><strong>que</strong></span> <span class='ocrx_word' id='word_1_410' title='bbox 1354 1780 1559 1823; x_wconf 89' lang='lat' dir='ltr'><strong>superiorum</strong></span> <span class='ocrx_word' id='word_1_411' title='bbox 1590 1781 1718 1815; x_wconf 90' lang='lat' dir='ltr'><strong>Ordinis</strong></span> <span class='ocrx_word' id='word_1_412' title='bbox 1752 1787 1783 1815; x_wconf 88' lang='lat' dir='ltr'><strong>et</strong></span> <span class='ocrx_word' id='word_1_413' title='bbox 1814 1767 2203 1826; x_wconf 51' lang='lat' dir='ltr'><strong>Congrege-iiii’q‘iiss‘iii&#39;ri&#39;&#39;ar22³¹</strong></span> 
     </span>
     <span class='ocr_line' id='line_1_79' title="bbox 1259 1820 2204 1879; baseline 0.004 -14"><span class='ocrx_word' id='word_1_414' title='bbox 1259 1833 1356 1866; x_wconf 89' lang='lat' dir='ltr'><strong>tionis</strong></span> <span class='ocrx_word' id='word_1_415' title='bbox 1387 1833 1572 1867; x_wconf 90' lang='lat' dir='ltr'><strong>huiusmodi</strong></span> <span class='ocrx_word' id='word_1_416' title='bbox 1606 1834 1755 1878; x_wconf 85' lang='lat' dir='ltr'><strong>exposito</strong></span> <span class='ocrx_word' id='word_1_417' title='bbox 1772 1862 1780 1876; x_wconf 89' lang='lat'><strong>,</strong></span> <span class='ocrx_word' id='word_1_418' title='bbox 1807 1836 1892 1879; x_wconf 88' lang='lat' dir='ltr'><strong>quod</strong></span> <span class='ocrx_word' id='word_1_419' title='bbox 1925 1820 2204 1877; x_wconf 52' lang='lat' dir='ltr'><strong>cumiiffi&#39;iweffi‘iiffi,</strong></span> 
     </span>
     <span class='ocr_line' id='line_1_80' title="bbox 1258 1873 2204 1929; baseline 0.003 -11"><span class='ocrx_word' id='word_1_420' title='bbox 1258 1886 1319 1929; x_wconf 90' lang='lat' dir='ltr'><strong>ipsi</strong></span> <span class='ocrx_word' id='word_1_421' title='bbox 1338 1897 1372 1919; x_wconf 91' lang='lat' dir='ltr'><strong>se</strong></span> <span class='ocrx_word' id='word_1_422' title='bbox 1398 1886 1574 1920; x_wconf 87' lang='lat' dir='ltr'><strong>obstrictos</strong></span> <span class='ocrx_word' id='word_1_423' title='bbox 1600 1887 1750 1920; x_wconf 85' lang='lat' dir='ltr'><strong>viderent</strong></span> <span class='ocrx_word' id='word_1_424' title='bbox 1766 1888 1806 1920; x_wconf 88' lang='lat' dir='ltr'><strong>ad</strong></span> <span class='ocrx_word' id='word_1_425' title='bbox 1831 1887 1994 1922; x_wconf 87' lang='lat' dir='ltr'><strong>licentiam</strong></span> <span class='ocrx_word' id='word_1_426' title='bbox 2005 1873 2204 1929; x_wconf 44' lang='lat' dir='ltr'><strong>millium?</strong></span> 
     </span>
     <span class='ocr_line' id='line_1_81' title="bbox 1257 1926 2204 1983; baseline 0.002 -10"><span class='ocrx_word' id='word_1_427' title='bbox 1257 1950 1316 1983; x_wconf 87' lang='lat' dir='ltr'><strong>pro</strong></span> <span class='ocrx_word' id='word_1_428' title='bbox 1343 1940 1493 1972; x_wconf 78' lang='lat' dir='ltr'><strong>adeunda</strong></span> <span class='ocrx_word' id='word_1_429' title='bbox 1521 1940 1688 1983; x_wconf 77' lang='lat' dir='ltr'><strong>praedicta</strong></span> <span class='ocrx_word' id='word_1_430' title='bbox 1724 1940 1868 1974; x_wconf 76' lang='lat' dir='ltr'><strong>Romana</strong></span> <span class='ocrx_word' id='word_1_431' title='bbox 1903 1926 2172 1975; x_wconf 65' lang='lat' dir='ltr'><strong>Citria&#39;¹u⁰b¹¹⁰⁰⁰⁰⁰‘</strong></span> <span class='ocrx_word' id='word_1_432' title='bbox 2201 1949 2204 1970; x_wconf 71' lang='grc' dir='ltr'><strong>ῑ</strong></span> 
     </span>
     <span class='ocr_line' id='line_1_82' title="bbox 1258 1992 1997 2037; baseline 0.004 -12"><span class='ocrx_word' id='word_1_433' title='bbox 1258 1993 1298 2026; x_wconf 90' lang='lat' dir='ltr'><strong>ob</strong></span> <span class='ocrx_word' id='word_1_434' title='bbox 1323 1993 1529 2037; x_wconf 88' lang='lat' dir='ltr'><strong>importunas</strong></span> <span class='ocrx_word' id='word_1_435' title='bbox 1555 1992 1727 2027; x_wconf 89' lang='lat' dir='ltr'><strong>instantias</strong></span> <span class='ocrx_word' id='word_1_436' title='bbox 1753 1994 1997 2028; x_wconf 87' lang='lat' dir='ltr'><strong>concedendam</strong></span> 
     </span>
     <span class='ocr_line' id='line_1_83' title="bbox 1259 2045 1999 2090; baseline 0.003 -12"><span class='ocrx_word' id='word_1_437' title='bbox 1259 2045 1406 2088; x_wconf 91' lang='lat' dir='ltr'><strong>pluribus</strong></span> <span class='ocrx_word' id='word_1_438' title='bbox 1430 2045 1559 2079; x_wconf 88' lang='lat' dir='ltr'><strong>Ordinis</strong></span> <span class='ocrx_word' id='word_1_439' title='bbox 1592 2051 1623 2079; x_wconf 87' lang='lat' dir='ltr'><strong>et</strong></span> <span class='ocrx_word' id='word_1_440' title='bbox 1647 2045 1914 2090; x_wconf 79' lang='lat' dir='ltr'><strong>Congregationis</strong></span> <span class='ocrx_word' id='word_1_441' title='bbox 1939 2047 1999 2080; x_wconf 90' lang='lat' dir='ltr'><strong>hu-</strong></span> 
     </span>
     <span class='ocr_line' id='line_1_84' title="bbox 1258 2098 1997 2143; baseline 0.004 -12"><span class='ocrx_word' id='word_1_442' title='bbox 1258 2098 1398 2132; x_wconf 90' lang='lat' dir='ltr'><strong>iusmodi</strong></span> <span class='ocrx_word' id='word_1_443' title='bbox 1431 2099 1638 2141; x_wconf 84' lang='lat' dir='ltr'><strong>regularibus</strong></span> <span class='ocrx_word' id='word_1_444' title='bbox 1676 2100 1830 2141; x_wconf 91' lang='lat' dir='ltr'><strong>discolis,</strong></span> <span class='ocrx_word' id='word_1_445' title='bbox 1860 2111 1997 2143; x_wconf 90' lang='lat' dir='ltr'><strong>quorum</strong></span> 
     </span>
     <span class='ocr_line' id='line_1_85' title="bbox 1258 2151 1996 2195; baseline 0.004 -11"><span class='ocrx_word' id='word_1_446' title='bbox 1258 2151 1411 2195; x_wconf 91' lang='lat' dir='ltr'><strong>plurimi,</strong></span> <span class='ocrx_word' id='word_1_447' title='bbox 1445 2152 1533 2184; x_wconf 77' lang='lat' dir='ltr'><strong>nulla</strong></span> <span class='ocrx_word' id='word_1_448' title='bbox 1568 2152 1669 2195; x_wconf 77' lang='lat' dir='ltr'><strong>petita</strong></span> <span class='ocrx_word' id='word_1_449' title='bbox 1693 2152 1835 2195; x_wconf 78' lang='lat' dir='ltr'><strong>lieentia,</strong></span> <span class='ocrx_word' id='word_1_450' title='bbox 1859 2153 1996 2187; x_wconf 86' lang='lat' dir='ltr'><strong>Romam</strong></span> 
     </span>
     <span class='ocr_line' id='line_1_86' title="bbox 1258 2205 1997 2250; baseline 0.005 -13"><span class='ocrx_word' id='word_1_451' title='bbox 1258 2205 1477 2238; x_wconf 88' lang='lat' dir='ltr'><strong>adveniebant</strong></span> <span class='ocrx_word' id='word_1_452' title='bbox 1501 2205 1560 2238; x_wconf 87' lang='lat' dir='ltr'><strong>sub</strong></span> <span class='ocrx_word' id='word_1_453' title='bbox 1585 2207 1731 2240; x_wconf 89' lang='lat' dir='ltr'><strong>colorato</strong></span> <span class='ocrx_word' id='word_1_454' title='bbox 1756 2212 1928 2250; x_wconf 87' lang='lat' dir='ltr'><strong>praetextu</strong></span> <span class='ocrx_word' id='word_1_455' title='bbox 1944 2218 1997 2242; x_wconf 82' lang='lat' dir='ltr'><strong>ex-</strong></span> 
     </span>
     <span class='ocr_line' id='line_1_87' title="bbox 1258 2257 1997 2301; baseline 0.005 -11"><span class='ocrx_word' id='word_1_456' title='bbox 1258 2257 1441 2300; x_wconf 87' lang='lat' dir='ltr'><strong>postulandi</strong></span> <span class='ocrx_word' id='word_1_457' title='bbox 1475 2270 1492 2292; x_wconf 88' lang='lat' dir='ltr'><strong>a</strong></span> <span class='ocrx_word' id='word_1_458' title='bbox 1524 2259 1606 2292; x_wconf 88' lang='lat' dir='ltr'><strong>Sede</strong></span> <span class='ocrx_word' id='word_1_459' title='bbox 1640 2259 1806 2301; x_wconf 80' lang='lat' dir='ltr'><strong>praedicta</strong></span> <span class='ocrx_word' id='word_1_460' title='bbox 1837 2260 1997 2294; x_wconf 89' lang='lat' dir='ltr'><strong>indultum</strong></span> 
     </span>
     <span class='ocr_line' id='line_1_88' title="bbox 1258 2312 1997 2356; baseline 0.007 -14"><span class='ocrx_word' id='word_1_461' title='bbox 1258 2321 1316 2353; x_wconf 92' lang='lat' dir='ltr'><strong>pro</strong></span> <span class='ocrx_word' id='word_1_462' title='bbox 1343 2312 1481 2344; x_wconf 89' lang='lat' dir='ltr'><strong>transitu</strong></span> <span class='ocrx_word' id='word_1_463' title='bbox 1507 2313 1546 2345; x_wconf 87' lang='lat' dir='ltr'><strong>ad</strong></span> <span class='ocrx_word' id='word_1_464' title='bbox 1572 2312 1670 2345; x_wconf 90' lang='lat' dir='ltr'><strong>alium</strong></span> <span class='ocrx_word' id='word_1_465' title='bbox 1691 2312 1843 2346; x_wconf 88' lang='lat' dir='ltr'><strong>Ordinem</strong></span> <span class='ocrx_word' id='word_1_466' title='bbox 1868 2314 1997 2356; x_wconf 83' lang='lat' dir='ltr'><strong>regula-</strong></span> 
     </span>
     <span class='ocr_line' id='line_1_89' title="bbox 1257 2365 1998 2410; baseline 0.007 -15"><span class='ocrx_word' id='word_1_467' title='bbox 1257 2373 1344 2399; x_wconf 84' lang='lat' dir='ltr'><strong>rem.</strong></span> <span class='ocrx_word' id='word_1_468' title='bbox 1371 2374 1444 2396; x_wconf 89' lang='lat' dir='ltr'><strong>cum</strong></span> <span class='ocrx_word' id='word_1_469' title='bbox 1469 2365 1548 2397; x_wconf 76' lang='lat' dir='ltr'><strong>alias</strong></span> <span class='ocrx_word' id='word_1_470' title='bbox 1578 2365 1779 2408; x_wconf 87' lang='lat' dir='ltr'><strong>experientia</strong></span> <span class='ocrx_word' id='word_1_471' title='bbox 1804 2367 1998 2410; x_wconf 88' lang='lat' dir='ltr'><strong>comproba-</strong></span> 
     </span>
    </p>
   </div>
   <div class='ocr_carea' id='block_1_10' title="bbox 1258 2416 1997 2459">
    <p class='ocr_par' dir='ltr' id='par_1_15' title="bbox 1258 2416 1997 2459">
     <span class='ocr_line' id='line_1_90' title="bbox 1258 2416 1997 2459; baseline 0.005 -11"><span class='ocrx_word' id='word_1_472' title='bbox 1258 2416 1356 2449; x_wconf 91' lang='lat' dir='ltr'><strong>visset</strong></span> <span class='ocrx_word' id='word_1_473' title='bbox 1381 2418 1462 2450; x_wconf 86' lang='lat' dir='ltr'><strong>tales</strong></span> <span class='ocrx_word' id='word_1_474' title='bbox 1487 2418 1652 2459; x_wconf 84' lang='lat' dir='ltr'><strong>regulares</strong></span> <span class='ocrx_word' id='word_1_475' title='bbox 1676 2417 1757 2450; x_wconf 86' lang='lat' dir='ltr'><strong>nihil</strong></span> <span class='ocrx_word' id='word_1_476' title='bbox 1779 2418 1865 2452; x_wconf 84' lang='lat' dir='ltr'><strong>aliud</strong></span> <span class='ocrx_word' id='word_1_477' title='bbox 1887 2429 1923 2452; x_wconf 87' lang='lat' dir='ltr'><strong>ex</strong></span> <span class='ocrx_word' id='word_1_478' title='bbox 1941 2419 1997 2452; x_wconf 89' lang='lat' dir='ltr'><strong>hu-</strong></span> 
     </span>
    </p>
   </div>
   <div class='ocr_carea' id='block_1_11' title="bbox 2194 0 2232 2451">
    <p class='ocr_par' dir='ltr' id='par_1_16' title="bbox 2194 0 2232 2451">
     <span class='ocr_line' id='line_1_91' title="bbox 2194 0 2232 2451; baseline 0 0"><span class='ocrx_word' id='word_1_479' title='bbox 2194 0 2232 2451; x_wconf 95' lang='lat' dir='ltr'><strong>     </strong></span> 
     </span>
    </p>
   </div>
   <div class='ocr_carea' id='block_1_12' title="bbox 1256 2451 2218 2621">
    <p class='ocr_par' dir='ltr' id='par_1_17' title="bbox 1256 2451 2218 2621">
     <span class='ocr_line' id='line_1_92' title="bbox 1257 2451 2218 2514; baseline 0.006 -14"><span class='ocrx_word' id='word_1_480' title='bbox 1257 2468 1395 2502; x_wconf 90' lang='lat' dir='ltr'><strong>iusmodi</strong></span> <span class='ocrx_word' id='word_1_481' title='bbox 1413 2468 1530 2503; x_wconf 84' lang='lat' dir='ltr'><strong>itinere</strong></span> <span class='ocrx_word' id='word_1_482' title='bbox 1548 2470 1717 2503; x_wconf 88' lang='lat' dir='ltr'><strong>intendere</strong></span> <span class='ocrx_word' id='word_1_483' title='bbox 1734 2481 1794 2503; x_wconf 91' lang='lat' dir='ltr'><strong>nec</strong></span> <span class='ocrx_word' id='word_1_484' title='bbox 1810 2476 1994 2514; x_wconf 88' lang='lat' dir='ltr'><strong>reportare,</strong></span> <span class='ocrx_word' id='word_1_485' title='bbox 2212 2451 2218 2505; x_wconf 71' lang='lat' dir='ltr'><strong>i</strong></span> 
     </span>
     <span class='ocr_line' id='line_1_93' title="bbox 1257 2522 2218 2567; baseline 0.006 -14"><span class='ocrx_word' id='word_1_486' title='bbox 1257 2531 1352 2564; x_wconf 86' lang='lat' dir='ltr'><strong>quam</strong></span> <span class='ocrx_word' id='word_1_487' title='bbox 1374 2522 1560 2555; x_wconf 85' lang='lat' dir='ltr'><strong>libertatem</strong></span> <span class='ocrx_word' id='word_1_488' title='bbox 1580 2522 1882 2567; x_wconf 83' lang='lat' dir='ltr'><strong>divagationemque</strong></span> <span class='ocrx_word' id='word_1_489' title='bbox 1908 2529 1996 2558; x_wconf 86' lang='lat' dir='ltr'><strong>extra</strong></span> <span class='ocrx_word' id='word_1_490' title='bbox 2196 2530 2218 2548; x_wconf 88' lang='lat'><strong>··</strong></span> 
     </span>
     <span class='ocr_line' id='line_1_94' title="bbox 1256 2570 2217 2621; baseline 0.006 -14"><span class='ocrx_word' id='word_1_491' title='bbox 1256 2576 1406 2617; x_wconf 86' lang='lat' dir='ltr'><strong>claustra,</strong></span> <span class='ocrx_word' id='word_1_492' title='bbox 1425 2585 1497 2608; x_wconf 88' lang='lat' dir='ltr'><strong>cum</strong></span> <span class='ocrx_word' id='word_1_493' title='bbox 1515 2586 1631 2620; x_wconf 86' lang='lat' dir='ltr'><strong>magno</strong></span> <span class='ocrx_word' id='word_1_494' title='bbox 1648 2576 1852 2621; x_wconf 90' lang='lat' dir='ltr'><strong>propriarum</strong></span> <span class='ocrx_word' id='word_1_495' title='bbox 1872 2577 1997 2612; x_wconf 85' lang='lat' dir='ltr'><strong>anima·</strong></span> <span class='ocrx_word' id='word_1_496' title='bbox 2197 2570 2217 2603; x_wconf 63' lang='lat'><strong>&#39;¹</strong></span> 
     </span>
    </p>
   </div>
   <div class='ocr_carea' id='block_1_13' title="bbox 1295 2636 1995 2676">
    <p class='ocr_par' dir='ltr' id='par_1_18' title="bbox 1295 2636 1995 2676">
     <span class='ocr_line' id='line_1_95' title="bbox 1295 2636 1995 2676; baseline 0.004 -11"><span class='ocrx_word' id='word_1_497' title='bbox 1295 2639 1304 2664; x_wconf 88' lang='grc'>1</span> <span class='ocrx_word' id='word_1_498' title='bbox 1328 2636 1447 2666; x_wconf 83' lang='lat' dir='ltr'><strong>Pessime</strong></span> <span class='ocrx_word' id='word_1_499' title='bbox 1467 2637 1531 2666; x_wconf 86' lang='lat' dir='ltr'><strong>edit.</strong></span> <span class='ocrx_word' id='word_1_500' title='bbox 1547 2637 1627 2666; x_wconf 79' lang='lat' dir='ltr'><strong>Maia.</strong></span> <span class='ocrx_word' id='word_1_501' title='bbox 1644 2637 1708 2675; x_wconf 85' lang='lat' dir='ltr'><strong>legit</strong></span> <span class='ocrx_word' id='word_1_502' title='bbox 1727 2639 1763 2667; x_wconf 80' lang='lat' dir='ltr'><strong>ab</strong></span> <span class='ocrx_word' id='word_1_503' title='bbox 1782 2646 1830 2676; x_wconf 87' lang='lat' dir='ltr'><strong>pro</strong></span> <span class='ocrx_word' id='word_1_504' title='bbox 1849 2647 1882 2668; x_wconf 85' lang='lat' dir='ltr'><strong>ac</strong></span> <span class='ocrx_word' id='word_1_505' title='bbox 1895 2640 1934 2676; x_wconf 71' lang='lat' dir='ltr'><strong>(R.</strong></span> <span class='ocrx_word' id='word_1_506' title='bbox 1946 2640 1995 2676; x_wconf 81' lang='grc' dir='ltr'><strong>τ.).</strong></span> 
     </span>
    </p>
   </div>
  </div>
 </body>
</html>
