2232 3178
46 189 95 216 An.
110 188 140 215 C.
162 188 230 215 1740

855 189 995 213 CLEMENS
1021 188 1065 213 ΧΠ
1089 189 1140 213 Pr.

238 236 361 276 sciplina
383 236 527 275 regularis
550 236 579 266 in
597 236 774 267 monasterio
796 237 869 267 nihil
892 236 980 267 detri-

239 285 328 314 menti
351 285 458 324 capiat,
482 288 509 314 et
532 285 669 315 omnibus
692 294 744 324 per
767 285 976 315 hebdomadam

239 333 390 363 monachis
412 334 536 363 facultas
558 334 682 364 exeundi
706 344 720 364 e
739 335 915 364 monasterio
931 343 978 363 ae-

238 383 362 422 qualiter
396 383 491 413 detur.
517 382 623 413 Diebus
651 387 746 412 autem
775 383 929 412 dominicis
951 387 979 412 et

238 432 319 461 festis
341 431 500 461 maioribus
516 441 600 461 nemo
618 432 707 471 possit
723 431 836 461 veniam
854 432 978 461 exeundi

238 480 394 519 obtinere,
423 481 480 510 nisi
511 480 666 510 celebratis
693 481 775 520 prius
803 481 909 510 divinis
938 481 979 510 of-

240 529 336 567 ficiis,
359 534 409 559 aut
441 538 474 559 eo
504 529 657 558 dumtaxat
690 529 829 568 temporis
865 529 977 568 spatio,

239 578 317 617 quod
339 587 354 607 a
377 577 484 607 divinis
507 578 611 607 officiis
634 587 757 607 vacuum
780 582 834 607 est.

279 635 316 656 vt.
338 627 360 656 E
381 626 559 656 monasterio
592 626 718 664 egressi,
748 626 929 656 honestatem
952 631 980 656 et

239 674 411 704 modestiam
447 674 563 703 incessu
579 697 586 711 ‚
622 674 756 703 manibus
770 698 777 712 ,
815 675 978 714 colloquio,

240 723 333 753 oculis
355 723 528 753 exhibeant:
546 723 609 752 loca
625 723 782 753 remotiora
799 727 826 752 et
842 723 980 753 ecclesias

239 773 338 801 minus
371 772 537 810 frequentes
567 771 689 808 adeant3
721 780 877 810 personas,
906 771 978 810 vias,

240 820 338 857 aedes,
362 819 493 849 officinas
515 824 664 859 suspectas
686 824 735 850 aut
758 820 880 850 infames
902 820 981 850 devi-

240 874 319 899 tent:
353 878 418 899 cum
442 868 640 899 saecularibus
663 879 721 899 non
753 873 865 899 tantum
899 869 982 899 fami-

240 917 378 948 liaritatis
400 917 538 954 habeant,
562 921 593 947 ut
622 918 666 947 vel
683 922 795 947 secreta
812 917 981 948 monasterii

240 967 277 996 iis
296 967 437 1003 revelent,
455 967 501 996 vel
518 975 552 996 ex
573 966 716 1006 frequenti
736 976 837 996 eorum
861 975 981 996 conver-

241 1016 353 1046 satione
376 1025 391 1045 a
415 1016 577 1045 monastica
606 1015 760 1054 disciplina
793 1015 979 1045 relaxentur:

240 1065 390 1103 multoque
414 1064 505 1102 magis
522 1074 536 1094 a
553 1064 727 1094 feminarum
751 1064 895 1103 colloquio
917 1064 983 1094 abs-

240 1114 368 1151 tineant,
399 1123 494 1152 neque
523 1122 572 1143 eas
601 1113 745 1149 invisunt,
775 1118 824 1143 aut
852 1113 887 1142 ad
916 1113 982 1143 illas

192 1162 195 1166 '
241 1162 386 1199 scribant,
404 1162 460 1191 nisi
479 1162 507 1191 in
525 1164 628 1200 magna
647 1162 832 1199 necessitate,
850 1166 898 1191 aut
915 1170 980 1191 cum

80 2005 129 2026 civ.
148 2005 201 2027 Vttt.

64 2031 93 2053 De
108 2032 232 2052 fundatione

50 2060 233 2083 monasteriorum,

51 2087 72 2105 et.
111 2089 233 2111 receptione

51 2111 174 2137 hospitum,
198 2112 232 2131 de*

51 2143 90 2163 qut²
98 2138 181 2158 vitanda
191 2143 233 2158 mo·

51 2165 234 2191 nachorumvaga-

52 2193 115 2211 [tuttu-

241 1221 292 1251 spe
315 1212 412 1251 magni
436 1212 581 1251 profectus
604 1211 775 1251 spiritualis,
799 1216 827 1241 et
849 1211 981 1241 consulto

241 1270 377 1300 expresse
399 1260 514 1290 abbate.

281 1319 332 1340 vn.
358 1309 419 1340 Non
444 1309 594 1349 permittat
615 1309 704 1339 abbas
720 1313 751 1339 ut
767 1308 901 1339 monachi
920 1318 981 1338 mu-

241 1359 363 1388 nuscula
391 1358 513 1388 offerant
538 1358 779 1396 magistratibus,
806 1362 855 1387 aut
880 1366 981 1387 eorum

241 1407 322 1436 aulas
346 1407 542 1445 frequentent,
562 1410 610 1436 aut
632 1406 779 1436 amicitias
797 1415 982 1446 quocumque

241 1456 326 1486 modo
349 1455 495 1493 ambiant,
516 1455 687 1494 praesertim
711 1455 735 1485 si
757 1455 982 1495 deprehenderit

242 1514 290 1534 eos
323 1504 377 1533 hac
409 1504 456 1534 via
488 1504 524 1534 ad
557 1504 784 1534 ecclesiasticam
811 1504 983 1542 dignitatem

241 1552 286 1582 vel
309 1552 337 1582 in
362 1552 503 1590 religione
519 1553 641 1591 gradum
658 1562 832 1592 prorepere:
852 1553 876 1582 si
897 1562 982 1592 quem

242 1611 311 1631 vero
326 1601 412 1632 huius
429 1601 556 1632 ambitus
578 1611 660 1632 reum
677 1602 838 1639 invenerit,
855 1602 984 1641 graviter

243 1651 362 1690 puniat,
385 1655 413 1680 et
442 1651 476 1680 ad
505 1650 638 1681 abbatem
667 1651 831 1689 generalem
861 1651 981 1681 deferat.

242 1699 320 1729 Idem
342 1699 377 1729 de
399 1699 502 1729 abbate
521 1700 695 1737 dicendum,
719 1700 762 1737 si,
787 1704 902 1739 praeter
917 1710 984 1730 con-

243 1753 341 1778 suetas
357 1753 384 1778 et
400 1749 578 1779 necessarias
600 1753 766 1787 magnatum
790 1749 982 1786 visitationes,

243 1807 458 1836 munerumque
491 1797 670 1832 oblationes,
703 1798 747 1828 vel
777 1798 845 1837 quid
876 1808 983 1828 novum

242 1846 428 1876 introducere
461 1846 632 1883 tentaverit,
657 1846 700 1876 vel
730 1846 792 1886 ipse
814 1850 984 1885 magnatum

243 1895 387 1926 amicitias
417 1895 481 1934 plus
511 1904 604 1934 aequo
633 1900 752 1934 captare
783 1895 984 1935 deprehensus

243 1944 343 1974 fuerit.

281 2002 302 2023 ι.
324 1993 442 2023 Nullum
472 1992 683 2022 monasterium
702 2017 709 2027 ‚
740 1992 796 2022 nisi
828 1993 985 2024 accedente

243 2051 388 2073 consensu
411 2046 439 2072 et
461 2041 666 2072 benedictione
699 2041 827 2081 episcopi
855 2046 883 2072 et
905 2052 986 2073 reve-

243 2091 413 2121 rendissimi
430 2090 540 2121 domini
556 2090 750 2130 patriarchae,
771 2094 799 2120 et
814 2091 848 2120 dc
864 2091 986 2121 licentia

244 2139 357 2168 abbatis
379 2139 524 2177 generalis
546 2142 633 2178 atque
656 2139 906 2177 hegumenorum,
935 2149 986 2170 no-

245 2187 290 2217 bis
312 2197 327 2216 a
350 2186 557 2217 fundatoribus
591 2191 640 2217 aut
677 2188 806 2226 patronis
833 2188 961 2218 oblatum
977 2212 984 2225 ‚

245 2236 377 2276 accipere
399 2235 551 2273 debemus,
569 2236 612 2265 vel
632 2236 666 2265 de
684 2246 759 2266 novo
782 2237 904 2267 fundare
921 2247 987 2276 pos-

245 2294 357 2314 sumus.
381 2285 519 2324 Quisquis
542 2294 609 2314 vero
631 2284 732 2321 abbas,
763 2285 823 2315 sive
847 2287 984 2325 propria,

245 2335 307 2363 sive
333 2333 568 2371 congregationis
591 2333 678 2363 etiam
702 2335 911 2364 monachorum
935 2345 985 2364 au-

244 2383 381 2412 ctoritate
403 2383 432 2412 id
454 2383 565 2419 fecerit,
590 2392 699 2421 poenae
715 2383 861 2421 gravioris
883 2384 986 2423 culpae

245 2431 395 2461 subiaceat
416 2431 446 2461 in
475 2431 638 2470 religione,
662 2431 686 2461 si
720 2432 837 2462 licentia
872 2437 985 2462 tantum

246 2479 359 2509 abbatis
381 2479 526 2518 generalis
544 2484 572 2510 et
596 2480 826 2518 hegumenorum
844 2481 984 2518 defuerit,

246 2532 274 2558 et
296 2528 434 2567 puniatur
466 2528 552 2558 etiam
576 2528 611 2558 ab
635 2529 770 2568 episcopo
800 2534 828 2559 et
851 2538 987 2560 reveren-

246 2576 366 2608 dissimo
382 2577 499 2608 domino
522 2577 699 2618 patriarcha,
717 2578 740 2608 si
756 2577 865 2618 absque
882 2578 986 2609 horum

1661 180 1725 213 615

1022 246 1167 267 consensu
1190 237 1218 268 id
1242 238 1349 268 factum
1379 238 1488 275 fuerit,
1512 247 1672 278 omnesque
1704 247 1763 267 mo-

1021 285 1107 315 nachi
1139 285 1237 316 abbati
1271 286 1505 323 consentientes,
1529 286 1623 317 eidem
1653 296 1762 326 poenae

1022 334 1203 374 subiaceant,
1220 340 1248 365 et
1271 340 1352 366 actus
1375 336 1528 366 monastici
1550 336 1657 366 ibidem
1682 336 1762 374 facti,

1022 387 1053 412 ut
1076 384 1253 414 novitiorum
1277 385 1417 414 admissio
1438 394 1471 414 ac
1500 385 1640 424 professio
1655 408 1662 421 ‚
1686 385 1763 415 irriti

1021 436 1049 462 et
1071 433 1174 462 inanes
1196 433 1394 464 declarantur.

1061 490 1090 510 11.
1115 481 1188 511 Illud
1211 492 1280 512 vero
1303 483 1397 512 solum
1415 483 1624 513 monasterium
1642 483 1763 513 fundare

1022 530 1066 559 vel
1089 530 1232 569 accipere,
1256 535 1287 560 ut
1310 540 1408 570 supra,
1433 531 1517 561 nobis
1540 532 1626 569 licet,
1650 533 1679 562 in
1707 541 1764 571 quo

1022 578 1181 607 monastica
1205 579 1359 618 disciplina
1383 579 1532 609 observari
1555 581 1661 619 possit,
1685 580 1765 609 suffi-

1022 627 1102 656 ciens
1125 628 1333 657 monachorum
1357 638 1498 658 numerus
1522 629 1582 664 ali3
1606 629 1694 668 idque
1720 629 1763 658 vel

1022 685 1057 705 ex
1073 676 1178 705 annuis
1194 676 1355 706 redditibus
1378 677 1556 706 monasterio
1579 677 1694 715 legatis,
1719 678 1764 707 vel

1023 734 1061 754 ex
1083 728 1177 754 terrae
1199 725 1298 760 fundo,
1322 725 1356 754 de
1379 735 1436 764 quo
1459 734 1493 755 ex
1510 725 1608 755 labore
1624 735 1763 756 manuum

1024 773 1120 802 vivore
1144 777 1276 812 possunt.

1063 830 1103 850 111.
1135 821 1226 851 Omne
1257 822 1491 859 monasterium,
1522 822 1598 861 quod
1630 824 1766 854 monachi

1023 873 1140 900 nostrae
1168 870 1408 909 Congregationis
1434 870 1618 909 inhabitant,
1642 872 1766 902 honesta

1024 919 1161 949 clausura
1184 919 1343 949 muniatur.
1373 919 1420 950 Sic
1443 924 1539 949 autem
1568 920 1606 949 sit
1632 920 1764 950 clausum

1024 971 1054 997 ut
1071 967 1244 997 mulieribus
1263 968 1475 1007 cuiuscumque
1491 968 1641 1007 dignitatis
1657 973 1707 998 aut
1722 979 1767 999 or-

1024 1015 1100 1045 dinis
1123 1016 1205 1045 nulla
1227 1016 1339 1046 ratione
1362 1019 1470 1055 pateat.

1064 1073 1102 1094 tv.
1127 1064 1212 1094 Extra
1230 1065 1322 1103 ipsius
1339 1065 1507 1094 monasterii
1524 1065 1702 1102 clausuram,
1721 1066 1766 1096 vel

1024 1114 1053 1143 in
1077 1114 1139 1143 loco
1162 1114 1238 1143 iutra
1262 1114 1472 1144 monasterium
1495 1114 1530 1143 ad
1553 1114 1581 1144 id
1604 1114 1764 1150 destinato,

1025 1162 1183 1201 hospitium
1207 1162 1346 1200 erigatur,
1370 1162 1398 1191 in
1425 1172 1483 1201 quo
1507 1163 1634 1202 hospites
1655 1163 1690 1193 ad
1714 1173 1766 1193 nos

1025 1211 1205 1241 divertentes
1227 1211 1321 1249 accipi
1344 1211 1468 1250 possint,
1491 1215 1519 1241 et
1543 1211 1681 1241 mulieres
1705 1212 1767 1250 qui-

1024 1260 1089 1290 dem
1111 1259 1142 1289 in
1169 1259 1233 1289 loco
1257 1259 1339 1289 valde
1372 1264 1484 1289 remoto
1514 1269 1547 1289 ac
1579 1269 1699 1299 prorsus
1722 1270 1768 1290 se·

1026 1312 1125 1348 parato
1141 1317 1156 1338 a
1173 1308 1244 1338 viris
1260 1312 1287 1338 et
1305 1317 1319 1337 a
1337 1308 1525 1338 monasterie.
1542 1308 1642 1348 Neque
1666 1308 1766 1347 abbas,

1025 1367 1120 1397 neque
1139 1357 1326 1396 congregatio
1342 1358 1550 1387 monachorum
1568 1361 1662 1397 potest
1681 1359 1768 1389 alicui

1026 1406 1069 1436 vel
1093 1406 1291 1436 ecclesiastico
1308 1406 1352 1436 vel
1369 1406 1512 1436 saeculari
1536 1406 1639 1436 cellam
1658 1407 1688 1437 in
1704 1407 1768 1447 ipso

1026 1455 1203 1486 monasterio
1228 1455 1270 1484 vel
1294 1455 1328 1485 ad
1351 1455 1440 1485 breve
1463 1459 1577 1495 tempus
1600 1456 1767 1495 assignare,

1027 1504 1083 1534 nisi
1106 1504 1135 1534 in
1160 1504 1285 1543 hospitio
1309 1504 1389 1534 locus
1412 1504 1531 1534 omniuo
1554 1504 1695 1539 defuerit,
1719 1509 1770 1534 aut

1027 1562 1169 1593 personae
1187 1553 1375 1592 accipiendae
1398 1553 1519 1583 minime
1538 1554 1719 1591 convenerit,
1737 1559 1769 1584 ut

1027 1611 1093 1631 cum
1112 1602 1266 1641 episcopus
1285 1606 1333 1631 aut
1355 1602 1617 1632 reverendissimus
1633 1602 1769 1633 dominus

1028 1651 1191 1691 patriarcha
1215 1651 1249 1680 ad
1272 1660 1325 1680 nos
1348 1651 1477 1681 divertit.

1067 1708 1094 1729 v.
1111 1700 1189 1729 Nulli
1212 1699 1311 1729 abbati
1334 1703 1383 1729 aut
1406 1709 1565 1730 oeconomo
1589 1700 1687 1730 licebit
1710 1711 1771 1731 mo-

1028 1748 1189 1778 nasterium
1208 1757 1274 1777 aere
1293 1749 1388 1778 alieno
1411 1757 1531 1786 gravare
1550 1748 1661 1788 absque
1679 1750 1771 1779 inevi-

1029 1796 1111 1826 tabili
1133 1797 1322 1834 necessitate,
1346 1806 1400 1826 nec
1424 1797 1548 1827 vendere
1571 1801 1619 1827 aut
1641 1807 1772 1828 commu-

1029 1850 1090 1875 tare
1115 1845 1158 1875 vel
1181 1846 1285 1885 quovis
1308 1845 1393 1875 modo
1408 1845 1536 1875 alienare
1559 1847 1769 1885 possessiones,

1029 1894 1132 1924 fundos
1160 1899 1210 1924 aut
1238 1904 1351 1924 annuos
1379 1904 1484 1924 census
1514 1896 1692 1925 monasterio
1721 1895 1771 1926 do-

1028 1947 1112 1973 natos
1129 1946 1177 1973 aut
1195 1943 1365 1982 acqtiisitOS‚
1385 1943 1438 1973 sub
1463 1944 1557 1983 poena
1579 1944 1771 1983 depositionis

1028 1991 1064 2021 ab
1080 1992 1175 2022 officio
1188 1996 1215 2022 et
1232 1991 1475 2022 inhabilitationis
1489 1996 1546 2022 tam
1560 1992 1672 2023 abbatis
1684 2003 1771 2033 quam

1029 2040 1178 2071 oeconomi
1202 2045 1229 2070 et
1253 2041 1480 2078 monachorum,
1505 2042 1528 2071 si
1552 2051 1703 2072 assensum
1736 2043 1771 2072 ad

1030 2090 1084 2119 hoc
1107 2089 1305 2129 praebuerint,
1323 2090 1379 2120 nisi
1402 2090 1521 2121 obtenta
1541 2091 1620 2130 prius
1637 2092 1771 2122 facultate

1029 2138 1064 2168 ab
1087 2138 1122 2168 iis
1149 2138 1182 2167 ad
1207 2148 1279 2178 quos
1302 2143 1423 2179 spectat,
1441 2144 1469 2169 et
1486 2149 1631 2170 consensu
1658 2140 1772 2171 abbatis

1029 2187 1184 2226 generans.

1068 2245 1107 2265 vt.
1132 2236 1275 2266 Pecuniae
1308 2241 1425 2267 exactae
1457 2238 1491 2267 de
1520 2238 1682 2268 redditibus
1712 2248 1772 2269 mo-

1029 2285 1166 2323 misterii,
1181 2290 1230 2315 aut
1247 2295 1260 2314 a
1278 2285 1513 2316 benefactoribus
1529 2288 1706 2317 monasterio
1722 2288 1771 2317 do-

1030 2340 1126 2371 natae,
1144 2344 1201 2364 non
1224 2335 1408 2365 retineantur
1424 2336 1453 2366 in
1471 2345 1557 2365 manu
1582 2337 1769 2376 cuiusquam,

1030 2384 1079 2413 sed
1101 2384 1131 2413 in
1154 2384 1222 2413 arca
1243 2384 1343 2413 statim
1375 2388 1554 2423 reponantur
1577 2384 1630 2414 sub
1661 2386 1770 2425 duplici

1029 2432 1131 2469 clave,
1159 2441 1282 2471 quarum
1306 2442 1362 2462 una
1385 2433 1422 2462 sit
1453 2442 1541 2472 penes
1563 2433 1696 2464 abbatem
1711 2457 1719 2471 ‚
1743 2440 1770 2465 et

1030 2481 1120 2511 altera
1144 2490 1232 2520 penes
1256 2490 1457 2511 oeconomum.
1477 2481 1548 2511 Item
1577 2482 1769 2514 instrumenta

1029 2529 1186 2559 fundorum
1210 2529 1390 2567 monasterii,
1410 2530 1453 2559 vel
1470 2539 1567 2560 rerum
1585 2531 1769 2569 donatarum,

1031 2582 1270 2609 testamentorum
1295 2578 1452 2615 clausulae,
1471 2583 1519 2610 aut
1536 2579 1592 2610 alia
1615 2589 1771 2620 quaecum-

1772 189 1824 216 Au.
1843 190 1872 217 C.
1893 190 1960 217 1740
