2232 3178
274 213 366 239 Amo.
393 213 456 239 ¹737
504 205 566 238 210

512 264 627 297 Datum
654 264 791 305 Romae,
819 265 906 308 apud
931 265 962 299 S.
996 265 1126 299 Mariam
1151 264 1210 299 Ma-

469 317 581 359 iorem,
607 319 665 351 sub
691 319 813 351 annulo
839 318 1032 359 piscatoris,
1059 319 1112 352 die
1138 329 1207 353 xxvi

469 371 621 404 februarii
646 381 858 412 noccxxxvn,
877 371 1087 415 pontificatus
1105 373 1206 406 nostri

467 436 552 458 anno
578 436 632 458 vu.

502 486 560 513 Ilat.
583 486 626 512 die
647 485 680 512 ⁶26
700 486 834 514 februarii
856 488 938 522 1737,
961 487 1056 523 pontif.
1074 496 1144 515 anno
1160 495 1205 515 vn.

775 628 899 663 CXCIV.

465 699 672 741 Confirmatio
697 699 815 733 decreti
840 701 1106 744 Conqreqaeionis
1131 702 1205 745 epi—

505 764 672 796 scoporum
699 759 726 786 el
750 755 966 797 requlurium,
981 766 1044 798 quo
1065 756 1205 789 indulsit

506 811 667 849 quatenus
691 807 811 840 vicarii
835 809 1001 851 qeneralrs
1028 809 1205 852 Conqrsqa-

506 860 604 892 tionis
620 860 805 903 Hispaniae
823 860 957 894 Ordinis
970 862 1113 903 fratrum
1130 862 1205 894 Ere-

504 912 660 945 milarum
687 914 791 946 sancti
818 914 1003 957 Auquslini
1027 914 1205 947 Discalcea-

506 970 613 998 lorum
646 971 938 1010 nuncupatorum,
973 977 1033 1010 pro
1065 972 1205 1011 (empore

504 1029 565 1062 quo
591 1024 681 1051 eoelra
713 1019 896 1064 capitulum
922 1020 964 1052 ad
988 1020 1110 1052 dictum
1136 1031 1204 1052 mu-

503 1082 565 1105 nus
584 1072 618 1104 in
636 1072 701 1105 vim
718 1077 913 1106 statutorum
930 1072 1064 1107 Ordinis
1084 1078 1111 1106 ct
1128 1074 1204 1107 Con-

503 1126 704 1169 qreqaliom's
725 1126 913 1159 huiusmodi
928 1127 1200 1168 subintraverint,

504 1179 623 1212 eisdem
644 1179 830 1222 privileyiis
862 1184 889 1212 el
921 1181 1199 1223 ecceinplionibus,

503 1233 621 1276 quibus
646 1233 737 1265 electi
761 1234 792 1265 in
812 1233 954 1277 capitulo
973 1234 1146 1276 fruuntur,
1168 1235 1202 1267 in

499 1290 665 1329 posterum
690 1286 847 1329 fruantur
871 1290 899 1319 et
922 1286 1100 1329 qaudeanl.

671 1367 805 1393 Clemens
827 1367 906 1400 Papa
925 1367 990 1401 XII,

571 1411 607 1438 ad
627 1415 807 1446 perpetuam
827 1412 874 1438 rei
893 1412 1082 1439 memoriam.

284 1494 411 1516 Det-laralia,
420 1494 446 1514 de

320 1522 322 1524 Ι
406 1522 408 1524 ‚
503 1482 516 1525 ξ
538 1481 568 1514 1.
588 1481 710 1525 Nuper,
739 1493 799 1526 pro
833 1488 924 1526 parte
951 1483 1144 1516 dilectorum
1168 1482 1202 1515 fi-

262 1521 577 1579 fliii=¹¹¹f=iss⁸2i³fi¹s⁷viiliorum
604 1535 713 1568 vicarii
740 1541 771 1569 et
796 1536 971 1569 definitorii
1001 1536 1199 1579 generalium

261 1574 723 1630 sssk'fflflssllssmlffcongregationis
761 1589 935 1632 Hispaniae
972 1589 1100 1622 Ordinis
1136 1590 1199 1623 sra-

262 1627 434 1652 W⁰v'⁰⁶'³¹¹b⁰⁵'
458 1646 540 1674 trum
566 1642 780 1674 Eremitarum
808 1643 911 1675 saneti
936 1643 1106 1685 Augustini
1132 1643 1199 1676 Dis-

456 1696 675 1728 calceatorum
704 1702 987 1739 nuncupatorum,
1014 1696 1198 1740 Congrega-

455 1748 534 1782 tioni
569 1749 803 1782 venerabilium
842 1750 975 1782 fratrum
1012 1754 1197 1783 nostrorum

454 1801 485 1834 S.
504 1802 538 1834 R.
558 1801 592 1834 E.
613 1802 825 1836 cardinalium
851 1803 992 1846 negotiis
1017 1808 1049 1836 et
1073 1805 1197 1837 consul-

454 1854 633 1888 tationibus
666 1855 896 1900 episcoporum
933 1862 966 1889 et
997 1856 1195 1899 regularium

453 1908 659 1951 praepositae
686 1907 855 1952 exposito¹,
875 1909 961 1953 qnod
988 1909 1065 1942 alias
1091 1909 1194 1942 felicis

453 1961 688 1995 reeordationis
711 1962 858 1996 Clemens
885 1963 969 2006 Papa
994 1963 1033 1996 XI
1058 1963 1195 2006 praede-

452 2024 560 2047 eessor
578 2019 691 2047 noster
709 2026 767 2058 per
786 2015 943 2059 quasdam
961 2026 1035 2048 suas
1055 2016 1195 2059 desuper

452 2068 485 2099 in
510 2066 609 2100 simili
646 2068 748 2100 forma
772 2068 881 2101 Brevis
907 2068 958 2101 die
982 2079 1040 2102 x111
1066 2069 1194 2101 februa-

453 2119 490 2152 rii
516 2130 635 2154 »tocciv
673 2121 837 2164 expeditas
872 2121 1020 2160 litteras,
1057 2132 1192 2165 quarum

452 2173 580 2205 initium
599 2178 647 2206 est
671 2173 784 2217 Nuper
795 2184 854 2217 pro
871 2179 974 2218 parte,
996 2179 1065 2215 etc„
1090 2175 1193 2207 omni-

451 2227 509 2259 bus
534 2226 699 2269 prioribus
726 2228 982 2271 provincialibus
1002 2228 1191 2262 eorumdem

450 2279 580 2313 Ordinis
605 2285 636 2313 et
653 2280 933 2324 Congregationis‚
954 2282 1007 2325 qui
1026 2282 1059 2314 in
1075 2282 1191 2315 eodem

450 2332 556 2366 officio
582 2338 670 2366 extra
695 2334 891 2377 capitulum,
918 2340 949 2367 et
973 2334 1005 2367 in
1031 2334 1191 2368 defectum

451 2387 596 2430 priorum
623 2387 873 2431 provincialium
899 2387 932 2420 in
957 2389 1099 2432 capitulo
1126 2390 1192 2423 ele-

451 2445 575 2473 ctorum
595 2439 834 2481 subintrabant,
852 2440 938 2474 iuxta
955 2441 1189 2486 praescriptum

450 2498 646 2526 statutorum
671 2493 830 2526 dictorum
848 2493 976 2527 Ordinis
996 2499 1027 2527 et
1047 2495 1190 2538 Congre-

450 2546 590 2589 gationis
617 2547 809 2580 auctoritate
828 2548 1004 2591 apostolica
1022 2549 1189 2583 confirma-

486 2610 497 2639 1
516 2608 586 2636 Edit.
608 2608 686 2637 Main.
708 2609 773 2645 legit
791 2610 930 2647 expositio
950 2610 988 2648 (n.
1005 2613 1054 2646 τ.).

1069 215 1248 240 BULLARIUM
1273 215 1427 241 ROMANUM

1998 219 2050 246 An.
2068 219 2095 247 C.
2120 219 2182 248 ¹737

1254 269 1369 305 torum,
1396 265 1506 300 omnia
1531 271 1562 299 et.
1597 267 1727 311 singula
1762 267 1934 312 privilegia
1959 272 1992 301 ct

1251 319 1483 363 exemptiones,
1500 320 1617 363 quibus
1632 322 1758 364 priores
1772 320 1989 366 provinciales

1229 386 1230 392 ¹
1251 371 1281 404 in
1307 372 1449 415 capitulo
1471 374 1563 406 electi
1590 374 1650 406 srui
1674 376 1792 415 solent,
1819 384 1990 408 concesse-

1249 430 1317 465 rat;
1337 431 1368 457 et
1392 425 1423 457 in
1451 426 1562 458 eadem
1589 427 1794 470 expositione
1819 427 1990 460 subiuncto
2025 439 2107 471 rentur
2134 446 2181 472 :013-

1249 478 1335 520 quod
1357 479 1469 511 eadem
1491 484 1560 511 erat
1581 480 1661 512 ratio
1681 480 1859 523 respective
1881 480 1988 523 quoad
1999 467 2182 520 giffiii¹ae¹ssr÷iii2

1226 552 1228 559 ι
1249 531 1382 564 vicarios
1403 533 1574 573 generales
1592 533 1780 566 eorumdem
1802 533 1931 566 Ordinis
1957 538 1989 566 et
2000 521 2046 542 '³¹¹⁵'

1226 584 1515 628 =Congregati0n1s
1548 586 1601 629 qui
1632 586 1663 618 in
1701 587 1762 619 vim
1796 591 1988 619 statutorum

1248 637 1488 680 praedictorum
1523 639 1646 682 pariter
1670 639 1701 671 in
1728 639 1835 672 officio
1860 639 1987 672 vicariis

1248 691 1453 732 generalibus
1480 697 1566 724 extra
1585 692 1760 735 capitulum
1778 692 1809 724 in
1828 692 1988 725 desectum

1248 743 1442 777 vicariorum
1468 745 1666 787 generalium
1693 746 1724 778 in
1751 745 1893 789 capitulo
1920 746 1988 778 ele-

1248 803 1368 829 ctorum
1395 797 1631 839 succedebant;
1652 798 1892 842 cupiebantque
1914 809 1988 841 pro-

1248 855 1359 893 pterea
1385 850 1460 883 dicti
1488 857 1688 894 exponentes
1712 856 1747 884 ut
1768 851 1879 885 eadem
1905 851 1988 884 Con-

1248 903 1395 945 greg-atio
1411 904 1621 936 cardinalium
1638 904 1777 947 idipsum
1789 915 1846 947 pro
1861 903 1988 936 vicariis

1248 957 1455 998 generalibus
1478 961 1567 989 extra
1588 957 1763 999 capitulum
1786 957 1986 990 declararet:

1248 1009 1407 1041 emanavit
1428 1020 1444 1040 a
1463 1010 1627 1052 praedicta
1645 1009 1906 1052 Congregatione
1919 1020 1987 1043 car-

1248 1062 1403 1095 dinalium
1425 1063 1591 1096 decretum
1611 1063 1734 1096 tenoris
1753 1063 1807 1107 qui
1827 1063 1986 1107 sequitur,

1248 1115 1416 1148 videlicet:

1285 1178 1371 1209 Sacra
1404 1178 1593 1217 Congregatio
1628 1179 1926 1209 eminentissimorum
1958 1182 1987 1210 et
2030 1191 2178 1212 Sam-aecan-

1246 1227 1556 1257 rererendissimorum
1573 1227 1602 1257 S.
1620 1228 1655 1258 R.
1675 1228 1708 1258 E.
1728 1228 1918 1258 cardinalium
1935 1237 1986 1258 ne·
1995 1220 2126 1266 {ssssffl}f¹¹¹¹⁵
2142 1219 2177 1240 ‘¹⁰'

1246 1277 1333 1315 gotiis
1365 1280 1393 1306 et
1424 1276 1688 1307 consultationibus
1720 1277 1923 1316 episcoporum
1957 1281 1985 1307 et

1247 1325 1424 1363 regularium
1449 1325 1631 1365 praeposita,
1655 1325 1690 1355 ad
1712 1335 1798 1365 quam
1822 1325 1985 1355 illustrissi-

1246 1383 1309 1404 mus
1325 1374 1462 1404 dominus
1485 1378 1584 1404 noster
1606 1374 1768 1414 supplicem
1792 1373 1922 1404 libellum
1940 1383 1986 1403 re-

1246 1422 1335 1457 misit,
1359 1423 1458 1452 audito
1475 1427 1557 1462 patre
1580 1427 1770 1462 procuratore
1785 1423 1915 1461 generali
1931 1423 1985 1453 Or·

1245 1471 1344 1508 dinis,
1369 1482 1401 1502 ac
1436 1474 1545 1502 attenta
1580 1472 1722 1502 relatione
1758 1472 1986 1503 eminentissimi

1244 1521 1354 1551 domini
1390 1521 1547 1551 cardinalis
1579 1521 1681 1551 Firrao
1712 1522 1835 1561 praefati
1866 1521 1984 1552 Ordinis

1243 1570 1319 1609 apud
1343 1571 1477 1600 Sanctam
1500 1570 1604 1600 sedem
1627 1570 1811 1609 protectoris,
1835 1574 1982 1600 oratorum

1244 1619 1380 1658 precibus
1403 1619 1530 1656 benigne
1552 1619 1689 1657 indulsit,
1713 1623 1857 1658 quatenus
1881 1619 1982 1649 vicarii

1242 1667 1396 1706 generales
1420 1677 1470 1706 pro
1493 1672 1636 1706 tempore,
1653 1667 1702 1707 qui
1719 1671 1799 1697 extra
1822 1668 1980 1706 capitulum

1242 1717 1276 1746 ad
1299 1716 1406 1746 dictum
1442 1725 1547 1745 munus
1570 1717 1599 1746 in
1623 1716 1681 1745 vim
1714 1720 1887 1747 statutorum
1910 1716 1982 1747 Con-

1241 1765 1419 1803 gregationis
1435 1764 1675 1803 subintraverint,
1693 1765 1800 1794 eisdem
1821 1765 1982 1805 privilegiis

1241 1818 1269 1844 et
1291 1813 1537 1853 exemptionibus,
1561 1813 1667 1853 quibus
1690 1813 1775 1844 electi
1799 1814 1827 1843 in
1851 1814 1979 1853 capitulo

1239 1863 1389 1900 fruuntur,
1406 1863 1434 1892 in
1453 1867 1602 1901 posterum
1625 1863 1758 1892 fruantur
1780 1866 1808 1892 et
1823 1862 1979 1902 gaudeant.

1239 1913 1348 1941 Romae
1372 1921 1428 1941 xxn
1452 1911 1590 1941 februarii
1620 1920 1810 1942 noccxxxvn.
1832 1930 1866 1934 —
1885 1912 1980 1942 FRAN-

1239 1970 1338 1991 eisct's
1361 1960 1518 1990 cardinalis
1550 1961 1738 1991 Banssemxns
1757 1978 1795 1983 -
1815 1962 1844 1991 L.
1869 1961 1979 1992 archie-

1238 2011 1424 2050 piscopus...,
1443 2009 1630 2039 secretarius.
1655 2010 1722 2040 Loco
1743 2012 1762 2047 †
1782 2010 1878 2050 sigilli.

2031 2083 2168 2104 nantium-itur

1281 2073 1295 2116 g
1321 2072 1352 2105 2,
1391 2072 1467 2106 Cum
1494 2079 1625 2113 autem,
1660 2073 1743 2107 sicut
1769 2074 1845 2107 dicti
1878 2084 2118 2131 eXP0·31.‚„,„„„.0

1237 2130 1352 2158 nentes
1378 2125 1472 2158 nobis
1498 2125 1635 2158 subinde
1663 2126 1779 2169 exponi
1816 2127 1975 2168 fecerunt,

1235 2178 1295 2222 ipsi
1330 2178 1493 2210 decretum
1527 2178 1735 2219 huiusmodi,
1762 2190 1826 2223 quo
1852 2179 1975 2212 firmius

1236 2231 1400 2270 subsistat,
1417 2231 1615 2274 apostolicae
1645 2232 1901 2265 confirmationis
1919 2243 1976 2266 no-

1235 2289 1320 2317 strae
1343 2284 1525 2327 patrocinio
1551 2285 1745 2317 communiri
1768 2296 1975 2329 summopere

1235 2337 1443 2370 desiderent:
1467 2347 1537 2377 nos,
1558 2337 1646 2381 ipsos
1673 2343 1874 2381 exponentes
1901 2349 1975 2383 spe-

1234 2391 1369 2424 cialibus
1388 2391 1550 2424 savoribus
1569 2397 1600 2424 et
1613 2392 1724 2433 gratiis
1746 2392 1900 2437 prosequi
1920 2404 1974 2427 vo-

1233 2445 1349 2484 lentes,
1376 2449 1407 2477 et
1433 2455 1544 2477 eorum
1571 2445 1753 2488 singulares
1778 2455 1933 2488 personas
1957 2457 1974 2479 a

1233 2497 1399 2541 quibusvis
1435 2498 1802 2539 excommunicationis,
1837 2509 1973 2543 snspen-

1231 2551 1331 2584 sionis
1364 2556 1395 2584 et
1429 2551 1618 2591 interdicti,
1647 2552 1783 2596 aliisque
1820 2553 1973 2586 eeclesia-

1231 2604 1318 2638 sticis
1349 2604 1539 2646 sententiis,
1566 2605 1711 2638 censuris
1736 2611 1769 2639 et
1799 2606 1933 2649 poenis,
1954 2617 1972 2641 a
