2232 3178
24 203 72 230 An.
93 200 121 226 C.
141 198 208 226 1739

836 195 978 220 CLEMENS
1001 195 1048 219 ΧΗ
1073 196 1123 220 PP.

1642 185 1705 219 543
1756 193 1804 220 An.
1828 194 1856 220 c.
1879 195 1943 221 17th

215 247 308 280 sione
332 246 382 280 vel
408 246 503 280 causa
526 246 607 287 latis,
627 245 654 279 si
680 246 796 291 quibus
823 256 961 290 quomo·
1004 245 1108 278 martii
1135 254 1326 286 Mneexxxix,
1347 243 1552 288 pontificatus
1570 243 1673 277 nostri
1692 254 1747 276 an-

217 300 342 334 dolibet
376 300 553 333 innodatus
585 300 709 340 existit,
736 300 775 333 ad
809 299 959 333 effectum

216 353 438 397 praesentium
473 353 638 386 dumtaxat
670 353 961 396 consequendum,

216 407 331 439 harum
360 406 445 439 serie
472 407 679 439 absolventes
713 411 744 439 et
776 406 960 438 absolutum

217 461 287 493 sore
318 465 500 500 censentes,
528 459 715 492 huiusmodi
749 459 962 502 supplicatio-

216 513 310 546 nibus
337 513 497 553 inclinati,
516 513 554 546 de
581 513 801 556 praefatorum
826 522 962 544 venera-

218 567 333 599 bilium
360 567 492 599 fratrum
517 572 704 599 nostrorum
727 566 758 598 S.
778 565 812 597 [l.
829 565 862 597 E.
888 575 959 597 cara

220 619 375 652 dinalium
415 619 555 661 negotiis
597 624 629 651 et
668 618 962 652 consultationibus

218 671 451 716 episcoporum
477 677 506 703 et
532 671 741 713 regularium,
768 671 820 714 qui
852 676 960 703 votum

219 725 327 758 dilecti
366 724 422 757 filii
455 724 558 757 nostri
595 723 625 756 S.
648 724 683 756 R.
703 723 737 756 E.
776 723 961 766 praedictae

217 778 390 811 cardinalis
417 777 455 810 de
480 777 536 810 Via
568 778 768 820 nuncupati,
805 777 843 809 ad
870 777 958 809 eius-

217 831 304 864 modi
330 831 500 874 negocium
529 830 778 863 examinandum
804 831 960 873 deputati,

216 884 439 924 attenderunt,
467 884 618 923 consilio,
642 884 785 927 praefata
819 884 959 925 decreta,

217 938 452 977 ordinationes,
471 937 739 977 deliberationes,
759 937 959 970 constitutio-

216 1001 276 1024 nes
302 996 333 1023 et
358 990 519 1030 mandata,
539 1001 612 1023 cum
639 990 788 1023 omnibus
813 990 889 1023 inde
915 1001 961 1023 sc—

217 1044 301 1077 cutis
317 1049 347 1076 et
364 1043 550 1086 sequendis,
571 1044 748 1076 dummodo
769 1049 875 1076 tamen
897 1043 961 1076 sint

217 1097 307 1131 licita
332 1103 364 1130 et
396 1098 545 1136 honesta,
584 1097 748 1139 sacrisque
783 1097 960 1130 canonibus

218 1157 250 1184 et
274 1151 410 1184 Concilii
437 1150 616 1184 Tridentini
644 1151 782 1183 decretis
815 1161 851 1183 ac
884 1161 960 1184 con-

218 1204 441 1237 stitutionibus
456 1204 645 1247 apostolicis
659 1214 722 1237 non
737 1204 960 1244 adversentur,

219 1257 397 1300 apostolica
433 1256 635 1296 auctoritate,
663 1262 777 1289 tenore
807 1267 961 1299 praesen-

218 1311 318 1351 tium,
346 1309 575 1344 confirmamus
600 1315 632 1343 et
656 1310 898 1353 approbamus,
926 1310 961 1344 il-

218 1364 323 1408 lisque
349 1363 547 1396 inviolabilis
576 1363 776 1407 apostolicae
804 1363 962 1396 firmitatis

219 1419 320 1451 robur
345 1417 537 1458 adiicimus3
576 1417 660 1450 salva
699 1422 808 1450 tamen
834 1427 963 1460 semper

220 1472 252 1504 in
279 1471 465 1514 praemissis
483 1471 675 1504 auctoritate
693 1470 961 1513 Congregationis

221 1525 411 1558 eorumdem
437 1525 665 1558 cardinalium.

266 1577 331 1621 §3
360 1578 588 1618 Decernentes‚
617 1578 757 1618 decreta,
783 1578 965 1611 ordinatio-

337 1631 607 1670 deliberationcs,
644 1631 893 1664 constitutiones
934 1637 964 1664 et

221 1685 384 1723 mandata,
411 1695 447 1717 ac
471 1690 661 1727 praesentes
686 1685 811 1717 litteras
845 1685 962 1725 sirmas,

222 1738 344 1771 validas
382 1743 412 1771 et
451 1738 594 1771 efficaces
635 1738 772 1771 existere
813 1743 845 1771 et
885 1739 964 1778 sore,

222 1801 366 1834 suosque
403 1791 570 1834 plenarios
596 1796 627 1824 et
652 1791 795 1834 integros
833 1790 965 1824 ell'ectus

222 1844 331 1878 sortiri
369 1849 401 1877 et
437 1844 591 1883 obtineri,
631 1855 666 1877 ac
703 1845 778 1884 illis,
809 1845 845 1877 ad
884 1855 965 1888 quos

221 1902 346 1942 spectat
372 1902 403 1930 et
428 1907 487 1940 pro
515 1902 662 1940 tempore
689 1898 964 1941 quandocumque

222 1950 392 1995 spectabit,
410 1950 601 1994 plenissime
620 1949 789 1993 suffragari
808 1956 838 1984 et
856 1951 895 1984 ab
918 1951 964 1984 eis

223 2004 403 2048 respective
429 2004 665 2037 inviolabiliter
690 2005 869 2045 observari,
905 2005 966 2037 sic-

223 2068 286 2102 que
311 2058 344 2090 in
370 2057 569 2101 praemissis,
588 2068 649 2101 per
674 2068 897 2102 quoscumque
923 2058 966 2090 iu-

224 2111 296 2144 dice
321 2110 504 2143 ordinarios
523 2115 553 2143 et
570 2111 750 2153 delegatos,
770 2111 865 2144 etiam
892 2122 967 2144 cau-

223 2174 330 2196 sarum
356 2162 466 2206 palatii
493 2163 663 2206 apostollci
690 2164 866 2205 auditores,
884 2164 967 2198 iudi-

223 2217 288 2249 cari
315 2221 345 2249 et
371 2216 502 2249 definiri
538 2216 671 2256 debere,
711 2228 747 2250 ac
784 2218 910 2250 irritum
937 2224 968 2251 et

223 2270 321 2303 inane
347 2270 371 2303 si
406 2279 498 2302 secus
529 2279 628 2312 super
661 2270 712 2302 liis
739 2280 755 2302 a
781 2281 966 2314 quoquam,

224 2323 335 2367 quavis
361 2323 562 2362 auctoritate,
582 2323 724 2355 scienter
749 2324 796 2356 vel
820 2323 968 2366 ignoran-

225 2383 287 2417 ter,
316 2377 491 2419 contigerit
522 2375 683 2409 attentari.
710 2376 741 2408 In
769 2378 967 2410 contrarium

226 2430 419 2463 facientibus
442 2439 506 2462 non
531 2429 736 2462 obstantibus
763 2430 969 2473 quibuscum-

225 2493 301 2527 que.

269 2536 380 2569 Datum
406 2535 541 2576 Romae,
574 2536 660 2579 apud
694 2536 723 2569 S.
749 2536 879 2569 Mariam
904 2536 968 2570 Ma-

225 2590 340 2631 iorem,
380 2590 439 2622 sub
477 2590 598 2623 annulo
625 2589 809 2631 Piscatods,
843 2589 894 2623 die
919 2600 969 2624 xxi

79 1589 170 1615 lllaque,
190 1588 209 1608 in

29 1616 96 1640 iisque
131 1617 210 1635 statuta

29 1648 48 1667 p.
57 1645 130 1668 rpetuo
150 1648 211 1667 prae·
222 1642 278 1664 nes
288 1659 295 1672 ‚

29 1669 80 1695 cipit
95 1668 211 1689 observari.

1004 311 1046 333 110
1073 311 1114 334 lx.

1041 362 1100 389 Dat.
1122 362 1165 389 die
1186 362 1214 388 ⁶21
1239 361 1327 389 martii
1350 362 1427 394 1739,
1449 361 1545 396 pontis.
1567 369 1636 388 anno
1656 369 1694 388 ix.

1319 504 1444 538 CCLlll.

1006 583 1176 616 Decretum
1201 584 1238 617 (Ic
1263 584 1375 617 ordine
1399 584 1556 617 servando
1582 585 1617 616 in
1642 594 1749 616 recur-

1049 637 1137 669 sibus
1173 637 1332 679 faciendis
1369 648 1388 669 a
1419 638 1580 679 fratribus
1614 636 1750 670 Ordinis

1048 690 1155 722 sancti
1189 690 1362 723 Francisci
1397 690 1564 723 Minorum
1601 691 1747 725 Conven-

1053 744 1206 776 lucilium.

1218 821 1356 848 clemens
1379 822 1458 855 Papa
1477 822 1540 854 xn,

1147 866 1183 892 ad
1203 866 1340 893 futuram
1360 865 1405 893 rei
1425 866 1610 893 memoriam.

1048 937 1088 969 Ex
1117 937 1261 970 iniuncto
1287 937 1381 970 nobis
1418 938 1616 980 apostolicae
1650 937 1750 971 servi·
1788 945 1908 966 Exordium-

1005 990 1081 1023 tutis
1107 1000 1240 1023 munere
1268 991 1306 1023 ad
1333 1000 1369 1023 ea
1394 991 1576 1033 peculiares
1593 991 1751 1024 sollicitu-

1004 1043 1088 1077 dinis
1115 1049 1248 1076 nostrae
1265 1054 1358 1076 curas
1376 1044 1519 1077 libenter
1537 1044 1751 1077 intendimus,

1004 1107 1087 1140 quae
1106 1097 1189 1130 selici
1209 1096 1470 1129 christifidelium
1489 1097 1588 1129 divini
1608 1096 1750 1129 numinis

1004 1150 1174 1193 obsequiis
1193 1150 1252 1182 sub
1271 1150 1359 1182 suavi
1379 1149 1549 1191 religionis
1568 1150 1643 1192 iugo
1663 1160 1752 1182 man-

1004 1203 1185 1246 cipatorum
1212 1201 1363 1245 regimini
1397 1206 1494 1245 atque
1520 1202 1750 1245 tranquillitati

1005 1255 1223 1288 conducibilia
1241 1256 1309 1288 sore
1328 1255 1360 1287 in
1378 1255 1516 1288 Domino
1542 1255 1748 1288 arbitramur.

1048 1309 1119 1351 §L
1153 1308 1277 1352 Exponi
1313 1308 1476 1351 siquidem
1511 1308 1606 1341 nobis
1644 1319 1752 1352 nuper
1788 1320 1945 1346 suueumpo.

1005 1362 1155 1396 fecerunt
1191 1362 1302 1395 dueeu
1340 1362 1397 1395 filu
1424 1362 1511 1395 Felix
1539 1363 1682 1406 Angelus
1707 1350 1825 1396 Si-”¹tur>

1006 1416 1087 1457 dori,
1125 1415 1263 1449 vicarius
1300 1415 1507 1458 apostolicus,
1544 1421 1576 1449 et
1611 1416 1750 1450 loannes

1004 1469 1147 1513 Baptista
1172 1469 1320 1510 Minucci‚
1359 1475 1552 1513 procurator
1584 1470 1749 1513 generalis

1005 1523 1134 1557 Ordinis
1161 1523 1295 1556 fratrum
1315 1523 1474 1556 Minorum
1500 1524 1601 1556 sancti
1620 1524 1752 1557 Franci-

1006 1577 1051 1610 sci
1074 1576 1342 1610 Conventualium
1360 1582 1635 1619 nuncupatorum,
1654 1577 1750 1620 quod,

1007 1631 1084 1663 lieet
1097 1640 1156 1674 per
1169 1629 1418 1663 constitutiones
1434 1629 1580 1662 Urbanas
1599 1630 1676 1662 dicti
1694 1630 1751 1663 Or-

1008 1684 1103 1724 dinis,
1126 1694 1199 1726 cap.
1219 1695 1246 1722 x,
1268 1683 1317 1716 tit.
1337 1693 1371 1722 11,
1397 1693 1487 1715 num.
1508 1693 1564 1723 vu,
1591 1684 1751 1726 praescri-

1008 1743 1098 1780 ptum
1120 1736 1321 1779 reperiatur,
1348 1746 1482 1779 nempe:
1514 1747 1527 1767 ‹
1555 1738 1751 1770 sacrosancti

1008 1795 1182 1832 propterea
1217 1788 1349 1822 Concilii
1387 1788 1569 1821 Tridentini
1606 1789 1752 1832 vestigiis

1007 1842 1212 1875 inhaerendo
1239 1842 1448 1875 decernimus
1479 1847 1512 1874 et
1541 1843 1750 1883 mandamus,

1008 1902 1042 1928 ut
1075 1895 1156 1939 (nisi
1186 1906 1222 1929 ex
1257 1895 1366 1939 aliqua
1392 1895 1518 1928 ratione
1545 1907 1561 1928 a
1587 1896 1656 1929 iure
1681 1908 1753 1941 per-

1008 1950 1105 1983 missa
1141 1960 1236 1983 causa
1272 1949 1351 1982 alias
1389 1949 1604 1993 devolvatur)
1636 1960 1752 1984 causae

1008 2014 1129 2043 omnes,
1165 2014 1248 2048 quae
1276 2003 1458 2046 guardiano
1491 2009 1692 2047 competunt,
1719 2004 1752 2037 in

1008 2058 1113 2101 prima
1139 2057 1291 2090 instantia
1321 2057 1360 2090 ab
1395 2068 1447 2097 eo,
1475 2056 1505 2089 in
1534 2058 1678 2091 secunda
1705 2059 1753 2091 in-

1008 2111 1125 2143 stantia
1144 2122 1160 2144 a
1179 2110 1333 2143 ministris
1352 2110 1608 2154 provincialibus
1628 2113 1676 2145 vel
1699 2123 1753 2146 co-

1010 2164 1155 2197 rumdem
1183 2163 1426 2204 commissaliis,
1452 2164 1484 2197 in
1512 2165 1605 2198 tertia
1622 2165 1753 2198 demum

1010 2229 1026 2249 a
1053 2217 1198 2260 generali
1233 2217 1384 2250 ministro
1418 2219 1466 2250 vel
1503 2218 1572 2251 eius
1604 2219 1753 2251 commis-

1010 2271 1102 2303 sariis
1128 2275 1368 2313 cognoscantur
1394 2282 1425 2310 iv,
1452 2281 1578 2304 necnon
1608 2272 1752 2313 generali

1012 2324 1145 2357 decreto
1178 2324 1296 2357 dudum
1336 2335 1353 2356 a
1379 2324 1640 2367 Congrcgatione
1678 2330 1753 2357 tunc

1012 2378 1217 2411 existentium
1243 2378 1274 2410 S.
1296 2377 1332 2409 R.
1353 2377 1387 2409 E.
1415 2378 1626 2409 cardinalium
1654 2388 1754 2420 nego-

1012 2430 1063 2462 tiis
1089 2435 1121 2463 et
1145 2429 1443 2463 consultationibus
1464 2430 1691 2473 episcoporum
1723 2438 1754 2464 et

1011 2483 1210 2525 regularium
1237 2484 1425 2526 praeposita
1456 2483 1545 2515 iussu
1572 2483 1674 2516 lclicis
1702 2495 1753 2517 re-

1012 2536 1209 2569 cordationis
1241 2536 1319 2569 Sixt't
1345 2536 1404 2569 Pr.
1431 2536 1454 2567 V
1489 2537 1753 2580 praedecessoris

1012 2590 1118 2623 nostri
1157 2590 1245 2623 edito
1282 2594 1433 2623 caveatur
1469 2600 1631 2633 expresse,
1664 2592 1752 2636 quod
