2232 3178
287 236 337 265 An.
357 234 385 263 C.
405 235 471 263 1738

321 2229 350 2249 Do

391 2202 408 2221 ί.

375 2228 460 2249 ‹nrtlilaen

517 227 582 261 434
1063 235 1245 260 nuLLAniun

480 285 657 323 modantur,
692 293 758 314 cum
781 284 971 314 annotatione
1000 284 1057 315 diei
1073 309 1080 323 ,
1112 283 1222 314 mensis
1242 286 1244 307 t

481 339 509 364 et
531 334 611 363 anni.
636 333 698 363 Non
722 333 827 372 poterit
850 337 946 363 tamen
971 333 1116 371 minister,
1135 333 1222 362 etiam

482 383 608 421 capitulo
638 382 826 411 conventuali
849 383 1069 420 consentiente,
1095 382 1223 411 alienare
1243 402 1245 410 ,

482 432 609 471 aliquem
633 431 677 461 vel
705 431 819 469 aliquos
841 430 945 468 libros,
979 431 1036 460 nisi
1070 431 1129 460 sint
1160 431 1245 460 inu-t

482 481 548 509 tiles
571 484 598 509 et
620 489 672 519 pro
695 479 815 509 utilibus
839 484 1054 519 permutentur.
1088 480 1168 515 Quod
1199 479 1222 510 si

484 539 569 559 secus
593 529 704 563 t'eeerit,
729 538 842 568 poenae
868 528 972 568 culpae
1002 529 1098 567 gravis
1128 528 1224 558 subia-

483 583 558 608 ceat.

522 635 562 655 ιιι.
589 625 673 655 Pater
696 625 907 664 provincialiS,
932 625 1048 665 quando
1081 626 1124 655 illi
1159 634 1225 655 con-

483 675 602 704 veniens
631 674 724 704 visum
747 674 854 713 suerit,
879 679 974 713 potest
1005 675 1164 705 concedere
1191 675 1226 704 li-

484 724 612 753 centiam
634 723 769 761 religioso
793 728 825 753 ut
849 733 946 753 secum
964 723 1069 753 habeat
1088 728 1115 753 et
1132 728 1225 762 portet

484 772 518 801 ad
552 782 635 802 usum
667 772 775 802 librum
799 772 926 811 aliquem
958 773 1153 812 spiritualem,
1185 772 1226 802 bi-

484 821 572 851 bliam
597 831 727 861 parvam,
746 825 773 851 et
790 821 995 861 compendium
1019 831 1138 852 casuum
1159 831 1227 851 con-

485 870 634 900 scientiae.
659 870 716 900 Nec
739 870 829 899 libros
851 870 923 899 alios
943 871 1049 910 poterit
1071 871 1226 910 quisquam

488 929 586 949 secum
611 924 739 958 portare,
764 919 820 948 nisi
852 919 887 948 de
917 919 1033 948 licentia
1065 920 1227 949 definitoris

486 969 677 1009 provincialis
700 968 745 997 vel
767 968 812 997 sui
835 968 995 1007 superioris
1017 968 1176 1006 generalis.

525 1027 564 1047 iv.
589 1017 711 1047 Codices
741 1016 856 1055 aliaque
886 1017 1084 1055 manuscripta
1112 1017 1228 1055 religio-

485 1076 584 1096 sorum
621 1067 827 1096 defunctorum
861 1066 890 1096 in
916 1066 1097 1096 bibliotheca
1126 1066 1228 1095 domus

484 1116 573 1149 illius,
598 1115 627 1144 in
651 1124 707 1154 qua
730 1115 886 1153 decedunt,
911 1115 955 1145 vel
978 1116 1007 1145 in
1031 1115 1161 1145 archivio
1181 1124 1228 1154 ge-

484 1165 578 1194 nerali
600 1164 716 1194 Ordinis
739 1168 930 1202 reponantur.
1065 1201 1068 1205 .

524 1222 550 1242 v.
574 1213 715 1251 Denique,
732 1212 785 1241 sub
802 1213 902 1242 eodem
926 1217 1080 1252 praecepto
1097 1217 1228 1252 utsupra

485 1272 567 1292 num.
592 1272 632 1300 n,
657 1262 854 1300 praecipimus
885 1267 916 1292 ut
940 1262 1037 1292 nullus
1060 1263 1193 1292 extrahat
1215 1272 1228 1292 a

485 1311 663 1341 bibliotheca
679 1311 807 1350 aliquem
826 1311 870 1339 vel
887 1311 1001 1350 aliquos
1024 1311 1125 1350 libros,
1145 1311 1231 1351 quin-

487 1365 579 1396 terna,
603 1360 729 1395 codices,
754 1360 798 1388 vel
822 1360 1040 1398 manuscripta,
1065 1360 1175 1400 absque
1198 1361 1230 1391 li-

486 1409 583 1438 centia
606 1408 740 1447 praelati.
764 1408 904 1438 Similiter
934 1409 1070 1438 omnibus
1093 1410 1231 1448 praelatis

486 1458 706 1497 praecipimus,
731 1456 785 1486 sub
815 1457 915 1486 eodem
953 1463 1128 1497 praecepte,
1153 1459 1229 1497 quod

486 1515 582 1545 neque
604 1506 660 1535 sibi
683 1514 843 1543 reservare,
875 1515 969 1545 neque
996 1506 1081 1536 alteri
1104 1507 1231 1536 audeant

487 1555 647 1585 concedere
678 1555 876 1594 manuscripta
900 1555 1106 1593 religiosorum
1130 1556 1231 1585 defun-

487 1608 612 1634 ctorum.
644 1603 809 1641 Religiosus
840 1608 935 1633 autem
965 1604 1133 1641 extrahens,
1157 1605 1232 1634 noti-

488 1654 558 1683 tiam
582 1653 718 1692 praebeat
740 1653 975 1691 bibliothecario,
993 1658 1021 1683 et
1038 1654 1173 1683 similiter
1196 1654 1230 1683 il-

488 1703 548 1732 lum
583 1706 771 1741 praemoneat
802 1706 834 1731 ut
864 1702 982 1740 colligat
1004 1706 1031 1732 et
1061 1702 1090 1731 in
1126 1702 1231 1732 biblio-

489 1752 575 1782 theca
610 1756 732 1790 reponat
765 1751 855 1780 libros
890 1755 917 1781 et
951 1755 1049 1781 cetera
1084 1752 1118 1781 ad
1152 1752 1231 1781 illam

489 1800 662 1840 spectantia,
688 1800 803 1839 quando
831 1800 893 1839 ipse
925 1800 1082 1838 religiosus
1115 1801 1231 1839 longam

488 1850 649 1880 absentiam
673 1860 687 1879 a
711 1854 854 1879 conventu
876 1850 971 1879 facere
994 1850 1119 1880 intendit
1142 1851 1186 1880 vel
1203 1851 1232 1880 in

489 1899 578 1929 alium
603 1900 719 1938 migrat.

665 1975 812 1999 REGULAE
831 1975 931 1999 CAPUT
950 1976 1055 1999 XXXIX·

529 2026 642 2044 nemorale
657 2026 782 2047 capitutum
797 2025 825 2044 de
839 2025 941 2043 triennio
955 2025 979 2043 tn
1000 2025 1132 2048 triennium,
1148 2026 1195 2045 etc.

490 2075 586 2106 CAPUT
610 2085 707 2106 xxxui.
726 2093 760 2097 ——
783 2076 822 2106 De
840 2076 968 2115 familiis,
986 2086 1082 2106 earum
1104 2077 1234 2117 capitulis

598 2125 789 2163 generalibus,
813 2129 837 2153 et
859 2126 1122 2163 conyregatzsson-'bus.

530 2197 550 2218 1.
580 2187 611 2217 ln
646 2188 748 2217 nostra
782 2187 924 2225 religione
953 2188 1121 2217 excalceat&
1148 2193 1234 2219 erunt

489 2237 563 2267 duae
586 2237 727 2272 familiae,
752 2236 781 2265 in
805 2245 877 2275 quas
900 2241 977 2266 totus
1000 2238 1098 2267 veniat
1117 2238 1235 2267 nniver-

489 2286 558 2315 salis
586 2284 663 2315 Ordo
694 2285 825 2314 divisus:
860 2295 983 2324 quarum
1017 2296 1073 2315 una
1106 2286 1234 2316 denomi-

488 2335 606 2365 nabitur
628 2334 866 2373 intra-Hispana,
891 2339 918 2364 et
940 2335 1166 2374 extra-Hispana
1195 2336 1235 2365 al-

490 2387 569 2413 tera:
594 2388 717 2422 utraque
741 2383 796 2412 erit
818 2383 871 2412 sub
894 2383 1006 2412 titulari
1030 2383 1085 2413 sibi
1109 2384 1212 2413 electo.

528 2441 560 2462 ιι.
584 2432 623 2461 Ex
649 2433 693 2461 liis
716 2431 830 2461 duabus
861 2432 980 2461 familiis
1003 2441 1079 2461 unns
1102 2432 1234 2462 minister

490 2481 634 2520 generalis
662 2481 691 2510 in
723 2485 809 2520 caput
833 2485 860 2510 et
892 2490 991 2510 earum
1020 2481 1153 2521 superior
1184 2482 1235 2511 eli-

490 2531 601 2569 gendus
626 2535 679 2568 est,
697 2535 725 2559 et
742 2535 838 2569 postea
855 2531 1072 2560 commissarius
1088 2531 1234 2569 generalis

492 2579 521 2608 in
545 2579 726 2618 superiorem
760 2579 925 2617 generalem
957 2580 1083 2609 familiae
1112 2580 1145 2610 de
1178 2590 1232 2619 qua

493 2628 628 2658 minister
660 2628 806 2667 generalis
842 2638 901 2659 non
934 2628 1022 2659 suerit
1054 2634 1233 2669 assumptus,

1271 233 1428 259 ROMANUM

1264 283 1339 313 itaut
1360 283 1494 313 ministro
1517 284 1664 324 generali,
1691 289 1841 325 tamquam
1864 287 2008 326 superiori

1265 332 1396 361 omnium
1412 356 1419 369 ,
1444 333 1665 363 commissarius
1687 334 1834 372 generalis
1864 339 1892 365 et
1919 335 2008 366 ceteri

1266 389 1367 411 omnes
1390 381 1539 411 humiliter
1562 386 1683 421 pareant
1705 386 1733 412 et
1755 382 1901 417 obediant,
1925 384 2006 423 quin,

1266 429 1319 458 sub
1343 432 1437 468 poena
1460 432 1701 470 transgressionis
1735 431 1933 469 obedientiae,
1956 433 2009 463 ulli

1267 483 1431 509 ceterorum
1464 490 1517 510 nec
1550 481 1601 510 toti
1634 481 1800 511 definitorio
1828 482 1947 511 alterius
1969 482 2010 512 sa-

1267 527 1365 558 miliae
1388 528 1473 558 liceat
1494 529 1631 559 resistere
1654 530 1734 559 illius
1756 530 1910 568 mandatiS,
1928 539 2010 569 prae-

1268 576 1366 605 sertim
1398 581 1462 616 post
1494 578 1650 607 secundam
1684 578 1866 616 iussionem,
1890 578 1921 607 in
1953 588 2009 618 qua

1267 634 1406 663 expressa
1439 625 1475 655 sit
1507 626 1656 655 clausula:
1696 637 1707 655 ι(
1733 635 1790 655 non
1826 625 2010 657 obstantibus

1268 673 1325 711 his,
1343 683 1416 712 qnae
1433 674 1517 704 nobis
1532 675 1685 713 exposita¹
1701 679 1768 704 sunt
1784 685 1812 713 )),
1830 675 1945 714 quando
1961 684 2011 705 ex-

1269 723 1360 761 posita
1383 723 1548 752 referantur
1570 723 1604 753 ad
1627 723 1764 753 litteram.

1309 781 1348 801 ιιι.
1372 772 1513 802 Similiter
1535 781 1586 801 sua
1603 772 1713 802 familia
1728 772 1846 802 obedire
1865 772 2011 803 tenebitur

1269 829 1321 849 suo
1354 820 1553 850 commissario
1584 821 1712 858 generali
1741 821 1791 860 qui
1820 821 1863 850 vel
1894 821 2012 851 iurisdi-

1271 869 1367 898 ctione
1390 869 1541 899 ordinaria
1564 869 1608 899 vel
1630 869 1760 908 delegata
1784 870 1814 899 in
1830 869 1928 909 aliquo
1943 879 2012 900 casu

1271 918 1446 956 gubernium
1479 919 1566 948 totius
1589 919 1715 948 familiae
1748 922 1843 957 tenet,
1867 919 1938 958 quin
1959 919 2012 949 im-

1275 967 1367 1006 pediri
1391 977 1444 997 uec
1467 967 1610 997 retardari
1634 968 1724 1007 possit
1747 967 1781 997 ab
1797 968 1906 1007 aliquo,
1926 978 2013 1008 quam

1275 1016 1310 1046 ab
1333 1016 1463 1046 omnium
1486 1016 1639 1056 superiore
1662 1016 1795 1046 ministro
1817 1017 1948 1056 generali
1962 1017 2014 1048 Or-

1274 1065 1360 1095 dinis.

1312 1123 1351 1143 iv.
1375 1114 1411 1144 Ut
1435 1123 1550 1153 semper
1565 1123 1597 1144 ac
1613 1115 1720 1144 futuris
1736 1115 1932 1154 temporibus,
1950 1115 2013 1146 sine

1273 1163 1397 1192 alicuius
1429 1163 1554 1193 familiae
1587 1164 1647 1193 sive
1679 1163 1830 1202 religionis
1866 1173 2014 1195 murmure

1274 1217 1323 1242 aut
1346 1212 1477 1251 querela,
1499 1213 1596 1242 unitas
1610 1213 1619 1229 ²
1641 1213 1792 1251 religionis
1814 1213 1867 1243 sub
1889 1223 1947 1244 uno
1970 1223 2015 1244 ca-

1274 1261 1331 1300 pite
1354 1269 1526 1300 permanere
1543 1262 1631 1301 possit
1654 1266 1681 1291 et
1704 1261 1818 1296 debeat,
1836 1263 1865 1292 in
1884 1262 2016 1301 proxima,

1275 1311 1370 1339 sutura
1393 1310 1535 1340 electione
1558 1311 1684 1340 ministri
1713 1311 1858 1349 generalis
1882 1311 2015 1342 facienda

1274 1361 1356 1388 iuxta
1379 1364 1508 1389 sanctam
1532 1360 1662 1397 regulam
1693 1360 1845 1398 eligendus
1876 1364 1904 1390 et
1933 1369 2015 1391 assu-

1275 1408 1397 1437 mendus
1425 1413 1469 1438 est
1502 1408 1531 1437 in
1555 1409 1608 1438 hoc
1641 1418 1746 1438 munus
1779 1409 1856 1439 tilius
1888 1409 2015 1440 familiae

1275 1457 1438 1496 Hispanae,
1473 1461 1502 1486 et
1535 1457 1564 1486 in
1587 1458 1820 1487 commissarium
1849 1458 2016 1496 generalem

1275 1506 1396 1535 alterins
1428 1505 1569 1544 familiae,
1604 1507 1717 1537 scilieet
1749 1507 2015 1547 extra-Hispanae,

1276 1555 1468 1584 assumendus
1490 1560 1532 1584 est
1556 1555 1633 1585 tilius
1656 1556 1730 1585 eius.

1315 1611 1342 1632 v.
1364 1603 1459 1633 Finito
1482 1604 1621 1633 sexennio
1654 1608 1717 1644 post
1750 1604 1928 1643 praedictam
1959 1605 2018 1645 pri-

1276 1661 1352 1681 mam
1386 1652 1557 1682 electionem
1584 1654 1711 1683 futuram
1741 1654 1893 1692 eligendus
1922 1658 1966 1684 est
1986 1654 2018 1685 in

1277 1701 1443 1730 ministrum
1477 1703 1642 1740 generalem
1666 1702 1783 1732 Ordinis
1816 1703 1894 1733 tilius
1922 1708 2017 1734 extra-

1277 1749 1423 1788 Hispanae
1445 1750 1587 1788 familiae,
1612 1755 1639 1780 et
1662 1751 1691 1780 in
1714 1750 1947 1781 commissarium
1970 1762 2019 1791 ge-

1278 1799 1405 1828 neralem
1444 1808 1495 1838 pro
1533 1801 1587 1829 sua
1624 1800 1735 1830 familia
1778 1800 1854 1830 silius
1890 1801 2017 1832 familiae

1278 1847 1433 1887 Hispanae.

1317 1906 1356 1927 vt.
1380 1898 1438 1927 Hac
1461 1907 1575 1937 semper
1597 1897 1798 1928 vicissitudine
1825 1898 2017 1938 imposterum

1278 1947 1327 1976 fiat
1349 1948 1451 1977 electio
1473 1948 1600 1977 ministri
1622 1948 1768 1986 generalis
1784 1947 1902 1979 Ordinis
1924 1949 1954 1979 in
1973 1958 2019 1979 ca-

1279 1996 1370 2036 pitulo
1391 1997 1530 2035 generali.

1318 2054 1367 2074 vn.
1390 2045 1419 2075 Si
1449 2045 1572 2076 durante
1601 2046 1741 2075 sexennio
1774 2046 1940 2076 ministrum
1970 2056 2019 2085 ge-

1279 2094 1405 2124 neralem
1429 2094 1546 2124 Ordinis
1580 2095 1652 2124 mori
1682 2095 1849 2133 contingat,
1883 2096 1928 2126 vel
1961 2096 2020 2126 alia

1279 2143 1380 2181 quavis
1413 2144 1501 2172 causa
1533 2143 1596 2172 eius
1628 2143 1756 2173 officinm
1790 2145 1955 2183 vacaverit,
1984 2153 2019 2174 ex

1279 2192 1381 2221 eadem
1405 2193 1517 2222 familia
1540 2193 1692 2231 eligendus
1715 2197 1758 2222 est
1781 2193 1907 2223 vicarius
1934 2203 2020 2232 gene-

1280 2241 1347 2270 ralis
1364 2241 1498 2277 Ordinis,
1520 2242 1581 2280 qui,
1598 2246 1719 2280 excepto
1736 2242 1853 2271 nomine
1878 2242 2017 2279 ministri,

1279 2290 1307 2319 in
1331 2290 1466 2320 omnibus
1499 2296 1527 2320 et
1558 2300 1608 2330 per
1631 2292 1726 2321 omnia
1750 2291 1879 2321 eamdem
1903 2291 2021 2322 iurisdi-

1279 2339 1404 2368 ctionem
1427 2343 1454 2369 et
1478 2340 1737 2378 praeeminentiam
1760 2340 1867 2370 habere
1889 2340 2020 2371 debetae

1280 2388 1411 2417 minister
1424 2389 1570 2425 generalis
1586 2388 1736 2419 babuerat.
1759 2389 1793 2419 Et
1808 2389 1870 2419 eius
1892 2389 2018 2419 officium

1279 2436 1396 2465 durabit
1418 2437 1567 2467 dumtaxat
1589 2447 1680 2477 usqne
1703 2438 1732 2467 in
1755 2438 1843 2467 finem
1860 2438 1939 2468 illius
1955 2448 2020 2468 sex-

1280 2485 1375 2522 ennii,
1400 2495 1435 2515 ne
1459 2486 1589 2524 privetur
1610 2486 1719 2516 familia
1751 2487 1901 2526 superiore
1933 2496 2019 2526 gene-

1316 2593 1325 2618 1
1350 2591 1421 2618 Edit.
1441 2591 1521 2618 Main.
1543 2591 1608 2626 legit
1627 2593 1773 2627 expositae
1793 2593 1834 2627 (R.
1850 2593 1900 2627 Τ.).

1315 2635 1331 2662 2
1350 2635 1423 2664 Edit.
1444 2635 1524 2663 Main.
1546 2636 1613 2671 legit
1632 2637 1758 2665 unitatis
1778 2637 1815 2674 (R.
1831 2637 1881 2672 Τ.).

2013 240 2062 268 An.
2083 241 2111 271 C.
2127 244 2202 278 ¹7³8:
