2232 3178
258 242 307 269 An.
328 241 357 268 c.
378 241 445 269 ¹735
492 233 533 266 74

451 291 667 334 reperiantur,
697 290 789 323 sicuti
817 290 901 322 iuxta
927 293 1048 323 asserta
1074 299 1188 322 eornm

452 344 619 387 privilegia
645 355 726 387 opus
752 343 845 376 fuisse
871 343 979 375 aiunt:
1002 342 1096 375 nobis
1115 352 1190 385 pro-

452 403 561 440 pterca
587 397 769 440 praedictus
804 395 991 439 patriarcha
1024 395 1191 428 humiliter

451 451 625 493 supplicari
663 450 738 482 fecit
774 454 809 481 ut
844 449 876 481 in
913 449 1098 492 praemissis
1134 459 1190 491 op-

451 510 589 546 portune
615 503 786 546 providere
813 503 851 535 ‹le
877 503 1081 545 benignitate
1113 513 1186 546 apo-

451 557 565 589 stolica
591 557 813 597 dignarentur.

493 610 562 652 §3
589 609 650 642 Nos
688 609 809 651 igitur,
844 609 947 652 ipsius
985 610 1189 652 patriarchae

293 655 296 667 '
331 655 345 667 ‘¹
368 656 528 696 ,Τι”.ἷᾞῗνυῐίε
556 663 615 695 hac
639 663 671 694 in
699 674 744 703 rc,
770 668 927 706 quantum
954 673 1025 694 cuin
1052 663 1189 696 Domino

268 705 306 748 '1¹11
356 709 436 747 issi?
449 727 628 759 possumus,
641 716 861 748 favorabiliter
875 726 1018 747 annuere
1033 717 1189 757 volentes,

448 780 585 812 euinque
611 781 628 802 a
646 769 813 812 quibusvis
833 769 1189 809 cxcoininnnicationis‚

448 823 670 866 suspensionis
691 828 722 855 et
738 822 914 862 interdicti,
933 823 1071 866 aliisque
1086 823 1190 855 cccle-

448 876 585 909 siasticis
611 876 790 915 sententiis,
817 876 962 908 censuris
981 881 1012 908 et
1029 876 1153 918 poenis,
1173 888 1190 909 a

449 929 517 961 iure
544 929 591 962 vel
616 929 654 961 ab
681 928 814 961 bomine
835 955 842 967 ‚
870 929 981 971 quavis
1016 929 1189 962 occasione

449 985 498 1016 vel
525 984 618 1015 causa
643 982 734 1021 latis,
757 981 782 1014 si
804 982 921 1025 quibus
943 983 1190 1025 quomodolibet

448 1037 622 1069 innodatus
649 1035 774 1074 existit,
801 1036 840 1068 ad
867 1035 1020 1069 effectum
1041 1047 1191 1079 praescn-

449 1090 528 1122 tium
553 1090 720 1123 dumtaxat
745 1089 1014 1132 consequendum
1032 1116 1039 1129 ‚
1074 1090 1189 1122 harum

447 1144 533 1177 serie
559 1143 764 1176 absolventes
782 1148 813 1176 et
830 1143 1016 1176 absolutum
1034 1143 1103 1176 sore
1121 1154 1192 1176 cen-

447 1202 578 1237 sentes,
607 1196 794 1229 huiusmodi
821 1196 1118 1239 supplicationibus
1144 1196 1191 1229 in—

448 1250 583 1290 clinati,
611 1260 724 1282 omnes
750 1254 782 1282 et
817 1250 963 1292 singulos
994 1250 1188 1292 regulares,

448 1304 669 1346 praefatorum
695 1313 871 1345 regnorum
907 1302 1125 1345 Portugalliae
1160 1307 1191 1335 et

447 1357 686 1399 Algarbiorum,
705 1357 803 1389 etiarn
826 1357 900 1389 dicti
920 1356 1144 1390 Cisterciensis
1162 1362 1192 1389 et

445 1410 677 1453 cuiuscumque
703 1410 835 1442 alterius
859 1409 997 1449 Ordinis,
1013 1420 1190 1452 congrega-

448 1464 553 1504 tionis,
580 1463 741 1496 societatis
757 1469 787 1496 ct
801 1463 953 1503 instituti,
970 1464 1065 1496 etiam
1085 1474 1192 1496 neees-

447 1517 555 1556 sari0‚
581 1517 770 1560 specialiter
801 1527 837 1549 ac
873 1516 1043 1549 individuo
1079 1517 1188 1550 nomi-

446 1570 544 1603 nandi
575 1575 606 1602 et
638 1569 867 1613 exprimendi,
904 1570 943 1602 ad
979 1575 1123 1603 exactam
1161 1576 1191 1603 et

446 1622 628 1665 plenariam
647 1622 915 1656 constitutionum
935 1629 1190 1656 memoratorum

446 1675 593 1718 Gregorii
620 1680 652 1708 et
683 1675 859 1708 Clementis
895 1676 1190 1719 praedecessorum

446 1728 728 1769 observationem,
755 1734 851 1772 prout
883 1740 937 1762 eos
970 1736 1188 1769 concernunt,

446 1782 579 1815 omnino
606 1781 708 1814 teneri
733 1786 765 1814 et
789 1781 951 1824 obligatos
989 1782 1127 1816 existere
1160 1789 1191 1816 et

446 1836 527 1875 sore,
553 1840 585 1868 et
602 1836 641 1868 ad
662 1835 693 1868 id
715 1835 773 1868 sub
793 1836 940 1868 censuris
959 1836 1189 1870 ecclesiasticis

446 1894 475 1922 et
503 1889 574 1922 aliis
599 1888 630 1921 in
656 1888 773 1922 iisdem
799 1889 1086 1922 constitutionibus
1113 1901 1190 1923 con-

448 1943 545 1975 tentis
571 1942 685 1985 poenis
710 1941 781 1984 cogi
808 1947 839 1974 et
874 1942 1027 1985 compelli
1065 1953 1160 1985 posse
1180 1970 1188 1984 ‚

445 1995 636 2028 anctoritate
662 1995 847 2037 apostolica,
874 1995 991 2028 harum
1014 1996 1108 2035 serie,
1128 2001 1190 2028 sta-

447 2049 566 2081 tuimus
591 2053 621 2081 et
647 2048 861 2081 declaramus.

489 2101 503 2145 {1
527 2101 558 2134 Ιι.
578 2101 807 2140 Decet-nentes,
826 2101 871 2134 sic
885 2106 917 2134 et
935 2111 1001 2134 non
1020 2101 1116 2135 aliter
1130 2113 1189 2146 per

370 2147 379 2158 ”
404 2145 670 2199 Τίμιοεωυιῃᾳυθ
695 2155 818 2188 indices
837 2155 1018 2188 ordinarios
1044 2162 1076 2189 et
1101 2157 1188 2190 delc-

445 2214 547 2250 gatos,
573 2209 670 2242 etiam
697 2218 864 2241 causarum
890 2209 1000 2250 palatii
1019 2210 1188 2252 apostolici

445 2262 632 2302 auditores,
660 2272 696 2294 ac
720 2261 751 2294 S.
774 2261 808 2293 R.
830 2261 864 2293 E.
885 2262 1065 2295 cardinales
1092 2263 1187 2296 etiam

446 2316 485 2348 de
511 2317 611 2348 latere
638 2316 761 2358 legatos
788 2315 958 2358 dictaeque
984 2315 1076 2349 Sedis
1106 2327 1188 2349 nun-

446 2369 525 2408 cios,
551 2369 677 2401 sublata
704 2369 749 2401 eis
776 2374 938 2401 eteorum
957 2369 1095 2402 cuilibet
1112 2381 1187 2412 qua-

445 2422 490 2454 vis
516 2422 611 2454 aliter
636 2421 801 2454 iudicandi
827 2427 858 2454 et
883 2422 1122 2464 interpretandi
1143 2424 1186 2456 sa—

445 2476 566 2508 cultate
586 2475 838 2514 etauctoritatc,
858 2474 994 2507 iudicari
1011 2481 1041 2508 et
1060 2476 1187 2508 deliniri

446 2529 579 2567 debere,
595 2539 630 2561 ac
645 2528 768 2560 irritum
783 2533 814 2561 et
829 2527 925 2560 inane
939 2527 964 2560 si
983 2538 1076 2561 secus
1091 2539 1188 2572 super

448 2581 497 2614 liis
512 2593 528 2614 a
543 2592 719 2625 quoquam,
736 2581 846 2626 quavis
861 2581 1065 2623 auctoritate,
1085 2583 1187 2616 scien-

446 2640 494 2668 ter
519 2635 566 2668 vel
593 2635 799 2677 ignoranter,
820 2634 996 2678 contigerit
1020 2635 1184 2670 attentari.
1206 2667 1210 2677 ,

1035 238 1219 264 BULLARIUM
1244 239 1402 264 ROMANUM

1987 242 2038 271 An.
2058 242 2088 271 C.
2105 242 2173 271 ¹735

1277 289 1292 333 g
1318 289 1349 321 5.
1375 289 1445 322 Non
1470 290 1684 331 obstantibus,
1709 294 1869 336 quatenus
1894 301 1975 335 opus
2038 305 2172 335 absentium

1234 344 1295 382 sit,
1328 344 1541 385 praeinsertis
1570 343 1689 377 Urbani
1715 331 2106 388 praedecessoris‘'M‘'ga'ffl‘

1235 395 1365 435 litteris,
1393 406 1428 428 ac
1445 396 1730 430 constitutionibus
1750 403 1780 431 et
1800 399 1977 432 ordinatio-

1236 448 1330 480 nibus
1346 449 1545 491 apostolicis,
1564 454 1662 492 atque
1683 451 1860 493 quibusvis,
1881 451 1978 484 eliam

1235 501 1431 541 iuramento,
1448 502 1695 535 confirmatione
1719 504 1904 546 apostolica,
1926 504 1978 536 vel

1235 555 1347 597 quavis
1373 554 1434 588 aliti
1461 554 1611 588 firmitate
1637 556 1814 596 roboratis,
1840 557 1978 598 statutis,

1236 608 1347 641 usibus
1365 614 1397 641 et
1418 610 1721 650 consuetudinibus,
1747 610 1841 643 etiam
1866 612 1981 644 imme-

1235 662 1458 703 morabilibus,
1484 663 1664 706 privilegiis
1684 674 1826 707 quoque,
1845 664 1979 697 indultis

1235 719 1266 747 et
1280 715 1397 747 litteris
1414 716 1602 759 apostolicis
1620 716 1651 748 in
1669 716 1865 749 eontrarium
1886 726 1981 760 prae·

1236 768 1407 801 missorum
1438 769 1688 812 quomodolibet
1706 769 1885 809 concessis,
1903 779 1981 801 con-

1236 820 1370 854 firmatis
1399 828 1431 855 et
1459 823 1639 863 innovatis,
1670 833 1796 856 necnon
1827 822 1979 855 omnibus

1236 880 1267 908 et
1293 875 1429 918 singulis
1456 886 1539 919 quae
1571 876 1601 908 in
1635 886 1748 909 eorum
1774 875 1920 918 Gregorii
1948 881 1980 908 et

1236 928 1410 961 Clementis
1429 929 1718 962 constitutionibus
1736 939 1890 962 concessa
1904 935 1979 962 sunt

1237 993 1300 1015 non
1327 983 1475 1024 obstare,
1506 984 1689 1027 ceterisque
1713 982 1885 1016 contrariis
1911 983 1980 1027 qui-

1236 1037 1448 1080 buscumque.

1279 1090 1294 1132 ξ
1319 1089 1350 1122 6.
1371 1089 1522 1123 Volumus
1542 1100 1674 1134 quoque
1692 1095 1727 1123 ut
1751 1089 1975 1133 praesentium

1237 1142 1419 1175 litterarum
1455 1144 1666 1187 transumptis
1682 1171 1689 1183 ,
1715 1154 1772 1176 seu
1798 1144 1974 1187 exemplis,

1237 1196 1332 1229 etiam
1363 1197 1545 1240 impressis,
1576 1207 1672 1230 manu
1699 1197 1834 1230 alicuius
1859 1197 1980 1230 notarii

1237 1250 1358 1293 publici
1372 1250 1574 1293 subscriptis,
1594 1255 1625 1283 et
1643 1251 1751 1293 sigillo
1769 1261 1931 1294 personae
1948 1251 1981 1284 in

1237 1302 1459 1336 ecclesiastica
1492 1303 1650 1346 dignitate
1687 1303 1883 1337 constitutae
1909 1314 1979 1336 mn-

1236 1357 1323 1397 nitis,
1347 1358 1459 1390 eadem
1484 1368 1618 1400 prorsus
1644 1357 1724 1390 sides
1746 1357 1778 1390 in
1805 1357 1925 1391 iudicio
1948 1363 1981 1391 et

1236 1415 1325 1443 extra
1349 1410 1555 1450 adhibeatur,
1582 1421 1663 1454 quae
1690 1409 1770 1454 ipsis
1795 1411 1979 1453 praesenti-

1236 1463 1295 1496 bus
1322 1463 1536 1496 adhiberetur
1560 1463 1585 1496 si
1612 1464 1718 1497 forent
1744 1464 1907 1498 exhibitae
1930 1464 1979 1498 vel

1236 1522 1401 1550 ostensae.

1279 1571 1394 1603 Datum
1415 1570 1552 1610 Romae,
1573 1571 1657 1613 apud
1681 1571 1713 1604 S.
1733 1570 1865 1604 Mariam
1882 1570 1980 1605 Maio-

1237 1634 1314 1664 rem,
1332 1624 1391 1656 sub
1406 1625 1528 1657 annulo
1540 1624 1727 1664 Piscatoris‚
1743 1623 1835 1657 diem
1850 1624 1978 1667 augusti

1236 1687 1416 1718 tinecxxxv,
1435 1677 1644 1721 pontificatus
1664 1677 1768 1711 nostri
1789 1688 1875 1711 anno
1892 1688 1936 1712 vt.
1967 1722 1970 1724 .

1271 1740 1331 1767 Dat.
1353 1740 1396 1768 die
1419 1739 1447 1767 11
1468 1741 1578 1775 augusti
1601 1740 1684 1774 1735,
1707 1740 1804 1776 pontif.
1825 1749 1896 1768 anno
1917 1748 1952 1768 vi.
1976 1742 1979 1745 “

1528 1795 1562 1828 F.
1591 1796 1679 1829 eard.
1702 1795 1889 1830 Otlvnnius.

2040 1100 2104 1121 Fides
2119 1101 2175 1120 tran-

1991 1129 2127 1153 sumptorum.

1550 1946 1661 1980 CLXV.

1235 2034 1388 2076 Pontifeas
1417 2033 1595 2077 privileqia
1632 2033 1772 2066 concedit
1809 2033 1980 2066 nonnullis

1278 2086 1348 2119 suis
1371 2086 1609 2129 fmniliaribus.

1443 2175 1577 2202 Clemens
1598 2175 1677 2208 Papa
1696 2175 1749 2202 XII
1760 2196 1767 2209 ,

1235 2229 1360 2257 Dilectis
1390 2229 1463 2256 filiis
1495 2230 1619 2257 Nicolao
1648 2229 1802 2256 Antonelli
1835 2229 1980 2263 Senoqal—

1269 2273 1380 2306 liensi,
1407 2273 1573 2301 marchioni
1603 2273 1762 2307 chiappino
1782 2273 1886 2301 Vitelli
1913 2274 1978 2302 rto-

1268 2317 1402 2350 rentino,
1422 2318 1546 2351 Virgilio
1567 2318 1602 2344 dc
1624 2317 1734 2345 Cinciis
1756 2318 1904 2352 Romano,
1926 2325 1978 2346 cu-

1267 2361 1426 2389 biculariis
1447 2361 1564 2388 intimis
1578 2383 1584 2393 ,
1606 2361 1714 2389 Ioanni
1735 2361 1853 2389 Bottari
1873 2362 1980 2390 itidem

1269 2403 1457 2433 florentinol
1479 2405 1651 2439 respective
1672 2405 1833 2432 civitatum
1849 2409 1880 2433 et
1897 2406 1979 2433 dioe-

1268 2457 1372 2477 cesum
1388 2450 1545 2483 capellano
1562 2453 1688 2482 secreto,
1706 2457 1741 2477 ac
1758 2450 1863 2477 Ioanni
1879 2450 1979 2484 Bapti-

1267 2497 1332 2521 stae
1352 2493 1461 2521 Altieri
1488 2493 1623 2521 cubiculi
1647 2494 1746 2520 nostri
1771 2494 1913 2525 auditori,
1933 2493 1979 2521 fa-

1268 2538 1458 2571 miliaribus,
1481 2538 1634 2566 continuis
1655 2538 1905 2566 commensalibus
1925 2544 1977 2565 no-

1267 2644 1280 2671 1
1299 2644 1316 2670 A
1323 2644 1394 2680 ptius
1407 2644 1466 2681 lege
1481 2644 1680 2678 Florentinae,
1698 2647 1725 2671 et
1740 2643 1778 2671 sic
1789 2647 1868 2672 autea
1883 2643 1980 2680 (n.·r.).‘
