2232 3178
33 244 85 273 An.
100 242 128 270 G.
149 242 215 271 ¹737

68 1309 215 1330 Paenitentia

35 1337 131 1362 operibus
138 1341 214 1360 corpus

35 1369 92 1384 nuum
101 1364 120 1382 in
127 1363 213 1383 servitu·

35 1391 75 1411 tem
87 1390 172 1414 redigit.

836 241 979 266 CLEMENS
1003 241 1048 265 XII
1073 242 1122 266 1³1³.

224 291 322 331 vobis,
347 290 406 332 fiat
430 291 513 323 sicut
537 291 659 332 minor,
686 296 714 324 et
739 291 799 335 qui
820 301 964 334 praeces-

223 354 275 376 sor
294 347 349 383 est,
368 344 450 376 sicut
470 344 687 384 ministrator,
707 355 785 387 quas
805 344 963 387 dignitate

224 396 390 436 anteibat,
417 397 541 429 honore
568 397 628 429 sibi
654 397 882 440 praeserebat,
910 397 965 429 hu-

225 450 360 482 millima
379 460 527 493 quaeque
553 451 744 484 monasterii
767 451 877 483 munia
896 450 966 483 obi-

223 504 300 543 bat,
329 502 473 535 infirmas
510 504 596 536 omni
635 503 814 536 officiorum
843 514 965 546 genere

224 555 362 594 fovebat,
382 556 517 588 aliarum
537 556 693 588 voluntati
714 557 963 599 obsequebatur,

225 608 390 641 molestias
415 608 577 651 patienter
602 609 745 648 serebat,
771 609 905 641 consilia
933 609 966 641 li-

224 662 343 694 benter
368 661 580 700 auscultabat,
606 661 731 694 stabilis
758 661 790 693 in
817 661 889 701 tide,
910 662 967 694 hu-

225 714 310 747 milis
337 715 369 746 in
397 714 522 753 timore,
543 715 582 746 ad
609 725 737 747 omnem
764 714 966 747 tolerantiam

226 768 332 808 sortis,
349 768 387 800 ad
407 767 630 800 sustinendam
648 767 799 800 iniuriam
814 768 908 807 mitis,
928 768 966 800 ad

226 820 405 853 faciendam
424 820 679 853 misericordiam
702 821 819 853 facilis:
839 822 968 853 amabat

226 879 478 916 paupertatem,
520 873 781 916 prosequebatur
816 874 968 907 obedien-

227 927 310 967 tiam,
337 926 540 959 custodiebat
565 926 783 969 virginitatem
810 928 891 960 adeo
918 938 967 960 rc-

225 980 363 1022 ligiose⁷
390 985 425 1012 ut
449 980 486 1012 ad
524 985 683 1013 extremos
717 991 819 1024 usque
852 981 968 1024 digitos

225 1043 357 1066 sorores
383 1043 455 1065 suas
480 1033 656 1065 manicatas
681 1033 834 1067 incedere
862 1036 970 1068 volue-

226 1086 291 1127 rit3
317 1086 387 1130 ipsa
412 1097 488 1118 vero
514 1087 594 1119 adeo
620 1087 748 1127 verbis,
775 1088 883 1127 vultu,
911 1088 967 1121 ha-

225 1139 319 1180 bitu,
347 1139 472 1172 incessu
500 1140 645 1172 modesta
671 1140 750 1180 fuit,
775 1146 809 1172 ut
838 1147 969 1175 externa

226 1193 373 1236 corporis
399 1192 526 1235 specics
545 1193 748 1226 simulacrum
775 1200 859 1227 esset
880 1205 969 1228 men-

227 1245 274 1286 tis,
294 1246 486 1278 humilitatis
502 1246 615 1286 Forma,
635 1246 741 1289 imago
762 1248 966 1290 integritatis.

269 1298 284 1342 ξ
308 1297 361 1330 11.
390 1298 512 1331 lustitia
537 1301 657 1339 nostra,
677 1310 740 1332 non
760 1300 969 1341 cruciatibus,

226 1352 406 1385 delectatur
430 1352 538 1384 Deus:
570 1353 628 1386 sed
654 1358 767 1386 contra
800 1353 969 1387 illecebras

226 1405 358 1445 saeculi,
379 1409 494 1439 contra
520 1406 711 1439 rebellantis
737 1407 970 1450 concupiscen-

227 1459 290 1492 tiae
314 1459 478 1502 impetus,
504 1464 617 1492 contra
652 1460 796 1494 minaces
827 1461 970 1495 fremitus

228 1512 441 1546 invisibilium
478 1512 681 1546 inimicorum
718 1524 784 1547 non
821 1515 969 1558 corporis

227 1565 418 1598 fortitudine
441 1575 502 1599 nec
528 1566 634 1599 carnis
652 1571 698 1599 est
723 1567 888 1600 saturitate
907 1578 971 1600 cer-

229 1619 381 1658 tandum;
406 1629 478 1651 cum
503 1619 565 1652 hoc
595 1620 733 1653 maxime
759 1621 902 1653 hominis
924 1622 972 1653 in-

230 1671 350 1704 teriora
380 1678 590 1715 corrumpat,
618 1672 704 1716 quod
730 1673 892 1706 exteriora
918 1674 972 1707 de-

228 1726 345 1765 lectat;
380 1730 411 1757 et
444 1729 536 1758 tanto
569 1724 624 1758 siat
661 1725 829 1759 rationalis
866 1727 972 1760 anima

229 1776 405 1820 purgatior,
422 1782 543 1820 quanto
560 1778 654 1810 suerit
668 1778 848 1811 substantia
865 1779 971 1812 carnis

229 1830 393 1864 afflictior.
419 1830 530 1874 ltaque
556 1831 637 1864 haec
655 1831 749 1864 beata
767 1832 870 1876 virgo,
890 1843 971 1876 quae

230 1885 287 1918 suit
311 1895 375 1918 una
400 1885 438 1918 de
464 1895 600 1919 numero
638 1886 856 1929 prudentum,
877 1888 972 1920 ducta

230 1949 247 1971 a
275 1938 395 1982 Spiritu
431 1938 548 1972 Sancto
585 1939 617 1971 in
660 1940 822 1972 desertum
859 1941 972 1983 poeni·

231 1993 363 2033 tentiae,
391 2002 536 2025 severum
555 1992 642 2025 hunc
666 1993 749 2026 vitae
778 1999 925 2026 tenorem
955 2005 971 2027 a

230 2045 342 2089 primis
369 2045 612 2078 adolescentiae
644 2046 736 2079 annis
769 2046 806 2079 ad
833 2051 971 2080 mortem

231 2109 332 2142 usque
366 2099 524 2132 constanti
554 2099 585 2131 in
611 2098 781 2143 proposito
806 2101 971 2134 voluntate

232 2151 376 2184 retinuit.
404 2151 473 2185 Sive
507 2151 605 2194 frigus
639 2152 779 2185 hiemale
806 2154 970 2195 glaceret‚

232 2205 298 2238 sive
317 2206 405 2239 calor
425 2206 555 2239 arderet
578 2205 724 2248 aestivus,
746 2207 816 2240 rudi
844 2217 973 2250 semper

231 2258 352 2302 vilique
378 2269 488 2302 panno
515 2259 675 2302 reliquum
702 2270 819 2303 corpus
847 2260 969 2301 induta,

233 2312 371 2354 pedibus
397 2312 492 2344 nudis
518 2312 698 2346 incedebat.
720 2313 799 2346 Vino
825 2324 841 2346 a
862 2315 972 2357 pueri-

234 2364 276 2397 tia
301 2364 475 2405 abstinuit3
504 2376 543 2398 eo
568 2365 614 2398 uti
640 2367 689 2399 vel
716 2366 904 2399 obedientia
924 2368 972 2400 vel

232 2419 410 2451 necessitas
435 2424 578 2462 cogeret,
597 2419 638 2451 ita
659 2421 742 2463 aqua
768 2420 919 2460 diluebat,
940 2426 975 2454 ut

233 2481 362 2504 omnem
388 2482 521 2514 prorsus
541 2472 603 2504 vini
622 2483 773 2516 saporem
800 2473 971 2514 adimeret;

234 2535 329 2558 crura
355 2530 385 2557 et
409 2525 542 2558 braclna
566 2526 697 2558 nodosis
717 2526 858 2567 funibus,
879 2526 974 2570 virgi-

234 2587 313 2610 neos
340 2582 447 2610 autem
473 2578 599 2610 lumbos
633 2579 778 2610 aculeata
803 2579 973 2623 ferreaque

234 2631 315 2664 zona
333 2636 396 2663 tam
417 2636 502 2664 arcte
517 2631 765 2672 constrinxerat,
786 2637 829 2673 ut,
849 2633 886 2665 ad
905 2643 974 2666 eam

1007 301 1023 323 e
1042 291 1212 324 defunctae
1228 301 1367 335 corpore
1382 291 1626 332 extrahemlam,
1644 302 1749 335 super·

1008 344 1171 376 inductam
1198 355 1326 378 carnem
1352 356 1502 378 resecare
1527 356 1663 379 necesse
1683 347 1749 379 fue-

1007 397 1068 437 rit;
1088 407 1202 440 aspero
1220 398 1326 431 cilicio
1345 399 1501 432 vestiebat
1522 409 1637 443 corpus
1656 410 1749 432 suum

1008 450 1041 481 iu
1066 451 1254 483 servitutem
1288 451 1461 493 redigens,
1489 457 1520 485 et
1545 452 1749 496 quotidianas

1009 502 1142 546 insuper
1167 504 1305 536 addebat
1332 505 1579 547 flagellationes,
1605 512 1639 538 ut
1664 516 1749 548 pene

1010 555 1167 588 examinis
1184 558 1381 600 quandoque
1402 558 1541 591 delicere
1561 559 1746 600 videretur3

1008 610 1201 652 praesertim
1217 611 1296 643 seria
1314 612 1460 654 qualibet
1477 613 1620 645 secunda
1638 613 1749 645 durius

1010 673 1139 696 earnem
1172 674 1261 696 suam
1298 664 1428 697 ieiuniis
1466 665 1637 709 flagrisque
1673 666 1752 698 anti-

1011 715 1124 758 gebat,
1149 716 1290 749 offerens
1315 728 1347 750 se
1374 717 1499 751 divinae
1525 718 1663 752 iustitiae
1691 729 1750 762 pro

1011 769 1178 802 animabus
1211 770 1241 802 in
1280 770 1353 812 igne
1390 771 1575 814 purgatorio
1609 772 1751 804 detentis

1012 822 1152 854 hostiam
1186 823 1377 866 placationis
1414 835 1473 867 per
1504 825 1619 858 merita
1654 825 1751 858 miius

1012 875 1201 908 mediatoris
1228 876 1348 908 domini
1375 877 1478 909 nostri
1511 877 1581 910 lesu
1608 877 1749 918 Christi;

1012 927 1090 960 seria
1115 937 1191 960 vero
1228 930 1342 971 quarta
1380 934 1412 961 et
1447 932 1535 962 sexta
1567 929 1600 962 in
1633 929 1751 963 Christi

1012 980 1172 1023 passionis
1207 982 1397 1015 memoriam
1435 982 1474 1015 ab
1508 984 1597 1016 omni
1624 993 1754 1027 semper

1012 1033 1168 1066 abstinuit
1186 1034 1266 1073 cibo,
1285 1035 1414 1068 caelesti
1430 1035 1651 1069 Eucharistiae
1668 1047 1753 1080 pane

1013 1087 1175 1120 dumtaxat
1193 1088 1330 1127 1·esecta;
1351 1089 1484 1131 singulis
1510 1093 1617 1122 autem
1639 1089 1754 1122 sabba-

1013 1140 1051 1172 tis
1076 1140 1107 1172 in
1129 1141 1290 1174 honorem
1307 1142 1341 1174 Β.
1358 1142 1474 1174 Mariae
1488 1142 1638 1184 Virgini&
1657 1153 1753 1186 quam

1014 1193 1081 1226 eius
1118 1195 1271 1227 sectando
1307 1195 1443 1228 virtutes
1469 1195 1615 1238 impense
1642 1196 1751 1234 coluit,

1014 1246 1141 1278 modico
1169 1252 1291 1278 tautum
1318 1247 1409 1290 panis
1434 1247 1534 1279 frusto
1561 1252 1592 1279 et
1618 1248 1754 1290 frigidae

1013 1310 1114 1342 aquae
1133 1305 1212 1343 potu
1234 1311 1353 1343 corpus
1371 1301 1594 1340 sustentabat3
1621 1301 1755 1344 reliquis

1014 1358 1118 1386 autem
1145 1353 1262 1386 diebus
1281 1381 1288 1394 ,
1316 1353 1480 1387 vilissimis
1506 1354 1585 1386 cibis
1611 1365 1667 1387 usa
1692 1361 1753 1395 est,

1015 1411 1045 1439 et
1064 1407 1180 1449 quibus
1205 1418 1269 1440 non
1297 1407 1411 1440 samem
1429 1407 1574 1447 satiaret,
1596 1408 1650 1440 sed
1670 1419 1755 1441 mor-

1016 1466 1079 1493 tem
1106 1461 1294 1504 repelleret.

1059 1514 1073 1556 §
1098 1513 1151 1546 1102.
1175 1514 1337 1557 Discipula
1355 1519 1462 1546 autem
1483 1514 1580 1547 divini
1599 1514 1754 1558 magistri,
1794 1526 1813 1546 in
1831 1526 1951 1546 munaum

1016 1567 1085 1610 qui,
1104 1577 1238 1600 manens
1266 1567 1296 1599 in
1324 1568 1433 1607 terris,
1453 1578 1517 1600 non
1538 1568 1680 1600 habehat
1700 1569 1754 1601 ubi
1768 1555 1951 1631 iv'iii2311eics'ss'iig-''t'3ss

1775 1613 1807 1625 lk'll
1875 1613 1878 1625 l
1892 1613 1900 1625 [¹
1923 1612 1926 1614 “
1943 1611 1952 1625 ἱ

1777 1632 1878 1658 inpendit.

1015 1625 1111 1662 caput
1136 1619 1328 1661 reclinaret,
1355 1630 1452 1663 super
1478 1621 1562 1653 nuda
1586 1621 1695 1660 humo,
1714 1613 1772 1661 et,¹·

1015 1672 1068 1705 ubi
1095 1672 1334 1715 aliquantulum
1364 1683 1460 1715 aegro
1493 1673 1622 1717 corpori
1650 1673 1757 1707 indul-

1016 1726 1157 1768 gendum
1177 1731 1274 1767 esset,
1289 1725 1359 1757 rudi
1375 1736 1473 1769 super
1487 1728 1595 1758 storea
1609 1737 1756 1759 somnum

1015 1778 1243 1811 brevissimum
1277 1779 1447 1822 capiebat;
1482 1779 1644 1823 reliquum
1681 1789 1757 1812 vero

1016 1832 1119 1865 noctis
1144 1833 1177 1864 in
1203 1832 1382 1865 divinarum
1419 1842 1527 1865 rerum
1559 1833 1759 1876 contempla-

1016 1885 1116 1924 tione,
1135 1885 1310 1928 praecipue
1332 1896 1405 1918 vero
1431 1885 1462 1917 in
1482 1885 1600 1918 Christi
1620 1885 1757 1929 eiusque

1016 1938 1237 1971 sanctissimae
1252 1938 1357 1971 Matris
1377 1937 1545 1971 doloribus
1564 1938 1758 1971 meditandis

1016 1991 1235 2034 impendebat,
1251 2002 1333 2034 quos
1349 1997 1412 2023 tam
1430 1991 1554 2024 ardenti
1573 1991 1758 2034 perferendi

1017 2044 1179 2077 desiderio
1197 2045 1327 2077 incensa
1346 2044 1421 2085 suit,
1441 2051 1490 2085 ut,
1510 2045 1548 2077 ab
1567 2044 1680 2077 eadem
1702 2044 1758 2077 Dei

1016 2098 1125 2139 Matre,
1149 2108 1341 2142 poenarum,
1360 2108 1438 2141 quas
1456 2097 1486 2129 in
1506 2097 1666 2139 unigeniti
1685 2097 1757 2130 Filii

1016 2156 1120 2184 morte¹
1141 2162 1235 2194 passa
1254 2151 1320 2191 suit,
1340 2150 1521 2194 particeps¹
1540 2150 1620 2192 ᾗσι-ἰ,
1638 2150 1760 2193 iugiter

1017 2204 1221 2247 efflagitaret,
1233 2204 1366 2247 cupiens
1381 2214 1416 2237 se
1431 2203 1621 2247 passionum
1639 2202 1757 2236 sociam

1018 2268 1100 2298 esse,
1126 2263 1160 2289 ut
1186 2261 1269 2290 esset
1294 2263 1323 2290 et
1349 2257 1599 2298 consolationis;
1628 2267 1687 2289 nec
1703 2257 1759 2289 ab·

1018 2311 1084 2343 nuit
1111 2311 1194 2343 votis
1220 2310 1354 2343 ancillae
1388 2321 1465 2343 suae
1493 2310 1617 2352 Regina
1642 2314 1760 2352 marty-

1018 2374 1098 2404 rum,
1115 2369 1303 2406 tantumque
1319 2362 1490 2404 dolorum2,
1506 2368 1633 2405 tamque
1649 2372 1758 2395 acrem

1018 2428 1147 2450 sensum
1175 2417 1203 2450 ei
1230 2428 1246 2450 a
1272 2417 1351 2450 Filio
1377 2416 1575 2460 impetravit,
1595 2422 1643 2456 ut,
1663 2415 1760 2448 veluti

1018 2470 1105 2503 cruci
1122 2470 1223 2510 affixa,
1244 2471 1442 2514 quandoque
1467 2479 1549 2512 pene
1571 2468 1652 2501 mori
1679 2468 1759 2501 vide-

1019 2529 1118 2565 retur,
1144 2529 1241 2567 atque
1268 2524 1298 2556 in
1325 2524 1393 2556 eius
1420 2523 1598 2556 castissimo
1625 2528 1758 2566 pectore

1055 2599 1062 2621 1
1089 2594 1127 2621 lta
1148 2595 1227 2621 habet
1247 2593 1311 2620 edit.
1334 2593 1413 2620 Main.
1435 2600 1472 2621 ta.
1493 2594 1544 2626 T.).

1052 2639 1068 2666 ⁶2
1090 2639 1199 2666 Videtur
1219 2638 1363 2673 legendum
1384 2638 1512 2666 dotorem
1532 2643 1570 2673 tn.
1591 2637 1639 2672 T.).

1645 233 1710 267 ⁶279
1756 243 1810 270 An.
1830 244 1858 271 c.
1877 244 1941 270 1737
