2232 3178
87 218 140 245 An.
156 216 187 243 C.
210 215 277 242 ¹735

88 286 113 300 ae:
182 276 268 297 iudicari

89 305 223 332 praecipitur.

137 917 271 938 Obstantium

90 945 208 970 derogatio,

906 208 1048 232 CLEMENS
1074 208 1119 231 XII
1144 208 1182 231 PP
1189 225 1194 231 .

281 262 361 296 lidas
388 267 419 295 et
445 262 591 294 efficaces
610 261 747 293 existere
769 265 800 292 et
831 260 911 299 sore,
931 267 1019 291 suos-

279 327 341 360 que
370 315 534 359 plenarios
571 319 602 347 et
627 314 771 356 integros
797 312 927 345 ell'octus
952 323 1019 345 sor·

282 370 333 403 tiri
360 375 392 402 et
426 369 592 409 obtinere,
632 373 661 400 et
702 367 740 399 ab
773 366 848 406 illis,
875 367 914 399 ad
941 376 1020 409 quos

281 428 404 467 spectat
427 428 458 456 et
482 433 541 466 pro
576 428 723 464 tempore
749 420 1020 463 quandocumque

282 477 457 520 spectabit,
485 475 716 509 inviolabiliter
747 473 932 513 observari,
960 473 1021 506 sic-

282 542 344 574 que
370 531 402 564 in
429 530 616 574 praemissis
649 540 705 573 per
736 538 958 572 quoscumque
980 527 1021 559 iu-

282 586 369 618 dices
402 585 585 618 ordinarios
625 589 657 617 ct
691 583 880 625 delegatos,
926 581 1021 614 etium

281 649 451 671 causarum
481 638 591 681 palatii
618 635 786 680 apostolici
828 635 1019 674 auditores,

281 691 418 724 iudicari
444 698 476 725 ct
508 690 634 724 deliniri
669 689 810 728 debere,
838 700 873 721 ac
899 687 1022 721 irritum

282 752 312 778 et
336 745 431 778 inane
457 745 482 778 si
508 756 599 778 secus
625 754 722 787 super
743 743 792 776 liis
810 754 825 775 a
844 753 1021 786 quoquam,

282 800 393 843 quavis
415 800 621 838 auctoritate,
643 798 782 831 scienter
807 799 853 831 vel
876 797 1023 839 ignoran-

283 864 344 892 er‚
378 853 551 896 contigerit
581 852 745 885 attentari.

325 907 340 950 ξ
364 906 395 939 5.
415 906 484 939 Non
510 906 715 939 obstantibus
737 904 1024 938 constitutionibus

284 965 316 993 et
351 959 609 993 ordinationibus
645 958 857 1002 apostolicis,
884 969 920 991 ae
956 958 1025 1001 qni-

286 1014 402 1053 busvis‚
430 1014 527 1047 etiam
554 1013 754 1052 iuramento,
777 1012 1024 1046 confirmatione

285 1067 472 1111 apostoliea,
493 1068 541 1100 vel
568 1067 679 1110 quavis
712 1067 865 1099 firmitate
891 1066 951 1099 alia
973 1077 1025 1099 ro-

284 1121 418 1161 noratis,
444 1121 570 1155 statutis
592 1128 623 1155 et
640 1120 942 1160 consuetudinibus,
962 1121 1027 1163 pri-

285 1176 412 1218 vilegiis
439 1187 580 1219 quoque,
607 1176 740 1209 indultis
762 1181 794 1208 et
812 1174 928 1208 litteris
950 1185 1028 1218 apo-

286 1229 408 1262 stolicis
452 1229 484 1261 in
527 1229 726 1262 contrarium
774 1228 1026 1271 praemissorum

287 1282 537 1326 quomodolibet
567 1282 743 1321 concessis,
772 1282 972 1315 confirmatis
997 1288 1029 1315 et

287 1336 469 1376 innovatis·‚
496 1335 611 1380 quibus
635 1336 786 1369 omuibus
813 1342 843 1369 et
868 1335 1026 1379 singulis,

289 1391 422 1424 illorum
441 1396 570 1423 tenores
597 1390 823 1433 praesentibus
850 1401 908 1433 pro
934 1392 1029 1433 plene

291 1450 320 1476 et
357 1443 557 1479 sufficienter
583 1443 748 1487 expressis
773 1455 809 1476 ac
837 1445 875 1477 ad
896 1444 1028 1477 verbum

291 1497 421 1530 insertis
448 1498 625 1537 habentes,
650 1497 713 1530 illis
740 1498 819 1530 alias
851 1497 881 1530 in
902 1510 961 1531 suo
981 1510 1030 1531 ro-

291 1551 370 1584 bore
411 1551 632 1594 permansuris
656 1579 662 1591 ‚
702 1552 739 1584 ad
778 1552 1030 1595 praemissorum

292 1605 458 1645 effectum,
484 1606 545 1638 hac
562 1605 629 1638 vice
652 1606 826 1645 dumtaxat,
845 1606 1031 1649 specialiter

292 1665 323 1691 et
343 1669 496 1701 expresse
516 1659 729 1701 derogamus,
757 1659 936 1702 ceterisque
954 1670 1031 1692 con-

295 1712 400 1745 trariis
438 1713 710 1756 quibuscumque.

338 1766 450 1799 Datum
469 1767 606 1807 Romae,
629 1767 715 1810 apud
738 1767 769 1799 S.
790 1767 921 1800 Mariam
940 1767 1033 1800 Maio—

295 1832 382 1861 rem,
426 1821 485 1853 sub
531 1821 652 1853 annulo
687 1820 879 1859 Piscatoris,
917 1821 968 1853 die
1005 1831 1033 1854 ιν

295 1875 363 1908 iulii
389 1884 573 1913 nnccxxxv,
605 1873 817 1917 pontificatus
853 1874 955 1907 nostri
981 1886 1034 1907 au-

296 1940 338 1962 no
373 1940 402 1962 v.

332 1992 390 2019 Dat.
408 1992 450 2019 die
471 1993 484 2019 4
505 1993 561 2020 iulii
584 1992 661 2026 1735,
683 1992 778 2028 pontif.
800 2001 870 2019 auno
890 1999 915 2019 v.

629 2046 662 2078 F.
691 2047 777 2079 card.
806 2046 989 2080 OleEfflUS.

621 2253 718 2286 CLIX.

305 2349 345 2382 In
380 2350 621 2384 ratiocinatores
652 2351 803 2385 Gamerae
834 2350 1038 2393 Apostolicae

348 2407 560 2436 assumuntur
601 2408 660 2437 tres
698 2405 905 2448 lequmperili
930 2415 945 2437 e
966 2415 1039 2448 pro-

348 2460 536 2489 curatorum
557 2457 699 2500 collegato,
717 2469 787 2491 cnm
809 2459 887 2491 aliis
905 2458 1038 2491 ordina·

350 2510 492 2542 tionibus
514 2520 573 2553 pro
604 2511 688 2544 recca
719 2511 859 2545 eiusdem
887 2512 1040 2546 Cremerae

347 2573 383 2595 ac
407 2573 517 2596 rerum
542 2563 584 2596 ad
608 2574 677 2597 eam
697 2566 914 2609 spectantium
939 2566 1040 2599 ‹nlmi-

349 2618 551 2652 niso-atione.

1714 194 1756 228 47
1802 202 1852 230 An.
1875 203 1902 230 e.
1922 203 1987 231 ¹735

1263 255 1399 283 Clemens
1421 255 1606 289 episcopus,

1257 308 1364 328 servus
1378 307 1531 327 servorum
1547 299 1608 333 Dei,

1180 347 1216 373 ad
1237 349 1416 380 perpetuam
1437 345 1482 373 rei
1503 344 1686 372 memoriam.

1107 418 1120 461 ξ
1152 418 1178 451 l.
1207 418 1254 450 Ad
1279 418 1548 461 circumspectam
1565 416 1698 451 Romani
1718 416 1796 449 I'on-
1839 425 1960 446 nmmum.

1065 472 1158 505 tineis
1184 472 1421 514 providentiam
1448 471 1592 514 pertinet
1609 481 1673 504 non
1691 471 1799 503 solum

1065 525 1217 558 dominici
1245 525 1351 568 gregis
1378 524 1439 557 sibi
1458 524 1612 558 divinitus
1637 523 1800 557 commissi

1065 578 1231 611 custodiae
1268 584 1300 611 et
1336 578 1430 611 saluti
1468 577 1586 620 iugiter
1623 577 1802 620 invigilare,

1066 642 1176 665 verum
1203 632 1241 665 ad
1264 637 1382 665 rectam
1404 643 1532 675 quoque
1554 631 1805 665 administratio-

1066 696 1139 718 nem
1167 685 1323 728 pontificii
1361 686 1492 725 aerarii,
1531 686 1616 718 unde
1654 685 1806 718 continua

1067 750 1125 782 pro
1152 738 1290 771 tuitione
1324 738 1560 771 ecclesiasticae
1595 738 1726 772 ditionis
1762 744 1806 771 at-

1068 803 1128 835 que
1155 792 1379 825 connnunibns
1406 791 1499 824 etiam
1525 792 1721 825 christianae
1747 792 1806 825 rei-

1070 846 1216 889 publicae
1243 845 1490 878 necessitatibus
1516 845 1660 878 subsidia
1687 846 1805 888 depro-

1068 906 1210 940 muntur,
1236 900 1353 933 mentis
1378 911 1456 933 suae
1483 900 1583 933 aciem
1605 906 1805 939 convertere,

1069 965 1105 987 ae
1131 965 1165 987 ex
1193 954 1248 994 eis,
1276 964 1357 997 quae
1383 954 1461 987 olim
1486 964 1544 997 per
1569 964 1645 987 snos
1671 954 1806 996 praede-

1069 1018 1215 1041 cessores
1242 1007 1272 1039 in
1299 1018 1371 1040 eum
1398 1007 1494 1040 [inem
1522 1007 1696 1050 prudenter
1733 1007 1803 1050 qui-

1070 1062 1143 1095 den]
1179 1061 1380 1104 praescripta
1419 1071 1455 1093 ae
1491 1060 1635 1093 instituta
1660 1061 1806 1100 suerunt,

1070 1115 1140 1158 ipsa
1156 1114 1293 1147 subinde
1310 1124 1417 1147 rerum
1436 1113 1636 1157 experientia
1650 1113 1808 1147 suadente

1071 1174 1101 1201 et
1126 1167 1370 1201 rationabilibus
1390 1179 1425 1200 ex
1447 1168 1561 1206 causis,
1584 1167 1699 1210 quibus
1723 1178 1809 1210 prae-

1071 1221 1180 1254 sertim
1206 1221 1344 1254 seliciori
1371 1221 1516 1254 eiusdem
1542 1221 1657 1254 aerarii
1683 1221 1810 1264 dispen-

1071 1275 1187 1308 sationi
1214 1275 1402 1313 consulitur,
1429 1274 1537 1318 aliqua
1560 1274 1723 1307 interdum
1742 1286 1809 1308 mo-

1073 1330 1179 1363 derari
1213 1334 1244 1362 et
1279 1329 1473 1368 immutare,
1510 1328 1653 1371 aliasque
1690 1328 1721 1361 in
1760 1329 1810 1361 his

1072 1383 1272 1427 apostolicae
1315 1393 1391 1416 suae
1432 1381 1664 1415 sollicitudinis
1701 1388 1809 1425 partes

1074 1437 1296 1480 interponere,
1322 1436 1403 1468 sicut
1423 1435 1455 1468 in
1484 1434 1618 1468 Domino
1645 1435 1745 1478 magis
1764 1446 1811 1468 ex-

1074 1490 1187 1533 pedire
1214 1489 1401 1522 arbitratur.

1118 1543 1180 1586 §2
1208 1543 1317 1586 Itaque
1345 1553 1413 1583 nos,
1442 1543 1480 1575 ab
1505 1542 1582 1585 ipsis
1610 1542 1811 1586 pontificatus
1850 1548 1916 1573 Maus
1946 1548 2008 1573 profi·

1075 1596 1176 1629 nostri
1210 1596 1398 1639 primordiis
1429 1596 1514 1629 serio
1552 1576 2008 1635 considerantes,{lislloiffffi‘ffffg

1823 1629 1902 1648 ducens
1919 1631 1942 1648 ut
1962 1629 2008 1648 eius

1075 1650 1158 1693 quod
1184 1650 1245 1682 iam
1272 1649 1345 1682 inde
1363 1655 1570 1692 perspectum
1602 1649 1921 1705 habueramus[ffli'r'pla
1944 1661 2008 1700 ffl-HZZ

1075 1715 1148 1737 eum
1174 1704 1206 1736 in
1232 1703 1414 1736 minoribus
1439 1703 1607 1736 constituti
1647 1688 2007 1736 thesaura-admmtstrpeufflvw

1076 1758 1111 1790 rii
1139 1757 1299 1800 generalis
1333 1757 1484 1791 Gamerae
1511 1757 1713 1800 Apostolieae
1747 1767 1814 1790 mu-

1076 1822 1153 1844 nere
1191 1811 1486 1854 persungebaumr,
1522 1811 1625 1844 eidem
1663 1810 1813 1843 nimirum

1077 1865 1227 1899 Camerae
1276 1866 1480 1908 Apostolieae
1528 1865 1734 1898 conducibile
1782 1876 1817 1897 ac

1078 1919 1255 1963 proficuum
1282 1919 1359 1958 sore,
1381 1919 1404 1951 si
1424 1919 1461 1950 ad
1482 1919 1585 1951 oss‘ieia
1610 1919 1816 1952 ratiocinato-

1079 1984 1147 2006 rum
1174 1973 1276 2015 ipsius
1309 1973 1481 2012 Gamerae,
1509 1983 1590 2015 quae
1629 1972 1742 2015 peritis
1783 1972 1815 2005 iu

1078 2026 1239 2070 computis
1280 2037 1335 2059 seu
1384 2025 1562 2059 rationibus
1602 2024 1812 2058 conficiendis

1078 2092 1136 2125 per
1162 2080 1323 2113 Romanos
1350 2079 1521 2112 Pontifices
1547 2080 1816 2122 praedecessores

1079 2140 1208 2168 nostros
1235 2136 1367 2167 eatenus
1402 2133 1542 2167 conferri
1569 2140 1816 2173 consueverant,

1080 2194 1112 2222 et
1136 2187 1307 2221 novissime
1333 2200 1348 2220 a
1374 2187 1501 2221 dilectis
1527 2187 1600 2221 siliis
1626 2187 1744 2221 Ioanne
1763 2188 1817 2221 Ba-

1081 2243 1173 2286 ptista
1211 2242 1364 2281 Leonori‚
1390 2242 1509 2275 Ioanne
1535 2241 1675 2274 Antonio
1712 2241 1818 2274 Tarta-

1081 2295 1155 2339 glia,
1185 2306 1220 2328 ac
1244 2295 1414 2328 Eustacliio
1450 2295 1544 2327 Mauri
1579 2294 1665 2327 omui
1691 2299 1816 2327 cetero-

1082 2349 1159 2392 quin
1185 2348 1247 2381 fule
1274 2354 1304 2381 et
1329 2347 1488 2391 probitate
1526 2348 1736 2390 gerebantur,
1761 2347 1818 2380 ini-

1083 2409 1248 2447 posternm
1268 2406 1508 2435 assumerentur
1522 2400 1578 2432 viri
1595 2401 1700 2443 legum
1719 2400 1818 2433 scien-

1083 2459 1121 2491 tia
1149 2455 1298 2501 praediti,
1325 2466 1359 2488 ac
1378 2455 1407 2487 iu
1425 2455 1520 2487 rebus
1539 2459 1568 2487 et
1586 2454 1817 2487 controversiis

1083 2511 1265 2545 tort-usibus
1308 2510 1466 2542 Romanae
1508 2508 1620 2540 Curiae
1659 2507 1817 2551 imprimis

1083 2565 1221 2604 versati,
1263 2568 1371 2605 utpote
1407 2562 1524 2605 quibus
1561 2562 1656 2604 longe
1695 2561 1816 2594 facilius

1083 2620 1272 2652 redderetur
1298 2616 1426 2660 publica
1451 2615 1663 2648 instrumenta
1688 2614 1817 2648 locatio-
