2232 3178
16 255 63 283 Αῐι.
80 254 109 281 C.
131 252 197 280 ¹737

40 473 182 496 Prooemium.

765 250 910 275 CLEMENS
938 250 982 274 xli
1006 251 1054 275 PP.

397 299 533 326 Clemens
564 299 741 333 Episcopus,

397 351 504 371 servus
517 351 673 371 servorum
689 344 750 378 Dei,

321 390 358 416 ad
384 392 562 423 perpetuam
581 390 627 417 rei
647 389 830 417 memoriam.

249 461 263 504 ς
288 460 319 493 1.
347 461 529 494 Humanum
556 471 683 503 genus,
712 460 799 503 quod
836 470 946 492 morsu

205 513 334 547 infausti
361 514 449 557 pomi
475 514 599 557 primus
617 524 735 556 parens
748 513 944 556 perdiderat,

207 572 357 600 aeternus
383 567 440 599 Dei
467 567 551 600 filius
577 566 722 600 Christus
748 566 899 599 dominus
930 577 946 599 e

207 620 391 664 captivitate
410 620 533 663 peccati
552 620 792 663 redempturus,
812 620 946 652 sormam

206 673 288 706 servi
314 684 351 706 ex
376 673 526 716 virginali
552 679 645 706 utero
671 673 818 716 accipere
835 673 945 713 voluit,

206 732 301 769 atque
327 726 370 759 ita
394 726 528 769 virginis
555 726 658 766 filius,
686 733 717 760 et
742 726 809 769 ipse
834 726 946 768 virgo,

205 779 363 822 virginem
389 779 449 813 sibi
475 779 837 823 copulavitEcclesiam‚
858 779 947 811 cuius

206 832 396 866 fecunditati
433 843 500 866 non
535 833 627 865 obest
652 831 838 874 virginitas,
864 832 948 865 sicut

206 896 266 919 nec
291 887 470 920 fecunditas
491 886 602 920 adimit
627 886 867 929 virginitatem3
899 896 949 919 ca-

206 945 253 972 sta
278 940 364 973 enim
389 946 420 973 et
447 940 535 982 virgo
562 941 628 972 tota
653 939 725 979 fide,
746 950 841 983 quam
860 939 948 973 nulla

207 993 353 1026 haeresis
380 992 483 1026 inficit
507 993 653 1033 macula,
680 994 790 1026 nullus
810 993 948 1025 mendax

207 1047 407 1080 contaminat
431 1058 544 1087 error,
571 1047 720 1080 caelestis
745 1046 862 1090 Sponsi
899 1046 947 1079 sui

206 1100 351 1144 sequitur
375 1100 526 1143 vestigia,
553 1101 638 1133 laeta
663 1102 840 1133 numerosa
854 1101 948 1143 prole

207 1152 347 1186 filiorum
366 1180 373 1194 ,
400 1164 480 1197 quos
506 1153 697 1186 inexhauste
723 1159 754 1186 et
783 1163 948 1196 nunquam

207 1206 388 1239 senescenti
415 1212 508 1250 partu
535 1206 681 1250 quotidie
717 1206 799 1238 sacri
832 1205 949 1238 lavacri

206 1259 301 1292 undis
326 1265 492 1292 aeternam
518 1259 604 1302 parit
628 1259 666 1292 ad
692 1259 809 1298 vitam;
830 1258 949 1291 sterilis

206 1313 337 1356 peperit
359 1313 536 1356 plurimos,
562 1319 594 1346 et
619 1323 701 1356 quae
736 1312 856 1345 multos
893 1313 951 1345 ha-

207 1365 303 1398 bebat
326 1365 410 1399 filios
436 1365 596 1398 infirmata
621 1370 681 1398 est.
709 1365 771 1398 Sed
809 1366 866 1399 ssos
903 1376 952 1398 ec-

208 1419 377 1452 clesiastici
403 1419 579 1462 germinis,
607 1419 705 1452 decus
733 1424 828 1462 atque
855 1429 951 1452 orna-

208 1477 351 1505 mentum
377 1472 498 1515 gratiae
524 1472 689 1515 spiritalis,
715 1472 820 1505 laudis
848 1478 879 1505 et
898 1473 951 1505 ho-

208 1526 308 1567 noris,
322 1536 404 1568 opus
418 1525 582 1569 integrum
597 1531 695 1569 atque
712 1525 952 1570 incorruptum,

208 1578 264 1612 Dei
290 1579 396 1622 imago
422 1579 628 1622 respondens
647 1579 685 1612 ad
703 1580 951 1612 sanctimoniam

209 1631 349 1672 Domini,
375 1632 532 1665 illustrior
556 1633 664 1675 portio
689 1633 798 1675 gregis
819 1632 951 1673 Christi,

210 1685 349 1728 virgines
375 1690 463 1718 sunt:
491 1696 583 1728 quae,
610 1697 627 1719 a
653 1686 773 1719 carnali
799 1687 952 1730 concupi-

210 1738 332 1771 scentia
357 1743 389 1771 et
414 1749 432 1771 a
467 1738 675 1782 corruptione
707 1739 825 1772 saeculi
863 1750 953 1772 rece-

211 1792 340 1833 dentes,
368 1798 429 1825 tam
456 1802 552 1825 carne
580 1803 675 1835 quam
701 1798 809 1825 mente
836 1803 868 1826 se
886 1793 952 1826 Deo

211 1850 387 1885 voverunt;
415 1855 507 1888 quae,
528 1845 567 1878 de
593 1845 779 1888 virginitate
805 1847 860 1877 sua
884 1847 953 1888 glo-

211 1898 289 1931 riam
317 1898 393 1932 foris
419 1909 484 1932 non
512 1905 722 1943 quaerentes,
748 1899 804 1932 sed
831 1910 887 1942 spe
913 1900 952 1932 ad

211 1952 366 1985 interiora
391 1957 515 1995 raptae,
535 1962 664 1986 carnem
684 1958 884 1986 macerantes
913 1953 954 1986 ic-

213 2006 309 2039 iuniis
326 2033 333 2047 ,
359 2011 391 2039 et
415 2010 480 2040 toto
508 2006 671 2039 desiderio
705 2007 743 2039 ad
776 2016 951 2049 supernam

212 2058 347 2101 patriam
372 2059 576 2098 anhelantes,
602 2064 774 2092 contentae
801 2059 952 2092 mercede

213 2112 340 2153 divina,
371 2113 485 2146 laudes
522 2114 750 2156 contempsere
787 2119 952 2154 terrenas;

213 2176 294 2209 quae
311 2193 318 2207 ‚
350 2165 465 2209 vigiles
490 2166 522 2198 in
547 2166 732 2210 praeceptis
758 2166 951 2208 dominicis,

212 2220 320 2252 oleum
346 2224 535 2253 sanctorum
560 2229 697 2263 operum
725 2219 758 2252 in
785 2220 868 2253 vasis
903 2221 955 2253 ha-

213 2273 336 2314 bentes,
356 2273 495 2317 acceptis
517 2272 722 2317 lampadibus
744 2273 809 2306 suis
827 2273 954 2307 obviam

214 2327 343 2361 caelesti
366 2326 490 2371 Sponso
510 2327 637 2360 iverunt
653 2353 660 2366 ,
684 2332 715 2360 et
741 2338 812 2360 cum
842 2337 879 2360 eo
911 2327 956 2360 in-

216 2385 379 2413 traverunt
410 2380 449 2412 ad
475 2381 614 2423 nuptias.
649 2379 773 2413 Gaudet
797 2391 857 2423 per
885 2381 955 2414 illas

216 2438 310 2477 atque
329 2433 360 2466 in
379 2433 444 2466 illis
460 2433 594 2476 largiter
610 2433 875 2467 floretEcclesiae
890 2445 956 2467 ma-

218 2485 274 2518 tris
299 2486 443 2529 gloriosa
466 2486 654 2527 fecunditas,
676 2492 715 2526 et,
741 2486 816 2519 licet
836 2487 955 2520 saeculi

216 2545 339 2572 crescat
375 2536 547 2582 iniquita's,
581 2549 645 2572 non
678 2539 795 2572 desinit
815 2539 957 2573 Ecclesia

217 2597 326 2626 sancta
348 2603 419 2626 esse
443 2593 472 2625 in
495 2592 662 2632 membris,
685 2597 715 2625 et
745 2592 877 2635 copiosa
909 2604 957 2626 sa-

217 2656 342 2679 crarum
369 2645 528 2689 virginum
555 2645 647 2689 prole
681 2645 832 2678 adversus
866 2656 957 2690 syna-

990 309 1090 342 gogas
1113 304 1243 332 satanae
1265 300 1412 343 quotidie
1433 299 1546 333 laetari
1567 311 1574 339 3
1610 299 1730 332 etenim

991 363 1055 385 non
1077 352 1160 395 parit
1180 353 1321 396 virgines
1343 364 1450 386 sacras
1471 353 1531 386 nisi
1562 353 1651 395 virgo
1677 353 1731 385 illa

991 416 1081 438 sacra
1099 417 1180 449 quae
1203 407 1399 450 desponsata
1418 412 1467 439 est
1488 406 1541 439 uni
1561 406 1627 439 viro
1645 412 1731 439 casta

991 459 1139 492 exhiberi
1163 459 1308 500 Christ03
1339 471 1375 493 ex
1397 460 1464 500 illa,
1486 471 1550 493 non
1575 460 1639 492 tota
1662 469 1732 491 cor-

991 522 1089 554 pore,
1113 513 1170 545 scd
1194 516 1258 546 tota
1287 513 1412 556 virgine
1435 513 1571 556 spiritu,
1595 522 1732 545 nascun-

992 570 1045 597 tur
1066 571 1195 599 sanctac
1223 567 1366 608 virgines
1392 572 1423 599 et
1450 577 1587 609 corpore
1611 571 1641 598 et
1666 565 1732 609 spi-

991 619 1065 652 ritu.
1093 619 1220 653 Fremat
1246 620 1343 663 igitur
1364 620 1530 653 infernalis
1556 620 1679 659 hostis,
1703 624 1733 651 et

991 677 1121 705 sanctae
1149 672 1342 715 virginitatis
1368 673 1488 705 invidia
1514 673 1631 705 lividus
1656 682 1732 704 con-

992 726 1156 766 tabescat;
1180 727 1303 769 primae
1325 726 1470 769 parentis
1496 725 1596 759 victor
1626 736 1660 758 se
1693 726 1731 757 ab

992 777 1128 810 infirmis
1150 778 1269 821 puellis
1291 778 1435 821 quotidie
1457 778 1571 810 victum
1596 777 1734 820 ingemi-

992 837 1080 872 scat,
1104 836 1133 864 et
1156 832 1330 865 caelestem
1352 832 1435 865 hanc
1456 831 1615 870 virtutem,
1636 842 1732 875 quam

992 885 1182 928 improbitas
1202 885 1329 928 assequi
1351 885 1483 928 nequit,
1507 895 1565 928 per
1586 895 1662 918 suos
1681 886 1734 917 im·

992 937 1121 980 pietatis
1143 938 1309 971 ministros
1327 939 1469 971 infamet.
1486 938 1572 971 Parit
1591 938 1736 971 Ecclesia

993 991 1139 1034 quotidie
1176 992 1342 1034 virgines,
1378 1002 1457 1035 quas
1494 992 1582 1024 nulla
1614 992 1736 1024 saeculi

993 1044 1188 1087 contagione
1221 1045 1446 1088 coinquinatas
1484 1044 1578 1078 oll‘ert
1616 1055 1735 1088 sponso

993 1108 1069 1137 suo,
1093 1103 1128 1130 ut
1157 1103 1337 1141 sequantur
1370 1098 1496 1140 Agrium
1530 1108 1736 1142 quocumque

994 1151 1087 1191 ierit,
1113 1156 1143 1183 et
1168 1151 1286 1194 quibus
1312 1162 1347 1184 os
1374 1152 1522 1184 obstruat
1554 1150 1737 1194 obloquen-

995 1203 1073 1236 tium
1098 1204 1225 1247 iniqua,
1253 1209 1284 1237 et
1314 1204 1570 1247 vituperatorum
1607 1210 1737 1237 sanctae

993 1259 1186 1302 virginitatis
1205 1258 1439 1302 impudentiam
1458 1259 1645 1291 confundat.
1668 1258 1738 1291 Non

995 1312 1116 1345 deserit
1141 1312 1227 1345 enim
1253 1312 1337 1345 Deus
1364 1312 1541 1345 Ecclesiam
1563 1322 1664 1353 suam,
1684 1322 1739 1345 ne-

994 1376 1056 1409 que
1083 1369 1186 1399 cessat
1211 1376 1281 1398 eam
1306 1365 1339 1398 in
1366 1365 1471 1405 diem,
1499 1376 1639 1409 operans
1665 1376 1735 1398 ma-

995 1418 1103 1462 gnalia
1128 1418 1294 1462 potentiae
1320 1428 1415 1460 suae⁷
1442 1419 1527 1451 nova
1554 1423 1739 1451 sanctornm

996 1475 1089 1517 prole
1126 1472 1320 1513 fecundare,
1360 1477 1390 1505 et
1429 1472 1642 1505 imbecillitati
1679 1473 1740 1504 hu-

998 1537 1110 1560 manae
1147 1537 1230 1559 nova
1267 1536 1396 1569 semper
1431 1536 1546 1569 parare
1580 1526 1737 1565 subsidia,

998 1581 1073 1614 dum
1100 1580 1131 1613 in
1157 1581 1257 1613 servis
1284 1580 1350 1613 suis
1374 1580 1454 1612 mira
1479 1580 1634 1623 proponit
1667 1580 1739 1612 imi-

998 1634 1129 1667 tationis
1151 1634 1311 1678 exempla‚
1333 1644 1473 1677 quorum
1491 1633 1605 1667 merita
1622 1639 1653 1666 et
1671 1644 1741 1666 ora-

998 1688 1105 1721 tiones
1130 1693 1240 1720 nostra
1263 1688 1331 1719 vult
1356 1698 1425 1720 esse
1449 1686 1611 1730 suffragia.
1651 1687 1741 1720 Fecit

998 1741 1171 1775 nobiscum
1191 1740 1449 1774 misericordiam
1467 1751 1556 1773 suam
1574 1740 1741 1783 benignis-

999 1795 1098 1827 simus
1123 1794 1217 1834 Deus,
1244 1799 1275 1827 et
1301 1793 1447 1837 parvitati
1474 1799 1606 1826 nostrae
1631 1804 1741 1827 conce-

999 1849 1077 1881 dere
1102 1847 1223 1887 voluit,
1250 1853 1284 1880 ut
1309 1857 1432 1880 sacram
1458 1846 1615 1888 virginem
1648 1847 1740 1879 lulia-

999 1912 1071 1934 nam
1098 1900 1339 1940 Falconeffiam,
1366 1910 1448 1943 quae
1474 1900 1506 1932 in
1529 1900 1641 1933 eadem
1668 1900 1739 1932 Flo-

999 1955 1127 1988 rentina
1163 1955 1242 1987 urbe
1283 1959 1355 1987 nata
1396 1959 1468 1992 est,
1504 1953 1558 1986 ubi
1597 1954 1740 1997 primum

999 2009 1170 2041 mortalem
1206 2008 1289 2040 hanc
1327 2008 1430 2040 lucem
1464 2007 1672 2051 aspeximus,
1711 2014 1741 2038 et

999 2072 1096 2105 quam
1134 2061 1194 2093 iam
1232 2065 1327 2093 antea
1363 2060 1451 2103 plebi
1479 2070 1555 2093 suae
1581 2061 1611 2092 in
1639 2060 1742 2102 gloria

1000 2115 1230 2147 miraculorum
1257 2114 1524 2153 manifestaverat,
1546 2124 1605 2146 nos
1623 2119 1741 2146 cuncto

999 2168 1180 2201 christiano
1209 2168 1332 2211 populo
1358 2167 1548 2200 Sanctarum
1574 2167 1741 2210 Virginum

1000 2223 1087 2253 cultu
1113 2221 1331 2254 venerandam
1353 2221 1533 2264 apostolica
1552 2220 1741 2253 auctoritate

1001 2275 1265 2308 decerneremus.
1295 2274 1406 2318 ltaque
1425 2284 1538 2306 manus
1557 2274 1595 2306 ad
1615 2274 1740 2307 caelum

1001 2329 1154 2362 tollentes
1180 2329 1296 2371 gratias
1323 2329 1446 2371 agimus
1473 2328 1617 2360 omnium
1643 2327 1743 2359 bono-

1001 2392 1071 2414 rum
1112 2382 1258 2425 largitori
1278 2409 1284 2422 ,
1324 2381 1377 2424 qui
1420 2382 1506 2414 inter
1543 2380 1741 2420 multiplices

1002 2435 1240 2476 tribulationes,
1269 2435 1386 2477 quibus
1413 2436 1454 2467 ob
1477 2439 1611 2477 peccata
1630 2438 1743 2466 nostra

1001 2488 1127 2521 assidue
1152 2488 1433 2530 al'lligiinitr,tledit
1454 2487 1548 2519 nobis
1574 2487 1612 2519 de
1631 2486 1743 2519 beatae

1001 2541 1134 2584 virginis
1160 2541 1330 2574 virtutibus
1355 2551 1390 2572 ac
1415 2539 1539 2572 meritis
1566 2539 1686 2578 lactari,
1714 2544 1744 2571 ct

1003 2599 1144 2627 sanctam
1172 2594 1239 2626 eius
1275 2592 1557 2625 conversationem
1589 2597 1621 2624 et
1646 2591 1743 2624 mira-

1003 2646 1081 2681 bilia
1102 2647 1227 2679 divinac
1246 2647 1367 2689 gratiae
1388 2645 1584 2678 annunciare
1604 2644 1743 2688 populis,

1636 241 1700 275 <275
1746 250 1795 277 An.
1813 250 1841 277 c.
1860 250 1925 278 1737
