2232 3178
463 205 527 239 702

511 265 571 299 mel
597 264 741 298 inductae
764 264 888 297 avocari
916 263 955 297 ab
979 264 1087 298 eedem
1106 275 1159 298 ne-

507 323 632 362 queant,
658 316 708 350 10.

420 371 539 406 CXLVI.
564 370 739 404 lubilaeum
771 370 948 404 universale
975 371 1013 403 ad
1037 371 1156 414 implo-

509 422 638 456 randam
653 422 788 455 divinam
808 433 899 466 opem
913 433 971 467 pro
984 433 1060 467 pace
1078 423 1159 456 inter

506 476 666 520 principes
691 476 878 510 christianos
903 482 932 510 et
960 477 1028 510 aliis
1052 477 1159 510 catho-

506 529 585 562 licae
608 529 764 563 Ecclesiae
787 530 1038 571 necessitatibus,
1062 530 1113 562 14.

419 582 556 616 CXLVII.
567 582 779 615 Summarium
795 582 1158 626 indulgentia1·um‚quae

506 635 722 668 conceduntur
756 636 907 669 fratribus
941 641 971 669 et
995 635 1158 669 sororibus

505 687 630 721 Ordinis
654 688 824 721 Servorum
851 688 882 721 B.
908 689 948 721 M.
976 689 1008 721 V.
1026 693 1057 721 et
1081 699 1158 722 con-

504 741 654 774 fratribus
678 741 804 785 Septem
834 742 983 775 Dolorum
999 770 1006 784 ‚
1032 742 1157 775 Ordinis

505 793 652 827 ecclesias
677 794 800 827 statutis
817 794 889 827 anni
907 794 1018 828 diebus
1035 794 1158 827 visitan-

504 847 610 889 tibus,
637 847 685 880 vcl
721 848 815 880 etiam
849 858 999 881 coronam
1032 847 1157 891 Septem

505 900 656 933 Dolorum
681 905 894 944 nuncupatam
926 900 1154 941 recitantibus,

504 953 705 997 adimplendo
729 954 859 998 insuper
882 954 1036 988 nonnulla
1060 954 1111 998 pia
1125 951 1158 988 ὀ-

503 1017 580 1051 pera
603 1017 683 1051 quae
697 1007 730 1040 in
742 1007 801 1041 hae
821 1008 1045 1042 constitutione
1065 1017 1157 1052 prae-

504 1059 697 1101 scribuntur,
721 1059 774 1093 48.

415 1112 567 1147 CXLVIII.
593 1113 778 1157 Superiores
802 1113 974 1156 regulares,
999 1113 1092 1147 etiam
1115 1113 1159 1147 lo-

504 1167 597 1208 cales,
614 1166 740 1201 Ordinis
760 1167 929 1200 Servorum
947 1167 980 1200 B.
999 1167 1038 1200 M.
1059 1167 1094 1200 V.
1113 1167 1158 1200 fa-

505 1220 619 1254 cultate
650 1220 788 1263 gaudent
823 1220 1033 1254 ecclesiastica
1057 1220 1157 1254 indu-

504 1278 609 1307 menta
621 1273 659 1306 ad
673 1273 766 1306 huius
782 1273 908 1307 Ordinis
924 1273 1072 1308 ecclesias
1086 1284 1158 1318 per-

506 1326 636 1359 tinentia
670 1327 899 1368 benedicendi,
924 1327 1095 1362 dummodo
1126 1328 1157 1361 in

504 1378 722 1413 benedictione
762 1379 943 1413 huiusmodi
979 1381 1060 1414 sacri
1096 1381 1156 1414 olei

505 1432 612 1466 unctio
636 1443 699 1466 non
723 1433 920 1473 adhibeatur,
945 1433 996 1466 024.

417 1484 547 1519 CXLIX.
564 1485 706 1520 Facultas
730 1486 873 1529 patribus
889 1485 1074 1529 Capuccinis
1091 1486 1158 1520 Gal-

505 1537 542 1570 lis
567 1537 773 1571 missionariis
804 1538 983 1581 apostolicis
1007 1538 1038 1571 in
1062 1538 1158 1582 parti-

505 1591 564 1625 bus
589 1590 762 1624 infidelium
787 1591 972 1634 degentibus
992 1592 1157 1625 exercendi

505 1649 588 1677 artes
613 1644 789 1678 medicinae
813 1651 843 1678 et
867 1644 1057 1688 chirurgiae,
1082 1644 1133 1678 26.

419 1696 476 1730 CL.
514 1697 710 1740 Indulgentia
742 1697 883 1741 plenaria
918 1703 1069 1742 perpetua
1100 1708 1158 1742 pro

505 1750 702 1783 visitantibus
726 1751 864 1795 aliquam
884 1761 921 1784 ex
940 1751 1081 1785 ecclesiis
1100 1752 1159 1784 fra—

507 1808 590 1836 trum
615 1803 740 1837 Ordinis
764 1805 922 1838 Minorum
947 1804 978 1837 S.
998 1805 1157 1838 Francisci

510 1856 768 1890 Conventualium
799 1863 1055 1901 nuncupatorum
1088 1868 1160 1892 vere

508 1908 741 1952 poenitentibus
775 1913 805 1941 et
829 1910 977 1942 confessis
1007 1919 1043 1943 ac
1072 1913 1162 1945 sacra

509 1962 732 1995 communione
755 1962 897 2004 refectis,
923 1968 985 1996 tam
1010 1963 1162 1997 hactenus

510 2016 623 2048 erectis
642 2026 736 2059 quam
760 2016 969 2060 imposterum
994 2017 1161 2061 erigendis,

512 2068 562 2102 die
587 2069 664 2102 festo
684 2068 730 2102 Ss.
755 2074 930 2114 martyrum
955 2070 1094 2113 Berardi,
1111 2071 1165 2104 Pe-

510 2122 560 2164 tri,
585 2123 737 2164 Accursii,
761 2123 866 2156 Adiuti
891 2127 921 2157 et
944 2123 1086 2165 Othonis,
1107 2124 1159 2158 027.

516 2174 632 2209 Contra
644 2175 819 2209 homicidas
832 2186 868 2209 ac
886 2176 1062 2210 deferentes
1076 2187 1165 2210 arma

510 2227 668 2271 prohibita
703 2228 735 2261 in
765 2229 849 2261 alma
874 2229 957 2263 Urbe
988 2235 1019 2263 et
1041 2230 1164 2274 reliquo

511 2281 601 2315 Statu
624 2281 855 2324 Ecclesiastico,
880 2281 931 2315 ⁶28.

425 2333 509 2367 CLII.
528 2334 638 2367 Annua
655 2334 856 2375 contributio,
866 2345 923 2378 per
937 2337 1162 2370 monasterium

512 2387 542 2421 S.
567 2387 778 2421 Scholasticae
809 2388 1068 2432 Congregationis
1093 2390 1165 2424 Cas-

514 2439 646 2473 sinensis
695 2440 819 2474 Ordinis
865 2441 964 2475 sancti
1006 2442 1164 2476 Benedicti

513 2491 654 2525 facienda
693 2493 884 2527 monasterio
924 2493 1010 2527 Sacri
1047 2494 1164 2538 Specus

513 2545 654 2578 eiusdem
677 2544 938 2590 Congregationis
963 2553 993 2581 et
1019 2547 1162 2590 Ordinis,

514 2597 582 2632 sieri
608 2604 752 2634 censetur
779 2600 874 2637 etiam
898 2600 989 2637 titulo
1013 2611 1163 2646 compen-

422 2174 491 2208 CLI.

1008 211 1185 237 BULLARIUM
1210 210 1361 236 ROMANUM

1299 263 1428 298 sationis
1460 264 1669 308 quorumdam
1704 265 1859 300 bonorum
1877 294 1886 307 ,
1910 277 1946 300 ae

1299 318 1369 351 fieri
1386 317 1478 350 debet
1502 317 1533 350 in
1550 318 1684 361 pecunia
1699 321 1874 360 numerata,
1889 319 1943 353 37.

1211 369 1311 404 CLIII.
1344 370 1497 403 Statutum
1534 375 1569 403 ut
1603 371 1771 414 capitulum
1802 372 1948 414 generale

1298 423 1421 457 Ordinis
1446 424 1474 457 S.
1492 423 1652 468 Hippolyti
1676 425 1824 458 Mexicani
1844 425 1881 458 de
1901 435 1948 459 ce-

1252 513 1255 514 ⁷
1299 482 1366 510 tero
1390 477 1428 510 de
1453 477 1600 511 sexennio
1632 477 1664 511 in
1694 478 1877 512 sexennium
1902 479 1949 513 c'e-

1297 529 1448 571 lebretur‚
1473 529 1525 563 39.

1209 581 1304 615 CLIV.
1331 582 1534 616 Confirmatio
1554 582 1672 617 decreti
1689 583 1948 628 Congregationis

1297 636 1335 669 de
1360 637 1568 680 Propaganda
1601 637 1675 670 Fide
1700 648 1794 681 super
1817 639 1950 672 tumula-

1297 689 1381 723 tione
1398 690 1586 723 cadaverum
1611 690 1883 724 missionariorum
1903 702 1949 725 re·

1297 743 1456 785 gularium
1476 743 1508 775 in
1533 743 1706 777 infidelium
1731 744 1873 788 partibus
1889 744 1950 778 exi-

1298 795 1458 836 stentium,
1486 795 1540 829 40.

1210 845 1290 880 CLV.
1316 848 1520 882 Confirmatio
1544 849 1651 883 Brevis
1676 849 1792 883 Urbani
1810 850 1875 883 VIII
1890 860 1949 884 su-

1297 910 1354 944 per
1378 901 1589 936 declaratione
1612 902 1697 946 quod
1717 902 1800 936 Ordo
1816 902 1950 936 fratrum

1297 953 1453 987 Minorum
1490 955 1589 988 saneti
1621 956 1778 989 Francisci
1802 956 1950 1000 Capueci-

1297 1017 1411 1041 norum
1436 1017 1495 1051 per
1518 1012 1636 1042 rectam
1661 1009 1776 1042 lineam
1800 1009 1867 1043 sine
1890 1010 1943 1043 in-

1297 1061 1498 1095 termissione
1510 1061 1671 1096 descendit
1684 1072 1702 1095 a
1713 1062 1796 1096 linea
1809 1062 1838 1097 S.
1855 1063 1950 1097 Fran-

1298 1113 1382 1155 ciSci,
1409 1113 1463 1147 402.

1209 1165 1304 1200 CLVI.
1329 1167 1482 1201 Concessa
1504 1168 1634 1202 facultas
1656 1168 1796 1212 generali
1820 1178 1905 1203 nunc
1921 1173 1952 1203 et

1296 1231 1355 1264 pro
1379 1225 1523 1264 tempore
1558 1221 1700 1255 existenti
1737 1221 1861 1256 Ordinis
1888 1222 1951 1256 fra-

1298 1278 1382 1307 trum
1407 1274 1562 1307 Minorum
1591 1275 1690 1308 saneti
1713 1274 1871 1309 Francisci
1895 1275 1951 1309 Ca-

1297 1327 1506 1371 puecinorum
1524 1333 1778 1372 nuncupatorum
1798 1329 1862 1361 una
1878 1338 1951 1362 cum

1298 1380 1479 1414 definitorio
1514 1382 1653 1424 generali
1687 1381 1880 1415 concedendi
1913 1381 1952 1415 li-

1299 1435 1433 1468 centiam
1458 1435 1608 1468 fratribus
1625 1435 1811 1479 Capuecinis
1827 1435 1953 1480 presby-

1300 1487 1376 1520 teris
1397 1486 1435 1520 ad
1459 1487 1630 1521 audiendas
1650 1488 1859 1521 saecularium
1878 1498 1950 1522 con-

1299 1540 1450 1574 fessiones
1467 1540 1506 1573 ab
1532 1540 1700 1574 Ordinario
1720 1541 1902 1586 approbatis
1919 1541 1952 1574 in

1299 1592 1360 1626 illis
1383 1593 1471 1634 locis,
1488 1593 1543 1626 ubi
1566 1599 1737 1627 conventus
1759 1594 1808 1627 sui
1828 1593 1952 1628 Ordinis

1300 1645 1444 1688 existunt,
1481 1646 1513 1678 in
1536 1646 1649 1690 quibus
1684 1646 1949 1680 confessariorum

1300 1699 1434 1742 penuria
1458 1698 1551 1741 viget,
1576 1698 1628 1732 43.

1210 1750 1320 1785 CLVII.
1349 1752 1566 1794 Indulgentiae
1591 1752 1776 1786 docentibus
1798 1757 1828 1786 et
1846 1752 1952 1797 pueris

1299 1804 1493 1838 discentibus
1509 1804 1685 1838 doctrinam
1703 1805 1904 1839 christianam
1919 1806 1952 1839 i'n

1300 1857 1384 1890 Urbe
1418 1868 1454 1891 ac
1483 1858 1628 1892 universa
1657 1858 1745 1891 ltalia
1780 1858 1954 1902 insulisque

1301 1911 1529 1952 adiacentibus,
1555 1911 1767 1945 extenduntur
1800 1911 1840 1945 ad
1870 1911 1954 1945 adul-

1302 1970 1349 1999 tos
1384 1965 1438 2009 qui
1473 1965 1666 1999 catechismo
1700 1965 1882 2000 huiusmodi
1906 1965 1954 1999 in-

1303 2019 1445 2060 tererint,
1468 2018 1522 2052 44.

1215 2069 1339 2104 CLVIII.
1366 2071 1543 2104 Prohibitio
1574 2071 1747 2116 recipiendi
1773 2072 1805 2105 in
1829 2071 1956 2116 provin-

1304 2123 1352 2157 cia
1376 2124 1481 2157 Italiae
1505 2124 1630 2158 Ordinis
1653 2125 1787 2158 fratrum
1811 2125 1862 2159 SS.
1887 2125 1955 2158 Tri-

1303 2177 1407 2212 nitatis
1430 2178 1658 2222 redemptionis
1682 2179 1880 2223 captivorum
1907 2189 1956 2212 re-

1302 2230 1432 2274 ligiosos
1463 2231 1599 2266 cuiusvis
1635 2232 1759 2266 Ordinis
1790 2231 1956 2266 transitum

1304 2284 1511 2327 requirenteS,
1535 2285 1594 2318 sub
1618 2285 1720 2329 poena
1743 2284 1956 2318 excommuni-

1305 2337 1436 2371 cationis
1461 2343 1491 2371 et
1513 2338 1698 2382 privationis
1726 2338 1811 2372 vocis
1835 2338 1955 2372 activae

1305 2395 1335 2423 et
1357 2390 1499 2434 passivae
1522 2395 1586 2424 tam
1621 2396 1731 2425 contra
1766 2391 1956 2435 recipientes

1304 2453 1381 2487 quas
1406 2449 1552 2488 receptos
1579 2444 1648 2488 ipso
1679 2445 1761 2478 facto
1792 2444 1956 2478 incurren-

1304 2496 1352 2539 ἀεὶ,
1378 2496 1432 2530 45.

1215 2548 1312 2584 CLIX.
1339 2550 1373 2583 In
1397 2551 1636 2586 ratiocinatores
1652 2552 1803 2586 Gamerae
1819 2551 1955 2595 Aposto-

1303 2604 1381 2641 licae
1404 2610 1607 2642 assumuntur
1624 2611 1688 2642 tres
1707 2604 1910 2651 legumperiti
1927 2608 1958 2640 et
