2232 3178
78 239 127 266 An.
144 237 173 264 C.
192 237 260 265 ¹735

881 237 1021 262 CLEMENS
1046 237 1089 261 xll
1113 238 1161 261 PP.

272 290 418 326 scentes,
445 290 541 330 atque
562 291 596 319 ut
615 288 793 330 regulares
812 286 844 319 in
864 285 1008 320 ecclesiis

271 349 401 373 suorum
435 339 591 372 Ordinum
627 340 816 383 praedicare
850 341 1007 379 volentes,

271 402 306 425 se
331 403 438 425 coram
471 393 634 436 episcopis
666 399 888 436 praesentare,
914 398 946 425 et
970 393 1009 424 ab

272 445 317 478 eis
343 445 609 478 benedictionem
635 451 748 489 petere
767 451 951 484 teneantur;
980 445 1010 476 in

272 498 417 531 ecclesiis
454 509 542 538 vero,
580 509 661 542 quae
694 508 826 531 suorum
851 498 1010 531 Ordinum

272 561 337 583 non
373 556 458 591 sunt,
488 552 577 585 nullo
603 552 700 584 modo
724 551 914 595 praedicare
940 561 1012 594 pos-

272 604 335 637 sint
351 604 420 637 sine
439 604 583 648 episcopi
602 605 747 645 licentia,
767 605 1011 638 contradicente

273 661 379 690 autem
405 657 572 700 episcopo,
608 657 723 690 nullibi
761 658 856 690 etiam
884 658 914 689 in
941 668 1013 690 suo-

272 720 343 742 rum
369 710 524 743 Ordinum
546 710 693 742 ecclesiis
710 711 899 753 praedicare
922 721 1013 753 prae-

273 767 409 795 sumant.
424 763 554 801 Verum,
570 763 643 806 quia
658 763 856 806 experientia
871 774 1013 807 comper-

273 821 339 848 tum
366 821 415 848 est
440 815 650 848 ecclesiastici
681 816 846 859 regiminis
872 817 1014 850 rationes

273 869 437 912 postulare
471 873 504 901 ut
537 869 675 902 decretis
712 869 868 903 eiusmodi
893 869 1014 913 aliquid

273 923 478 965 adiungatur,
501 924 626 955 matura
647 923 883 957 deliberatione
903 924 1015 956 nostra

273 981 305 1008 et
338 986 374 1009 ex
406 976 492 1008 certa
516 975 663 1017 scientia,
691 988 727 1009 ac
752 977 790 1010 de
817 977 1015 1019 apostolicae

273 1029 444 1072 potestatis
469 1029 685 1072 plenitudine,
721 1030 783 1062 liae
808 1030 954 1072 generali
980 1041 1016 1063 ac

275 1089 436 1126 perpetuo
457 1083 593 1116 valitura
618 1083 850 1116 constitutione
872 1084 1015 1117 decerni-

275 1147 358 1177 mus,
385 1136 554 1169 statuimus
587 1141 618 1169 et
648 1136 868 1176 declaramus,
895 1142 930 1169 ut
954 1137 1012 1170 de-

275 1189 388 1231 inceps
414 1194 475 1220 tam
508 1189 673 1230 regulares
701 1199 796 1232 quam
829 1191 1015 1223 saeculares

275 1242 523 1285 quomodolibet
559 1242 715 1285 exempti,
741 1242 808 1275 sive
833 1243 1015 1275 animarum

274 1305 382 1326 curam
401 1304 614 1337 personarum
629 1295 844 1328 saecularium
860 1301 1017 1328 monaste-

275 1346 347 1380 riis¹
372 1358 426 1380 seu
452 1347 601 1380 domibus
627 1347 832 1389 regularibus
857 1352 910 1380 aut
947 1348 1017 1392 qui-

275 1400 385 1433 busvis
411 1400 482 1433 aliis
507 1400 653 1433 ecclesiis
680 1401 728 1433 vel
754 1400 921 1433 beneficiis
951 1401 1016 1435 sive

277 1453 482 1496 regularibus
519 1453 585 1486 sive
622 1453 844 1487 saecularibus
885 1454 1013 1488 incum-

276 1507 409 1540 bentem
450 1511 633 1546 exerceant,
659 1505 726 1539 sive
753 1506 829 1539 alias
857 1507 1014 1540 ecclesia-

276 1560 355 1593 stica
379 1564 580 1593 sacramenta
601 1564 655 1592 aut
680 1570 778 1593 unum
806 1571 843 1593 ex
870 1560 935 1594 illis
960 1561 1017 1593 mi-

276 1614 414 1647 nistrent
440 1611 568 1656 praevia
594 1613 739 1656 episcopi
766 1613 895 1646 licentia
918 1620 950 1647 et
967 1624 1018 1657 ap·

276 1667 482 1710 probatione,
499 1665 563 1699 sive
583 1677 717 1709 quoquo
735 1667 831 1699 modo
856 1667 888 1699 in
915 1667 1018 1700 dictae

277 1730 373 1754 curae
409 1719 565 1753 exercitio
590 1719 702 1751 autin
737 1719 927 1753 eorumdem
963 1730 1015 1753 sa-

278 1778 520 1807 cramentorum
558 1773 607 1805 vel
644 1772 781 1805 alicuius
803 1783 839 1805 ex
865 1773 930 1806 illis
956 1773 1016 1806 ad-

276 1826 518 1860 ministratione
544 1826 584 1858 de
616 1826 699 1859 sacto
725 1826 847 1869 absque
873 1827 939 1859 ulla
965 1836 1019 1859 au-

278 1880 427 1913 ctoritate
453 1889 487 1912 se
513 1878 672 1921 ingerant,
700 1879 731 1911 in
758 1879 807 1912 his
833 1890 916 1923 quae
935 1879 1019 1912 eius-

279 1933 364 1966 modi
389 1943 498 1966 curam
520 1942 575 1965 seu
601 1931 920 1965 administrationem
950 1942 1019 1965 con-

279 1987 422 2021 cernunt,
445 1981 653 2014 omnimodae
673 1980 899 2021 iurisdictioni,
918 1981 1019 2013 visita-

281 2035 358 2069 tioni
384 2040 416 2068 et
440 2034 636 2068 correctioni
662 2034 847 2067 dioecesani
873 2035 1019 2079 episcopi

282 2094 440 2133 tamquam
452 2087 543 2122 Sedis
555 2088 759 2132 Apostolicae
774 2088 913 2131 delegati
926 2089 1019 2132 plene

282 2142 314 2174 in
339 2142 489 2175 omnibus
514 2141 742 2174 subiiciantur.
771 2142 818 2175 Ad
845 2142 935 2184 haec,
957 2147 1020 2174 tam

285 2197 452 2237 regulares
477 2206 574 2239 quam
611 2196 796 2229 saeculares
822 2195 1021 2235 huiusmodi,

286 2248 381 2281 nullis
391 2249 569 2292 privilegiis
582 2254 637 2281 aut
654 2249 918 2292 exemptionibus
936 2249 1021 2282 tueri

286 2311 321 2333 se
361 2301 500 2344 possint,
536 2302 721 2345 quominus,
761 2303 786 2335 si
824 2302 1022 2346 deliquerint

287 2354 370 2387 circa
394 2365 548 2397 personas
572 2355 656 2388 intra
673 2362 766 2400 septa
785 2357 950 2399 degentes,
969 2361 1023 2389 aut

287 2406 370 2439 circa
395 2408 585 2449 clausuram,
611 2410 660 2442 vel
686 2410 771 2443 circa
788 2410 948 2444 bonorum
968 2410 1023 2443 ad-

286 2460 554 2503 ministrationem
587 2463 857 2496 monasteriorum
890 2463 1020 2495 monia-

287 2513 365 2546 lium
391 2513 487 2546 etiam
506 2515 710 2556 regularibus
729 2516 960 2556 subiectarum,
983 2517 1022 2549 ab

289 2566 444 2611 episcopo
470 2566 533 2600 loci
551 2567 701 2601 similiter
722 2573 883 2612 tamquam
902 2570 939 2602 ad
962 2570 1023 2603 hoc

323 2629 334 2656 1
356 2628 429 2656 Edit.
450 2628 529 2656 Main.
551 2629 613 2665 legit
632 2631 805 2659 monasterii
824 2631 864 2665 (n.
879 2631 928 2667 Τ.).

1053 285 1142 319 Sedis
1168 287 1370 330 Apostolicac
1407 288 1565 331 delegato,
1604 289 1726 332 quoties
1764 296 1793 324 et

1054 339 1180 382 quando
1221 351 1302 384 opus
1342 341 1442 381 suerit,
1481 341 1589 385 puniri
1622 347 1652 375 et
1676 344 1793 386 corrigi

1055 392 1186 425 valeant.
1212 393 1415 427 Confessores
1449 405 1533 436 vero,
1570 395 1634 428 sire
1669 398 1794 439 regula-

1054 453 1104 475 res
1130 443 1194 476 sive
1212 445 1399 486 saeculares,
1419 446 1723 490 quomodocumque
1745 459 1795 480 ex-

1055 495 1164 538 empti,
1191 501 1251 528 tam
1289 497 1442 529 ordinarii
1479 509 1573 541 quam
1611 501 1791 533 extraordi-

1056 549 1147 588 narii,
1175 550 1213 582 ad
1239 550 1474 583 consessionem
1499 552 1681 585 monialium
1701 554 1793 586 etiam

1057 602 1256 643 regularibus
1282 603 1495 635 subiectarum
1521 605 1693 639 audiendas
1730 610 1797 640 nul-

1057 654 1179 687 latenus
1206 656 1350 698 deputari
1378 657 1510 699 valeant,
1537 658 1597 690 nisi
1631 659 1720 702 prius
1757 661 1796 692 ab

1057 708 1209 751 episcopo
1236 709 1428 742 dioecesano
1460 710 1563 743 idonei
1601 712 1794 754 iudicentur,

1058 764 1087 794 et
1111 763 1387 804 approbationem,
1425 774 1504 806 quae
1541 765 1637 807 gratis
1674 777 1793 799 conee-

1059 814 1159 854 datur,
1186 815 1361 848 obtineant..
1398 816 1459 850 Sed
1486 823 1516 849 et
1540 818 1796 852 administrantes

1058 867 1143 900 bona
1168 867 1206 900 ad
1233 867 1388 901 eiusmodi
1416 870 1606 902 monasteria
1628 872 1798 906 sanctimo-

1059 919 1200 962 nialium,
1226 925 1259 953 ut
1276 921 1464 964 praefertur,
1485 922 1577 955 etiam
1596 925 1797 966 regularibus

1059 973 1273 1006 subiectarum
1311 974 1514 1017 pertinentia,
1547 976 1613 1009 sive
1638 978 1798 1019 regulares

1059 1026 1221 1059 extiterint
1245 1027 1309 1060 sive
1342 1029 1518 1061 saeculares
1556 1031 1800 1072 quomodolibet

1059 1080 1207 1122 exempti,
1232 1081 1385 1124 episcopo
1411 1082 1483 1121 loci,
1516 1083 1669 1116 adhibitis
1706 1084 1799 1116 etiam

1060 1133 1281 1175 superioribus
1307 1135 1525 1176 regularibus,
1551 1136 1684 1177 singulis
1709 1138 1800 1170 annis

1061 1186 1199 1218 rationes
1235 1187 1536 1226 administrationis
1561 1190 1659 1229 gratis
1697 1195 1799 1223 tamen

1061 1239 1246 1281 exigendas,
1273 1240 1407 1272 reddere
1433 1245 1610 1282 teneantur,
1637 1243 1675 1275 ad
1702 1243 1799 1286 idque

1061 1291 1138 1324 iuris
1163 1293 1312 1324 remediis
1345 1293 1414 1333 cogi
1441 1298 1470 1325 et
1495 1294 1645 1337 compelli
1670 1301 1798 1338 queant.

1061 1344 1228 1388 Liceatque
1261 1345 1414 1388 episcopo
1438 1356 1473 1378 ex
1500 1346 1681 1380 rationabili
1707 1350 1801 1381 causa

1061 1397 1246 1440 superiores
1272 1399 1435 1440 regulares
1463 1399 1639 1432 admonere
1663 1405 1697 1432 ut
1721 1400 1803 1433 eius-

1062 1450 1148 1484 modi
1175 1451 1379 1484 consessores
1405 1456 1498 1495 atque
1524 1453 1801 1487 administratores

1061 1509 1241 1544 amoveant,
1269 1503 1372 1548 iisque
1397 1505 1616 1548 superioribus
1642 1507 1674 1540 id
1700 1507 1801 1540 facere

1062 1557 1313 1591 detractantibus
1353 1563 1406 1590 aut
1445 1559 1697 1601 negligentibus,
1737 1560 1800 1593 ha-

1062 1611 1136 1643 beat
1147 1611 1320 1654 episcopus
1335 1611 1515 1644 facultatem
1527 1612 1712 1654 praedictos
1729 1624 1803 1646 con-

1062 1664 1199 1696 sessores
1243 1668 1272 1695 et
1314 1663 1591 1697 administratores
1631 1667 1800 1698 amovendi

1062 1716 1184 1759 quoties
1209 1721 1238 1748 et
1259 1716 1388 1758 quaudo
1425 1727 1506 1759 opus
1542 1727 1610 1749 esse
1636 1717 1798 1751 iudicave-

1063 1770 1114 1801 rit.
1143 1770 1187 1802 Ac
1212 1769 1359 1802 similiter
1384 1770 1486 1812 possit
1511 1770 1708 1814 episeopus,
1737 1773 1801 1803 uua

1062 1833 1133 1855 cum
1170 1823 1390 1866 superioribus
1424 1823 1625 1865 regularibus
1650 1835 1802 1867 quarum-

1062 1886 1200 1918 cumque
1243 1875 1475 1908 abbatissarum
1493 1903 1500 1916 ,
1550 1876 1801 1919 priorissarum,

1063 1928 1296 1972 praetectarum
1322 1928 1367 1961 vel
1394 1928 1646 1972 praepositarum
1681 1940 1803 1962 corum-

1064 1982 1134 2014 dem
1157 1981 1432 2020 monasteriorum,
1452 1992 1655 2025 quoeumque
1674 1983 1804 2015 nomine

1063 2035 1277 2079 appellentur,
1302 2034 1511 2068 electionibus
1536 2045 1592 2077 per
1616 2045 1649 2067 se
1675 2036 1719 2068 vel
1746 2046 1804 2079 per

1063 2087 1160 2119 alium
1202 2085 1358 2119 interesse
1394 2096 1430 2118 ac
1469 2086 1659 2129 praesidere,
1685 2086 1804 2129 absque

1065 2140 1130 2172 ulla
1155 2144 1260 2172 tamen
1286 2139 1429 2182 ipsorum
1456 2138 1723 2171 monasteriorum
1750 2139 1805 2171 im-

1064 2195 1174 2236 pensa.
1194 2196 1236 2226 Ac
1254 2194 1380 2226 demum
1400 2192 1515 2225 habeat
1540 2192 1712 2235 episcopus
1732 2198 1805 2225 tam-

1066 2258 1160 2290 quam
1173 2247 1275 2279 dictae
1292 2246 1381 2279 Sedis
1402 2246 1567 2287 delegatus
1584 2245 1804 2277 auctoritatem

1066 2301 1237 2334 coercendi
1264 2305 1295 2333 et
1320 2299 1473 2342 puniendi
1511 2310 1727 2342 quoscumque
1753 2311 1804 2332 ex-

1066 2360 1190 2398 emptos
1214 2359 1276 2385 tam
1303 2354 1484 2386 saeculares
1509 2363 1602 2395 quam
1631 2355 1804 2393 regulares,

1067 2409 1120 2452 qui
1147 2408 1177 2440 in
1199 2408 1308 2440 alienis
1328 2407 1484 2446 ecclesiis,
1503 2412 1556 2438 aut.
1574 2416 1652 2449 quae
1672 2417 1804 2439 suorum

1066 2461 1214 2494 Ordinum
1241 2470 1305 2493 non
1331 2464 1413 2498 sunt,
1447 2459 1567 2501 absque
1593 2458 1732 2501 episcopi
1770 2459 1805 2490 li-

1066 2515 1179 2554 centia,
1205 2519 1234 2545 ct
1260 2513 1289 2545 in
1315 2512 1457 2545 ccelesiis
1493 2511 1556 2543 suis
1593 2517 1646 2544 aut
1672 2522 1803 2545 suorum

1066 2567 1233 2607 Ordinum,
1259 2576 1322 2598 non
1350 2566 1449 2608 petita
1470 2564 1554 2597 illius
1573 2564 1803 2604 benedictione,

1028 2660 1029 2663 Ἴ
1066 2626 1118 2654 aut
1138 2621 1207 2664 ipso
1232 2619 1480 2660 contradicente,
1508 2618 1692 2661 praedicare
1713 2628 1804 2663 prae-

1802 241 1851 269 An.
1869 241 1897 268 C.
1922 242 1986 269 1735
