2232 3178
39 261 87 289 An.
101 259 129 287 C.
150 258 219 287 1738

59 320 166 343 Contraria
175 319 212 341 tol·

34 349 109 371 mmm.
266 308 281 352 g
305 308 336 342 5.
364 308 433 342 Non
452 308 656 343 obstantibus
675 310 963 344 constitutionibus

223 367 254 396 et
290 362 550 397 ordinationibus
587 366 793 408 apostolicis,
835 376 963 399 necnon

221 415 426 458 provinciae,
453 422 631 450 conventus
658 423 689 450 et
712 417 842 451 Ordinis
874 428 963 461 prae-

222 469 405 509 dictorum,
432 469 528 502 etiam
566 470 767 511 iuramento,
794 471 965 504 confirma-

222 521 310 555 tione
346 523 544 565 apostolica‚
582 525 630 556 vel
667 524 777 566 quavis
814 523 964 557 firmitate

221 575 284 608 alia
304 575 482 615 roboratis,
506 578 632 610 statutis
658 584 690 610 et
722 579 965 612 consuetudini-

220 628 297 664 bus.
324 628 503 670 privilegiis
528 641 680 673 quoque,
706 631 840 664 indultis
866 637 894 664 et
916 633 965 665 lit-

220 681 298 714 teris
321 681 508 724 apostolicis
527 682 557 714 in
579 683 777 716 contrarium
809 685 965 726 praemis-

221 744 332 767 sorum
372 735 621 778 quomodolibet
656 736 846 776 concessis,
888 748 965 770 con-

220 787 352 820 firmatis
374 793 405 820 et
425 788 600 829 innovatis;
627 789 744 832 quibus
768 789 918 822 omnibus
934 796 966 823 et

220 839 365 883 singulis,
377 840 506 873 illorum
520 847 653 874 tenores
665 842 894 885 praesentibus
905 853 963 885 pro

220 895 318 938 plene
331 894 571 927 etsufficienter
586 895 747 937 expressis
760 907 796 928 ac
815 896 853 929 de
865 897 964 930 verbo

220 947 260 980 ad
274 947 408 981 verbum
423 948 552 981 insertis
567 948 736 988 habentes,
756 949 820 982 illis
835 949 912 982 alias
932 949 964 982 in

220 1011 278 1034 suo
303 1001 422 1034 robore
444 1001 674 1044 permansuris,
701 1002 739 1034 ad
772 1002 965 1045 praemisso-

219 1065 293 1087 rum
322 1054 488 1094 effectum,
512 1054 571 1087 bac
596 1054 664 1088 vice
691 1055 866 1095 dumtaxat,
894 1066 965 1098 spe-

221 1107 346 1140 cialiter
378 1112 409 1139 et
440 1117 593 1150 expresse
634 1108 847 1150 derogamus3
881 1114 966 1141 cete-

219 1160 330 1203 risque
356 1160 525 1192 contrariis
552 1160 826 1204 quibuscumque.

265 1213 377 1246 Datum
404 1213 540 1251 Romae,
568 1214 651 1256 apud
670 1213 702 1246 S.
722 1214 854 1246 Mariam
871 1214 966 1247 Maio-

221 1277 312 1307 rem,
346 1266 405 1299 sub
430 1267 553 1299 annulo
588 1266 780 1306 piscatoris,
815 1267 866 1299 die
898 1278 965 1301 xxii

221 1319 349 1362 augusti
375 1328 601 1360 :mccxxxvnh
628 1319 837 1362 pontificatus
861 1321 964 1353 nostri

223 1383 307 1406 anno
333 1382 376 1406 ix.

257 1435 315 1462 Dat.
337 1435 381 1462 die
400 1435 434 1462 2‘2
451 1435 560 1470 augusti
583 1434 666 1469 1738,
689 1435 786 1471 pontif.
809 1444 878 1463 auno
900 1443 936 1463 ix.

532 1577 643 1612 CCXL.

223 1658 432 1701 Confirmatio
456 1659 672 1701 quorumdam
693 1658 892 1692 decretorum
907 1669 965 1702 pro

265 1711 355 1754 felici
378 1712 539 1754 reyimi'ne
570 1713 834 1755 Conqreqationis
861 1712 966 1745 Cassi—

264 1765 372 1797 nensz's
399 1764 534 1798 Ordinis
558 1766 661 1798 sancti
681 1765 848 1798 Benedicti
874 1766 966 1798 iussu

265 1817 407 1862 capituli
429 1818 591 1861 yeneralis
608 1818 771 1851 editorum
787 1818 807 1852 ¹.

434 1898 571 1926 Clemens
593 1899 673 1933 Papa
688 1899 753 1932 XII,

340 1943 377 1970 ad
398 1946 576 1977 perpetuam
595 1944 641 1971 rei
661 1944 846 1971 memoriam.

58 2023 194 2045 rma-mium.
265 2014 307 2047 Ex
334 2013 479 2047 iniuncto
498 2014 592 2047 nobis
614 2014 750 2048 caelitus
768 2015 966 2059 apostolicae

222 2067 386 2101 servitutis
412 2078 556 2108 munere,
588 2079 636 2108 ea,
672 2078 755 2112 quae
792 2079 851 2112 pro
878 2069 965 2102 felici

222 2131 452 2164 prosperoque
504 2120 764 2154 christifidelium
812 2121 965 2155 Altissiini

222 2173 392 2216 obsequiis
411 2173 470 2205 sub
489 2173 578 2206 suavi
598 2174 765 2217 religionis
783 2175 860 2217 iugo
878 2185 967 2207 man-

9 2215 12 2265 ἓ
221 2226 404 2270 eipatorum
430 2226 588 2268 regimine
613 2232 645 2260 et
669 2227 832 2269 gubernio
860 2228 968 2270 provi-

10 2284 13 2300 ·
222 2280 263 2313 de
290 2280 370 2312 sacta
396 2286 428 2312 et
453 2280 604 2312 ordinata
625 2290 696 2312 esse
715 2286 907 2319 noscuntur,
935 2287 968 2314 ut

11 2329 14 2385 i
221 2332 314 2364 firma
339 2338 436 2375 atque
465 2332 590 2365 illibata
616 2333 804 2375 persistant,
829 2340 964 2376 aposto-

12 2387 15 2406 '*
223 2385 275 2418 lici
302 2385 491 2417 muniminis
517 2385 617 2418 nostri
644 2386 820 2428 praesidio,
839 2396 911 2419 cum
937 2387 967 2419 id

12 2410 15 2481 i
224 2450 241 2471 a
265 2438 360 2471 nobis
388 2439 518 2481 petitur,
541 2439 684 2471 libenter
707 2439 966 2472 constabilimus.

13 2486 215 2548 imffflffiaaltivbffi
268 2491 340 2534 §L
376 2492 499 2535 Expoui
534 2491 695 2534 siquidem
733 2492 826 2524 nobis
862 2502 969 2536 nuper

16 2544 300 2595 ›detrotndendmsecit
324 2544 464 2578 dilectus
495 2544 580 2577 silius
606 2545 740 2577 Micha'el
778 2545 968 2578 Frauciseus

263 2616 273 2642 1
297 2615 413 2642 Consule
433 2615 540 2651 regulas
561 2620 587 2642 et
607 2615 803 2643 declarationes
819 2615 918 2643 relatas
940 2616 967 2643 in

227 2663 291 2689 tom.
313 2667 372 2694 xix,
393 2667 454 2696 pag.
476 2660 529 2688 276
549 2664 576 2688 et
596 2668 654 2697 seq.
675 2660 757 2688 huius
778 2660 843 2688 edit.
865 2662 904 2696 (a.
918 2662 967 2697 iz).

844 263 985 287 CLEMENS
1011 262 1056 287 ΧΠ
1082 263 1131 288 ΓΡ.

1646 254 1711 289 487
1757 264 1851 290 Amo.
1877 265 1943 292 ¹738

1008 311 1162 346 Vailettus
1187 318 1378 357 procurator
1414 313 1575 357 generalis
1600 313 1837 356 Congre-quibm
1866 327 1942 347 nouau-

1009 365 1148 408 gationis
1167 365 1367 400 Cassinensis
1385 366 1514 401 Ordinis
1531 367 1633 400 sancti
1650 354 1893 401 Bene-3¹5i.3}3.⁰⁵⁰'
1922 359 1942 374 ¹¹¹

1009 418 1096 459 dicti,
1120 420 1208 462 quod
1235 420 1267 452 in
1285 420 1426 464 capitulo
1445 421 1588 463 generali
1608 420 1750 463 Congre-

1009 472 1148 513 galionis
1173 473 1358 506 buitlsmodi
1386 475 1417 506 in
1443 474 1570 507 civitate
1596 474 1750 507 paduana

1008 535 1119 558 mense
1156 526 1239 558 maio
1272 526 1418 568 proxime
1453 527 1632 569 praeterito
1659 528 1747 560 cele-

1009 578 1100 610 brato
1137 578 1174 610 ad
1212 578 1360 611 effectum
1394 580 1554 612 evellendi
1592 580 1750 623 quosdam

1009 629 1126 662 abusus
1151 630 1204 673 qui
1239 631 1269 663 in
1304 632 1460 664 nonnulla
1486 632 1681 665 monasteria
1707 632 1753 664 di-

1009 688 1078 715 ctae
1095 682 1366 726 Congregationis
1381 684 1612 724 induebantur,
1626 691 1750 728 septem

1009 734 1174 777 digniores
1199 736 1333 768 abbates
1355 737 1499 770 eiusdem
1518 737 1752 780 Congregatio-

1009 787 1068 828 nis,
1084 788 1234 828 consilio,
1248 789 1405 832 sapientia
1419 795 1449 822 et
1468 790 1642 833 prudentia
1659 800 1751 834 prae-

1010 841 1077 879 diti,
1112 852 1230 886 nempe
1256 853 1339 874 unus
1366 853 1424 885 pro
1450 853 1656 886 quacumque
1681 854 1751 887 pro-

1009 894 1113 927 vincia
1138 894 1407 937 Congregationis
1433 895 1632 935 huiusmodi,
1656 896 1750 929 electi

1010 953 1041 980 et
1067 947 1211 990 deputati
1236 948 1378 987 suerunt,
1397 948 1464 991 qui,
1485 959 1543 992 pro
1562 948 1650 982 bono
1669 948 1753 982 Con-

1010 1001 1211 1044 gregationis
1248 1001 1433 1044 praedictae
1459 1002 1637 1044 regimine,
1672 1012 1752 1034 non-

1009 1056 1098 1088 nulla
1139 1056 1273 1088 decreta
1313 1055 1527 1094 ordinarunt,
1569 1066 1651 1099 quae
1691 1066 1751 1099 pro

1009 1108 1278 1141 constabiliendis
1313 1108 1457 1151 regulari
1491 1109 1665 1151 disciplina
1691 1114 1752 1142 sta-

1010 1167 1219 1204 tutorumque
1245 1161 1463 1199 observantia,
1487 1171 1617 1194 necnon
1643 1161 1753 1194 debita

1010 1214 1107 1246 huius
1125 1214 1260 1247 Sanctae
1279 1214 1371 1247 Sedis
1389 1213 1676 1246 constitutionibus
1702 1224 1753 1246 re-

1009 1267 1152 1300 verentia
1173 1267 1397 1299 conservanda
1415 1276 1431 1299 a
1449 1267 1547 1309 pleno
1566 1266 1752 1299 definitorio

1009 1320 1191 1364 approbata
1210 1320 1347 1359 suerunt,
1367 1319 1489 1352 tenoris
1512 1319 1565 1363 qui
1593 1320 1753 1364 sequitur,

1010 1372 1161 1406 videlicet
1178 1383 1184 1405 :

1790 1441 1897 1461 Praefatio
1911 1442 1947 1462 de·

1048 1435 1163 1466 Decreta
1190 1445 1242 1475 pro
1265 1436 1329 1465 bono
1358 1436 1491 1474 regimine
1515 1435 1868 1489 Conyn‘yationis.mmmm

1008 1503 1047 1508 —
1067 1485 1137 1515 Cum
1160 1485 1259 1523 multi,
1277 1485 1356 1524 iique
1372 1495 1486 1524 graves,
1504 1485 1612 1516 abusus
1635 1486 1664 1516 in
1688 1486 1749 1526 qui·

1009 1534 1131 1564 busdam
1162 1535 1349 1564 monasteriis
1372 1539 1489 1564 nostrae
1512 1535 1751 1573 Congregationis

1009 1583 1195 1623 irrepserint,
1220 1587 1248 1613 et
1270 1583 1378 1613 sensim
1397 1589 1483 1623 atque
1502 1583 1530 1613 in
1548 1583 1609 1613 dies
1632 1593 1751 1624 serpere

1009 1631 1225 1669 intelligantur,
1239 1631 1346 1670 quibus
1359 1631 1513 1671 disciplina
1532 1633 1675 1670 regularis
1691 1642 1748 1663 non

1009 1680 1102 1710 solum
1127 1685 1226 1719 aperte
1249 1680 1429 1719 negligitur,
1453 1681 1502 1710 sed
1526 1682 1613 1711 etiam
1641 1686 1749 1712 temere

1009 1729 1212 1759 labefactatur:
1233 1729 1469 1759 reverendissimi
1485 1729 1665 1767 definitores,
1684 1731 1751 1762 buic

1010 1778 1085 1807 malo
1102 1787 1256 1808 occurrere
1274 1783 1385 1807 mature
1408 1782 1435 1808 et
1459 1778 1618 1817 prudenter
1633 1780 1752 1819 cupien-

1010 1832 1064 1863 tes,
1082 1826 1165 1857 nobis
1182 1836 1244 1856 eam
1268 1827 1449 1866 provinciam
1465 1827 1690 1865 demandarunt,
1707 1833 1751 1867 ut,

1010 1885 1040 1906 re
1064 1876 1220 1915 diligenter
1252 1876 1441 1914 examinata,
1465 1885 1688 1907 secerneremus
1719 1887 1751 1908 ea

1010 1935 1083 1965 quae
1112 1925 1231 1955 omnino
1249 1925 1422 1963 corrigenda
1446 1925 1625 1956 viderentur.
1656 1926 1753 1962 Quare

1010 1974 1147 2004 duximus
1170 1984 1201 2004 ea
1227 1983 1301 2014 quae
1323 1979 1487 2014 sequuntur
1503 1976 1597 2014 capita
1621 1975 1753 2006 animad-

1011 2029 1135 2062 vertere,
1159 2033 1320 2063 eorumque
1347 2023 1454 2053 iudicio
1481 2023 1663 2055 decernenda
1687 2034 1752 2065 pro-

1011 2082 1128 2113 ponere.

1050 2131 1069 2151 1.
1093 2120 1165 2156 Quia
1188 2124 1368 2160 compertum
1393 2124 1437 2150 cst
1460 2130 1494 2150 ex
1517 2120 1638 2160 privatis
1656 2120 1754 2160 hospi·
1792 2132 1831 2152 riu
1848 2133 1892 2152 suni
1907 2137 1948 2151 mn-

1011 2168 1059 2198 tiis
1090 2168 1178 2197 multa
1202 2171 1229 2196 et
1261 2167 1360 2205 gravia
1394 2167 1467 2196 mala
1503 2167 1665 2206 proficiscI,
1689 2168 1753 2198 ideo
1765 2162 1873 2208 ξζῗῖᾛῗη
1888 2159 1948 2204 ‘ssss'iss'

1011 2217 1166 2247 statuimus
1190 2220 1219 2246 ut
1241 2216 1271 2246 in
1295 2216 1378 2253 locis,
1395 2216 1424 2245 in
1448 2216 1554 2256 quihus
1578 2217 1752 2247 monasteria
1765 2212 1864 2231 *''“⁸¹''¹³
1877 2211 1948 2235 'mm'

1766 2240 1794 2257 tia
1836 2243 1858 2257 ro
1881 2238 1948 2257 abba·

1011 2271 1110 2296 nostra
1133 2266 1283 2301 existunt,
1308 2265 1432 2305 hospitia
1467 2275 1520 2305 pro
1553 2265 1691 2296 abbatum
1725 2244 1949 2310 εῑῗξιῗζΐῖᾒζὴᾞζζῇζ

1012 2315 1221 2345 monachorum
1265 2314 1445 2344 habitatione
1476 2325 1533 2345 nou
1569 2315 1830 2353 liabeantur,¹¹v¹¹¹·-

1011 2364 1142 2403 exceptis
1164 2364 1199 2393 iis
1218 2372 1293 2402 quae
1323 2362 1358 2392 ab
1384 2363 1506 2402 antiquo
1530 2368 1659 2403 tempore
1684 2373 1752 2393 con-

1012 2414 1113 2443 stituta
1137 2414 1277 2450 suerunt,
1302 2412 1460 2442 dummodo
1484 2418 1579 2442 tamen
1613 2413 1751 2443 ccclesias

1012 2463 1046 2492 ad
1070 2471 1155 2492 usum
1185 2466 1213 2491 et
1245 2461 1482 2491 commoditatem
1506 2462 1680 2501 populorum
1703 2471 1754 2492 an-

1012 2521 1101 2541 nexas
1125 2511 1260 2541 habeant.

1051 2569 1082 2590 11.
1107 2560 1146 2589 Ac
1169 2560 1305 2599 quoniam
1340 2559 1368 2589 in
1399 2558 1596 2589 declaratione
1625 2568 1689 2599 cap.
1714 2568 1752 2597 vi,
1801 2566 1844 2587 Non
1874 2573 1949 2588 coneo-

1012 2619 1041 2638 n.
1059 2618 1102 2645 ix,
1121 2609 1192 2638 baec
1210 2609 1373 2638 habentur*
1395 2618 1406 2635 a
1425 2608 1560 2638 licentiae
1580 2617 1646 2638 vero
1662 2608 1754 2638 disce·
1765 2593 1949 2642 253?0·¹5„⁹1,',‘:‡;

1049 2664 1059 2689 1
1084 2662 1150 2692 Vide
1171 2661 1229 2689 loco
1249 2662 1293 2688 cit.
1317 2670 1377 2697 pag.
1399 2662 1450 2688 ‘284
1470 2671 1488 2688 α
1507 2663 1536 2698 (n
1563 2664 1611 2698 r.).
