2232 3178
39 179 86 206 An.
106 175 135 204 G.
152 175 219 203 1740

850 175 991 200 CLEMENS
1016 175 1063 200 xl1
1086 176 1136 200 Pr.

229 226 279 253 aut
301 222 433 262 accipere
456 231 470 253 a
494 223 613 255 novitiis
635 222 795 263 quidquam
819 232 871 263 pro
894 223 971 263 ipso-

228 281 291 302 rum
315 270 482 311 receptione
515 271 549 301 ad
582 271 801 311 probationem3
832 271 881 301 sed
917 282 971 302 nec

229 319 355 359 pretium
379 320 469 349 vestis
491 320 525 349 ad
550 320 749 359 probationem
774 320 968 350 necessariae.

228 368 255 399 Si
280 377 347 398 vero
369 368 498 398 novitius
521 372 623 407 sponte
651 368 800 408 quidpiam
826 373 971 398 monaste-

228 417 271 447 rio
293 416 445 455 obtulerit,
469 417 496 447 id
519 427 606 457 porro
630 417 723 456 palam
747 422 775 447 et
797 417 826 446 in
851 417 969 456 publico

228 469 375 495 conventu
398 466 460 504 fiat,
485 466 627 506 cedatque
648 466 679 496 in
702 475 886 496 communem
910 475 971 496 mo-

229 514 350 543 nasterii
372 523 470 544 usum.

269 571 329 592 x111.
346 563 527 593 Novitiorum
543 567 638 593 vestes
654 572 758 602 resque
774 572 875 592 omnes
890 567 970 593 certo

227 611 257 641 in
289 611 352 641 loco
379 616 570 651 reponantur,
595 616 748 651 postquam
779 611 808 640 in
838 611 969 641 codicem

227 659 342 698 singula
358 660 450 690 relata
466 660 592 698 fuerint,
609 660 672 699 ipso
688 660 798 690 novitio
815 665 970 699 praesente

227 709 287 738 una
308 717 374 738 cum
390 708 547 746 fratribus;
564 718 618 738 nec
634 708 686 738 ulli
702 708 788 738 liceat
804 708 969 738 inconsulto

226 755 344 786 domino
367 756 516 795 quidpiam
539 765 573 786 ex
595 756 654 786 illis
677 755 732 785 sibi
749 765 903 796 usurpare,
921 761 970 787 aut

227 805 404 835 monasterio
427 804 590 845 applicare:
608 804 659 835 sed
678 814 732 834 nec
755 805 818 844 ipse
840 806 969 836 novitius

225 853 260 883 de
282 853 370 884 rebus
391 853 453 883 suis
485 853 640 893 disponere
664 855 775 892 valeat,
798 854 968 894 probatione

225 902 362 940 durante,
378 906 427 932 aut
448 902 531 932 alteri
548 912 647 932 earum
667 914 750 934 usum
775 905 887 943 cedere,
904 904 969 934 abs-

224 959 280 990 que
292 949 406 981 abbatis
418 960 574 981 consensu.
589 951 619 981 Si
632 952 759 983 novitius
771 954 806 984 ad
819 954 967 984 saeculum

224 999 364 1037 redierit,
393 1008 439 1029 res
461 1009 529 1029 suas
551 1000 668 1030 auferre
690 1010 748 1031 non
775 1002 965 1041 prohibetur:

224 1048 290 1078 illas
306 1052 402 1078 tamen
420 1053 553 1087 repetere
569 1059 626 1079 non
644 1051 762 1088 poterit,
779 1061 851 1090 quas
866 1056 967 1090 sponte

223 1101 252 1126 et
271 1107 407 1137 expresse
424 1098 601 1128 monasterio
617 1099 779 1138 donaverit,
797 1105 845 1130 aut
861 1101 885 1130 si
902 1110 967 1140 pro-

223 1146 310 1176 fessio
332 1150 454 1186 sequuta
477 1147 576 1177 fuerit.

264 1204 325 1225 xlv.
353 1196 486 1226 Novitius
516 1201 583 1226 ante
616 1197 826 1236 professionem
863 1199 966 1238 quovis

223 1244 309 1274 etiam
332 1244 506 1275 brevissimo
534 1246 673 1284 temporis
695 1246 790 1285 spatio
814 1251 908 1286 potest
930 1248 966 1277 de

222 1293 311 1323 rebus
333 1298 361 1323 et
382 1293 466 1323 bonis
487 1294 548 1323 suis
571 1303 623 1333 pro
644 1294 765 1325 arbitrio
791 1296 963 1335 disponere:

223 1346 287 1382 post
309 1343 413 1372 factam
443 1352 512 1373 vero
546 1343 754 1382 professionem
782 1345 896 1374 nultum
922 1345 966 1375 illi

222 1395 354 1421 remanet
375 1391 405 1421 in
428 1392 463 1421 ea
485 1391 661 1430 dominium,
685 1402 739 1422 nec
762 1393 831 1423 item
854 1393 962 1431 abbati,

223 1440 274 1470 sed
301 1440 374 1470 illud
395 1439 429 1470 ad
453 1439 590 1471 Ordinem
620 1441 718 1471 statim
752 1442 876 1472 transire
898 1452 965 1472 cen-

222 1493 313 1519 setur.

262 1546 309 1567 xv.
333 1537 472 1568 Currente
496 1536 675 1577 probationis
699 1541 840 1578 tempore,
865 1544 908 1570 ter
929 1540 964 1569 de

222 1586 332 1616 novitio
355 1587 475 1616 fratrum
505 1586 642 1624 sutfragia
676 1591 833 1625 rogentur:
857 1593 885 1618 et
907 1589 965 1627 pri-

223 1645 301 1665 mum
318 1635 436 1675 quidem
450 1635 575 1674 expletis
590 1636 723 1674 tyrocinii
739 1646 788 1666 sex
802 1637 962 1673 mensibu53

220 1685 328 1715 iterum
352 1693 421 1714 vero
444 1688 506 1723 post
522 1694 629 1715 nonum
648 1694 793 1722 mense1n3
818 1690 964 1725 postremo

222 1737 286 1772 post
300 1733 516 1771 duodecimum,
535 1733 587 1763 hoc
604 1737 648 1763 est
663 1734 760 1773 elapso
783 1735 964 1774 probationis

221 1792 309 1813 anno.
336 1782 365 1812 Si
395 1782 425 1812 in
448 1783 593 1822 postrema
618 1783 843 1821 congregatione
875 1784 963 1814 suerit

221 1831 415 1871 approbatus,
439 1831 572 1861 habitum
596 1831 752 1870 suscipiat,
777 1833 911 1871 quamvis
933 1833 962 1862 in

220 1880 345 1918 geminis
378 1879 527 1919 prioribus
560 1881 835 1919 congregationibus
863 1891 963 1921 repro-

220 1929 304 1960 batus
336 1929 457 1960 fuisset:
481 1933 509 1959 et
531 1939 546 1960 e
568 1930 735 1969 contrario,
763 1931 787 1961 si
816 1931 846 1961 in
876 1931 963 1961 tertia

219 1978 394 2018 reprobatus
417 1978 522 2017 fuerit,
546 1978 721 2016 dimittatur,
746 1988 799 2009 nec
830 1979 961 2018 priorum

219 2027 344 2057 duarum
366 2027 628 2066 congregationum
651 2027 709 2057 ulla
733 2027 805 2057 ratio
829 2027 959 2058 habenda

219 2076 287 2106 erit.

260 2133 318 2154 xvi.
351 2123 504 2163 Suffragiis
538 2124 748 2155 monachorum
785 2125 962 2165 approbatus

219 2177 356 2204 censetur
371 2173 421 2213 qui
439 2173 482 2203 vel
505 2183 595 2203 unum
619 2183 671 2213 pro
687 2174 854 2213 receptione
872 2184 960 2214 supra

219 2222 406 2253 medietatem
430 2222 602 2260 suffragium
636 2222 736 2252 habet.
760 2223 789 2253 Si
813 2233 880 2253 vero
903 2224 962 2254 suf-

219 2271 312 2309 fragia
333 2271 442 2301 fuerint
467 2271 545 2310 paria
583 2280 635 2310 pro
657 2271 826 2310 receptione
859 2275 886 2301 et
909 2281 960 2310 pro

218 2319 437 2359 reprobatione,
456 2320 565 2349 iterum
585 2323 740 2357 rogentur:
765 2320 849 2359 sique
865 2320 961 2350 adhuc

220 2368 299 2408 paria
322 2368 449 2406 suerint,
473 2368 646 2407 reprobatus
668 2373 833 2399 censeatur.

260 2426 327 2448 xvn.
344 2417 374 2448 Si
389 2417 462 2447 forte
477 2417 605 2447 novitius
622 2417 755 2457 tyrocinii
778 2422 910 2458 tempore
931 2419 961 2449 in

218 2475 308 2506 grave
329 2466 440 2496 crimen
465 2466 612 2506 publicum
635 2470 663 2497 et
686 2466 873 2498 manifestum
897 2477 962 2508 pro-

219 2516 318 2556 lapsus
341 2515 445 2553 fuerit,
469 2524 500 2545 re
529 2515 611 2555 prius
639 2525 706 2546 cum
735 2517 962 2555 congregatione

220 2564 429 2596 monachorum
446 2564 673 2602 communicata,
690 2564 779 2596 abbas
797 2565 881 2596 illum
897 2566 962 2597 sine

288 2622 369 2652 Bull.
389 2622 474 2651 Rom.
497 2638 530 2644 -
553 2623 614 2652 Vol.
633 2623 738 2653 XXIV.
899 2623 933 2652 77

1017 225 1100 254 mora
1123 224 1231 262 eiiciat,
1251 223 1289 254 ita
1311 227 1406 254 tamen
1430 228 1461 255 ut
1484 225 1548 254 eius
1571 224 1664 254 famae
1683 224 1759 264 apud

1015 273 1191 311 saeculares,
1216 273 1310 312 quoad
1341 273 1403 302 fieri
1428 273 1552 312 poterit,
1577 273 1758 302 consulatur.

1055 330 1134 350 xviii.
1152 321 1297 359 Novitius,
1323 326 1474 361 postquam
1491 321 1524 351 ad
1542 321 1760 361 suscipiendum

1014 369 1144 399 habitum
1170 370 1199 400 in
1225 371 1310 400 tertia
1334 371 1560 409 congregatione
1582 370 1760 409 approbatus

1014 418 1119 456 fuerit,
1143 419 1232 449 abbas
1264 419 1307 449 itti
1341 419 1457 449 habitus
1479 420 1697 458 susceptionem
1721 419 1757 448 ad

1014 467 1143 496 triduum
1160 468 1293 497 differat:
1318 478 1375 507 quo
1392 468 1548 497 intervallo
1563 467 1662 497 iubeat
1678 477 1760 497 eum-

1013 515 1079 544 dem
1103 515 1138 544 de
1161 520 1239 545 statu
1262 526 1314 546 suo
1330 516 1511 553 deliberare3
1533 521 1631 546 utrum
1648 516 1760 546 scilicet

1014 564 1057 593 illi
1092 564 1205 602 placeat
1238 569 1304 594 vota
1334 565 1489 602 emittere,
1513 569 1563 594 aut
1592 569 1693 594 contra
1723 564 1759 593 ad

1013 612 1162 641 saeculum
1186 612 1295 642 redire.
1315 612 1343 642 Si
1368 613 1485 642 evoluto
1510 613 1605 642 triduo
1628 612 1758 642 novitius

1013 661 1148 690 statuerit
1169 661 1337 699 religiosam
1369 662 1579 700 professionem
1609 661 1756 699 emittere,

1013 712 1040 738 et
1063 709 1225 738 monachus
1248 709 1331 747 fieri,
1351 709 1385 739 ad
1408 710 1561 739 ecclesiam
1585 709 1756 746 adducatur,

1011 756 1137 787 fratrum
1160 761 1246 787 coetu
1268 757 1449 795 deducente3
1478 763 1565 797 atque
1588 767 1685 787 coram
1708 757 1758 787 ab·

1012 805 1078 836 bate
1101 806 1136 835 ad
1159 805 1260 836 altaris
1290 806 1366 835 latus
1396 806 1543 837 assidente
1579 816 1673 845 genua
1707 807 1757 836 sse-

1012 858 1083 893 ctat,
1097 854 1211 884 duobus
1227 855 1329 885 saltem
1347 856 1498 885 monachis
1515 855 1654 895 professis
1673 865 1757 894 prae-

1013 903 1161 941 sentibus,
1185 908 1214 933 et
1243 903 1332 933 abbas
1361 904 1395 933 de
1429 904 1521 944 ipsius
1551 904 1700 943 proposito
1723 914 1757 934 ac

1012 957 1108 983 mente
1130 953 1213 983 illum
1236 953 1416 992 interrogem
1445 953 1528 992 sique
1552 953 1683 983 habitum
1709 963 1757 992 pe-

1012 1002 1104 1039 tierit,
1127 1001 1269 1031 induatur
1290 1001 1369 1031 iuxta
1393 1002 1480 1032 ritum
1498 1002 1653 1040 syriacum,
1678 1007 1757 1041 post-

1010 1059 1096 1089 quam
1137 1050 1380 1089 pronunciaverit
1417 1051 1490 1080 hanc
1531 1054 1664 1080 votorum
1698 1051 1756 1080 for-

1009 1099 1135 1128 mulam:

1049 1148 1104 1185 Ego
1130 1148 1166 1178 N.
1194 1147 1230 1178 N.
1258 1149 1386 1186 promitto
1415 1158 1446 1177 ac
1477 1158 1554 1178 roceo
1583 1148 1638 1178 Deo
1665 1150 1753 1178 omni-

1006 1197 1112 1234 potenti
1126 1200 1151 1225 et
1167 1197 1396 1226 reverendissimo
1418 1197 1507 1226 abbati
1526 1197 1650 1235 generali
1665 1197 1700 1227 N.
1717 1198 1752 1227 N.

1008 1245 1120 1283 eiusque
1141 1245 1341 1274 successoribus
1373 1245 1550 1276 obedientiam
1566 1269 1573 1282 ‚
1603 1247 1755 1275 castitatem

1008 1297 1033 1323 et
1063 1298 1254 1332 paupertatem
1286 1293 1474 1323 voluntariam
1505 1304 1587 1333 usque
1616 1295 1651 1323 cul
1683 1304 1756 1324 mor-

1007 1346 1075 1381 tem,
1100 1343 1179 1372 iuxta
1205 1342 1327 1381 regulam
1355 1347 1380 1373 et
1408 1343 1611 1372 constitutiones
1636 1343 1753 1382 Couyre·

1007 1392 1125 1430 gationis
1148 1396 1254 1421 nostrae
1276 1393 1453 1422 monasticae.
1482 1392 1548 1421 Item
1577 1393 1706 1432 promitto
1723 1403 1754 1423 ac

1007 1450 1173 1477 1'oreo‚me
1206 1441 1311 1470 nullum
1345 1442 1507 1480 (lignitatem
1539 1444 1750 1480 qzmesiturum,

1006 1490 1064 1518 sice
1087 1491 1115 1518 in
1139 1493 1230 1519 nostrci
1255 1490 1467 1529 Congsregyotiom‘
1495 1491 1552 1520 sive
1581 1495 1681 1528 artra,
1705 1501 1753 1521 nec

1007 1538 1172 1567 arabitarum
1193 1548 1244 1577 per
1265 1549 1307 1568 me
1328 1540 1431 1578 ipsum,
1457 1549 1504 1568 nec
1524 1550 1576 1578 per
1597 1540 1666 1569 alios
1687 1550 1752 1579 pro-

1006 1592 1187 1624 curoturmn,
1212 1598 1297 1627 neque
1321 1589 1430 1618 subdole
1459 1593 1680 1627 aucnpatzcrum,
1706 1600 1752 1619 ne-

1006 1646 1057 1674 que
1071 1638 1151 1666 etlam
1171 1641 1376 1675 acceptaturum
1398 1638 1453 1667 nisi
1475 1638 1509 1666 ml
1531 1639 1559 1667 iat
1578 1648 1619 1667 me
1634 1641 1751 1677 coegerit

1006 1686 1154 1723 imperium
1186 1686 1340 1724 superioris
1363 1686 1426 1721 mei,
1450 1687 1495 1715 cul
1516 1690 1608 1715 teneor
1630 1687 1747 1716 obedire.

1047 1743 1104 1763 xix.
1121 1734 1150 1763 Si
1167 1734 1298 1764 Novitius
1314 1735 1451 1765 Ordinem
1471 1735 1645 1771 deseruerit,
1663 1740 1749 1775 atque

1006 1784 1040 1813 ad
1062 1784 1212 1814 saeculum
1235 1784 1321 1814 fuerit
1336 1793 1484 1821 reversus,
1507 1794 1558 1814 seu
1577 1789 1681 1823 sponte
1696 1787 1751 1815 sua.

1005 1842 1056 1862 seu
1093 1833 1329 1871 congregationis
1364 1833 1573 1863 monachorum
1610 1833 1749 1871 suffragio

1005 1881 1154 1918 dimissus,
1179 1891 1236 1911 non
1259 1882 1315 1911 erit
1336 1882 1443 1912 iterum
1467 1882 1667 1921 reeipiendus,
1690 1883 1747 1913 nisi

1004 1934 1152 1960 annuente
1175 1930 1402 1969 congregatione
1432 1931 1682 1969 hegumenorum:
1711 1932 1749 1961 si-

1004 1988 1061 2018 que
1080 1979 1183 2008 horum
1207 1979 1351 2018 permissu
1381 1984 1533 2019 receptus,
1557 1984 1661 2019 sponte
1693 1982 1748 2011 sua.

1004 2031 1053 2056 aut
1075 2037 1090 2056 a
1113 2027 1340 2066 congregatione
1364 2027 1573 2057 monachorum
1606 2028 1746 2059 dimissus

1003 2076 1111 2114 fuerit,
1145 2086 1295 2116 nunquam
1328 2077 1466 2116 deinceps
1498 2077 1667 2117 recipiatur.
1692 2078 1747 2114 Qui

1004 2134 1072 2155 vero
1106 2129 1170 2165 post
1210 2126 1333 2165 primam
1370 2125 1577 2156 discessionem
1611 2131 1746 2166 receptus

1003 2174 1103 2212 fuerit,
1128 2174 1308 2214 probationis
1330 2174 1392 2204 eius
1415 2184 1509 2204 annus
1531 2185 1544 2204 a
1569 2175 1614 2205 die
1636 2176 1746 2205 reditus

1003 2228 1189 2263 supputetur⁷
1225 2233 1279 2253 nec
1302 2223 1410 2263 prioris
1434 2224 1567 2263 tyrocinii
1590 2225 1646 2254 utta
1671 2225 1746 2255 ratio

1003 2272 1154 2303 habeatur.

1043 2331 1091 2352 xx.
1116 2322 1146 2352 Si
1167 2321 1295 2352 novitius
1318 2331 1332 2351 a
1357 2321 1506 2360 proposito
1537 2322 1692 2357 resisterit,
1716 2328 1746 2353 et

1003 2370 1039 2400 ad
1061 2371 1210 2401 saeculum
1239 2370 1328 2400 fuerit
1360 2379 1512 2405 reversus,
1536 2375 1623 2409 atque
1646 2371 1685 2401 ibi
1708 2371 1743 2401 ab

1003 2429 1101 2450 sacros
1116 2419 1233 2450 ordines
1246 2419 1380 2448 eumdem
1396 2419 1557 2457 promoveri
1573 2420 1742 2458 contigerit,

1003 2468 1066 2499 sine
1101 2467 1337 2506 congregationis
1375 2467 1520 2506 permissu
1556 2468 1743 2507 rocipiendus

1004 2528 1062 2548 non
1084 2522 1139 2548 est.

1045 2575 1103 2596 xxi.
1123 2566 1181 2597 Nec
1197 2565 1297 2604 abbas,
1314 2574 1367 2596 uec
1383 2566 1571 2606 congregatio
1587 2568 1743 2600 monacho-

1660 165 1723 200 609
1771 177 1818 203 An.
1840 176 1868 204 C.
1888 177 1954 205 ¹740
