2232 3178
489 176 550 209 0258
1035 184 1217 208 numanum
1244 184 1400 208 nomnen

454 236 639 275 advocatus,
654 246 714 278 pro
740 234 886 266 eiusdem
912 232 993 266 servi
1020 232 1074 265 Dei
1100 242 1194 265 cano·
1237 232 1354 273 nibus,
1382 231 1511 265 ieiuniis
1547 238 1578 265 et
1614 233 1827 276 eleemosynis
1864 242 1974 276 perse·

453 289 615 321 nizationc
641 289 835 330 eloquenter
860 285 1043 329 peroravit,
1070 296 1106 318 ac
1137 296 1193 318 no—
1236 291 1392 325 verantes,
1408 285 1547 328 Spiritus
1565 285 1672 318 Sancti
1691 286 1828 328 gratiam
1846 290 1976 318 nostrae

453 341 539 373 mine
577 340 732 372 carissimi
771 339 801 371 in
834 339 963 371 Christo
1001 338 1056 371 filii
1091 338 1192 371 nostri
1237 339 1411 372 humilitati
1438 339 1469 371 in
1490 344 1551 372 tam
1571 339 1635 372 alto
1651 339 1783 382 negotio
1800 340 1976 383 impetrare

455 393 601 426 Lutlovici
636 393 834 425 Francorum
872 391 958 433 regis
990 391 1193 424 christianis·
1235 393 1413 425 studerent.

453 446 524 478 simi
551 451 582 479 et
607 445 791 477 carissimae
817 445 847 477 in
875 444 1001 477 Christo
1033 443 1115 477 filiae
1137 454 1194 477 no-
1279 445 1293 488 g
1317 444 1370 477 573.
1398 445 1543 485 Domum,
1563 445 1701 488 peractis
1719 445 1869 479 omnibus
1894 456 1976 489 quae
2036 457 2170 479 canonizatio

454 505 537 532 strae
563 498 678 531 Mariae
711 498 899 530 eorumdem
924 498 1122 530 Francorum
1149 508 1192 530 re‹
1237 509 1271 530 ev
1299 503 1485 531 sanctorum
1517 503 1646 540 patruni
1680 499 1889 538 auctoritate,
1927 509 1977 531 ca-
1989 484 2171 543 iiiiimnssssiiiirs'a'i'i

453 553 546 594 ginae
573 551 860 584 christianissimae
886 551 953 583 eius
978 550 1133 593 coniugis,
1163 557 1193 583 et
1989 538 2022 556 '¹¹⁹
2047 536 2099 556 ΜΟ
2120 537 2171 558 ⁵³⁰¹

259 185 306 211 An.
328 184 355 212 C.
377 185 440 212 ²7:27

1986 184 2035 210 An.
2057 184 2165 214 c.173·1
2200 208 2201 222 ,
2228 188 2232 196 ·

288 1507 340 1528 liam
356 1508 444 1536 semipu-

262 1534 347 1555 blicum.

1236 550 1361 583 nonicis
1387 550 1608 582 sanctionibus
1626 577 1634 590 ‚
1661 550 1692 583 S.
1721 551 1757 583 R.
1786 551 1820 583 E.
1848 551 2096 594 antiquaeussmm
2128 562 2171 583 rri-

454 604 693 648 quamplurium
720 603 952 636 venerabilium
980 604 1111 636 fratrum
1148 614 1194 636 ar-

1991 589 2062 609 nitatis
2088 588 2114 608 ab
2137 594 2171 609 eo·

454 657 739 700 chicpiscoporum
775 662 805 689 et
837 656 1063 700 episcoporum
1100 657 1192 699 regni

454 711 658 750 Galliarum,
698 714 728 742 et
764 710 967 753 potissimum
1005 709 1192 753 provinciae

453 763 646 802 Oecitaniac,
673 774 801 796 necnon
831 763 1026 796 dilectorum
1052 762 1193 795 filiorum

455 818 717 860 magistratuum,
743 826 915 859 procerum
941 821 973 849 et
997 816 1193 859 populorum

456 871 601 904 eiusdem
628 869 835 913 provinciae,
863 874 895 901 ct
925 869 1021 901 totius
1059 869 1194 912 insuper

454 924 582 958 Ordinis
596 923 791 956 clericorum
811 922 1007 965 regularium
1026 922 1193 955 Societatis

455 979 535 1017 lesu,
562 983 596 1009 ut
622 976 657 1008 ad
685 986 754 1008 eam
773 975 1009 1014 deveniremus,
1028 975 1195 1008 humiliter

456 1029 657 1073 supplicavit.
683 1028 753 1068 Nos,
782 1029 828 1060 rei
854 1029 1042 1069 gravitatem
1068 1038 1103 1060 ac
1128 1039 1193 1060 nia-

455 1083 660 1125 gnitudinem
687 1092 764 1124 prae
791 1081 892 1114 oculis
920 1081 1094 1121 habentes,
1129 1092 1196 1114 car-

456 1137 604 1175 dinales,
643 1134 868 1177 patriarchas,
907 1134 1195 1178 archiepiscopos,

457 1190 630 1233 episcopos
645 1188 764 1220 ibidem
782 1192 969 1230 praesentes
987 1187 1073 1220 omni
1096 1188 1194 1221 animi

456 1242 666 1276 contentione
694 1240 813 1273 hortati
839 1251 973 1280 sumus,
1010 1245 1043 1272 ut
1080 1241 1196 1274 oratio-

456 1296 561 1335 nibus,
588 1294 718 1328 ieiuniis
745 1294 903 1326 instantes
921 1299 1040 1334 essent,
1060 1305 1124 1337 quo
1143 1294 1197 1327 be-

457 1347 668 1390 nignissimus
694 1347 776 1379 Deus
802 1347 907 1379 lucem
934 1356 1012 1379 suae
1043 1346 1197 1379 claritatis

457 1411 555 1444 super
581 1405 723 1433 mentem
749 1405 891 1432 nostram
918 1399 1094 1439 effundere,
1121 1400 1197 1433 etin

458 1455 620 1487 voluntate
645 1454 700 1485 sua
725 1452 867 1495 dirigere
893 1452 1092 1494 dignaretur.

501 1508 515 1550 ξ
541 1506 594 1540 502.
622 1506 744 1539 Deinde
772 1506 803 1538 in
841 1505 1058 1548 semipublieo
1095 1506 1199 1539 eonsi-

457 1561 559 1594 storio
584 1558 705 1592 vocatis
734 1569 800 1591 non
833 1559 937 1591 solum
963 1559 1197 1599 cardinalibus,

458 1613 676 1658 patriarchis,
700 1611 955 1655 archiepiscopis
981 1618 1012 1644 et
1036 1612 1199 1656 episcopis

458 1666 656 1711 praedictiS,
682 1665 737 1698 sed
763 1665 859 1698 etiam
885 1665 1007 1698 nostris
1044 1670 1075 1698 et
1109 1665 1199 1698 Sedis

460 1719 656 1764 Apostolicis
682 1718 834 1758 notariis,
861 1717 1095 1761 protonotariis
1121 1728 1201 1751 nun-

459 1773 583 1816 cupatis
611 1783 646 1805 ex
674 1781 808 1804 numero
840 1771 1130 1814 participantium,
1163 1782 1200 1804 ac

459 1826 572 1870 palatii
597 1824 696 1858 nostri
724 1823 890 1868 apostolici
917 1834 1085 1856 causarum
1112 1824 1201 1857 audi-

461 1879 585 1913 toribus
610 1879 649 1912 de
676 1888 765 1910 more
784 1878 1023 1921 praesentibus,
1043 1888 1126 1920 quae
1144 1888 1201 1922 op-

460 1938 600 1977 portuna
638 1937 669 1964 et
708 1930 892 1963 necessaria
928 1930 1122 1963 videbantur
1161 1931 1200 1964 de

463 1985 579 2019 eximia
603 1985 638 2018 B.
666 1983 793 2017 Ioannis
829 1983 992 2017 Francisci
1030 1984 1200 2017 sanctitate

461 2043 713 2072 commemorata
738 2042 826 2070 sunt:
852 2047 990 2080 cumque
1022 2047 1136 2070 omnes
1162 2038 1202 2070 ad

463 2092 531 2126 eius
556 2090 835 2124 canonizationem
861 2089 1098 2123 deveniendum
1126 2100 1201 2123 con-

462 2145 616 2178 cordibus
633 2143 793 2185 suffragiis
812 2142 1027 2183 censuissent,
1044 2153 1115 2182 nos,
1129 2152 1201 2175 una-

462 2198 539 2231 nimi
566 2207 676 2230 eorum
697 2206 854 2229 consensu
876 2195 995 2237 audito,
1013 2195 1201 2239 aperuimus

463 2262 499 2284 os
526 2255 669 2283 nostrum
694 2249 725 2281 in
752 2248 1036 2281 benedictionibus
1052 2276 1059 2289 ‚
1087 2259 1122 2281 ac
1146 2248 1201 2281 Dei

463 2309 575 2337 nutum
599 2307 633 2335 'et
657 2302 855 2335 voluntatem
881 2302 1004 2342 secuti,
1032 2302 1151 2334 iustum
1171 2306 1202 2334 et

464 2356 607 2390 debitum
634 2365 704 2389 esse
730 2360 911 2395 censentes,
936 2360 987 2395 ut,
1014 2366 1095 2398 quos
1119 2355 1203 2388 Deus

465 2411 602 2443 honorat
627 2409 659 2441 in
685 2408 803 2448 caelis,
829 2418 888 2441 nos
913 2408 1130 2441 venerationis
1157 2408 1203 2440 of-

465 2462 537 2495 ficio
564 2461 736 2494 laudemus
762 2466 793 2494 et
811 2461 1029 2504 glorificemus
1045 2462 1076 2494 in
1095 2461 1200 2499 terris,

465 2515 682 2548 celebrandae
708 2515 965 2548 canonizationis
1000 2515 1085 2548 diem
1121 2514 1204 2548 indi-

465 2568 585 2610 ximus,
613 2573 746 2602 cunctos
784 2567 947 2603 adhortati
972 2572 1006 2601 ut
1031 2568 1062 2601 in
1087 2568 1204 2602 oratio-

1235 602 1493 642 consuetudine,
1518 614 1554 636 ac
1580 614 1737 636 novorum
1773 605 1978 637 decretorum
1990 616 2037 635 aem
2065 615 2171 637 clun-„nto

1235 657 1438 699 praescripto
1453 656 1623 699 agendaet
1647 657 1850 690 observanda
1875 662 1980 698 erant,

1236 709 1346 750 hodie,
1373 709 1434 742 hoc
1461 715 1509 742 est
1534 709 1585 742 dic
1611 709 1693 742 festo
1718 710 1770 743 SS.
1795 709 1978 743 Trinitatis,

1237 763 1267 794 in
1294 764 1496 795 sacrosancta
1521 763 1730 796 Lateranensi
1755 763 1913 805 basilica,
1947 763 1980 796 in

1236 826 1331 858 quam
1356 816 1494 849 solemni
1524 815 1586 848 ritu
1620 826 1692 848 eum
1729 816 1950 850 cardinalibus
1971 843 1978 857 ,

1237 869 1446 912 patriarchis,
1472 869 1731 912 archiepiscopis
1756 876 1786 903 et
1812 869 1979 913 episcopis

1238 922 1433 964 supradictis
1455 949 1461 962 ,
1488 932 1615 958 necnon
1641 922 1766 955 dilectis
1803 922 1878 956 siliis
1915 923 1978 957 Ro-

1238 986 1351 1008 manae
1377 975 1492 1008 Curiae
1523 975 1696 1018 praelatis,
1729 976 1923 1009 officialibus
1949 981 1981 1010 et

1239 1028 1448 1061 familiaribus
1474 1029 1591 1061 nostris
1608 1056 1615 1069 ‚
1643 1030 1729 1062 clero
1755 1029 1912 1062 saeculari
1950 1034 1981 1062 et

1240 1082 1404 1123 regulari,
1429 1092 1464 1113 ac
1490 1081 1626 1114 maxima
1652 1082 1760 1125 populi
1798 1082 1981 1126 frequentia

1240 1145 1334 1168 manc
1361 1136 1584 1175 convenimus,
1610 1141 1686 1178 post
1710 1135 1867 1179 repetitas
1892 1146 1909 1168 a
1934 1136 1981 1168 di-

1241 1190 1325 1222 lecto
1351 1188 1417 1221 silio
1447 1194 1562 1221 nostro
1588 1189 1691 1222 Nereo
1717 1189 1748 1221 S.
1776 1189 1814 1222 R.
1840 1189 1875 1222 E.
1914 1189 1981 1222 dia-

1241 1252 1322 1275 cono
1338 1241 1491 1274 cardinali
1507 1241 1642 1275 Corsino
1658 1247 1856 1285 nuncupato,
1869 1247 1981 1275 nostro

1241 1294 1419 1327 secundum
1445 1304 1577 1327 carnem
1619 1305 1654 1327 ex
1693 1295 1789 1327 fratre
1826 1304 1981 1337 germano

1240 1353 1377 1390 nepote,
1404 1357 1463 1390 per
1497 1347 1649 1380 dilectum
1687 1347 1787 1380 filium
1824 1347 1983 1381 Thomam

1243 1400 1462 1440 Antamorum‚
1477 1400 1712 1434 consistorialis
1740 1406 1870 1434 nostrae
1889 1402 1982 1434 aulae

1242 1453 1429 1486 advocatum
1447 1479 1453 1492 ,
1481 1454 1662 1495 praedictas
1690 1453 1880 1493 instantias,
1898 1465 1981 1497 quae

1243 1505 1362 1537 dudum
1388 1505 1461 1538 Sedi
1488 1505 1694 1548 Apostolieae
1715 1516 1775 1549 pro
1795 1506 1983 1540 huiusmodi

1243 1558 1488 1591 canonizatione
1516 1564 1684 1601 porrectae
1711 1559 1854 1599 fuerant,
1879 1559 1986 1593 nobis-

1244 1621 1304 1654 que
1330 1623 1347 1643 a
1372 1612 1520 1654 praefato
1542 1611 1660 1645 Ordine
1680 1613 1872 1646 clericorum
1891 1623 1986 1655 regu-

1244 1664 1326 1696 rium
1352 1664 1522 1697 Societatis
1548 1664 1617 1697 Iesu
1654 1665 1847 1708 suppliciter
1879 1665 1986 1708 porri-

1243 1717 1425 1758 gebantur‚
1455 1722 1525 1760 post
1551 1728 1660 1750 sacros
1688 1718 1832 1762 hymnos,
1859 1718 1986 1752 litanias

1244 1770 1388 1814 aliasque
1415 1781 1529 1814 preces
1556 1771 1764 1811 decantatas,
1792 1783 1827 1804 ac
1845 1771 1984 1815 Spiritus

1245 1824 1351 1856 Sancti
1379 1824 1513 1866 gratiam
1530 1824 1701 1858 humiliter
1715 1825 1931 1868 imploratam,
1946 1825 1986 1858 ad

1245 1877 1406 1910 honorem
1433 1883 1563 1910 sanctae
1590 1882 1621 1910 et
1646 1878 1829 1911 individuae
1849 1877 1987 1911 Trinita-

1246 1930 1284 1963 tis
1302 1958 1309 1972 ,
1335 1931 1374 1963 ad
1400 1931 1627 1964 exaltationem
1653 1931 1726 1964 fidei
1752 1931 1932 1965 catholicae
1955 1935 1987 1964 et

1245 1984 1443 2018 christianae
1469 1984 1638 2026 religionis
1663 1990 1869 2027 augmentum
1889 2012 1897 2025 ,
1931 1995 1988 2018 au-

1246 2038 1391 2070 ctoritate
1418 2037 1539 2070 domini
1559 2037 1660 2070 nostri
1678 2037 1749 2070 lesu
1767 2037 1896 2078 Christi,
1916 2038 1989 2071 bea-

1247 2097 1353 2124 torum
1391 2091 1612 2133 apostolorum
1649 2090 1734 2123 Petri
1761 2096 1792 2123 et
1817 2090 1925 2129 Pauli,
1951 2102 1988 2124 ao

1246 2146 1366 2183 nostra,
1381 2145 1506 2176 matura
1525 2143 1761 2176 deliberatione
1780 2143 1984 2187 praehabita,

1246 2203 1278 2230 et
1304 2197 1411 2230 divina
1436 2207 1498 2240 ope
1524 2197 1653 2240 saepius
1678 2197 1861 2240 implorata,
1883 2208 1919 2230 ac
1948 2197 1988 2231 de

1246 2250 1481 2283 venerabilium
1497 2250 1629 2282 fratrum
1646 2255 1828 2283 nostrorum
1847 2250 1877 2283 S.
1892 2250 1928 2282 R.
1949 2250 1983 2283 E.

1247 2302 1475 2342 cardinalium,
1509 2302 1790 2345 patriarcharum,
1827 2303 1988 2346 archiepi-

1247 2365 1419 2398 scoporum
1445 2359 1475 2388 et
1500 2355 1728 2398 episcoporum
1754 2355 1785 2387 in
1812 2355 1895 2388 Urbe
1921 2355 1987 2388 eai-

1247 2408 1400 2441 stentium
1427 2407 1564 2441 consilio
1592 2413 1622 2440 et
1647 2418 1816 2448 consensu,
1842 2408 1875 2440 B.
1896 2408 1988 2440 loan-

1247 2470 1320 2494 nem
1351 2460 1556 2493 Franeiscum
1579 2461 1617 2494 de
1638 2461 1734 2504 Regis
1752 2460 1988 2501 Confessorem,

1246 2514 1397 2548 Sanctum
1417 2525 1486 2548 esse
1503 2514 1704 2547 decrevimus
1724 2519 1755 2547 et
1773 2513 1986 2554 definivimus,

1247 2578 1282 2602 ae
1314 2568 1509 2602 Sanctorum
1534 2568 1692 2612 *catalogo
1728 2567 1986 2611 adscripsimus,

2204 561 2223 658 -..o-42⁴
2204 544 2221 605 “⁴⁴⁴1
2216 519 2221 532 .-
