2232 3178
77 1423 175 1445 Defuncto
192 1425 230 1445 Ca-

53 1450 96 1471 rolo
105 1451 122 1472 tt
136 1451 194 1472 iustis
205 1451 230 1472 de

53 1478 119 1498 tamis
185 1479 230 1498 Cle·

53 1509 107 1524 mens
121 1503 147 1525 Xl
161 1504 231 1524 absti-

53 1531 95 1550 nuit
116 1536 129 1551 a
156 1537 226 1551 conce*

53 1556 119 1578 denda
147 1557 231 1579 investi-

53 1585 104 1606 tura.
136 1595 139 1598 -

95 2434 228 2458 Innocentius

51 2465 98 2482 vero
117 2462 161 2484 xm
182 2469 228 2484 eam

51 2487 106 2509 dedit
117 2489 190 2511 Cat-olo
203 2490 228 2511 Vl

50 2518 133 2564 {tw
163 2518 228 2545 W·

884 190 1031 217 CLEMENS
1057 191 1104 216 ΧΠ
1129 191 1178 217 PP-

248 240 459 281 Fridertcum,
486 241 560 274 dum
585 241 719 281 viveret,
746 242 828 275 tituli
854 242 883 275 S.
905 242 990 275 Petri

249 294 288 327 ad
312 293 444 327 Vincula
474 295 671 327 cardinalem
696 294 814 329 Ssortia
839 305 992 338 procura-

249 353 350 380 torem
377 353 408 380 et
431 348 667 380 mandatarium
693 359 785 381 suum
803 347 989 391 specialem,

248 401 351 434 eidem
371 401 554 434 Alexandro
580 402 827 444 praedecessori
854 412 891 434 ac
915 401 989 435 Sedi

247 459 279 486 et
296 453 459 487 Ecclesiae
478 454 653 497 praedictis
680 455 912 495 obedientiam,
932 455 991 487 ho-

247 507 389 549 magium
417 512 449 540 et
474 508 691 540 iuramentum
710 508 874 541 fidelitatis
899 519 991 551 prae-

246 560 340 598 stitit,
361 566 458 604 prout
483 561 515 593 in
541 561 643 604 ipsius
662 561 834 594 Alexandri
855 562 991 604 praede-

247 614 385 646 cessoris
402 613 518 647 litteris
536 615 659 657 pariter
676 615 735 647 sub
754 614 888 658 plumbo
902 614 989 657 apud

246 666 275 700 S.
301 667 431 700 Mariam
457 667 608 700 Maiorem
641 678 725 701 anno
750 667 988 700 Inrarnationis

245 720 430 754 dominicae
457 731 607 761 unctxvi,
631 731 688 755 xu1
715 722 869 754 kalendas
894 721 986 761 iunii,

244 773 454 817 pontificatus
479 774 526 807 sui
552 784 637 807 auno
663 785 707 807 xii
733 774 889 807 emanatis
915 775 989 807 ube-

244 827 311 859 rius
334 827 530 860 continetur.
550 827 636 866 Quae
655 827 764 861 omnia
789 828 873 860 idem
894 828 988 861 Caro-

244 882 293 914 lus
318 881 343 914 ll
375 892 428 914 rex
455 881 663 924 postmodum
702 886 764 914 tam
802 892 861 924 per
897 892 987 914 suam

244 934 368 968 Bullam
395 945 526 967 auream
554 935 614 967 sub
640 935 747 967 datum
773 934 889 968 Matriti
916 946 985 968 xxtx

243 987 348 1021 martii
380 997 536 1022 MDCvau
573 999 591 1021 a
624 989 802 1021 memorata
827 988 987 1021 lllarianna

243 1040 356 1083 regina
381 1040 450 1073 eius
476 1045 596 1081 matre,
621 1041 735 1074 tutrice
770 1047 801 1074 et
826 1043 988 1084 guberna-

245 1094 324 1127 trice
349 1093 575 1137 subscriptam,
603 1104 700 1137 quam
725 1105 783 1137 per
815 1094 910 1127 aliam
938 1094 985 1127 si-

243 1147 353 1180 milem
380 1147 502 1180 Bullam
521 1147 581 1180 sub
601 1147 708 1180 datum
726 1147 851 1190 pariter
868 1147 985 1180 Matriti

242 1210 285 1233 vu
307 1200 420 1244 aprilis
438 1209 589 1239 uncexw,
608 1200 741 1243 propria
760 1200 862 1243 ipsius
881 1200 986 1233 Caroli
1008 1229 1010 1240 ,

242 1254 327 1297 regis
344 1253 473 1287 interim
491 1253 622 1287 maioris
644 1265 679 1286 ac
704 1254 751 1286 sui
777 1253 856 1286 iuris
882 1253 985 1287 effecti

241 1318 337 1341 manu
363 1307 532 1350 signatam,
547 1307 761 1351 approbando
781 1314 812 1340 et
829 1308 987 1351 amplian-

241 1361 281 1395 do
307 1361 472 1395 consessus
499 1361 555 1393 suit
581 1365 613 1394 et
639 1361 839 1404 recognovit.

286 1415 349 1458 §7.
370 1415 464 1447 Anno
483 1419 592 1447 autem
611 1424 709 1454 nnec,
725 1415 811 1448 dicto
829 1414 943 1448 Carolo
962 1415 986 1448 11

241 1478 317 1511 rege
343 1467 412 1500 sine
436 1467 549 1500 liberis
570 1477 586 1500 e
605 1467 683 1501 vivis
709 1473 832 1511 erepto,
858 1468 987 1512 Europa

242 1522 343 1554 ferme
376 1526 442 1554 tota
478 1521 554 1554 inde
578 1520 609 1553 in
636 1527 744 1564 partes
782 1522 883 1554 divisa
917 1522 986 1555 diu-

241 1579 337 1608 turno
362 1573 452 1607 hello
486 1574 711 1616 conflagravit,
738 1586 774 1608 ac
801 1575 905 1608 felicis
936 1585 986 1608 rc-

239 1628 436 1662 cordationis
455 1627 601 1661 Clemens
623 1627 709 1670 Papa
726 1627 768 1660 XI
793 1628 985 1672 praedeces-

240 1692 295 1715 sor
330 1681 427 1715 etiam
458 1685 587 1721 noster,
614 1681 705 1714 iustis
732 1687 763 1714 et
788 1681 985 1724 gravissimis

239 1734 347 1768 causis
373 1734 545 1774 adductus,
574 1734 612 1766 ab
639 1734 861 1768 infeudatione
888 1740 984 1779 atque

239 1787 430 1821 investitura
455 1787 530 1820 dicti
553 1787 645 1830 regni
667 1787 797 1821 Siciliae
822 1793 853 1821 et
872 1788 985 1821 Hieru-

238 1841 339 1874 salem
364 1851 435 1874 cum
463 1842 527 1873 tota
545 1842 632 1874 terra
649 1841 728 1874 citra
745 1840 886 1874 Pharum
913 1852 985 1875 con-

239 1895 406 1936 cedenda,
435 1894 562 1928 tametsi
588 1895 711 1938 pluries
748 1895 860 1928 oblato
886 1895 983 1928 etiam

239 1958 339 1982 censu
356 1948 524 1992 praedicto
540 1948 580 1981 ad
605 1948 636 1981 id
662 1948 838 1992 requisitus
856 1949 982 1989 suisset,

238 2001 324 2036 inter
360 2002 532 2035 saevientis
569 2002 647 2036 belli
679 2003 842 2036 eiusmodi
876 2007 983 2036 motus

239 2055 518 2099 supersedendum
540 2066 610 2089 esse
636 2056 736 2096 duxit,
759 2056 854 2089 salvis
875 2061 982 2089 tamen

238 2114 270 2142 et
294 2109 416 2142 illaesis
443 2109 688 2143 remanentibus
714 2109 839 2142 iuribus
865 2109 925 2143 sibi
952 2115 983 2143 et

240 2162 346 2195 dictae
370 2162 444 2196 Sedi
470 2173 569 2206 super
595 2163 710 2196 eodem
736 2173 839 2206 regno
857 2173 984 2206 compe-

239 2216 402 2256 tentibus,
429 2226 512 2259 quae
549 2227 609 2259 per
639 2218 735 2260 plura
760 2216 983 2260 chirographa

238 2271 371 2314 propria
398 2270 466 2303 eius
497 2280 595 2303 manu
628 2270 774 2313 signata,
806 2271 837 2303 in
864 2270 982 2313 quibus

238 2323 351 2358 itidem
377 2329 506 2357 cautum
533 2324 590 2356 suit
616 2329 742 2367 tempus
770 2329 802 2357 et
834 2328 982 2367 tempora

238 2387 305 2411 non
331 2387 481 2419 currere,
509 2378 694 2410 luculenter
718 2377 948 2421 praeservavit.

283 2431 297 2475 ἓ
322 2430 354 2465 8.
380 2431 588 2465 Postmodum
613 2441 690 2464 vero
708 2431 779 2474 piae
806 2431 982 2464 memoriae

238 2485 449 2519 Innocentius
464 2485 528 2518 §1111
543 2485 666 2529 pariter
682 2485 915 2528 praedecessor
929 2496 983 2518 no·

1669 182 1728 217 38¹1

1036 242 1176 274 rusalein
1214 252 1286 274 cum
1324 241 1390 274 tota
1428 242 1512 275 terra
1536 241 1615 274 citra
1640 241 1780 274 Pharum

1036 304 1138 336 usque
1160 294 1199 327 ad
1221 294 1360 328 confinia
1382 300 1541 328 terrarum
1561 295 1704 328 eiusdem
1724 294 1781 327 Ec-

1036 348 1152 380 clesiae
1179 348 1355 387 Romanae,
1376 350 1511 391 excepta
1532 348 1660 381 civitate
1679 348 1777 381 Bene-

1036 403 1174 433 ventana
1196 412 1268 434 cum
1294 401 1363 434 eius
1385 401 1551 435 territorio
1577 408 1608 435 et
1633 401 1779 434 districtu

1036 457 1066 484 et
1099 454 1332 495 pertinentiis,
1360 466 1419 498 per
1455 465 1488 488 se
1524 465 1578 487 seu
1617 455 1779 489 Romanos

1036 505 1210 539 Pontifices
1230 507 1402 546 distinctis,
1422 511 1573 542 unacum
1595 511 1679 542 terra
1697 509 1780 541 Pon-

1036 557 1167 591 tiscurvi
1194 560 1326 603 eiusque
1355 561 1527 601 territorio,
1551 572 1635 605 quae
1662 561 1721 594 sibi
1748 567 1779 594 et

1035 611 1140 644 eidem
1170 612 1333 646 Ecclesiae
1371 615 1557 657 specialiter
1587 615 1779 655 reservavit,

1036 665 1202 698 carissimo
1228 666 1259 698 in
1284 666 1413 700 Christo
1447 667 1514 701 filio
1545 674 1658 701 nostro
1684 669 1779 702 Caro-

1035 718 1064 750 lo
1092 718 1126 749 vl
1151 719 1381 762 Hispaniarum
1407 721 1572 754 catholico
1606 727 1637 754 et
1663 722 1779 755 Roma-

1033 780 1151 803 norum
1172 771 1239 814 regi
1267 772 1297 804 iu
1324 772 1555 815 imperatorem
1582 775 1698 814 electo,
1723 775 1777 818 qui

1033 822 1065 855 in
1087 823 1202 856 eodem
1228 835 1331 867 regno
1357 825 1485 858 Siciliae
1512 831 1543 859 et
1573 827 1777 860 Hierusalem

1033 886 1068 908 ac
1095 879 1159 909 tota
1187 878 1272 909 terra
1297 878 1377 911 citra
1402 878 1543 911 Pharum
1578 885 1779 913 successerat

1032 935 1061 961 et
1087 930 1221 972 pacilice
1257 931 1467 974 possidebat,
1496 944 1556 976 pro
1593 944 1626 966 se
1663 934 1777 977 suique

1032 982 1229 1017 haeredibus
1255 990 1286 1017 et
1311 986 1556 1019 successoribus
1577 992 1638 1019 tam
1658 998 1779 1020 mascu-

1032 1037 1069 1070 lis
1107 1048 1202 1080 quain
1242 1038 1369 1072 seminis
1417 1050 1452 1072 ex
1491 1051 1528 1073 eo
1566 1042 1653 1073 recta
1692 1041 1777 1074 linea

1032 1090 1322 1132 descendentibus,
1342 1092 1425 1124 natis
1445 1098 1476 1125 et
1497 1093 1680 1134 nascituris,
1708 1104 1778 1126 ser-

1031 1147 1103 1177 vata
1140 1145 1224 1178 iuter
1260 1146 1347 1189 ipsos
1381 1146 1617 1180 descendentes
1643 1158 1778 1190 praero-

1031 1199 1135 1241 gativa
1170 1209 1273 1237 sexus,
1300 1198 1342 1231 ita
1375 1199 1460 1242 quod
1489 1200 1624 1233 masculi
1651 1212 1689 1233 ex
1715 1211 1778 1234 ma-

1031 1251 1149 1291 sculis,
1175 1251 1325 1284 omnibus
1353 1252 1480 1285 seminis
1519 1264 1696 1297 earumque
1722 1255 1776 1287 de-

1031 1306 1266 1339 scendentibus
1292 1306 1436 1339 maribus
1462 1311 1493 1340 et
1519 1307 1655 1348 seminis,
1674 1308 1778 1341 cuius-

1031 1369 1167 1402 cumque
1193 1359 1301 1392 lineae
1328 1365 1437 1392 essent
1463 1365 1517 1392 aut
1543 1361 1671 1402 gradus,
1690 1371 1775 1394 sem-

1030 1423 1089 1455 per
1106 1413 1364 1456 praeferrentur,
1382 1413 1414 1446 in
1431 1413 1561 1446 seudum
1579 1419 1774 1458 perpetuum

1030 1476 1089 1507 pro
1127 1466 1226 1498 solito
1264 1476 1372 1498 annuo
1406 1476 1506 1499 censu
1533 1472 1657 1510 septem
1684 1467 1774 1500 mille

1030 1519 1223 1551 ducatorum
1250 1519 1405 1552 similium
1431 1524 1463 1552 et
1488 1519 1581 1552 unius
1609 1520 1773 1563 parasreni

1030 1572 1094 1605 albi
1131 1578 1167 1604 ut
1200 1572 1386 1615 praefertur
1416 1573 1595 1613 solvendo,
1623 1577 1654 1606 et
1688 1578 1775 1606 cete-

1030 1626 1146 1670 roquin
1184 1625 1216 1658 in
1255 1625 1405 1659 omnibus
1432 1632 1463 1659 et
1488 1637 1546 1669 per
1571 1626 1680 1660 omnia
1715 1628 1773 1660 suh

1029 1680 1284 1720 conditionibus,
1302 1680 1406 1714 modis
1426 1685 1457 1713 et
1479 1680 1600 1721 formis,
1618 1680 1775 1715 adiectio-

1030 1734 1136 1774 nibus,
1161 1733 1445 1777 promissionibus,
1471 1734 1644 1775 clausulis,
1670 1740 1775 1768 caute·

1028 1787 1091 1827 lis,
1117 1786 1336 1820 voluntatibus
1373 1792 1404 1820 et
1440 1787 1702 1821 ordinationibus
1739 1788 1773 1821 in

1028 1841 1146 1874 litteris
1177 1840 1346 1884 utriusque
1378 1841 1459 1881 Iulii,
1486 1841 1669 1882 Clementis,
1695 1841 1775 1875 Gre-

1027 1894 1108 1938 gorii
1134 1906 1171 1928 ac
1196 1894 1366 1928 Alexandri
1394 1899 1426 1928 et
1450 1895 1661 1928 concessione
1691 1895 1773 1928 Leo-

1028 1949 1079 1982 nis
1105 1948 1399 1992 praedecessorum
1426 1948 1614 1982 huiusmodi
1641 1954 1774 1982 conten-

1029 2002 1078 2042 tis,
1118 2012 1253 2045 quarum
1292 2001 1522 2035 remissionem
1560 2013 1619 2045 per
1655 2002 1773 2035 Sedem

1027 2055 1225 2098 praedictam
1250 2055 1365 2088 saetam
1386 2055 1484 2088 fuisse
1502 2066 1568 2088 non
1587 2062 1772 2099 appareret,

1026 2109 1188 2143 concessit
1213 2114 1244 2142 et
1270 2109 1425 2151 elargitus
1452 2108 1532 2149 suit,
1565 2119 1602 2142 ac
1636 2119 1772 2151 regnum

1027 2163 1132 2207 ipsum
1173 2163 1279 2196 eidem
1316 2162 1431 2196 Carolo
1469 2163 1538 2205 regi
1577 2162 1770 2201 inseudavh,

1026 2217 1200 2260 ipsumque
1237 2216 1276 2249 de
1309 2216 1366 2249 illo
1402 2215 1583 2257 investivit,
1608 2215 1770 2260 praestitis

1027 2275 1132 2303 tamen
1158 2270 1248 2313 prius
1273 2269 1380 2302 eidem
1406 2269 1596 2302 Innocentio
1631 2269 1771 2313 praede-

1026 2323 1148 2357 cessori
1181 2328 1212 2356 et
1243 2322 1316 2356 Sedi
1345 2328 1376 2356 et
1401 2323 1566 2356 Ecclesiae
1591 2322 1768 2366 praedictis

1025 2377 1157 2411 nomine
1190 2377 1292 2421 ipsius
1318 2376 1425 2410 Caroli
1451 2377 1538 2419 regis
1572 2387 1630 2419 per
1662 2375 1768 2408 bonae

1026 2431 1202 2465 memoriae
1227 2431 1419 2465 lttichaetem
1446 2429 1668 2470 Fridericum,
1695 2429 1771 2463 dum

1027 2485 1156 2525 viveret,
1179 2485 1260 2517 tituli
1286 2484 1317 2517 S.
1341 2484 1479 2517 Sabinae
1507 2483 1705 2516 cardinalem
1729 2482 1768 2516 de

239 2544 304 2573 ster
327 2539 528 2583 praedictum
546 2537 700 2582 regnum¹
719 2538 846 2572 Siciliae
865 2544 895 2573 et
912 2538 983 2572 Hie·
1026 2539 1182 2579 Althann‚
1199 2542 1447 2581 procuratorem
1475 2542 1505 2569 et
1529 2536 1769 2570 mandatarium

274 2604 285 2630 1
308 2601 379 2630 Edit.
401 2601 481 2630 Maia.
503 2601 568 2637 legit
589 2610 689 2636 reglum
709 2601 753 2638 (n.
768 2602 817 2636 τ.).

1026 2603 1119 2626 suum
1144 2592 1330 2635 specialem,
1356 2596 1389 2624 et
1413 2600 1473 2634 per
1498 2590 1650 2624 eumdem
1676 2590 1769 2623 luno-2

1788 194 1839 219 An.
1861 191 1893 220 G.
1911 192 1976 221 ¹738
