2232 3178
289 187 342 212 Αη.
361 186 391 212 C.
412 186 477 213 ¹737

363 1783 464 1804 Concedit

280 1809 383 1831 Clemens.

524 177 587 210 0252

488 235 680 267 lebrandum
699 245 753 267 seu
775 234 931 268 celebrari
951 235 1130 268 faciendum
1149 235 1225 267 mis-

486 298 538 320 sae
553 288 745 321 sacrificium
767 288 796 320 iu
817 288 945 330 grancia
962 288 1112 328 Turricis,
1125 288 1157 320 in
1176 299 1223 320 ca-

485 346 616 381 su,etc.·‚
630 339 733 383 quod¹
747 341 797 373 dic
813 351 872 374 xxx
889 341 957 374 iulii
970 342 1044 374 anni
1056 351 1223 375 iinccxxxv

485 394 661 426 resolutum
700 393 757 425 suit
790 394 993 433 affirmative,
1020 395 1147 438 praevia
1180 400 1223 426 ta-

484 456 557 478 men
586 445 765 478 visitatione
792 446 936 489 episcopi
963 447 1000 479 ad
1022 448 1153 480 sormam
1175 447 1223 479 in-

483 498 562 530 dulti
587 498 734 540 Gregorii
756 498 806 530 XV
833 500 1109 542 praedecessoris:
1136 500 1222 533 idem

482 551 658 584 modernus
677 557 867 594 procurator
884 553 1056 595 generalis,
1074 553 1222 587 conside-

483 615 556 637 rans
594 614 663 638 esse
688 605 780 638 valde
806 616 964 648 aequum,
990 612 1044 645 ut,
1069 607 1222 650 quemad-

482 658 615 691 modum
642 659 799 701 praedicti
825 659 937 692 clerici
963 660 1128 702 regulares
1165 660 1221 693 So-

482 710 606 744 cietatis
632 711 701 743 lesu
734 711 879 754 aliaeque
915 713 1092 755 religiones
1126 713 1219 755 privi-

482 763 602 805 legium
628 764 772 807 erigendi
800 765 938 798 oratoria
974 767 1012 798 ad
1039 767 1220 809 exemplum

484 816 730 859 privilegiorum
763 818 906 860 praefato
942 818 1053 851 Ordini
1089 819 1221 852 Cartim-

481 868 579 901 siensi
620 880 846 902 concessorum
872 871 1102 911 obtinuerunt,
1130 877 1161 904 et
1186 883 1219 905 re

480 921 548 964 ipsa
574 922 719 955 retinent
750 923 783 955 in
820 923 885 956 suis
910 924 1050 966 granciis
1079 926 1221 958 oratoria

480 981 510 1007 et
536 977 675 1018 capellas
700 976 831 1009 minime
857 977 1018 1010 subiectas
1045 978 1219 1011 visitationi

481 1027 723 1062 Ordinariorum
748 1030 905 1070 locorum,
931 1035 965 1062 nt
990 1041 1027 1064 ex
1048 1031 1221 1065 attestatio-

479 1081 575 1114 nibus
593 1082 795 1126 superiorum
819 1084 1006 1116 earumdem
1024 1085 1218 1127 religionum

480 1140 629 1168 constare
654 1136 823 1176 asseritur,
850 1137 893 1169 ita
917 1136 1070 1170 Ordinem
1093 1138 1221 1171 Carthu-

479 1187 625 1228 siensem,
650 1194 783 1232 propter
809 1195 1013 1223 memoratam
1040 1193 1219 1224 communi-

479 1241 635 1274 cationem
671 1248 701 1274 et
733 1243 946 1276 extensionem
980 1243 1219 1286 privilegiorum

478 1295 711 1338 praedictarum
738 1296 927 1338 religionum
947 1297 1007 1329 sibi
1026 1297 1218 1340 impertitam

478 1359 495 1380 a
520 1349 752 1382 secundodicto
785 1349 940 1391 Gregorio
971 1351 1218 1393 praedecessore

478 1404 551 1443 post
586 1411 701 1434 annum
737 1403 775 1435 ab
813 1403 897 1435 edito
924 1403 1051 1436 decreto
1077 1404 1218 1437 eiusdem

477 1453 736 1496 Congregationis
753 1455 895 1496 Concilii‚
913 1455 1025 1489 iisdem
1042 1456 1217 1500 privilegiis

477 1506 575 1549 potiri
601 1512 630 1539 et
655 1507 715 1540 frui
741 1519 834 1550 posse
861 1519 1067 1552 summopere
1093 1510 1217 1543 deside-

476 1565 540 1593 ret:
558 1560 651 1593 nobis
670 1566 841 1604 propterea
859 1562 1024 1595 humiliter
1042 1564 1217 1606 supplicari

478 1613 551 1646 fecit
576 1617 608 1647 ut
631 1614 661 1646 in
686 1615 869 1658 praemissis
905 1622 1088 1658 opportune
1113 1617 1217 1659 provi-

477 1666 552 1699 dere
578 1672 607 1699 et
631 1672 665 1699 ut
689 1667 770 1700 infra
794 1667 962 1710 indulgere
998 1670 1036 1701 de
1072 1669 1217 1711 benigni-

476 1725 538 1753 tate
562 1721 741 1764 apostoliea
766 1721 984 1764 dignaremur.

519 1774 533 1817 ξ
558 1773 589 1807 6.
609 1774 671 1808 Nos
692 1774 799 1817 igitur,
817 1776 922 1818 ipsum
941 1776 1129 1808 modernum
1146 1787 1215 1820 pro-

474 1832 655 1860 curatorem
680 1829 862 1870 generalem
888 1828 1082 1871 specialibus
1106 1829 1215 1862 favori-

473 1881 534 1913 bus
549 1885 579 1913 et
593 1881 703 1923 gratiis
728 1881 883 1924 prosequi
904 1883 1056 1922 volentes,
1072 1888 1131 1914 eta
1149 1881 1214 1925 qui-

472 1933 580 1966 busvis
606 1934 963 1974 excommimicationis,
985 1935 1214 1977 suspensionis

474 1991 506 2019 et
523 1987 704 2027 interdicti,
731 1987 868 2030 aliisque
894 1987 1122 2020 ecelesiasticis
1145 1999 1215 2021 sen-

473 2040 594 2080 tentiis,
615 2040 761 2073 censuris
780 2046 811 2073 et
828 2041 961 2083 poenis,
983 2052 1000 2074 a
1021 2041 1090 2074 iure
1109 2043 1158 2074 vel
1175 2041 1213 2074 ab

471 2092 617 2133 homine,
638 2094 749 2136 quavis
767 2094 936 2127 occasione
954 2095 1002 2127 vel
1017 2096 1112 2127 causa
1128 2095 1212 2134 latis,

472 2145 499 2178 si
525 2146 640 2189 quibus
667 2147 918 2190 quomodolibet
944 2147 1118 2180 innodatus
1149 2148 1214 2181 exi-

471 2199 536 2234 stit.
562 2199 602 2232 ad
628 2199 779 2232 effectum
804 2200 1025 2243 praesentium
1052 2200 1214 2233 dumtaxat

471 2253 755 2296 consequendum,
769 2253 885 2286 liarurn
903 2253 988 2286 serie
1006 2254 1211 2287 absolventes

471 2310 502 2337 et
515 2305 699 2338 absolutum
720 2305 786 2338 sore
805 2311 999 2345 censentes,
1027 2306 1210 2339 huiusmodi

471 2358 765 2401 supplicationibus
799 2359 960 2399 inclinati,
987 2359 1041 2391 toti
1078 2359 1211 2392 Cartliu-

470 2411 634 2444 sianorum
668 2411 799 2452 Ordini,
825 2417 858 2444 ut
894 2422 956 2445 non
994 2413 1098 2445 solum
1131 2412 1209 2455 erigi

470 2465 591 2508 possint
616 2469 646 2498 et
670 2467 792 2499 valeant
816 2465 977 2506 oratoria,
1003 2467 1144 2508 capellae
1181 2470 1211 2499 et

470 2518 581 2551 altaria
607 2519 637 2551 in
663 2519 800 2562 granciis
822 2524 851 2552 et
869 2519 1018 2553 domibus
1037 2519 1206 2562 religiosis,

506 2580 517 2607 1
535 2579 585 2609 Ed.
605 2579 686 2610 itam.
707 2580 790 2611 habet
810 2590 866 2617 quo
886 2589 934 2617 pro
955 2582 1030 2618 quod
1049 2582 1089 2617 (n,
1107 2582 1156 2617 T.).

1074 187 1175 210 BULLA
1182 186 1262 210 RIUM
1286 186 1445 210 ROMANUM

1269 234 1300 266 in
1337 235 1452 278 quibus
1486 235 1674 269 residebunt
1709 236 1849 270 eiusdem
1880 235 2006 269 Ordinis

1267 289 1467 328 sacerdotes,
1495 293 1587 332 atque
1623 290 1654 322 in
1680 290 1743 323 illis
1769 291 1931 323 celebrare
1954 300 2005 321 va-

1268 341 1352 373 leant
1369 341 1481 374 missae
1500 341 1655 375 sacrificia
1673 342 1757 375 iuxta
1770 343 2004 385 praeinsertum

1267 393 1428 426 decretum
1454 395 1612 437 praefatae
1637 395 1901 438 Congregationis
1925 395 2005 429 Con-

1267 446 1331 479 cilii
1358 447 1409 480 die
1427 458 1501 481 xxtv
1518 449 1713 491 septembris
1731 459 1865 482 iincxxn
1887 449 2005 482 editum

1266 504 1295 532 et
1318 511 1335 532 a
1358 502 1586 535 seeundodicto
1622 502 1776 546 Gregorio
1814 503 2005 546 comproba-

1267 557 1330 585 tum
1348 558 1381 585 nt
1403 554 1592 597 praefertur,
1609 555 1798 588 auctoritate
1816 555 2003 598 apostolica,

1266 611 1374 640 tenore
1410 608 1645 650 praesentium,
1680 608 1907 651 indulgemus;
1949 609 2005 642 sed

1266 660 1359 693 etiam
1398 661 1476 694 illud
1511 661 1692 705 ampliando
1724 667 1755 694 et
1787 661 2003 701 extendendo,

1265 714 1350 756 quod
1387 714 1426 746 ad
1463 714 1650 747 huiusmodi
1687 714 1831 747 effectum
1868 714 1943 747 satis
1967 714 2007 746 sit

1265 771 1294 798 et
1325 766 1461 799 sufficiat
1494 768 1578 810 quod
1615 768 1698 801 dicta
1733 768 1871 801 oratoria
1896 769 2006 811 capel-

1265 820 1312 851 lae
1338 824 1368 852 et
1392 819 1501 852 altaria
1526 819 1649 852 visitata
1674 820 1791 853 suerint
1827 825 1857 853 et
1888 831 2006 864 appro-

1264 873 1337 904 bata
1360 883 1377 905 a
1394 873 1537 916 patribus
1554 873 1769 907 visitatoribus
1788 874 1931 907 eiusdem
1952 873 2004 907 Or-

1265 924 1358 957 dinis.

1308 978 1322 1020 ἓ
1342 978 1370 1010 7.
1392 972 1612 1012 Βοσειήθῃὶρε
1627 1007 1634 1021 ,
1666 985 1853 1022 praesentes
1876 980 2002 1014 litteras

1265 1029 1373 1063 firmas
1395 1057 1401 1070 ,

1264 1089 1294 1115 et
1339 1083 1426 1122 sore,
1467 1095 1609 1128 suosque
1645 1086 1810 1128 plenarios
1843 1091 1875 1119 et
1913 1087 1999 1121 inte-

1265 1147 1341 1179 gros
1377 1137 1510 1170 etl'ectus
1547 1139 1655 1171 sortiri
1696 1144 1727 1171 et
1766 1139 1927 1179 obtinere,
1967 1151 2004 1174 ac

1265 1189 1347 1229 illis,
1375 1191 1412 1223 ad
1446 1202 1526 1233 quos
1557 1197 1683 1234 spectat
1709 1197 1740 1224 et
1765 1203 1824 1235 pro
1852 1198 2002 1235 ternpore

1264 1244 1433 1286 spectabit,
1454 1245 1486 1276 in
1512 1245 1663 1278 omuibus
1683 1250 1715 1278 et
1732 1256 1791 1288 per
1809 1248 1918 1279 onmia
1935 1248 2003 1290 ple-

1263 1296 1395 1329 nissime
1420 1297 1603 1339 suffragari,
1632 1298 1744 1341 sicque
1781 1299 1814 1332 in
1849 1300 2003 1342 praemis-

1263 1350 1306 1383 sis
1336 1361 1395 1393 per
1423 1361 1643 1394 quoscumque
1668 1351 1790 1385 iudices
1818 1352 2001 1386 ordinarios

1263 1408 1294 1436 et
1327 1403 1514 1445 delegatos,
1551 1404 1647 1437 etiam
1681 1416 1851 1438 causarum
1887 1406 2000 1448 palatii

1262 1456 1431 1499 apostolici
1459 1457 1647 1495 auditores,
1684 1458 1819 1490 iudicari
1856 1464 1888 1491 et
1914 1458 1997 1492 deti-

1263 1509 1324 1540 niri
1364 1510 1506 1549 debere,
1533 1521 1569 1542 ac
1603 1510 1729 1543 irritum
1760 1517 1791 1544 et
1817 1511 1913 1544 inane
1933 1538 1941 1552 ,
1972 1511 1998 1544 si

1262 1572 1354 1594 secus
1376 1573 1472 1605 super
1498 1563 1546 1595 liis
1572 1574 1589 1595 a
1615 1574 1787 1606 quoquam,
1809 1564 1919 1607 quavis
1945 1575 2000 1597 au-

1261 1614 1420 1655 ctoritate,
1447 1615 1588 1648 scienter
1614 1617 1663 1649 vel
1690 1616 1896 1659 ignoranter,
1926 1627 2000 1650 con-

1262 1667 1369 1710 tigerit
1395 1669 1558 1701 attentari.

1304 1719 1372 1763 ξὸ.
1407 1720 1476 1753 Non
1517 1721 1721 1754 obstantibus
1761 1722 2000 1756 constitutioni-

1259 1774 1319 1805 bus
1351 1778 1383 1806 et
1415 1774 1674 1807 ordinationibus
1706 1775 1918 1818 apostolicis,
1943 1785 2002 1809 nee

1259 1836 1323 1859 non
1348 1826 1422 1859 dicti
1447 1826 1573 1859 Ordinis
1604 1828 1834 1861 Cartliusiensis
1856 1856 1863 1869 ‚
1903 1829 2001 1862 etiam

1259 1881 1459 1920 iuramento,
1474 1881 1721 1914 confirmatione
1744 1882 1931 1924 apostolica,
1949 1883 2000 1916 vel

1258 1934 1370 1977 quavis
1404 1934 1554 1966 firmitate
1581 1935 1642 1967 alia
1664 1935 1843 1975 roboratis,
1870 1935 2000 1968 statutis

1258 1994 1288 2020 et
1305 1988 1608 2028 consuetudinibus,
1639 1988 1818 2030 privilegiis
1845 1999 1998 2032 quoque,

1258 2041 1392 2074 indultis
1424 2046 1456 2073 et
1474 2041 1591 2074 litteris
1612 2040 1800 2084 apostolicis
1844 2042 1877 2074 in
1921 2052 1998 2074 con-

1258 2095 1393 2126 trarium
1440 2094 1694 2136 praemissorum
1748 2095 1999 2137 quomodolibet

1257 2146 1646 2185 concessis,eons1rmatis
1673 2152 1704 2180 et
1724 2147 1905 2189 innovatis;
1932 2147 1998 2192 qui-

1256 2199 1315 2232 bus
1339 2200 1490 2232 omnibus
1516 2206 1547 2232 et
1572 2200 1719 2243 singulis,
1747 2200 1880 2234 illorum
1906 2192 1998 2234 teno-

1256 2264 1306 2285 res
1332 2253 1558 2296 praesentibus
1585 2264 1643 2296 pro
1669 2255 1765 2297 plene
1791 2254 1997 2290 etsufficien-

1257 2311 1305 2338 ter
1331 2306 1495 2349 expressis
1520 2317 1555 2339 ac
1585 2307 1623 2339 de
1648 2307 1747 2339 verbo
1787 2307 1827 2339 ad
1862 2307 1996 2340 verbum

1256 2359 1386 2392 insertis
1414 2360 1591 2399 habentes,
1615 2360 1679 2392 illis
1705 2360 1784 2392 alias
1816 2359 1847 2392 in
1867 2371 1926 2393 suo
1945 2371 1996 2394 ro-

1255 2412 1332 2445 bore
1374 2413 1626 2455 permansuris,
1666 2413 1704 2445 ad
1742 2413 1995 2456 praemissorum

1254 2465 1421 2506 effectum,
1447 2466 1507 2499 hac
1524 2467 1592 2499 vice
1615 2467 1789 2507 dumtaxat,
1808 2465 1995 2510 specialiter

1254 2523 1284 2551 et
1305 2529 1457 2561 expresse
1477 2520 1691 2562 derogamus,
1718 2519 1897 2564 ceterisque
1915 2529 1994 2554 con-

1255 2572 1360 2608 trariis
1398 2572 1670 2617 quibuscumque,

2032 987 2109 1013 sicque
2121 988 2140 1008 in
2150 994 2194 1015 per·

2014 1017 2099 1040 petuam
2115 1015 2191 1037 sei-vari

1443 1032 1566 1064 validas
1613 1038 1644 1065 et
1683 1033 1830 1066 efficaces
1863 1034 2108 1068 existeremandat-

2058 1728 2189 1751 Obstantibm
2217 1713 2220 1738 ἶ

2012 1755 2108 1782 derogat.
