2232 3178
858 202 999 228 cilmffixs
1024 202 1069 227 xu
1095 203 1145 228 ΡΡ,
1670 193 1733 227 535
1781 203 1828 230 An.
1846 203 1873 229 c.
1898 204 1963 231 1739

241 262 278 284 ac
302 251 375 290 illis,
393 251 432 285 ad
451 262 531 296 quos
549 256 673 296 spectat
698 257 729 286 et
754 262 813 296 pro
837 258 982 296 tempore
1003 282 1005 310 Ι
1070 251 1300 296 philosophiae
1323 256 1352 285 et
1376 262 1486 285 sacrae
1513 251 1691 296 theoloyiae
1707 256 1770 284 stu—

242 305 519 349 quandocumque
535 306 705 349 spectabit,
719 306 908 350 plenissime
923 307 983 339 suf·
1003 315 1005 328 ¹
1071 305 1136 339 diis
1160 310 1356 350 promoveat.

242 358 372 401 frag-ari,
390 365 421 392 et
446 359 484 392 ab
512 358 558 392 eis
583 359 762 402 respective
789 334 1005 393 inviolabili-i

242 417 291 444 ter
316 411 498 451 observari,
521 411 631 455 sicque
656 412 689 445 in
713 412 899 456 praemissis
925 423 983 456 per

242 475 469 507 quoscumque
495 465 618 498 iudices
643 465 826 498 ordinarios
845 470 875 497 et
897 465 983 498 dele-

242 522 347 559 gatos,
367 517 463 550 etiam
482 528 653 550 causarum
671 517 782 561 palatii
809 518 981 560 apostolici
1003 495 1006 555 i
1094 520 1264 554 Praeclara
1314 521 1530 554 Romanorum
1578 521 1769 555 Pontificum
1809 532 1831 551 r.

241 569 415 610 auditores,
438 581 473 603 ac
497 570 528 603 S.
548 571 585 603 R.
606 571 641 603 E.
669 571 862 609 cardinales,
885 571 981 603 etiam
1003 560 1005 621 ἰ
1027 574 1321 616 praedecessorum
1357 580 1545 607 nostrorum
1580 575 1618 607 (le
1651 575 1771 608 Graeca

242 623 282 655 de
304 623 404 656 latere
429 623 562 666 legatos,
590 624 718 656 sublata
743 623 788 655 eis
815 628 846 655 et
870 633 981 656 eorum
1003 626 1005 669 ζ
1026 625 1171 659 Ecclesia
1197 637 1269 659 cum
1296 629 1418 659 summa
1440 628 1640 670 apostolicae
1667 628 1772 660 chari-

241 675 376 708 cuilibet
402 676 513 719 quavis
531 676 625 709 aliter
646 675 811 708 iudicandi
834 681 865 708 et
886 676 983 709 inter·
1003 672 1005 714 ff
1027 679 1102 712 tatis
1120 679 1216 712 laude
1235 680 1389 723 insignita
1408 681 1597 714 meritorum
1612 680 1621 697 ¹
1644 681 1711 724 (qui
1730 682 1770 714 ad

240 729 389 772 pretandi
417 729 567 762 facultate
605 734 637 761 et
662 729 873 769 auctoritate,
901 729 983 762 iudi·
1003 721 1005 770 !
1026 732 1193 765 nationem
1220 732 1433 772 Graecorum,
1454 739 1500 767 tot
1525 735 1645 767 sanctis
1669 734 1772 767 Patri-

240 781 304 813 cari
342 786 374 814 et
411 781 539 815 definiri
573 781 714 821 debere,
741 792 776 814 ac
801 782 926 815 irritum
952 788 983 815 et
1026 785 1086 817 bus
1113 786 1235 829 pietate
1261 796 1297 819 ac
1323 786 1474 819 doctrina
1510 787 1691 820 illustribus
1725 788 1772 820 in-

240 833 337 867 inane
364 834 390 866 si
416 844 510 867 secus
548 845 647 879 super
684 835 735 868 his
761 846 778 868 a
802 846 980 879 quoquam,
1003 832 1005 883 f
1027 839 1158 877 clitam,
1195 849 1326 882 semper
1362 845 1393 872 et
1428 840 1550 883 ubique
1577 840 1608 872 in
1634 840 1772 884 pristina

53 205 102 232 An.
117 203 146 232 C.
168 201 235 231 1739

1236 396 1374 423 Clemens
1395 397 1479 429 Papa
1499 396 1565 427 xli,

1149 440 1184 466 ad
1205 443 1385 474 perpetuam
1405 441 1449 468 rei
1466 440 1650 468 memoriam.

1839 537 1951 551 nomnium.

112 1002 229 1027 Derogatio

49 1031 208 1051 contrariorum.

240 888 353 932 quavis
375 888 580 928 auctoritate,
605 889 745 922 scienter
763 890 811 922 vel
830 889 983 931 ignoran-

239 945 301 981 ter,
326 941 502 983 contigerit
527 941 691 975 attentari.
1003 935 1005 943 ’

283 996 298 1038 ξ
332 994 363 1027 9.
400 994 471 1027 Non
505 995 710 1028 obstantibus
742 995 1005 1049 constitutioni-g¹

238 1047 299 1080 bus
332 1052 364 1080 et
392 1047 652 1081 ordinationibus
682 1049 877 1091 apostolicis,
908 1059 1004 1081 nec-¹

239 1111 305 1133 non
324 1100 460 1133 civitatis
479 1106 510 1134 et
530 1101 687 1134 dioecesis
712 1102 982 1144 Salisburgensis,

240 1164 277 1186 ac
303 1164 580 1197 quorumcumque
599 1154 764 1194 Ordinum,
783 1155 892 1188 aliisve
914 1156 983 1198 qui·
1003 1139 1005 1174 Ι

239 1207 360 1247 busvis,
393 1207 488 1240 etiam
515 1208 707 1248 iuramento,
735 1209 981 1242 confirmatione
1004 1211 1005 1226 ¹

240 1261 430 1305 apostolica,
456 1263 504 1295 vel
532 1262 642 1306 quavis
665 1261 817 1296 firmitate
845 1263 907 1296 alia
933 1273 982 1295 ro-

239 1314 365 1348 boratis
381 1341 388 1355 ‚
428 1315 558 1348 statutis
598 1321 630 1348 et
669 1316 1005 1356 consuetudinibus,l

239 1367 416 1413 privilegiis
453 1379 604 1412 quoque,
630 1368 763 1402 indultis
796 1375 828 1402 et
864 1369 982 1402 litteris

240 1421 431 1466 apostolicis
452 1421 484 1454 in
502 1423 700 1456 contrarium
726 1423 982 1467 praemissorum
1004 1441 1005 1444 =

241 1474 489 1518 quomodolibet
525 1475 700 1515 concessis,
723 1475 922 1508 confirmatis
952 1481 1005 1509 et*

240 1528 421 1569 innovatis;
449 1528 566 1572 quibus
599 1529 751 1561 omnibus
782 1535 813 1562 et
837 1529 982 1572 singulis,

1026 891 1208 924 catholicae
1227 891 1301 925 fidei
1321 892 1443 925 unitate
1462 903 1624 936 sanaeque
1651 894 1771 926 doctri-

1027 955 1087 977 nae
1113 944 1320 978 confessione
1346 945 1551 978 retinendam
1578 946 1771 979 confirman-

1027 997 1166 1041 damque
1204 998 1333 1030 eximiis
1373 998 1540 1031 beneficiis
1578 999 1769 1040 cumulare,

1027 1050 1209 1093 patrocimo
1250 1052 1377 1091 fovere,
1420 1052 1536 1094 opibus
1577 1052 1711 1092 iuvare,
1740 1058 1772 1085 et

1028 1103 1180 1136 omnibus
1208 1103 1393 1146 pontificiae
1415 1105 1625 1147 benignitatis
1652 1105 1771 1138 libera-

1026 1156 1190 1199 litatisque
1215 1157 1328 1189 officiis
1360 1157 1510 1197 allicere,
1541 1164 1572 1191 et
1605 1159 1767 1202 quodam-

1027 1209 1126 1241 modo
1151 1209 1297 1251 obligare
1326 1210 1570 1253 adlaborarunt)
1590 1211 1696 1243 studia
1722 1222 1771 1245 re-

1026 1263 1194 1302 colenteS,
1219 1273 1277 1295 nos
1310 1273 1444 1306 operam
1470 1274 1598 1307 quoque
1625 1270 1770 1298 nostram

1027 1315 1362 1359 sollicitudinemque,
1381 1321 1536 1360 quantum
1552 1327 1622 1350 cum
1634 1317 1771 1352 Domino

1026 1378 1213 1411 possumus,
1232 1369 1270 1402 ad
1297 1369 1442 1403 eiusdem
1461 1370 1603 1404 Graecae
1629 1372 1770 1405 nationis

1026 1422 1247 1462 commodum,
1276 1422 1451 1456 utilitatem
1476 1434 1513 1456 ac
1538 1424 1636 1457 decus
1664 1430 1695 1457 et
1719 1435 1770 1458 or-

1025 1480 1214 1507 namentum
1231 1475 1409 1508 desiderari
1432 1476 1518 1509 baud
1542 1477 1630 1520 passi
1648 1488 1771 1519 sumus,

1026 1538 1085 1561 nec
1110 1528 1321 1571 imposterum
1347 1530 1521 1573 patiemur.

240 1581 370 1615 illorum
397 1587 526 1615 tenores
551 1583 782 1625 praesentibus
799 1594 859 1626 pro
885 1584 983 1627 plene

240 1641 272 1667 et
296 1634 499 1668 sufficienter
524 1636 706 1678 expressis,
740 1646 776 1668 ac
813 1636 852 1669 de
884 1636 1006 1669 verbo'

240 1688 279 1721 ad
303 1687 437 1721 verbum
462 1687 594 1721 insertis
620 1689 793 1729 habentes,
814 1689 878 1722 illis
904 1690 983 1722 alias

1069 1582 1084 1625 ἓ
1109 1581 1141 1615 1.
1168 1582 1309 1615 Primum
1335 1583 1467 1626 quidem
1500 1595 1559 1627 pro
1586 1585 1712 1618 dilectis
1738 1585 1786 1640 fi·¹
1809 1595 1905 1614 numm
1921 1595 1965 1641 πῃ.

1026 1635 1077 1667 liis
1104 1635 1326 1679 italo-graecis
1363 1637 1478 1677 dictis,
1503 1638 1558 1681 qui
1587 1649 1624 1672 ex
1656 1627 1965 1700 patriistsf}'-“:'j¹'i1¹-i'elc¹:·¹}:¹esl·ffss

1931 1707 1955 1720 VO

1025 1688 1220 1730 regionibus
1238 1695 1374 1732 propter
1399 1690 1582 1724 catholicae
1602 1691 1676 1725 fidei
1696 1703 1770 1725 cau·
1781 1702 1891 1748 fflffifflffl

239 1741 272 1774 in
297 1750 357 1774 suo
393 1741 512 1774 robore
549 1742 786 1784 permansuris,
823 1742 882 1775 bac
914 1742 1005 1786 vicet

240 1795 408 1828 dumtaxat
433 1795 622 1838 specialiter
647 1801 678 1828 et
703 1806 852 1839 expresse
888 1788 1006 1830 dero-¹

239 1859 376 1892 gamus;
415 1848 600 1892 ceterisque
638 1850 812 1882 contrariis
847 1850 983 1893 quibus-

239 1912 392 1946 cumque.

283 1956 397 1989 Datum
420 1955 559 1997 Romae,
588 1957 673 2000 apud
704 1956 736 1990 S.
763 1956 896 1990 Mariam
921 1957 984 1991 Ma-

238 2009 342 2043 iorem
358 2037 365 2050 ,
392 2009 453 2042 sub
482 2010 605 2043 annulo
631 2009 807 2043 piscatoris
824 2037 831 2051 ‚
862 2010 913 2044 die
939 2022 984 2045 ΧΠ

238 2062 377 2096 ianuarii
404 2072 608 2103 unccxxxnt,
641 2062 854 2106 pontificatus
879 2065 982 2098 nostri

240 2126 327 2148 anno
349 2126 393 2149 ix.

275 2176 332 2204 Dat.
354 2176 397 2204 die
420 2177 451 2204 12
470 2178 588 2205 ianuarii
611 2178 688 2213 1739,
710 2179 808 2214 pontif.
825 2187 895 2207 anno
916 2188 951 2207 ix.

522 2341 700 2375 CCXLVIII.

240 2431 397 2465 Facultas
428 2430 581 2464 moderno
607 2436 635 2465 ee
658 2442 718 2475 pro
747 2437 886 2477 tempore
910 2435 981 2467 exi—

285 2484 383 2517 stenti
400 2484 530 2529 colleqii
546 2485 624 2518 italo
637 2486 747 2529 yraeci
761 2485 887 2520 Corsini
905 2497 985 2521 nun·

286 2538 399 2581 cupali
421 2537 559 2578 rectori,
589 2543 626 2571 ut
655 2538 750 2572 illius
780 2540 931 2574 alumnos
956 2545 985 2574 et

287 2591 479 2625 convictores
499 2590 542 2624 acl
567 2591 715 2625 lauream
733 2592 929 2627 doctoralem
950 2594 986 2628 in

1027 1751 1094 1774 sam
1119 1742 1308 1775 iamdudum
1345 1744 1476 1786 profugi
1502 1744 1535 1776 in
1560 1744 1681 1778 Italiam
1714 1747 1771 1779 ad-

1024 1794 1195 1827 venientes
1220 1795 1252 1826 in
1280 1795 1405 1838 aliquot
1437 1795 1641 1840 Neapolitani
1676 1799 1769 1841 regni

1025 1847 1203 1890 provinciis
1221 1855 1252 1881 et
1272 1848 1479 1882 dioecesibus
1504 1851 1669 1885 domicilia
1694 1852 1770 1885 sixc-

1026 1906 1111 1941 runt,
1127 1901 1238 1945 ibique
1257 1908 1500 1936 commorantes
1514 1904 1639 1947 patrios
1659 1916 1769 1939 sacros

1026 1956 1118 1995 rituS,
1136 1956 1369 1996 caeremonias,
1385 1962 1570 2001 ceteraque,
1587 1969 1650 1992 non
1665 1961 1768 1993 solum

1026 2010 1185 2052 perpetua
1211 2009 1414 2042 venerandae
1444 2010 1647 2054 antiquitatis
1673 2013 1771 2045 tradi-

1027 2062 1117 2095 tione
1131 2061 1346 2105 integerrimc
1362 2063 1533 2105 custodita,
1546 2075 1657 2098 verum
1674 2066 1770 2100 etiam

1026 2114 1151 2147 iteratis
1171 2115 1377 2158 Apostolicae
1402 2116 1499 2149 huius
1526 2116 1662 2152 Sanctae
1679 2118 1771 2153 Sedis

1027 2167 1169 2201 oraculis
1196 2169 1379 2212 approbata
1403 2175 1435 2203 et
1459 2171 1665 2212 confirmata,
1691 2183 1767 2206 san-

1027 2221 1168 2254 ctissime
1194 2232 1326 2255 servare
1351 2223 1600 2266 dignoscuntur,
1624 2226 1657 2258 in
1683 2225 1770 2260 Cala-

1026 2275 1116 2308 briae
1143 2276 1347 2316 meditullio,
1374 2278 1429 2310 ubi
1465 2279 1603 2311 maxima
1637 2280 1769 2313 illorum

1026 2328 1202 2362 multitudo
1227 2340 1264 2362 ac
1289 2340 1443 2363 numerus
1468 2332 1644 2374 reperitur,
1672 2334 1769 2366 semi—

1027 2382 1155 2415 narium
1181 2393 1236 2415 seu
1263 2383 1439 2426 collegium
1461 2384 1499 2416 de
1525 2385 1687 2426 gentilitio
1712 2397 1770 2419 no-

1028 2439 1095 2467 stro
1122 2435 1253 2468 nomine
1279 2435 1453 2469 Corsinum
1478 2436 1599 2469 (lictum
1625 2438 1768 2471 excitan-

1028 2487 1103 2520 dum
1128 2487 1424 2533 instruendumque
1449 2491 1655 2532 curavimus;

1064 2559 1075 2585 1
1103 2559 1142 2585 An
1172 2558 1272 2594 aliquid
1302 2559 1524 2595 emendandum,
1553 2561 1654 2590 iudicet
1682 2562 1768 2590 lector

1027 2603 1115 2639 scius,
1137 2603 1228 2632 forsan
1248 2605 1362 2633 meritis
1384 2609 1419 2640 (a.
1433 2607 1482 2640 r.)-
