2232 3178
32 203 78 231 An.
93 199 121 228 C.
143 198 209 226 1738

826 199 970 224 CLEMENS
995 199 1042 222 XII
1068 200 1118 223 Pr».

220 247 372 286 onerosi,
398 252 453 279 aut
478 248 657 290 legatorum
683 248 779 281 etiam
810 258 961 291 persona-

219 300 297 334 lium
336 305 619 344 nuncupatorum,
658 311 713 334 seu
750 301 811 334 alia
850 301 962 343 quavis
983 324 984 331 ,

219 354 314 386 causa
338 354 388 386 vel
415 353 482 386 iure
508 363 594 386 nunc
619 359 650 386 et
674 364 733 397 pro
760 358 905 396 tempore
931 359 960 386 et

219 416 275 439 seu
302 406 398 439 etiam
424 406 463 439 de
482 416 565 439 novo
591 412 645 439 aut
668 406 700 438 in
721 407 862 439 futurum
888 416 962 449 spe-

218 459 386 500 ctantium,
403 459 584 503 respective
606 459 717 492 tertias
743 464 859 503 partes,
879 470 960 502 quae

218 512 350 546 insimul
376 523 515 545 annuam
542 523 698 545 summam
723 512 874 545 undecim
894 512 962 544 mil-

218 566 296 598 lium
313 570 441 599 centum
461 565 648 607 trigintasex
675 566 866 598 ducatorum
892 565 959 597 auri
982 568 983 575 ¹

219 618 374 652 similium
409 623 440 651 et
472 618 625 651 iuliorum
659 618 811 651 undecim
841 618 960 651 consti·

219 677 328 705 tuunt:
366 682 494 705 necnon
520 683 556 705 ex
581 682 645 705 uno
677 671 837 711 Oliveira‚
873 671 961 704 cuius

218 726 308 759 mille
332 725 664 768 nonagintaquatuor‚
684 725 814 758 illorum
839 724 961 757 medie—
982 751 984 768 ,Α

219 784 328 820 tatem,
347 779 499 812 videlicet
515 778 710 821 quingentos
730 778 960 821 quadraginta·
982 770 984 804 Ῐ

218 838 365 876 septem,
391 838 422 865 et
453 842 490 865 ex
516 832 618 865 altero
644 831 959 864 archidiaconatibus

219 886 259 919 de
277 885 388 929 Regoa
411 885 591 928 respective
617 884 814 928 nuncupatis
840 884 961 927 praefa-
983 895 984 900 ¹

219 944 269 972 tae
288 938 445 971 ecclesiae
462 938 729 980 Portugallensis,
748 937 828 970 inibi
850 948 961 980 respe-
982 950 984 967 ι

219 992 299 1025 ctive
325 991 547 1034 dignitatibus,
566 1001 631 1024 non
653 996 761 1024 tamen
786 996 858 1034 post
882 1002 961 1034 pon-

220 1045 370 1079 tificalem
392 1045 577 1084 maioribus,
597 1045 824 1085 existentibus,
844 1045 959 1088 quibus

218 1099 350 1142 pariter,
374 1105 409 1132 ut
434 1099 530 1132 etiam
556 1099 759 1142 accepimus,
785 1100 960 1132 nonnullae

218 1153 421 1195 parochiales
460 1153 635 1191 ecelesiae,
672 1157 703 1185 et
740 1162 795 1184 seu
833 1152 960 1184 illarum

219 1206 339 1240 fructus
364 1207 525 1250 perpetuo
551 1206 732 1249 respective
757 1205 878 1245 unitae,
906 1216 961 1238 an-

218 1270 319 1293 nexae
345 1265 377 1292 et
401 1262 643 1302 incorporatae,
664 1265 695 1292 et
712 1270 767 1291 seu
789 1258 880 1298 uniti,
906 1269 961 1291 an-

219 1313 293 1346 nexi
319 1318 351 1345 et
374 1312 575 1356 incorporati
601 1312 821 1355 reperiuntur,
852 1322 887 1344 ac
912 1322 962 1344 cu—

219 1368 266 1399 ius
299 1366 441 1399 hismille
478 1372 605 1399 centum
643 1366 960 1408 nonagintaduorum

219 1419 413 1453 ducatorum
439 1420 506 1452 auri
533 1420 658 1462 parium
692 1418 872 1462 respective
900 1419 961 1450 fru-

219 1479 304 1513 ctus,
330 1473 479 1506 redditus
504 1479 535 1505 et
559 1478 754 1516 proventus,
781 1472 960 1505 secundum

220 1527 478 1560 aestimationem
511 1527 709 1569 praefatam,
734 1528 876 1559 valorem
910 1537 962 1558 an-

218 1590 327 1623 nuum,
353 1585 388 1612 ut
412 1580 534 1623 pariter
561 1580 756 1623 accepimus,
783 1590 847 1612 non
875 1589 962 1612 exce-

220 1634 311 1674 dunt,
339 1639 402 1667 tres
439 1644 475 1666 ex
513 1640 651 1677 quatuor
676 1634 863 1667 eorumdem
889 1633 957 1666 fru-

219 1693 335 1728 ctuum,
361 1688 545 1721 reddituum
565 1693 595 1720 et
613 1692 828 1731 proventuum
855 1698 890 1721 ex
914 1688 960 1721 eis

220 1741 317 1774 etiam
342 1746 377 1774 ut
401 1741 586 1785 praefertur
621 1741 904 1784 provenientium,
932 1746 962 1774 et

220 1795 258 1828 ad
285 1805 338 1828 eos
365 1795 515 1828 similiter
540 1805 745 1838 quocumque
783 1795 876 1828 titulo
909 1802 961 1828 aut

221 1849 365 1892 qualibet
391 1859 426 1882 ex
455 1852 551 1882 causa
576 1860 662 1882 nunc
698 1854 728 1883 et
756 1850 787 1882 in
815 1850 960 1882 futurum

220 1907 256 1935 ut.
280 1902 464 1946 praefertur
488 1903 728 1945 spectantium,
756 1908 785 1935 et
811 1913 867 1936 seu
892 1903 963 1935 uni-

222 1961 350 1996 torum,
380 1966 577 1989 annexorum
616 1961 647 1989 et
679 1956 961 1999 incorporatorum

223 2009 442 2052 praefatorum
469 2013 584 2053 partes,
603 2009 752 2042 videlicet
778 2010 866 2042 mille
893 2020 963 2043 sex-

223 2067 333 2095 centos
352 2062 567 2106 quadraginta
584 2067 723 2105 quatuor
744 2062 877 2096 ducatos
895 2064 962 2095 auri

222 2115 369 2158 partes¹z
397 2125 432 2148 ac
467 2114 603 2158 insuper
627 2115 722 2148 unius
748 2116 787 2148 de
814 2116 961 2157 Barroso,

224 2167 316 2200 cuius
333 2167 585 2211 quingentorum
604 2168 758 2208 duorum,
775 2179 810 2201 ac
828 2169 962 2202 alterius

223 2218 255 2253 S.
287 2219 487 2261 christinae,
514 2221 601 2254 cuius
639 2222 726 2254 mille
752 2222 962 2256 ducentorum

224 2274 493 2316 quadragintasex
522 2280 553 2307 et
579 2275 727 2307 iuliorum
750 2281 871 2318 septem
898 2269 963 2309 mo-

223 2332 317 2360 netae
343 2337 415 2360 cum
435 2327 569 2360 dimidio
587 2328 721 2361 alterius
742 2328 810 2362 iulii
837 2329 961 2370 similis,

223 2389 351 2413 necnon
380 2381 511 2413 alterius
538 2381 577 2414 de
603 2380 843 2422 Fontearcada‚
873 2383 962 2415 cuius

223 2433 312 2466 mille
337 2440 463 2467 centum
489 2434 656 2476 sexaginta
693 2435 834 2477 quinque
860 2440 892 2468 et
917 2435 963 2467 iu-

223 2483 338 2519 tiorum
358 2487 529 2520 duodecim
548 2492 698 2520 monetae
712 2488 873 2530 praefatae
892 2498 962 2520 cum

225 2537 358 2573 dimidio
395 2540 526 2574 alterius
564 2540 631 2573 iulii
669 2540 805 2581 similis,
834 2551 961 2574 necnon

261 2603 270 2628 l
294 2601 405 2630 Videtur
420 2602 567 2638 legendum
580 2610 668 2638 pares
684 2611 732 2637 pro
750 2606 848 2637 partes
863 2606 960 2640 (εισι).

1006 248 1138 281 alterius
1173 249 1211 282 de
1237 249 1404 292 Labruge,
1430 249 1519 282 cuius
1552 249 1746 292 quingento-

1006 312 1074 333 rum
1102 302 1344 344 quatuordecim
1373 308 1401 335 et
1425 302 1574 335 iuliorum
1601 303 1744 346 quinque

983 386 984 403 ,
1006 360 1156 388 monetae
1182 356 1359 398 praefatae,
1388 366 1513 389 necnon
1547 356 1679 389 alterius
1705 357 1743 389 de

1005 408 1111 448 Neiva,
1134 409 1223 441 cuius
1250 410 1521 452 quingentorum,
1549 421 1675 443 necnon
1703 411 1746 442 nt-

1007 463 1104 494 terius
1131 463 1169 494 (le
1196 463 1357 495 Yillanox‘a
1392 464 1431 495 de
1457 463 1627 501 Cerveira,
1654 464 1744 496 cuius

1007 520 1223 548 trecentorum
1251 516 1383 558 triginta
1409 517 1504 548 unius
1530 522 1557 548 et
1592 517 1743 549 iuliorum

1005 572 1127 610 septem
1154 573 1304 601 monetae
1322 569 1485 611 praefatae
1512 579 1583 601 cum
1611 569 1744 602 dimidio

1006 621 1137 653 alterius
1160 621 1227 654 iulii
1250 621 1374 662 similis,
1393 622 1423 654 in
1444 623 1588 665 praefata
1607 623 1746 655 Bracha-

1007 675 1101 715 rensi,
1128 685 1253 708 necnon
1281 676 1412 708 alterius
1439 676 1531 708 etiam
1560 677 1597 709 de
1618 677 1745 715 Baculo,

1005 727 1094 759 cuius
1135 728 1445 771 quadringentorum
1487 729 1676 772 vigintioeto
1716 735 1748 762 et

1006 781 1158 813 iuliorum
1185 781 1297 814 decem
1324 788 1473 815 monetae
1500 783 1677 825 praefatae,
1712 793 1747 816 ae

983 845 984 850 ¹
1006 834 1136 867 alterius
1156 835 1194 867 de
1213 834 1318 873 Sexta,
1334 835 1364 867 in
1383 836 1548 877 praedicta
1562 836 1744 875 Elborensi,

1006 887 1096 919 cuius
1123 888 1434 930 quadringentorum
1453 888 1639 931 vigintiocto
1655 889 1748 931 quin-

1006 942 1159 984 quaginta
1199 946 1323 984 scptem
1365 947 1396 981 e)
1432 941 1582 974 iuliornm
1624 947 1747 984 septem

1007 999 1155 1027 monetae
1171 994 1357 1037 praedictae
1375 1005 1446 1027 cum
1463 995 1596 1028 dimidio
1615 995 1747 1028 alterius

1007 1046 1072 1079 iulii
1100 1047 1202 1090 paris,
1240 1058 1276 1080 ac
1312 1047 1428 1090 reliqui
1463 1049 1747 1081 archidiaconatus

1005 1100 1036 1133 S.
1064 1101 1148 1133 Petri
1176 1101 1214 1133 de
1232 1100 1351 1133 Franca
1377 1101 1555 1145 respective
1581 1113 1748 1145 nuncupa-

1007 1159 1124 1193 torum,
1147 1153 1514 1196 cuius„quingentorum
1541 1155 1748 1198 septuaginta

1006 1207 1100 1239 unlus
1127 1213 1159 1239 et
1179 1207 1331 1240 iuliorum
1349 1213 1471 1251 septem
1493 1214 1641 1241 monetae
1662 1219 1749 1251 prae·

1007 1261 1112 1293 dictae
1138 1271 1208 1293 cum
1236 1261 1368 1294 dimidio
1386 1262 1518 1294 alterius
1545 1262 1613 1294 iulii
1632 1262 1748 1294 similis

1007 1315 1038 1346 in
1065 1315 1230 1357 praedicta
1254 1315 1402 1353 Vicensi,
1429 1326 1464 1347 ac
1491 1315 1747 1347 thesaurariatsis

1007 1368 1139 1401 maioris
1167 1369 1344 1412 nuncupati
1372 1369 1402 1401 in
1430 1369 1540 1401 eadem
1561 1369 1747 1401 Lamacensi

1007 1421 1188 1464 respective
1216 1422 1363 1454 ecclesiis
1397 1422 1578 1464 respective
1611 1422 1750 1464 dignita-

1009 1479 1086 1514 tum,
1111 1485 1176 1507 non
1203 1480 1310 1507 tamen
1336 1480 1411 1518 post
1436 1473 1656 1517 pontificalem
1684 1485 1749 1507 ma-

1006 1529 1124 1567 iorum,
1149 1530 1340 1572 nullamque
1365 1529 1413 1561 vel
1441 1528 1598 1561 modicam
1625 1534 1747 1561 tantum

1007 1581 1214 1614 residentiam
1241 1581 1492 1625 requirentium,
1523 1592 1658 1625 quarum
1692 1582 1748 1614 ali-

1007 1635 1124 1678 quibus
1151 1635 1246 1667 etiam
1268 1635 1445 1667 nonnullae
1465 1635 1670 1677 parochiales
1698 1645 1747 1667 ec-

1007 1689 1133 1728 elesiae,
1153 1694 1183 1721 et
1209 1699 1264 1721 seu
1291 1688 1416 1720 illarum
1444 1689 1576 1727 fructus,
1601 1688 1748 1720 similiter

1008 1742 1167 1785 perpetuo
1194 1742 1313 1781 unitae,
1336 1751 1481 1773 annexae
1507 1746 1537 1773 et
1559 1741 1748 1784 incorpora-

1008 1801 1069 1835 tae,
1097 1801 1128 1828 et
1153 1806 1207 1828 seu
1235 1795 1326 1835 uniti,
1349 1796 1465 1827 annexi
1491 1800 1521 1828 et
1547 1795 1748 1837 incorporati

1009 1850 1186 1893 respective
1213 1849 1365 1891 existunt,
1383 1860 1419 1881 ac
1438 1849 1528 1881 cuius
1556 1848 1748 1891 quingento-

1008 1914 1076 1935 rum
1103 1903 1348 1945 quatuordecim
1375 1902 1565 1935 ducatorum
1600 1902 1665 1934 auri
1693 1913 1748 1945 pa-

1008 1957 1090 1989 rium
1117 1962 1148 1990 et
1173 1957 1327 1989 iuliorum
1353 1961 1426 1988 octo
1453 1959 1602 1988 monetae
1621 1955 1749 1998 praedi-

1008 2016 1076 2043 ctae
1103 2009 1282 2053 respective
1310 2009 1441 2049 fructus,
1461 2009 1607 2041 redditus
1630 2014 1660 2041 et
1678 2019 1749 2052 pro-

1008 2069 1144 2103 ventus,
1171 2063 1347 2095 secundum
1374 2063 1631 2095 aestimationem
1659 2073 1749 2106 prae-

1008 2118 1148 2157 dictam,
1174 2117 1317 2149 valerem
1351 2126 1515 2156 annuum,
1542 2122 1576 2148 ut
1601 2116 1749 2149 similiter

1008 2171 1209 2214 accepimus,
1244 2180 1308 2202 nor.
1344 2169 1526 2209 excedunt,
1564 2180 1677 2202 omnes
1718 2175 1749 2202 et

1008 2224 1152 2266 singulos
1189 2233 1302 2256 eorum
1345 2234 1379 2255 ae
1420 2220 1598 2260 cuiuslibet
1638 2232 1748 2254 eorum

1009 2278 1152 2317 fructus,
1181 2277 1329 2309 redditus
1356 2282 1387 2308 et
1412 2281 1588 2318 proventus
1623 2275 1749 2317 praedi-

1007 2336 1082 2370 ctos,
1111 2330 1206 2363 etiam
1233 2334 1266 2361 ut
1293 2329 1477 2372 praefertur
1502 2339 1537 2361 ex
1565 2328 1696 2361 decimis
1718 2333 1748 2360 et

1007 2383 1078 2416 aliis
1111 2383 1370 2426 ‹piibuseumque
1408 2381 1629 2424 proventibus,
1653 2381 1748 2413 etiam

1007 2436 1131 2469 ratione
1150 2436 1393 2479 praedictorum
1421 2440 1451 2466 et
1477 2435 1585 2466 forsan
1612 2433 1748 2465 aliorum

1007 2489 1052 2523 eis
1078 2495 1110 2522 et
1134 2500 1246 2523 eorum
1273 2489 1403 2521 cuilibet
1431 2488 1612 2530 respective
1650 2498 1749 2519 aune-

1006 2554 1141 2583 xoruiu,
1168 2553 1295 2576 necnon
1335 2542 1441 2581 honis,
1481 2541 1747 2584 proprietatiluis,

1006 2597 1149 2637 iuribus,
1177 2596 1342 2635 censibus,
1370 2594 1558 2635 laudemus,
1585 2595 1747 2627 contribu-

1642 191 1706 225 323
1754 202 1801 226 An.
1821 200 1848 227 c.
1876 202 1940 229 ¹738
