2232 3178
71 215 121 242 An.
137 213 166 242 C.
188 213 256 241 1740
875 215 1016 239 emin-:Ns

305 261 445 295 mt‘ce'das
459 273 518 306 pro
534 262 758 297 Ecclesiasticti
780 263 912 296 Dz‘lione
936 264 1002 296 iam

306 315 393 348 ediecz
411 344 420 356 ‚
448 316 491 349 ad
515 316 699 350 dominium
725 322 752 350 ec
777 317 912 349 ditiones
939 322 1004 349 lanz.

307 374 410 402 terrae
429 369 543 412 firmae
567 381 667 414 quam
695 371 787 413 reynz'
812 369 959 403 Corsicae
977 373 1005 402 el

304 422 434 455 insulae
453 423 631 466 Caprariae
648 423 848 466 reipublicae.
864 423 1005 456 Ianuen-

305 477 350 508 εἰς
373 477 544 519 respective
568 476 823 509 eoeeendmzcurk

470 567 606 594 Clemens
628 567 711 600 Papa
731 566 799 598 XII,

381 611 417 638 ad
437 614 615 645 perpetuam
634 611 679 638 rei
700 610 885 638 memoriam.

71 697 128 744 1501}ss
152 696 252 744 effigiat&
308 690 322 734 ξ
347 690 379 724 l.
404 691 490 724 Alias
504 700 563 724 nos
576 701 636 734 per
650 695 775 724 nostras
794 690 852 723 suh
870 689 1004 733 plumbo

71 743 430 787 ronflrmatasswexpeditas
465 743 600 786 litteras,
627 754 744 787 nempe
786 754 817 777 1v
850 742 1005 775 kalendas

70 780 433 838 ffiussinffissiffebruarii,
456 807 541 830 anno
567 797 799 830 Incarnationis
825 796 1005 830 dominicae

69 830 467 904 g{{5?2⁰³11023·¹51”-Mnccxxxv²,
494 850 705 894 pontificatus
731 849 832 884 nostri
859 860 944 882 anno
970 859 1003 889 v,

111 898 116 904 ’
263 905 303 937 ad
324 904 564 948 compescenda
584 910 616 938 et
640 904 833 944 coercenda,
851 908 948 947 atque
966 903 1004 935 ab

264 957 326 991 hac
364 958 447 991 alma
482 957 567 991 Urbe
603 960 734 1001 totaque
769 957 800 989 in
833 956 1003 999 temporali

263 1011 292 1044 S.
320 1011 356 1044 R.
381 1011 416 1044 E.
445 1011 568 1045 ditione
604 1012 734 1054 penitus
771 1010 949 1044 avertenda
974 1014 1006 1042 et

266 1065 466 1098 eliminanda
491 1065 675 1103 homicidia,
695 1075 777 1108 quae
797 1075 814 1096 a
832 1063 909 1096 viris
935 1073 1006 1095 san-

263 1119 413 1161 guinum,
433 1118 530 1151 divini
552 1118 754 1161 humanique
780 1117 857 1149 iuris
881 1116 1002 1155 oblitis,

262 1170 446 1204 incredibili
473 1181 544 1204 cum
570 1171 768 1204 immanitate
794 1171 826 1202 in
852 1170 920 1202 dies
945 1179 1005 1201 ma·

265 1224 314 1267 gis
339 1224 507 1267 magisque
541 1225 788 1257 increbescente
817 1223 1004 1266 saepissime

263 1278 385 1320 patrari
402 1287 467 1310 non
489 1277 558 1310 sine
584 1277 773 1319 gravissimo
792 1275 920 1319 paterni
938 1275 1005 1307 ani-

263 1330 307 1362 mi
332 1330 434 1362 nostri
460 1330 575 1363 dolore
597 1340 633 1362 ac
658 1339 810 1362 moerore
836 1328 1004 1361 inaudive-

263 1394 391 1424 ramus,
415 1384 693 1424 constitutionem,
719 1394 800 1427 quae
826 1382 941 1425 incipit
964 1382 1005 1415 In

263 1447 413 1481 supremo
437 1437 586 1470 iustiliae
601 1437 693 1478 sotio,
714 1435 1003 1481 promulgavimus,

264 1490 297 1522 in
315 1502 386 1533 qua,
402 1495 573 1534 postquam
588 1501 701 1524 omnes
718 1496 749 1523 et
769 1490 913 1533 singulas
930 1499 1005 1522 con-

264 1543 451 1577 stitutiones
469 1554 486 1576 a
512 1544 613 1577 felicis
638 1542 872 1576 reeordationis
892 1542 949 1575 Pio
970 1542 1003 1581 ll,

265 1596 365 1630 Paulo
390 1596 436 1636 ΙΙ,
463 1596 551 1629 Sixto
578 1596 629 1637 IV,
655 1596 736 1629 Iulio
762 1596 795 1635 ΙΙ,
822 1596 929 1628 Leone
955 1596 979 1627 X
996 1622 1003 1635 ‚

265 1649 344 1682 lulio
365 1649 414 1689 III,
443 1649 498 1682 Pio
525 1649 571 1688 IV,
597 1649 652 1681 Pio
678 1649 709 1689 V,
736 1649 892 1691 Gregorio
918 1648 1004 1688 XIII,

265 1703 353 1735 Sixto
379 1702 421 1742 V,
448 1702 603 1745 Gregorio
629 1702 716 1744 XIV,
742 1702 904 1735 Clemente
920 1701 1004 1742 VIII,

265 1755 455 1788 Innocentio
480 1755 528 1795 xi,
548 1755 737 1788 Innocentio
763 1754 826 1794 XII,
848 1766 884 1788 ac
910 1755 1006 1787 Bene-

266 1809 353 1842 dicto
380 1808 467 1849 XIII,
494 1813 525 1841 et
550 1808 717 1852 quibusvis
753 1808 823 1841 aliis
850 1807 1005 1841 RomaniS

266 1862 475 1895 Pontificibus
489 1862 797 1904 praedecessoribus
816 1861 933 1894 nostris
951 1861 1006 1893 ad-

265 1926 376 1948 versus
395 1914 574 1948 homicidas
590 1915 804 1947 saluberrime
823 1914 937 1953 editas,
956 1925 1006 1957 ap-

265 1968 484 2012 probavimus,
511 1967 773 2001 confirmavimus
792 1972 824 2000 et
840 1967 1006 2000 innovavi-

266 2032 348 2062 mus,
362 2021 498 2065 illasque
517 2021 668 2054 adversus
687 2032 924 2064 quemcumque
940 2032 1005 2054 non

266 2086 360 2108 usum
387 2085 445 2107 seu
470 2074 668 2108 contrarium
693 2085 795 2114 usum,
816 2074 870 2117 qui
892 2074 1004 2117 quovis

265 2129 363 2162 modo
388 2128 558 2171 praetendi
589 2129 640 2161 vel
666 2127 800 2171 allegari
826 2128 1004 2171 potuisset,

266 2182 465 2214 restituimus
491 2187 523 2214 et
548 2181 693 2224 plenarie
719 2181 1005 2223 reintegravimus‚

267 2245 349 2277 quae
375 2234 530 2276 deinceps
565 2234 696 2266 omnino
722 2240 754 2267 et
777 2234 1006 2267 inviolabiliter

267 2288 435 2321 observari
469 2287 687 2330 praecipimus
714 2293 745 2319 et
770 2287 1003 2320 mandavimus.

101 2349 193 2386 ,iiam
217 2350 256 2371 sori
311 2342 326 2384 ἓ
351 2340 382 2373 02.
410 2341 497 2374 Inter
520 2345 629 2373 cetera
654 2340 686 2372 in
712 2340 823 2373 eadem
856 2340 1007 2373 constitu-

75 2377 206 2430 i‘ffeffifflif
232 2383 256 2398 ⁹¹
269 2395 354 2428 tione
380 2399 542 2433 contenta,
567 2395 647 2427 haec
671 2393 870 2436 praescripta
899 2399 1004 2435 erant,

268 2449 388 2481 tenoris
414 2448 467 2492 qui
493 2448 652 2491 sequitur:
686 2459 699 2478 α
717 2447 754 2479 Et
775 2447 926 2490 quoniam
953 2459 1005 2481 ex-

305 2530 314 2554 1
338 2527 560 2555 Constitutionein
591 2526 759 2562 praedICtam
792 2526 877 2554 habes
904 2536 1005 2563 supra,

268 2581 330 2609 pag.
351 2572 385 2599 28
405 2573 484 2599 liuius
503 2573 568 2600 tomi
587 2574 688 2607 (n.r.).

302 2619 319 2645 2
337 2617 403 2646 Male
424 2617 489 2645 edit.
512 2617 589 2644 Maiu.
612 2617 692 2645 habet
713 2617 783 2645 1731
804 2618 842 2653 (u.
860 2617 907 2652 Τ.),

1048 215 1093 238 xn
1118 215 1168 239 Pr.
1692 206 1756 239 595
1801 214 1850 241 An.
1867 213 1896 241 C.
1918 214 1986 241 1740

1049 264 1230 306 perimente
1256 269 1462 308 compertum
1489 265 1564 305 est¹,
1589 264 1791 298 administra-

1050 317 1171 350 tionem
1197 328 1233 351 ac
1258 328 1386 350 cursum
1421 323 1528 351 rectae
1560 324 1590 351 et
1621 318 1789 361 expeditae

1049 369 1201 411 iustitiae,
1229 381 1290 413 qua
1317 370 1518 414 reipublicae
1545 372 1630 403 salus
1668 371 1790 414 praeci-

1049 433 1110 465 pue
1137 423 1296 464 innititur,
1315 435 1522 468 summopere
1549 425 1714 457 obturbari
1740 425 1789 456 vel

1049 476 1088 508 ab
1128 478 1292 510 excessivo
1332 488 1468 511 numero
1509 478 1789 521 privilegiatorum

1049 529 1224 572 vulgariter
1246 532 1409 573 parentali
1433 537 1699 574 nuncupatorum,
1740 532 1788 563 rel

1049 592 1066 614 a
1090 582 1198 615 minus
1231 585 1322 616 recta
1358 584 1578 626 intelligentia
1610 584 1791 627 privilegio-

1049 645 1120 668 rum
1147 646 1400 670 concessorum:
1427 638 1582 680 proinde,
1611 637 1706 670 salvis
1731 637 1791 669 sir-

1049 688 1175 731 misque
1201 690 1444 722 remanentibus
1477 690 1617 723 decretis
1650 696 1681 722 ct
1706 700 1791 722 reso-

1049 742 1235 781 lutionibus,
1262 753 1343 785 quae
1369 743 1567 786 temporibus
1604 743 1708 775 felicis
1740 754 1792 786 pa-

1050 795 1129 828 riter
1153 795 1389 829 recordationis
1416 796 1536 828 Urbani
1564 797 1622 829 rP.
1650 796 1731 835 vul,
1760 802 1791 828 et

1051 849 1207 882 dictorum
1223 849 1400 882 innocentii
1423 849 1462 881 xl
1487 860 1521 882 ac
1541 849 1719 883 Innocentii
1738 850 1790 882 §111

1050 903 1358 945 praedecessorum,
1385 907 1439 935 aut
1464 903 1542 935 alias
1570 903 1790 946 quandocum-

1050 966 1111 999 que
1138 958 1174 988 ea
1206 967 1306 999 super
1338 967 1371 988 re
1409 962 1618 996 emanarunt,
1647 957 1790 988 volumus

1050 1010 1134 1052 quod
1161 1009 1365 1052 privilegium
1397 1009 1455 1041 sori
1489 1009 1609 1042 nemini
1636 1019 1789 1052 quorum-

1050 1073 1185 1106 cumque
1211 1062 1488 1106 privilegiatorum
1514 1062 1700 1095 huiusmodi
1727 1068 1790 1095 tam

1049 1116 1081 1148 in
1108 1116 1191 1149 Urbe
1217 1127 1313 1159 quam
1346 1116 1378 1148 in
1412 1116 1537 1159 reliquo
1571 1116 1659 1148 Statu
1684 1116 1791 1148 Eccle-

1049 1168 1176 1201 siastico
1209 1168 1383 1211 praedictis
1417 1168 1621 1211 (officialibus
1656 1168 1789 1211 aliisque

1049 1221 1260 1264 privilegiatis
1293 1232 1309 1253 a
1334 1221 1588 1263 Congregatione
1622 1231 1682 1264 pro
1715 1227 1792 1253 tem-

1049 1285 1128 1317 pore
1154 1274 1362 1306 existentium
1388 1274 1532 1306 eiusdem
1559 1273 1589 1306 S.
1608 1273 1695 1306 RE.
1723 1284 1791 1306 car-

1050 1327 1206 1360 dinalium
1232 1332 1344 1360 contra
1375 1327 1568 1360 haereticam
1602 1327 1791 1370 pravitatem

1050 1381 1252 1423 generalium
1290 1379 1542 1423 inquisitorum,
1568 1391 1603 1413 ac
1633 1380 1790 1413 ministris

1049 1433 1242 1467 necessariis
1274 1438 1345 1466 actu
1383 1433 1632 1466 inservientibus
1669 1433 1792 1466 archic-

1050 1488 1204 1532 piscopis,
1237 1487 1401 1531 episcopis
1435 1498 1470 1520 ac
1501 1488 1678 1521 Ordinariis
1702 1498 1792 1531 prae-

1052 1541 1155 1582 dictis,
1173 1551 1351 1584 eorumque
1370 1541 1480 1581 curiis,
1499 1541 1662 1573 dumtaxat
1682 1551 1791 1584 excep-

1052 1595 1110 1637 tis)
1128 1606 1187 1637 pro
1211 1595 1344 1627 crimine
1371 1595 1539 1627 homicidii
1559 1594 1788 1637 suffragentur,

1052 1647 1107 1680 sed
1132 1647 1207 1680 dicti
1234 1647 1438 1690 pr1vilegiati,
1464 1653 1623 1691 quatenus
1648 1647 1790 1680 clericali

1051 1701 1235 1733 charactere
1272 1700 1437 1743 insigniti,
1478 1700 1731 1741 ecclesiasticae,
1760 1704 1792 1733 et

1050 1760 1208 1797 quatenus
1237 1754 1308 1787 laici
1343 1754 1482 1793 suerint,
1517 1755 1672 1787 saeculari
1700 1753 1791 1786 iuris-

1051 1807 1182 1840 dictioni
1219 1807 1418 1840 subiaceant.
1452 1807 1661 1840 Reservantes
1697 1808 1789 1840 nobis

1052 1862 1232 1894 facultatem
1259 1860 1442 1893 declarandi
1477 1861 1609 1904 quinam
1645 1866 1789 1904 quotque

1050 1925 1118 1948 esse
1151 1915 1291 1947 debeant
1322 1914 1389 1946 veri
1421 1914 1594 1947 familiares
1630 1914 1790 1946 dictorum

1050 1968 1389 2011 archiepiscoportun,
1417 1967 1642 2010 episcoporum
1673 1972 1705 1999 et
1733 1966 1790 1999 Or-

1050 2021 1262 2061 dinariorum,
1278 2031 1313 2052 ac
1331 2020 1484 2053 officiales
1503 2020 1675 2053 necessarii
1694 2019 1789 2052 curiis

1049 2073 1284 2114 ecclesiasticis,
1306 2083 1417 2106 verum
1435 2079 1466 2106 et
1483 2073 1605 2106 actuale
1624 2072 1788 2106 servitium

1048 2133 1261 2170 praestantes.

1093 2181 1107 2224 ἓ
1132 2180 1164 2214 3.
1197 2196 1210 2211 u
1235 2179 1403 2223 Insuper‘2,
1431 2181 1504 2224 quia
1530 2191 1565 2213 ex
1593 2180 1657 2214 illis
1682 2180 1787 2221 etiam,
1814 2191 1901 2221 statuta
1918 2191 1983 2223 forma

1050 2234 1103 2277 qui
1122 2234 1152 2266 in
1173 2239 1292 2266 sortem
1308 2233 1431 2266 Domini
1451 2234 1550 2267 vocati
1570 2240 1651 2273 sunt,
1668 2234 1788 2277 quique
1800 2219 1983 2267 i1i¹¹¹13i²e³i¹1vci>¹ff⁰d¹

1049 2287 1120 2319 aliis
1144 2287 1445 2329 irreprehensibilis
1470 2293 1501 2319 et
1521 2287 1559 2319 ab
1584 2287 1672 2319 omni
1695 2289 1789 2330 culpa

1049 2346 1081 2372 et
1106 2340 1228 2373 macula
1258 2340 1410 2372 immunis
1447 2340 1529 2372 vitae
1566 2351 1601 2373 ac
1636 2340 1787 2373 virtutum

1049 2394 1195 2436 exemplo
1220 2394 1408 2436 praelucere
1436 2393 1601 2432 deberent,
1628 2393 1726 2436 aliqui
1747 2394 1790 2425 in-

1049 2449 1175 2480 terdum
1199 2448 1406 2491 reperiuntur
1431 2448 1511 2480 adeo
1548 2458 1623 2480 suae
1655 2447 1789 2480 vocatio-

1049 2501 1098 2533 nis
1123 2501 1343 2541 immemores,
1369 2506 1419 2540 ut,
1446 2500 1632 2543 impellente
1657 2501 1788 2534 humani

1085 2573 1094 2598 1
1118 2571 1179 2598 Vid.
1201 2571 1266 2598 ibid.
1289 2572 1301 2605 5
1323 2571 1338 2597 8
1359 2579 1419 2606 pag.
1440 2570 1474 2597 32
1495 2571 1509 2597 b
1530 2571 1568 2606 (tt.
1586 2573 1635 2604 Τ.).

1083 2617 1098 2643 2
1119 2616 1167 2643 vid
1199 2616 1265 2643 ibid.
1288 2617 1299 2651 g
1319 2615 1335 2642 9
1352 2624 1412 2651 pag.
1434 2615 1467 2643 33
1487 2625 1503 2642 a
1525 2617 1563 2651 (tt.
1579 2619 1628 2650 Τ.),
