2232 3178
24 219 69 246 An.
84 217 114 244 C.
135 215 200 243 1737

43 1497 183 1519 Prooemium.

830 215 970 241 CLEMENS

211 265 232 494 -t-t-t-t--t-

290 507 357 535 Loco
379 507 396 542 †
414 505 534 545 plumbi.

407 549 451 588 Ἀ.
479 556 568 588 card.
597 556 818 599 prod-atatim.

417 609 476 642 Pro
502 609 634 642 domino
661 610 749 642 card.
778 610 935 643 Omvssnio

504 663 686 697 0111511Νο5
712 664 850 697 Animus.

285 716 350 744 Visa
371 715 403 743 de
426 716 532 744 Curia:

607 757 642 790 N.
669 758 893 791 ANTONELLcs.

610 811 632 843 l.
661 810 696 843 B.
728 811 901 845 Erasmus.

280 864 347 898 Rog.
371 864 397 891 in
418 863 519 891 Secret.
542 864 679 892 Brevium.

537 1007 621 1042 CCV.

208 1088 313 1121 Beata
339 1088 524 1123 Camarina
552 1088 664 1121 Flisca
696 1088 839 1122 Adurna
869 1098 949 1121 san-

253 1147 377 1174 ctarum
404 1141 583 1174 viduarzmz
608 1142 679 1174 albo
698 1141 950 1183 adnumeratur,

252 1193 422 1237 desiqnatci
439 1194 480 1227 ad
496 1195 565 1226 eius
581 1195 789 1237 festivitatem
803 1205 952 1227 annuam.

251 1248 469 1291 peraqcndam
493 1248 546 1280 die
571 1259 609 1280 xv
633 1249 835 1292 septembris.

410 1329 545 1356 Clemens
574 1329 748 1363 episcopus,

391 1381 499 1401 servus
529 1381 686 1401 servorum
711 1374 774 1407 Dei,

330 1419 367 1446 ad
387 1421 566 1453 perpetuam
587 1419 632 1446 rei
653 1418 827 1446 memoriam

252 1490 267 1534 ‘g'
292 1489 324 1523 1.
350 1490 477 1524 Gaudet
513 1495 544 1523 et
578 1491 700 1524 exultat
725 1490 871 1523 Romana
895 1490 952 1524 Ca-

209 1544 330 1577 tholica
353 1543 496 1577 Ecclesia
533 1554 665 1577 suorum
701 1543 842 1577 tiliorum
868 1544 951 1576 laeta

208 1597 360 1638 victoriis,
379 1597 446 1640 qui,
473 1597 544 1630 telis
571 1597 701 1640 quidem
728 1596 950 1630 saecularibus

209 1650 298 1690 nudi,
325 1650 381 1683 sed
408 1650 514 1683 divina
540 1650 656 1683 virtute
683 1650 812 1691 armati,
839 1650 952 1683 adver-

209 1715 264 1736 sus
290 1703 487 1737 blandientis
513 1703 624 1736 mundi
650 1703 795 1745 insidias,
822 1704 872 1737 vel
891 1703 951 1736 sre-

208 1757 328 1790 mentis
366 1757 535 1790 infernalis
572 1757 674 1790 1105115
711 1757 866 1801 impetus,
900 1759 950 1791 vel

209 1810 424 1844 saecularium
447 1811 612 1844 turbinum
631 1811 744 1852 minas,
762 1822 818 1855 spe
835 1811 951 1851 vivida,

207 1870 316 1898 mente
343 1865 542 1908 incorrupta,
567 1865 727 1898 constanti
747 1865 820 1906 side,
846 1865 951 1898 chari-

208 1923 273 1952 tate
310 1918 461 1958 ferventi,
487 1919 586 1952 sortes
612 1924 643 1952 ct
667 1919 798 1952 stabiles
824 1919 857 1952 in
882 1919 949 1953 acie

206 1977 373 2013 steterunt,
399 1977 431 2005 et
446 1972 568 2006 bonum
588 1977 764 2014 certamen,
785 1977 948 2007 certamen

207 2026 367 2066 caeleste,
395 2031 560 2059 certamen
595 2025 760 2069 spiritale,
786 2026 949 2070 praelium

207 2077 325 2111 Christi
351 2079 580 2121 decertarunt,
606 2079 784 2122 gloriosum
817 2090 948 2113 cursum

207 2137 454 2171 consumcrunt‚
468 2132 775 2166 immarcescibilem
791 2143 947 2166 coronam

207 2185 247 2217 de
273 2195 368 2218 manu
392 2185 448 2217 Dei
474 2191 674 2218 meruerunt.
701 2186 865 2219 Gloriatur
890 2187 948 2229 igi-

207 2243 278 2279 tur,
305 2244 335 2271 et
360 2239 475 2272 merito
502 2239 660 2282 gloriatur
684 2240 737 2283 pia
763 2245 864 2273 mater
889 2240 947 2274 Ec-

207 2292 307 2325 clesia
332 2292 521 2326 fortitudine
547 2299 736 2337 martyrum,
763 2295 948 2328 constantia

205 2344 461 2388 poenitentium,
486 2345 652 2379 viduarum
678 2346 818 2389 pietate,
846 2348 944 2380 casti-

206 2403 271 2431 tate
295 2397 467 2442 virginum,
490 2404 521 2433 et
546 2399 662 2433 ceteris
679 2401 857 2444 praeclaris
875 2412 946 2435 suo-

206 2461 277 2484 rum
303 2452 448 2485 fidelium
474 2452 662 2494 virtutibus;
686 2455 751 2497 qui,
778 2460 946 2499 spectacu-

205 2505 272 2537 lum
298 2505 371 2538 sacti
397 2505 517 2539 mundo
542 2511 573 2539 et
597 2507 722 2550 angelis
747 2513 779 2541 et
803 2509 946 2542 homini-

205 2557 285 2598 bus,
321 2558 494 2593 militantes
528 2560 655 2594 sortiter
690 2566 721 2594 et
757 2567 944 2596 constanter

206 2611 406 2654 dimicantes,
430 2612 461 2646 in
485 2622 519 2647 se
544 2612 624 2657 ipsis
649 2614 868 2650 exbibuerunt
892 2627 943 2651 su-

997 217 1041 241 xit
1065 217 1116 241 rr.

1000 276 1123 308 pernae
1151 266 1303 309 prodigia
1329 267 1465 300 virtutis.
1494 267 1622 299 Infirma
1659 268 1745 300 enim

999 318 1110 351 mundi
1129 319 1228 362 elegit
1245 319 1329 353 Deus
1354 324 1389 352 ut
1413 319 1589 353 confundat
1616 320 1710 352 fortia
1725 319 1745 359 ¹,

999 377 1031 404 et
1055 382 1091 404 ea
1117 383 1198 415 quae
1224 383 1288 406 non
1316 379 1406 413 sunt,
1433 379 1469 406 ut
1493 383 1530 406 ea
1555 384 1636 417 quae
1671 378 1745 406 sunt

999 424 1194 458 destrueret.
1221 425 1434 470 Omnipotens
1461 427 1546 460 enim
1567 427 1621 459 Dei
1641 426 1741 459 virtus

1000 477 1030 509 in
1057 488 1225 512 servorum
1252 480 1436 513 infirmitate
1462 481 1619 521 clarescit,
1647 486 1679 513 et
1696 491 1744 513 su·

998 541 1118 573 pernae
1145 532 1342 574 dignationis
1363 534 1530 577 splendor,
1548 545 1612 578 quo
1633 545 1743 567 servos

999 593 1072 616 51105
1104 584 1261 626 illustrat,
1288 586 1319 618 in
1357 586 1522 620 Ecclesiae
1562 587 1743 620 refunditur

999 635 1180 677 honorem,
1213 649 1296 681 quac
1331 639 1406 672 illos
1442 641 1576 673 salutari
1613 641 1740 673 lavacro

997 689 1191 732 spiritaliter
1205 693 1344 734 peperit,
1364 693 1533 726 doctrinae
1553 694 1635 726 lacte
1651 693 1739 733 aluit,

998 753 1160 776 sacrarum
1171 744 1405 787 scripturarum
1416 746 1580 779 roboravit
1590 746 1742 790 eloquiis,

997 797 1212 830 sacramentis
1239 798 1376 830 armavit
1402 799 1441 831 ad
1459 810 1614 842 pugnam,
1635 800 1742 832 borta-

997 849 1115 882 mentis
1130 851 1282 893 perduxit
1299 851 1337 884 ad
1358 861 1522 885 coronam.
1539 852 1662 896 Itaque,
1677 863 1740 895 quo

997 901 1204 937 inimicorum
1231 903 1333 937 maior
1359 909 1407 938 est
1434 905 1588 948 impetus,
1614 906 1741 939 saevior

996 965 1117 998 pugna,
1145 956 1275 999 longius
1294 962 1468 998 certamen,
1488 959 1664 1002 pugnantis
1685 970 1740 992 au-

999 1014 1060 1042 tem
1087 1009 1247 1044 infirmior
1272 1017 1378 1053 aetas,
1405 1023 1498 1046 sexus
1525 1012 1738 1052 imbecillior,

996 1073 1034 1096 eo
1060 1063 1163 1106 magis
1188 1064 1304 1097 crescit
1338 1065 1497 1098 vincentis
1529 1066 1680 1099 meritum
1710 1072 1740 1099 et

996 1115 1087 1156 laus,
1125 1122 1156 1149 ct
1182 1117 1422 1151 amantissimae
1449 1119 1558 1152 matris
1585 1119 1738 1162 gaudium

996 1175 1027 1201 et
1067 1170 1171 1212 gloria
1190 1196 1197 1210 ‚
1239 1182 1322 1214 quae
1364 1177 1550 1205 sanctorum
1590 1174 1739 1206 recolens

997 1222 1199 1266 triu1nplioS‚
1227 1234 1340 1257 eorum
1375 1225 1555 1258 exhilarata
1588 1226 1738 1259 laudibus

995 1280 1026 1308 ct
1052 1277 1178 1318 potenti
1205 1277 1326 1310 conlisa
1353 1279 1543 1321 patrocinio,
1569 1279 1736 1322 quotidia—

995 1339 1070 1369 nas,
1098 1341 1176 1373 quas
1202 1331 1241 1363 ab
1268 1330 1402 1374 ingratis
1428 1332 1546 1375 accipit
1570 1332 1662 1373 filiis,
1692 1342 1741 1364 so-

994 1383 1078 1431 latur
1104 1384 1252 1425 iniurias,
1281 1390 1312 1418 et
1337 1385 1483 1418 assiduas
1508 1386 1664 1429 abstergit
1690 1387 1737 1419 la-

994 1447 1127 1480 crymas‚
1156 1438 1272 1481 quibus
1299 1439 1409 1472 funera
1434 1440 1560 1482 plangit
1580 1445 1611 1473 et
1629 1440 1739 1473 ruinas

994 1490 1222 1533 plurimorum.
1251 1492 1446 1525 Benedictus
1471 1493 1569 1533 Deus,
1596 1493 1650 1537 qui
1673 1504 1737 1527 non

994 1543 1140 1576 continet
1172 1545 1203 1577 in
1238 1545 1286 1577 ira
1312 1545 1557 1579 misericordias
1583 1557 1680 1586 suas,
1707 1553 1738 1580 et

993 1596 1168 1630 Ecclesiam
1195 1608 1284 1630 suam
1307 1598 1450 1642 quotidie
1469 1609 1534 1632 non
1554 1599 1675 1632 desinit
1693 1600 1739 1633 di-

994 1649 1086 1683 vinae
1113 1650 1235 1693 gratiae
1261 1651 1418 1694 prodigiis
1444 1657 1476 1684 ct
1497 1652 1648 1694 gloriosis
1669 1663 1738 1686 san-

994 1709 1122 1736 ctorum
1148 1703 1291 1737 victoriis
1311 1704 1484 1738 consolari.
1506 1704 1604 1738 Cuius
1624 1716 1738 1739 conso-

994 1757 1124 1790 lationis
1150 1768 1218 1798 nos,
1247 1769 1328 1801 quos
1355 1758 1454 1791 nullis
1474 1759 1594 1792 nostris
1612 1760 1737 1793 meritis

993 1811 1183 1844 universalis
1202 1811 1368 1844 Ecclesiae
1388 1812 1536 1854 regimini
1559 1812 1736 1856 praeficere

994 1865 1146 1907 dignatus
1174 1871 1242 1905 est,
1270 1865 1354 1898 inter
1380 1866 1528 1900 assiduos
1553 1867 1738 1900 tribulatio-

993 1929 1069 1951 num
1094 1924 1125 1951 et
1143 1919 1373 1952 adversitatum
1392 1920 1517 1961 fluetus,
1539 1920 1655 1964 quibus
1677 1931 1736 1964 pro

992 1972 1134 2015 peccatis
1160 1973 1278 2006 nostris
1303 1973 1444 2016 graviter
1469 1985 1635 2015 vexamur,
1663 1985 1736 2018 par-

994 2025 1108 2069 ticipes
1146 2036 1216 2059 esse
1250 2027 1353 2060 voluit
1385 2027 1417 2059 in
1443 2028 1541 2060 Beata
1566 2028 1738 2061 Catharina

992 2079 1179 2121 Genuensi‚
1205 2091 1289 2124 quae
1317 2081 1407 2114 sortis
1434 2081 1490 2114 illa
1515 2081 1632 2115 mulier
1657 2081 1735 2122 suit,

992 2144 1088 2177 quam
1109 2133 1240 2167 inventu
1262 2134 1426 2168 difficilem
1445 2134 1612 2178 Scriptura
1627 2135 1735 2176 edixit,

992 2193 1023 2220 01
1048 2187 1139 2220 0111115
1171 2188 1346 2221 constantis
1373 2188 1470 2221 animi
1498 2188 1732 2230 fortitudinem,

991 2241 1183 2274 caelestibus
1209 2242 1336 2274 auxiliis
1363 2243 1575 2283 roboratam,
1602 2253 1662 2276 nec
1688 2243 1735 2274 in-

991 2294 1123 2328 fernalis
1149 2295 1252 2328 hostis
1277 2295 1439 2339 impetus,
1465 2307 1524 2329 1100
1557 2297 1734 2329 multarunt

992 2347 1237 2381 tribulationum
1263 2348 1422 2392 impulsus
1449 2355 1584 2392 quatere
1611 2350 1733 2392 potuit,

990 2406 1022 2434 ct
1046 2401 1086 2434 ab
1112 2402 1168 2435 illo
1195 2407 1351 2444 avertere,
1374 2403 1461 2446 quod
1481 2402 1511 2435 in
1533 2402 1732 2436 sublimitate

989 2455 1107 2488 mentis
1133 2466 1210 2489 suae
1236 2455 1392 2488 altissime
1419 2461 1632 2499 conceperat,
1657 2466 1734 2499 pron

988 2509 1095 2553 posito
1121 2509 1314 2543 sanctitatis.

1025 2582 1035 2608 1
1060 2580 1131 2608 Edit.
1154 2580 1222 2608 Main
1243 2580 1326 2608 habet
1344 2580 1487 2616 sortiorc1;
1509 2583 1534 2608 at
1554 2581 1582 2608 in
1602 2582 1680 2617 epist.
1706 2584 1733 2609 11

986 2626 1023 2654 acl
1045 2625 1190 2661 Corinth„
1209 2634 1268 2661 cap.
1287 2633 1312 2657 1,
1334 2625 1379 2660 27,
1396 2625 1494 2661 legitur
1514 2626 1605 2661 fortia
1627 2628 1666 2663 (n.
1684 2635 1730 2662 1.),

1645 209 1703 243 62111
1755 218 1808 245 An.
1825 219 1855 246 c.
1875 219 1940 247 1131
