2232 3178
261 243 353 272 Amo.
377 243 443 271 ¹738
490 235 554 269 412

452 292 581 330 collegiis
613 295 746 321 cantetur
774 289 945 320 solemniter
976 288 1055 319 sati-e
1084 288 1189 326 Rvyina

452 340 579 370 sabbatis
602 340 688 370 totius
711 339 801 376 anni,
832 342 859 368 et
887 337 989 367 diebus
1017 337 1190 376 vespertinis
1211 350 1214 367 t

453 389 639 418 festivitatum
667 388 697 417 B.
728 387 834 416 Mariae
862 386 990 424 Virginis
1019 388 1046 414 et
1074 384 1190 414 Ordinis

453 437 551 466 simul.
575 436 627 471 Qui
651 445 718 465 vero
740 435 802 464 sine
823 434 944 463 licentia
967 433 1060 462 dictae
1082 433 1189 461 missae

454 485 499 514 vel
531 484 707 522 antiphonae
735 492 793 512 non
820 482 1008 517 interfuerit,
1034 480 1127 511 'semel
1161 481 1189 510 in

454 534 533 562 terra
554 531 688 562 comedat
710 531 774 560 sine
797 531 914 570 capitio.

647 615 794 639 REGULAE
821 615 920 638 CAPUT
943 616 995 639 XV.

592 669 698 688 retur-ient
713 670 739 687 ab
754 669 828 688 idibus
842 669 989 692 septembris.
1006 669 1044 687 eto

603 730 702 760 Capi-T
727 738 773 759 xv.
800 746 834 751 —
859 729 898 759 De
921 729 1045 758 icium'is.

494 810 513 830 1.
538 800 656 830 Praeter
681 800 789 830 ieiunia
813 800 841 829 in
865 800 964 837 regula
988 800 1088 829 nostra
1112 809 1193 838 prae-

455 854 547 888 cepta,
572 849 702 878 ieiunent
725 849 812 878 etiam
836 848 964 886 religiosi
987 848 1078 877 nostri
1102 848 1194 877 omni-

455 897 508 927 bus
532 898 611 928 seriis
633 897 725 927 sextis
748 897 838 927 totius
860 897 942 935 anni,
962 897 1117 927 necnonin
1134 897 1194 926 die-

455 947 508 976 bus
531 947 706 986 vespertinis
729 948 780 975 SS.
804 946 983 976 Sacramenti
999 970 1006 983 ‚
1031 946 1062 975 B.
1086 945 1193 975 Mariae

455 995 604 1034 Virginis,
629 1000 657 1025 et
690 998 857 1025 sanctoruni
888 995 1119 1034 patriarcharum
1143 1003 1194 1024 no-

456 1050 580 1074 strorum
604 1044 720 1074 loannis
734 1048 761 1074 et
774 1044 889 1081 Felicis,
908 1054 939 1073 ac
956 1044 984 1073 in
1001 1044 1046 1073 die
1062 1043 1091 1074 S.
1106 1043 1193 1073 Marci

455 1093 667 1131 Evangelistae,
686 1097 713 1123 et
729 1093 801 1122 seria
813 1102 842 1129 11,
860 1102 900 1129 nt,
918 1102 945 1122 lv
968 1093 1136 1122 immediata
1159 1093 1193 1121 ad

455 1144 558 1173 festum
594 1142 781 1172 Ascensionis
803 1142 940 1178 Domini,
965 1141 1021 1171 nisi
1054 1142 1193 1171 solemnis

455 1191 595 1221 festivitas
636 1191 841 1220 intervenerit.
876 1190 930 1219 Per
963 1190 1109 1219 solemnes
1143 1199 1194 1218 au-

455 1243 512 1268 tem
542 1238 733 1276 intelligimus
766 1239 938 1268 festivitates
960 1237 1052 1268 nostri
1075 1238 1193 1267 Ordinis

455 1287 554 1325 (inter
580 1296 653 1326 quae
676 1288 779 1317 festum
804 1287 931 1316 titularis
954 1286 1079 1315 familiae
1103 1286 1130 1315 in
1156 1286 1194 1314 t'a-

455 1336 562 1374 milia,
588 1336 755 1375 provinciae
778 1336 807 1365 in
831 1336 1007 1375 provincia,
1032 1340 1060 1364 ct
1091 1335 1193 1365 domus

455 1385 485 1414 in
501 1385 623 1423 domo),
639 1385 710 1414 festa
727 1385 758 1414 B.
779 1385 907 1422 Virginis
926 1385 1044 1421 lllariae,
1068 1388 1096 1414 et
1119 1393 1193 1423 quae

455 1434 491 1463 ad
514 1434 670 1464 colendum
694 1434 937 1474 pronunciantur.
957 1433 1101 1463 Ieiunium
1127 1442 1194 1462 vero

454 1482 543 1512 seriae
573 1487 672 1512 sextae
704 1483 824 1512 maioris
856 1482 1052 1512 hebdomadae
1085 1482 1141 1512 erit
1163 1482 1193 1511 in

455 1539 527 1569 pane
549 1535 577 1560 et
600 1532 675 1570 aqua
697 1535 822 1561 tantum.

494 1589 524 1609 n.
549 1579 580 1609 ln
603 1580 721 1609 ieiuniis
743 1579 889 1610 Ecclesiae
920 1588 972 1619 pro
1000 1579 1129 1609 serotina
1150 1588 1195 1608 re-

456 1629 617 1658 setiuncula
650 1629 834 1658 ministretur
869 1628 1025 1658 frustulum
1058 1628 1142 1667 panis
1168 1632 1196 1657 et

455 1686 573 1717 pomum
596 1677 725 1716 aliquod,
744 1677 788 1707 vel
811 1677 880 1716 quid
903 1676 1011 1706 simile.
1029 1676 1059 1706 In
1076 1676 1195 1706 ieiuniis

455 1735 524 1756 vero
549 1725 666 1756 Ordinis
689 1735 754 1755 cum
778 1735 851 1765 pane
873 1725 1012 1754 nonnulla
1037 1723 1196 1764 praebean-

455 1777 514 1811 tur,
538 1778 570 1804 ut
593 1774 682 1804 moris
704 1778 759 1812 est,
783 1774 822 1804 ita
845 1778 876 1804 ut
898 1773 990 1804 forma
1013 1772 1114 1803 ieiunii
1137 1782 1194 1802 non

455 1822 624 1853 excedatur.

647 1903 795 1927 REGULAE
816 1902 916 1927 CAPUT
941 1904 1004 1926 XVI.

468 1958 578 1977 carnibus
592 1958 656 1977 vesei
670 1958 741 1977 liceat.
755 1958 845 1976 tantum
859 1958 882 1975 in
896 1957 1016 1976 dominicis
1031 1956 1118 1978 diebus.
1135 1957 1181 1975 etc.

480 2021 580 2050 CAPUT
604 2029 661 2051 xx't.
685 2037 724 2042 —
746 2019 784 2049 De
806 2019 971 2049 abstinentia
993 2029 1009 2048 a
1030 2019 1169 2049 carnibus.

495 2101 514 2122 t.
538 2091 568 2122 Si
591 2091 656 2131 quis
684 2091 860 2130 religiosus,
884 2091 993 2130 absque
1025 2090 1146 2120 licentia
1168 2094 1195 2119 et

456 2141 555 2178 causa,
572 2140 602 2170 in
620 2139 723 2169 diebus
746 2149 797 2179 per
823 2140 954 2178 regulam
976 2143 1107 2169 nostram
1130 2147 1196 2177 pro-

455 2187 557 2218 hibitis
579 2187 609 2217 id
630 2187 744 2217 ederit¹
774 2188 850 2227 quod
873 2187 1003 2217 Ecclesia
1027 2187 1056 2217 in
1076 2187 1121 2216 die
1148 2195 1195 2216 ve-

455 2237 537 2267 neris
559 2237 728 2266 manducari
758 2236 910 2276 prohibet,
936 2246 987 2275 pro
1016 2236 1109 2275 prima
1131 2235 1194 2265 vice

455 2285 568 2316 ieiunet
591 2285 680 2315 semel
703 2285 732 2315 in
757 2294 830 2324 pane
846 2289 874 2314 et
896 2286 969 2323 aqua
992 2288 1118 2322 tantum,
1142 2294 1193 2323 pro

455 2333 588 2364 secunda
602 2343 671 2364 vero
694 2333 868 2363 circularem
885 2333 1007 2372 recipiat
1022 2333 1193 2371 flagellatio-

455 2392 534 2413 nem.
559 2382 640 2418 Quod
663 2382 687 2412 si
710 2381 797 2412 suerit
823 2382 992 2421 praelatuS,
1020 2390 1118 2411 severe
1141 2390 1192 2420 pu-

454 2431 557 2461 niatur
585 2431 620 2461 ad
649 2430 804 2460 arbitrium
838 2430 883 2460 sui
915 2430 1096 2470 superiori53
1121 2430 1194 2460 etsi

454 2480 615 2510 comederit
646 2488 745 2510 coram
774 2478 996 2517 saecularibus,
1020 2487 1071 2518 per
1093 2478 1193 2508 decem

454 2529 516 2560 dies
548 2528 685 2559 exercitia
721 2528 806 2558 saciat
842 2527 1018 2568 spiritualia.
1055 2527 1194 2567 Superior

454 2578 536 2616 item,
553 2577 681 2618 quisine
709 2576 882 2608 necessitate
906 2576 1073 2616 praebuerit
1094 2576 1193 2606 darive

490 2634 501 2659 t
525 2631 595 2659 Edit.
612 2631 694 2660 Main.
712 2631 776 2667 legit
790 2631 915 2659 ediderit
930 2637 978 2666 pro
993 2630 1086 2659 ederit
1099 2630 1191 2666 (thr.)-

1036 239 1219 264 BULLARIUM
1241 237 1399 262 ROMANUM

1235 286 1401 324 permiserit
1422 295 1525 315 carnes
1542 285 1593 315 toti
1617 293 1773 322 magnaeve
1796 284 1871 323 parti
1891 292 1969 313 com-

1235 335 1386 364 munitatis
1401 359 1408 373 ,
1432 334 1629 374 suspendatur
1651 333 1686 363 ab
1709 333 1803 363 officio
1826 342 1878 373 per
1899 332 1971 362 duos

1235 393 1360 413 menses.

1275 441 1304 461 n.
1329 432 1371 461 Ad
1396 431 1535 461 {naiorem
1570 441 1636 461 vero
1669 430 1882 461 observantiam
1907 439 1973 459 san—

1212 472 1214 495 ¹
1235 484 1299 510 ctae
1322 484 1437 509 nostrae
1461 480 1590 517 regulae,
1609 479 1805 519 praecipimus
1819 479 1848 508 in
1866 478 1972 508 virtute

1236 533 1354 558 sanctae
1376 528 1560 558 obedientiae
1583 527 1718 557 omnibus
1734 532 1762 557 et
1783 527 1907 565 singulis
1923 536 1974 556 no-

1236 579 1305 608 stris
1327 578 1493 616 religiosis,
1518 587 1554 607 ne
1584 577 1737 607 comedant
1763 581 1844 606 extra
1873 576 1973 606 domos

1238 630 1353 656 nostrae
1375 626 1527 664 religionis
1543 626 1572 655 in
1596 626 1667 655 locis
1689 625 1845 665 prohibitis
1861 634 1911 664 per
1929 633 1974 654 re-

1236 676 1354 713 gulam,
1379 685 1431 704 nec
1453 684 1555 704 carnes
1584 674 1738 704 comedant
1766 678 1845 703 extra
1869 673 1974 703 domos

1236 728 1352 753 nostrae
1385 723 1534 761 religionis
1558 722 1586 752 in
1609 722 1713 752 diebus
1742 721 1897 761 prohibitis
1920 729 1974 760 per

1236 772 1337 809 illam,
1363 771 1474 810 absque
1509 771 1624 800 licentia
1649 770 1771 809 praelati
1800 769 1870 808 sui,
1895 769 1973 798 iuxta

1237 824 1367 849 tenorem
1392 819 1510 857 regulae
1528 819 1630 858 ipsius.
1655 819 1735 854 Quod
1753 823 1849 848 autem
1866 818 1975 848 dicitur

1236 868 1264 897 in
1289 868 1401 906 regula,
1418 878 1480 906 cap.
1499 877 1544 897 xix
1569 868 1728 907 incipiente
1754 867 1783 896 In
1806 867 1973 902 civilatibus,

1237 915 1263 943 in
1289 915 1382 948 villis,
1407 916 1465 943 sie-a
1495 914 1634 952 castellis,
1661 914 1842 952 intelligatur
1872 913 1975 943 domus

1237 962 1265 991 in
1289 963 1405 1001 oppido,
1430 962 1534 991 villare
1557 967 1605 991 aut
1627 962 1761 999 civitate,
1786 961 1901 1000 quando
1925 969 1975 1000 per

1237 1011 1316 1040 tuille
1340 1020 1440 1049 passus
1463 1020 1519 1039 non
1543 1010 1629 1039 distat
1647 1010 1682 1039 ab
1704 1011 1764 1047 eis,
1781 1010 1804 1040 si
1827 1014 1922 1039 autem
1939 1009 1976 1039 sit

1236 1063 1316 1089 extra
1342 1059 1564 1098 praedefinitum
1589 1059 1727 1098 spatium,
1751 1068 1808 1088 non
1831 1059 1886 1088 erit
1907 1067 1976 1088 con-

1238 1112 1279 1138 tra
1304 1112 1488 1146 praeceptum
1523 1117 1575 1136 nec
1606 1107 1699 1137 adhuc
1734 1107 1810 1137 vesci
1838 1107 1975 1136 carnibus

1237 1157 1265 1186 in
1283 1156 1385 1186 diebus
1402 1156 1556 1195 prohibitis
1573 1166 1623 1195 per
1640 1156 1786 1194 regulam,
1806 1155 1977 1195 praehabita

1237 1205 1355 1234 licentia,
1378 1205 1509 1244 praelati.
1534 1204 1562 1234 Si
1585 1205 1690 1244 aliquis
1721 1205 1749 1234 in
1773 1205 1907 1235 morbum
1932 1204 1978 1234 in-

1237 1254 1339 1283 ciderit
1368 1254 1564 1283 sufficientem
1597 1259 1628 1283 ut
1663 1253 1801 1283 carnibus
1834 1253 1912 1283 vesci
1944 1253 1977 1283 li-

1237 1307 1300 1332 ceat
1322 1303 1347 1331 ei
1371 1303 1400 1332 in
1423 1303 1469 1332 die
1500 1303 1636 1340 veneris,
1660 1302 1830 1342 distansque
1852 1303 1939 1332 suerit
1961 1311 1976 1331 a

1237 1356 1408 1390 conventu,
1432 1352 1505 1380 itaut
1528 1361 1584 1380 non
1617 1351 1707 1390 possit
1738 1351 1822 1380 facile
1843 1350 1976 1381 obtinere

1237 1400 1384 1430 licentiam
1405 1410 1418 1430 a
1436 1401 1576 1439 praelato,
1592 1401 1633 1430 eis
1650 1400 1727 1430 vesci
1745 1401 1853 1440 poterit
1869 1400 1976 1430 virtute

1238 1449 1322 1479 huius
1345 1449 1573 1479 constitutionis.

1277 1508 1318 1528 111.
1343 1498 1445 1528 Nullus
1461 1499 1627 1537 religiosus,
1644 1499 1777 1538 quamvis
1800 1498 1975 1528 imbecillem

1239 1547 1343 1577 habeat
1370 1547 1565 1577 valetudinem
1599 1552 1627 1576 et
1654 1548 1820 1586 frequentes
1849 1547 1977 1586 indispo-

1239 1595 1373 1633 sitioues,
1393 1604 1509 1624 carnem
1526 1595 1668 1632 comedat,
1686 1596 1730 1625 vel
1752 1596 1841 1625 linteo
1864 1599 1975 1634 utatur,

1239 1643 1348 1683 absque
1371 1644 1491 1674 licentia
1512 1644 1555 1674 sui
1580 1645 1724 1682 ministri,
1749 1645 1799 1684 qui
1822 1653 1885 1674 eam
1909 1654 1977 1674 con-

1239 1693 1332 1731 cedet,
1356 1697 1470 1723 mature
1493 1694 1637 1732 perpensa
1660 1694 1855 1731 necessitate,
1878 1697 1906 1723 et
1925 1702 1976 1733 pro

1239 1746 1370 1780 tempore
1392 1741 1557 1771 durationis
1579 1742 1670 1772 illius.

1279 1799 1318 1820 1v.
1343 1790 1466 1820 lllinistri
1490 1795 1592 1821 curent
1610 1795 1638 1821 et
1660 1791 1801 1822 charitate
1823 1792 1977 1822 hortentur

1239 1840 1410 1879 religiosos,
1434 1840 1485 1880 qui
1507 1850 1559 1880 pro
1581 1841 1696 1871 infirma
1721 1841 1887 1871 valetudine
1914 1850 1978 1871 car-

1239 1888 1325 1919 nibus
1348 1893 1519 1927 vescuntur,
1536 1893 1567 1919 ut
1584 1889 1619 1919 ab
1643 1890 1688 1920 his
1711 1899 1762 1929 pro
1783 1889 1882 1929 aliquo
1904 1892 1977 1919 tem-

1239 1947 1308 1978 pore
1325 1947 1355 1968 se
1367 1938 1544 1969 abstineant.
1559 1939 1746 1978 Experientia
1761 1947 1887 1977 namque
1899 1947 1977 1968 com-

1239 1991 1354 2027 pertum
1379 1991 1443 2025 est,
1467 1988 1655 2027 quamplures
1687 1987 1745 2017 fere
1767 1996 1782 2016 a
1805 1987 1898 2017 salute
1927 1987 1977 2017 de-

1238 2039 1383 2075 speratos,
1408 2045 1596 2075 recuperasse
1619 2036 1710 2072 illam,
1734 2036 1810 2066 vitae
1828 2035 1976 2066 communi

1237 2094 1268 2114 se
1291 2085 1528 2122 conformantes,
1553 2089 1581 2114 et
1603 2085 1632 2114 in
1656 2084 1777 2115 Domino
1801 2084 1975 2114 fiducialiter

1237 2137 1398 2172 sperantes.

1418 2208 1567 2232 REGULAE
1593 2208 1693 2232 CAPUT
1718 2208 1796 2232 xvn.

1363 2261 1454 2279 Poselnt
1469 2265 1547 2280 emere
1562 2261 1590 2279 ad
1605 2265 1670 2279 suum
1685 2261 1785 2283 victum.
1801 2262 1848 2280 ete.

1236 2311 1332 2342 CAPUT
1360 2321 1431 2342 xvn.
1454 2330 1492 2335 —
1514 2312 1553 2342 De
1581 2313 1638 2342 cibo
1664 2315 1689 2343 et
1718 2313 1829 2343 honesta
1853 2313 1975 2351 fratrum

1511 2363 1689 2392 recreatione.

1275 2437 1294 2458 1.
1319 2428 1491 2468 Superiores
1522 2428 1709 2468 suppeditent
1742 2428 1905 2459 necessaria
1939 2427 1975 2457 de

2174 157 2193 188 J,

1985 234 2033 261 An.
2049 195 2222 279 0178813*

2179 318 2180 328 i

2178 341 2180 357 t

2180 369 2181 380 t

2012 2465 2041 2485 De
2055 2435 2111 2485 gcilio
2129 2467 2164 2484 nc·

1235 2478 1314 2508 victu
1336 2478 1482 2517 religiosis
1505 2478 1588 2508 iuxta
1611 2477 1802 2516 indigentiam
1825 2478 2165 2517 ἰρεοηιηηςηοωωηιῑςω.
2210 2501 2211 2507 ,

1236 2526 1312 2565 quod
1343 2526 1367 2556 si
1400 2531 1519 2566 propter
1548 2526 1779 2565 negligentiam,
1804 2526 1848 2556 vel
1873 2526 1975 2556 domus

1238 2580 1453 2614 paupertatem,
1477 2585 1535 2606 non
1559 2576 1752 2615 provideant,
1776 2576 1879 2606 fratres
1903 2578 1975 2605 tam-

1236 2633 1322 2664 quam
1338 2625 1399 2656 veri
1415 2625 1524 2656 Christi
1540 2625 1676 2664 discipuli
1696 2625 1842 2665 patienter
1860 2624 1970 2662 serant5

1986 2523 2064 2541 surum.
