2232 3178
0 241 62 284 ,Am
80 238 110 267 G.
129 236 198 265 1738

48 1538 77 1560 De
85 1512 146 1563 §2:10⁵
149 1537 197 1558 tatis

24 1567 42 1586 ot.
56 1565 152 1590 tugitnts.

825 231 967 258 CLEMENS
993 231 1040 256 xtt
1064 232 1115 256 PP.

378 294 526 318 REGULAE
552 293 652 319 CAPUT
677 294 773 317 xxxn.

215 349 293 368 nultus
307 348 406 367 stau-um
420 348 517 367 ruti-em
531 352 598 367 unum
611 348 634 366 tn
649 348 741 370 publiea
756 347 859 367 accuset..
884 347 931 365 eto.

216 401 313 430 CAPUT
335 408 424 429 xxxtt.
445 417 483 422 --
505 399 544 429 De
564 400 653 438 poemi
676 403 770 428 contra
794 398 930 427 laedentes

447 450 551 486 firmam
574 448 703 477 aliorum.

243 520 262 540 1.
287 510 317 540 Si
339 509 406 549 quis
429 509 549 538 alterius
569 510 673 538 famam
697 508 772 548 apud
793 507 946 545 religiosos

204 558 296 588 nostri
319 557 436 588 Ordinis
459 557 595 594 laeserit,
620 561 646 586 et
669 557 820 586 convictus
844 556 944 593 suerit,

203 608 299 646 poena.
322 605 438 635 talionis
461 605 617 644 puniatur,
643 605 717 634 sicut
738 604 880 643 praecipit
903 612 947 633 re-

203 655 282 694 gula,
300 658 328 684 et
344 659 410 684 ante
425 654 520 684 omnia
538 654 642 683 famam
660 653 806 683 restituat.
830 653 859 682 Si
879 661 946 682 vero

204 708 320 734 nostrae
343 703 497 741 religionis
520 703 653 732 decorem
683 706 711 731 et
734 711 852 732 suorum
877 701 946 730 reli-

204 752 351 790 giosorum
374 751 622 781 existimationem
652 751 787 780 infamiae
811 749 875 779 labe
899 749 948 779 de-

204 800 366 839 nigraverit
401 800 477 839 apud
515 800 680 829 saeculares
716 799 759 828 vel
795 798 947 836 religiosos

205 849 325 878 alterius
347 848 486 886 Ordinis,
511 852 627 887 praeter
661 856 783 887 poenam
816 846 948 886 supradi-

205 902 292 935 ctam,
311 901 410 927 careat
434 906 502 926 voce
522 897 618 926 activa
641 905 692 935 per
715 896 895 933 triennium,
919 899 947 924 et

204 947 344 976 inhabilis
366 947 403 976 sit
425 947 459 975 ad
483 946 580 976 omnia
603 945 722 976 Ordinis
744 945 851 975 officia.

244 1004 274 1025 ιι.
292 995 321 1025 Si
338 995 403 1033 quis
423 995 527 1024 falsum
545 994 747 1023 testimonium
767 993 796 1022 in
819 1002 849 1022 re
866 992 947 1030 gravi

206 1048 307 1073 contra
340 1043 427 1072 alium
458 1043 585 1078 dixerit,
609 1047 637 1072 et
659 1042 809 1072 convictas
841 1042 946 1078 fuerit,

206 1095 322 1131 praeter
338 1100 462 1131 poenam
479 1091 608 1128 talionis,
627 1100 778 1130 nunquam
796 1091 825 1120 in
843 1094 947 1120 testem

208 1140 328 1180 produci
351 1140 455 1169 valeat.

374 1216 521 1240 REGULAE
544 1215 646 1239 CAPUT
671 1215 783 1239 xxxul.

228 1272 251 1290 εί
267 1271 318 1294 quis
332 1270 464 1289 scandalum
479 1271 517 1288 vel
531 1270 615 1292 aliquid
630 1269 760 1288 huiusmodi
774 1269 866 1290 fecerit.
882 1270 929 1288 etc.

209 1322 306 1353 CAPUT
331 1331 433 1352 xxxm.
457 1339 496 1344 —
518 1321 556 1351 De
585 1322 715 1359 apostatis
747 1325 772 1350 et
802 1321 947 1359 fugitivis,

245 1371 490 1409 incorrigibilibus,
511 1375 535 1399 et
556 1380 654 1399 manus
676 1370 809 1400 violentos
832 1371 858 1399 in
882 1370 951 1399 alios

246 1421 445 1451 iniicientibus.

248 1496 268 1517 1.
304 1487 355 1516 Ille
388 1486 569 1526 reputandus
602 1485 813 1525 habendusque
842 1490 885 1515 est
918 1490 949 1516 ut

209 1541 338 1576 apostata
362 1536 518 1575 (quantum
542 1535 574 1565 ad
600 1535 748 1575 poenam),
767 1535 817 1574 qui
840 1535 950 1574 absque

207 1586 327 1616 licentia
351 1585 534 1624 superiorum
566 1589 689 1623 vagatur
717 1588 798 1614 extra
823 1594 950 1613 conv-en

208 1639 269 1664 tum
294 1634 356 1664 sine
380 1633 493 1671 habitu,
516 1633 632 1669 habeat,
656 1633 700 1662 vel
724 1642 794 1670 non,
812 1633 951 1662 intentio-

207 1692 275 1712 nem
298 1681 442 1712 redeundi
465 1681 499 1710 ad
523 1682 671 1718 claustra,
696 1686 746 1711 aut
769 1681 855 1710 etiam
884 1690 949 1710 eum

208 1731 319 1768 habitu,
342 1730 365 1760 si
389 1739 440 1769 per
462 1734 525 1759 octo
549 1730 612 1759 dies
634 1734 717 1759 extra
740 1729 866 1759 claustra
888 1738 951 1768 per-

208 1779 362 1809 manserit.
386 1778 442 1808 lste
465 1788 533 1816 ergo
556 1779 618 1818 ipso
643 1778 715 1807 facto
733 1779 767 1807 sit
785 1787 952 1807 excommu-

208 1828 335 1862 nicatus,
355 1831 382 1856 et
401 1836 452 1866 pro
476 1827 525 1856 tali
549 1827 751 1865 promulgetur
767 1836 782 1855 ιι
799 1826 951 1865 superiore

210 1886 307 1906 coram
330 1876 552 1906 communitate.
576 1875 647 1905 Item
664 1875 714 1914 qui
731 1875 766 1904 de
788 1879 872 1904 nocte
889 1874 952 1904 sine

210 1925 330 1955 licentia
353 1934 367 1954 e
391 1929 537 1954 conventu
553 1925 673 1960 exierit,
690 1924 790 1954 eodem
812 1924 896 1952 modo
915 1923 952 1952 sit

210 1973 494 2008 excommunicatus,
515 1977 542 2002 et
558 1973 636 2002 velut
652 1977 780 2011 apostata
799 1973 950 2012 puniatur.

251 2033 281 2053 n.
305 2023 334 2053 Si
358 2023 423 2062 quis
446 2022 555 2061 absque
588 2023 707 2052 licentia
735 2022 840 2051 exierit
863 2031 877 2051 e
900 2031 952 2051 suo

211 2077 367 2108 conventu,
388 2071 430 2101 vcl
454 2081 467 2100 a
492 2071 618 2100 confinio
642 2075 670 2100 et
685 2071 890 2100 iurisdictione
907 2071 952 2099 sui

212 2120 332 2160 praelati
347 2120 520 2156 immediati,
538 2119 635 2149 statim
653 2128 685 2148 ac
702 2119 819 2148 domum
840 2119 938 2148 redeat

212 2169 434 2205 incarceretur,
451 2168 497 2197 et¹
514 2168 536 2196 si
554 2168 719 2197 constiterit
736 2167 903 2206 confugisse
919 2168 952 2197 ad

213 2218 391 2257 superiorem
428 2216 610 2255 praelatum,
635 2226 691 2245 non
726 2216 867 2245 habeatur
902 2225 953 2254 pro

214 2265 486 2295 excommunicato:
511 2264 617 2302 poterit
642 2268 735 2293 tamen
760 2263 882 2293 arbitrio
906 2273 955 2293 su-

216 2314 338 2353 perioris
362 2313 476 2352 puniri,
501 2313 524 2342 si
547 2313 652 2341 iustam
677 2321 794 2341 causam
818 2321 954 2342 recursus

213 2372 274 2392 non
297 2362 466 2392 reddiderit.
491 2361 520 2390 Si
554 2370 621 2390 vero
653 2360 791 2389 aliorsum
815 2361 955 2397 divertit,

212 2416 241 2442 et
263 2412 312 2441 via
335 2412 415 2441 recta
438 2410 618 2450 superiorem
642 2419 698 2438 non
721 2409 830 2447 adivit,
856 2419 955 2439 severe

215 2461 365 2501 puniatur.

256 2519 298 2540 111.
322 2508 425 2539 Statim
449 2518 481 2538 ac
504 2508 540 2538 sit
563 2508 665 2538 notitia
685 2508 719 2538 de
741 2508 866 2538 alicuius
889 2508 955 2538 reli-

252 2612 262 2638 1
286 2611 401 2638 Videtur
422 2610 513 2647 potius
529 2610 674 2646 legendum
695 2613 726 2638 α(
746 2618 795 2645 pro
815 2613 840 2638 ee
859 2610 956 2645 (thr).

988 280 1062 319 giosi
1084 280 1163 311 exitu
1186 291 1200 310 a
1225 285 1372 311 conventu
1394 280 1457 311 siue
1479 280 1610 316 licentia,
1627 288 1730 319 quam-

990 330 1032 359 vis
1054 334 1188 360 recurrat
1210 330 1245 359 ad
1268 330 1435 369 superiores
1450 354 1457 367 ,
1482 329 1628 369 praelatus
1650 328 1730 358 illius

990 387 1160 417 processum
1193 379 1297 408 formet
1320 379 1354 408 de
1377 379 1455 416 suga,
1481 382 1509 407 et
1531 377 1672 407 certiores
1691 377 1731 406 fa-

989 426 1046 455 ciat
1068 427 1234 465 superiores
1266 427 1431 465 generalem
1462 431 1489 456 et
1521 425 1729 465 provincialem

990 475 1024 504 de
1049 475 1100 504 illa
1115 500 1122 512 ‚
1147 480 1174 505 et
1196 475 1230 505 de
1253 476 1299 505 die
1316 480 1343 505 et
1360 476 1552 514 causaipsius
1566 475 1660 513 fugae.
1678 474 1730 504 Su-

991 524 1088 562 perior
1111 534 1180 554 vero
1202 525 1348 562 generalis
1365 525 1461 561 fugam
1484 523 1638 553 denuntiet
1665 532 1731 562 pro-

989 573 1114 602 curatori
1145 573 1273 610 generali
1303 583 1353 612 pro
1381 574 1434 602 sua
1456 572 1567 602 familia
1590 572 1730 602 existenti

989 621 1018 649 in
1041 620 1127 650 Curia
1152 622 1292 650 Romana.

1029 677 1067 698 IV.
1102 669 1135 698 Et
1168 669 1234 708 quia
1269 669 1362 698 felicis
1394 669 1606 699 recordationis
1640 668 1730 699 Urba-

990 727 1045 747 nus
1068 717 1130 747 vltl
1153 727 1203 757 per
1225 727 1293 747 suas
1316 718 1426 747 litteras
1456 718 1485 747 in
1517 718 1610 747 form-21
1632 717 1731 747 Brevis

989 765 1042 795 sub
1065 766 1111 795 die
1143 766 1245 805 aprilis
1277 774 1434 795 nncxxxvn
1457 765 1631 804 incipientes
1653 765 1732 794 Alias

990 825 1004 843 α
1029 815 1103 844 nobis
1126 815 1211 854 (post
1240 815 1346 844 alteras
1374 824 1490 854 quoque
1514 814 1549 843 ab
1571 814 1672 844 eodem
1704 818 1733 843 et

991 873 1005 892 a
1028 864 1122 893 felicis
1144 863 1354 893 recordationis
1387 863 1476 893 Paulo
1508 863 1585 902 Papa
1608 863 1629 892 V
1653 871 1730 892 ema-

991 916 1073 941 natas
1090 912 1121 950 ¹)
1146 912 1290 952 praecipit
1313 916 1344 941 ut
1366 912 1465 941 nullus
1494 911 1584 941 nostri
1615 911 1732 941 Ordinis

991 960 1144 998 religiosus
1175 961 1210 990 ad
1243 961 1332 990 alium
1365 969 1541 999 quemqnam
1572 959 1731 993 Ordinem,

992 1009 1164 1046 religionem
1186 1009 1245 1038 sive
1262 1009 1517 1046 congregationem
1532 1008 1668 1047 (excepto
1681 1008 1735 1038 Or-

992 1057 1059 1086 dine
1088 1057 1366 1093 Cartliusianorum,
1392 1057 1481 1095 petita
1505 1061 1532 1086 et
1556 1056 1677 1086 obtenta
1699 1056 1735 1085 li-

992 1105 1090 1135 centia
1112 1114 1126 1134 a
1150 1105 1352 1144 superioribus
1380 1104 1472 1134 nostri
1500 1104 1644 1142 Ordinis),
1679 1103 1734 1133 sub

992 1154 1155 1192 apostasiae
1171 1159 1198 1183 et
1216 1154 1353 1183 infamiae
1370 1157 1526 1192 perpetuae
1549 1154 1629 1189 nota,
1647 1157 1736 1192 atque

993 1203 1308 1232 excommunicationis
1330 1202 1405 1232 latae
1428 1202 1591 1231 sententiae
1617 1203 1732 1240 poena,

994 1251 1079 1280 etiam
1104 1252 1270 1281 emissionis
1294 1251 1389 1290 quarti
1413 1251 1470 1280 voti
1500 1260 1550 1280 seu
1581 1250 1736 1289 perfectio-

993 1301 1034 1330 ris
1063 1304 1091 1329 et
1115 1301 1279 1330 humilioris
1304 1300 1377 1329 vitae
1407 1300 1662 1338 praesumptione,
1687 1303 1737 1329 aut

993 1349 1150 1378 strictioris
1165 1349 1283 1387 regulae
1299 1358 1349 1378 seu
1367 1348 1569 1377 observantiae
1585 1352 1738 1386 praetextu

995 1398 1039 1427 vel
1064 1398 1309 1436 contemplatione
1324 1421 1331 1435 ‚
1356 1397 1401 1426 vel
1424 1397 1525 1436 quavis
1549 1397 1646 1431 iusta,
1671 1406 1736 1435 pro-

993 1446 1082 1476 babili
1105 1451 1152 1475 aut
1176 1446 1309 1483 legitima
1331 1447 1421 1475 causa
1448 1455 1478 1474 se
1501 1446 1658 1474 transferre
1688 1455 1738 1475 au-

993 1496 1080 1531 deat3
1104 1495 1168 1524 ideo
1203 1496 1316 1524 litterae
1348 1495 1493 1534 praefatae
1526 1494 1736 1524 inviolabiliter

994 1548 1159 1573 serventur.

1033 1602 1060 1622 v.
1085 1593 1239 1632 Apostatae
1269 1597 1296 1621 et
1320 1592 1433 1630 fugitivi
1469 1601 1520 1631 pro
1554 1592 1649 1630 primi
1674 1592 1736 1621 vice

995 1647 1022 1672 et
1046 1642 1114 1679 sugit
1137 1642 1297 1680 puniantur
1320 1641 1399 1670 iuxta
1424 1641 1595 1680 qualitatem
1619 1640 1733 1679 culpae,

995 1694 1024 1719 et
1047 1690 1109 1729 ipso
1133 1690 1206 1718 facto
1225 1689 1362 1718 amittant
1385 1689 1590 1728 antiquitatem
1613 1689 1691 1718 sedis
1707 1693 1736 1718 et

994 1739 1061 1774 loci,
1078 1742 1106 1768 et
1130 1738 1160 1767 in
1182 1738 1315 1767 futurum
1339 1738 1458 1767 illorum
1481 1737 1640 1776 antiquitas
1663 1737 1736 1766 inci-

995 1788 1056 1827 piat
1079 1797 1092 1816 a
1116 1788 1162 1817 die
1196 1796 1351 1824 regressus
1382 1787 1415 1815 ad
1438 1786 1575 1816 Ordinem
1607 1791 1671 1825 post
1693 1786 1737 1816 di—

995 1841 1071 1876 ctam
1096 1836 1220 1874 primam
1244 1836 1363 1873 fugam,
1389 1835 1444 1864 nisi
1468 1834 1628 1873 capitulum
1652 1844 1739 1872 gene-

997 1885 1057 1914 rale
1081 1885 1140 1913 illis
1156 1885 1361 1923 antiquitatem
1385 1884 1530 1913 restituat.
1555 1883 1609 1919 Qui
1633 1893 1738 1913 secun-

995 1934 1059 1963 dam
1084 1933 1195 1970 fecerit,
1220 1933 1320 1962 eadem
1345 1934 1439 1971 poena
1462 1932 1620 1969 afficiatur,
1645 1935 1672 1961 et
1695 1932 1740 1960 in-

996 1992 1084 2022 super
1108 1991 1159 2021 per
1183 1991 1273 2011 unum
1307 1991 1416 2010 anuum
1448 1981 1660 2010 incarceretur.
1684 1980 1740 2009 Pro

997 2032 1085 2061 tertia
1110 2040 1177 2060 vero
1200 2031 1268 2068 fuga
1292 2031 1360 2069 (vel
1385 2040 1435 2069 per
1458 2040 1548 2060 unum
1572 2039 1693 2067 annum,
1717 2029 1741 2059 si

998 2090 1048 2119 per
1070 2089 1181 2109 annum
1204 2079 1389 2117 ‹turm-vrit),
1414 2079 1438 2108 si
1462 2079 1532 2108 tales
1555 2088 1612 2107 non
1642 2078 1742 2117 expel-

945 2143 951 2156 ι
997 2129 1109 2164 luntur‚
1125 2128 1225 2167 poenis
1238 2127 1383 2166 impositis
1397 2137 1446 2166 pro
1465 2127 1559 2166 prima
1571 2130 1599 2155 et
1612 2126 1742 2156 sevuncta

997 2178 1065 2214 suga
1089 2177 1265 2215 plectantur,
1288 2180 1316 2205 et
1339 2180 1487 2214 praeterea
1512 2176 1656 2205 inhabiles
1684 2176 1742 2205 sint

997 2226 1032 2254 ad
1059 2226 1240 2264 praelaturas
1271 2224 1388 2254 Ordinis
1403 2248 1410 2262 ,
1435 2229 1462 2254 et
1485 2234 1553 2254 voce
1576 2225 1673 2253 activa
1695 2234 1742 2253 ca-

998 2278 1102 2311 reant,
1127 2273 1183 2302 nisi
1208 2283 1221 2302 a
1245 2272 1373 2312 capitulo
1407 2273 1542 2310 generale
1569 2273 1742 2302 restituatur

998 2322 1050 2351 eis.
1074 2322 1103 2351 Si
1127 2322 1192 2360 quis
1216 2331 1284 2351 vero
1301 2322 1466 2360 apostasiae
1492 2322 1605 2350 ratione
1628 2330 1741 2351 excom-

1000 2371 1166 2400 municatus
1194 2370 1409 2408 celebraverit,
1434 2369 1618 2408 gravioribus
1641 2370 1742 2409 poenis

999 2420 1188 2459 severiusque
1211 2420 1379 2449 mulctetur.

1039 2478 1077 2498 vr.
1102 2469 1232 2507 Denique
1251 2479 1306 2498 non
1324 2468 1417 2497 solum
1436 2467 1569 2507 patribus
1586 2467 1741 2506 ministris,

1001 2528 1102 2548 verum
1126 2519 1213 2548 etiam
1238 2517 1374 2547 omnibus
1403 2517 1548 2554 religiosis
1570 2517 1741 2546 facultatem

1038 2623 1048 2647 1
1072 2620 1143 2647 Edit.
1165 2619 1247 2648 Maia.
1268 2619 1332 2654 legit
1352 2622 1488 2647 ειιιαιιιιία
1508 2623 1549 2653 (ιι.
1567 2619 1617 2655 T.).

1619 221 1684 255 4⁶23
1730 231 1779 256 An.
1803 231 1832 256 c.
1855 230 1924 257 1738
