2232 3178
271 187 455 215 An.c.1·137
502 177 566 212 270

463 245 629 278 nunquam
656 234 850 274 deficiente,
883 234 972 266 aucta
1006 233 1199 277 praesertim

464 289 671 321 veneratione
697 298 733 321 ex
759 287 924 319 miraculis
950 297 1031 330 quae
1053 286 1201 329 omnipo-

463 346 533 374 tens
558 341 641 374 Deus
666 341 749 373 circa
773 339 853 373 illud
880 341 1088 383 operabatur.
1127 338 1201 377 Qui-

463 395 522 427 bus
548 395 662 427 dicbus
694 393 835 437 elapsiS,
860 393 893 425 in
918 394 1031 426 eadem
1063 393 1201 426 ecclesia

463 448 500 480 ad
534 457 755 480 marmoreum
798 448 956 480 tumulum
995 447 1027 479 in
1063 447 1201 479 sublime

463 505 606 533 erectum
631 500 773 533 delatum
792 505 850 539 est,
866 499 932 540 ubi,
950 500 1114 532 miraculis
1136 500 1201 532 cla-

462 563 551 593 rum,
578 553 730 596 publicae
765 553 968 587 venerationi
1005 552 1201 596 expositum,

464 606 645 639 devotionis
671 607 796 639 fervore
834 617 912 650 erga
942 617 1051 639 sacras
1088 607 1202 639 beatae

464 659 656 693 Catharinae
670 660 825 703 reliquias
840 670 1004 704 nunquam
1023 660 1203 699 imminuto,

464 713 503 745 ad
528 718 641 746 nostra
680 723 783 756 usque
822 718 968 757 tempora
1003 713 1201 757 permansit:

464 765 572 798 divina
597 766 836 809 omnipotentia
869 767 1091 800 testimonium
1127 777 1204 810 pro-

464 819 559 862 digiis
574 819 725 853 dexterae
742 830 818 853 suae
837 820 1045 863 perhibente,
1061 819 1120 852 sibi
1140 829 1203 852 non

463 873 573 916 perire
592 872 678 916 quod
697 873 843 912 moritur,
864 878 895 905 et
912 873 1096 905 mortalium
1117 882 1206 905 men-

465 925 548 958 tibus
572 925 736 958 indicante
774 927 893 969 quanta
917 925 950 958 in
977 925 1080 968 gloria
1118 928 1206 958 esset

463 978 496 1010 in
521 978 620 1011 caelis
657 979 765 1011 anima
790 978 886 1011 huius
921 978 1036 1012 beatae
1072 978 1203 1018 viduae,

463 1031 553 1064 cuius
579 1041 653 1064 caro
679 1031 835 1064 exanimis
861 1037 924 1064 tam
943 1031 1068 1064 eximiis
1090 1031 1206 1064 divini-

464 1084 535 1117 tatis
560 1083 728 1117 effectibus
753 1085 786 1117 in
812 1084 906 1117 terris
924 1085 1114 1117 ornabatur.

308 1151 453 1183 censeamus
508 1138 523 1180 ἓ
549 1138 602 1171 23.
630 1138 740 1181 Itaque
765 1138 887 1170 nedum
909 1137 1137 1178 Genuensium,
1159 1148 1206 1170 ve-

268 1180 535 1227 ?.l‚l.;²a.⁴11513,⁰3.“d‘1·11m
560 1191 656 1224 etiam
684 1196 868 1224 ceterorum
895 1192 1089 1234 populorum
1126 1201 1205 1234 erga

269 1231 550 1287 ffiffii⁵³¹in³i¹0¹fhanc
585 1249 726 1277 sanctam
758 1244 813 1277 Dei
845 1254 970 1277 servam
1004 1244 1148 1285 devotio,
1174 1249 1206 1277 et

271 1283 505 1331 Fuetiti⁰⁰⁰⁰¹¹³b⁹ad
524 1308 653 1331 sacrum
677 1297 746 1330 eius
764 1307 883 1340 corpus
908 1298 1129 1331 venerandum
1154 1309 1206 1331 cu-

463 1350 561 1383 iusvis
589 1351 719 1393 generis
745 1356 777 1383 et
805 1350 1003 1384 conditionis
1037 1351 1204 1384 hominum

464 1403 612 1436 assiduus
638 1413 814 1436 concursus
841 1404 910 1437 suit.

290 1469 396 1490 canamus
414 1468 454 1488 aa·
508 1456 523 1499 ἓ
549 1456 603 1489 24.
624 1456 720 1489 Cultu
737 1456 837 1499 igitur
852 1461 884 1489 et
901 1456 1110 1490 veneratione
1129 1468 1206 1500 erga

271 1496 454 1547 gilduississmpissf
465 1510 554 1543 illam
590 1514 776 1543 constanter
805 1515 1052 1553 perseverante,
1080 1515 1111 1542 et
1134 1515 1207 1554 post

271 1551 455 1604 35533¹3¹Ja0s¹3512¹1
465 1568 595 1596 centum
612 1572 769 1595 annorum
783 1563 907 1605 lapsum
921 1564 1205 1605 percrebrescente,

271 1602 455 1648 Ἀίῑωῖὲᾞῗῗὲἷιῐ
465 1620 538 1658 post
554 1615 721 1648 confectos
740 1615 931 1648 auctoritate
950 1615 1115 1648 ordinaria
1134 1626 1207 1658 pro-

271 1655 370 1675 mis-sione
403 1660 454 1680 apo-

271 1682 360 1703 stoma.
384 1678 575 1701 swa-cessus
601 1678 698 1710 super
723 1667 791 1699 eius
817 1667 987 1700 sanctitate
1013 1672 1044 1700 et
1069 1668 1207 1700 miracu—

270 1710 292 1727 to
310 1708 391 1731 ordine,
415 1714 443 1726 iro

271 1740 353 1764 renum
374 1714 411 1753 est*
427 1718 513 1761 milis,
540 1732 662 1765 eosque
688 1721 720 1753 in
746 1723 837 1754 sacra
863 1721 996 1754 Rituum
1021 1721 1207 1765 Congrega-

271 1761 455 1810 ltt³1⁰¹⁸¹illl¹altiss
468 1775 555 1808 tione
582 1774 756 1814 exhibitos,
771 1774 923 1818 expedita
940 1775 1000 1807 suit
1022 1775 1207 1809 commissio

271 1819 365 1863 itf‚³'{'1?·¹,¹'
382 1814 517 1861 amre-die
552 1838 623 1861 xxiv
660 1828 781 1860 mensis
813 1828 889 1860 maii
924 1838 1011 1861 anno
1047 1838 1207 1862 iuncxxxvl

466 1881 505 1914 ad
531 1880 682 1913 etl'ectum
719 1880 900 1913 fabricandi
926 1891 1117 1924 processum
1156 1891 1209 1914 au-

467 1935 613 1968 ctoritate
639 1934 818 1978 apostolica
849 1945 951 1978 super
975 1936 1062 1968 cultu
1095 1935 1209 1968 imme-

467 1988 618 2021 morabili
663 1993 695 2021 et
726 1998 800 2021 casu
842 1994 976 2031 excepto
1011 1999 1028 2021 a
1068 1989 1208 2022 decretis

468 2042 571 2075 seticis
605 2042 843 2075 recordationis
869 2042 989 2075 Urbani
1015 2042 1079 2075 VIlI
1115 2053 1209 2086 prac-

468 2095 650 2128 decessoris
686 2094 809 2135 nostri;
846 2095 969 2138 illoque
995 2096 1164 2135 absoluto,
1191 2106 1208 2128 a

467 2150 573 2182 bonae
599 2149 776 2182 memoriae
801 2149 898 2181 Decio
931 2148 963 2182 S.
983 2149 1020 2181 R.
1039 2149 1074 2181 E.
1103 2149 1209 2182 diaeo-

467 2213 509 2236 no
533 2202 687 2236 cardinali
715 2202 858 2235 Azzolini
879 2207 1074 2246 nuncupato,
1094 2213 1208 2236 causae

466 2256 628 2297 relatore,
669 2256 875 2299 propositum
902 2256 961 2288 suit
990 2256 1142 2297 dubium,
1168 2268 1207 2289 an

467 2310 632 2343 sententia
678 2309 718 2342 ab
758 2309 1005 2353 archiepiscopo
1046 2309 1207 2343 Genuensi

468 2363 574 2396 iudice
596 2363 746 2405 delegato
772 2363 837 2396 lata
862 2373 960 2406 super
985 2363 1073 2396 cultu
1099 2363 1209 2397 imme-

468 2416 617 2450 morabili
644 2421 674 2450 et
699 2427 775 2450 casn
801 2421 936 2460 excepto
970 2422 1055 2450 esset
1091 2417 1208 2450 contir-

469 2469 604 2511 manda3
626 2475 657 2503 et
675 2480 866 2514 responsum
892 2470 968 2503 suit:
995 2470 1149 2504 Constare
1168 2470 1207 2504 de

469 2534 543 2557 casu
570 2528 722 2567 excepto;
748 2523 889 2567 proinde
922 2523 1101 2567 praefatam
1136 2534 1207 2557 sen-

471 2577 603 2611 tentiam
635 2588 704 2611 esse
732 2577 999 2612 confirmandam.
1026 2576 1116 2617 Quod
1152 2578 1206 2611 de-

1054 183 1240 209 BULLARIUM
1264 183 1422 208 ROMANUM

1989 181 2043 210 An.
2063 182 2092 211 C.
2108 184 2172 214 ¹737

1243 236 1366 265 cretum
1390 232 1462 276 piae
1488 232 1666 265 memoriae
1702 231 1848 266 Clemens
1875 232 1899 265 X
1924 241 1982 276 pa-

1242 285 1323 318 riter
1347 285 1583 328 praedecessor
1608 290 1719 318 noster
1744 285 1795 318 die
1815 295 1844 319 v1
1870 284 1981 328 aprilis

1244 349 1329 372 anno
1369 348 1513 373 MDCLxxv
1553 338 1767 372 confirmavit.
1810 339 1983 372 Praeterea

1244 393 1360 425 eodem
1398 391 1555 425 cardinali
1581 392 1733 425 Azzoliuo
1772 402 1888 425 causae
1923 401 1983 435 po-

1244 450 1357 485 nente,
1385 445 1519 478 obtenta
1544 449 1593 477 est
1618 444 1670 478 die
1694 455 1759 478 xvii
1784 444 1906 477 mensis
1929 454 1983 476 au-

1245 498 1329 541 gusti
1367 509 1453 531 auno
1489 508 1676 532 MDCLxxxul
1717 498 1850 531 facultas
1886 497 1985 531 consi-

1245 552 1351 584 ciendi
1370 562 1558 594 processum
1576 562 1674 596 super
1699 551 1872 585 sanctitate
1889 551 1982 591 vitae,

1245 604 1416 637 virtutibus
1453 611 1484 638 et
1515 605 1697 645 miraculis,
1722 610 1759 638 ut
1795 606 1833 638 ad
1869 605 1985 638 Beatae

1246 658 1526 692 canonizationem
1546 659 1689 692 deveniri
1711 664 1833 702 posset.
1860 659 1986 691 Laben-

1248 711 1331 744 tibus
1350 711 1469 745 deinde
1487 712 1638 755 pluribus
1658 712 1761 751 annis,
1776 722 1812 744 ac
1828 721 1986 754 processu

1247 770 1320 808 post
1347 765 1520 798 nonnullas
1538 766 1788 808 prorogationes
1814 776 1851 798 ac
1875 765 1987 797 subro-

1248 818 1394 860 gationes
1421 818 1564 850 nondum
1597 819 1756 859 absoluto,
1784 817 1986 861 suffectoque

1248 871 1279 903 in
1306 876 1482 914 ponentem
1517 882 1632 905 causae
1670 872 1775 905 bonae
1811 871 1986 904 memoriae

1248 924 1389 968 Ioseplio
1423 925 1547 957 Renato
1572 925 1747 968 ¹Imperiali
1780 929 1985 968 nuncupato,

1248 978 1468 1022 supplicatum
1495 979 1552 1011 suit
1572 989 1629 1021 pro
1650 978 1861 1011 concessione
1886 977 1986 1011 officii

1249 1038 1280 1066 ct
1304 1033 1423 1066 missae
1449 1033 1488 1065 de
1514 1033 1628 1066 eadem
1655 1033 1763 1073 Beata,
1784 1037 1816 1065 et
1839 1031 1870 1065 S.
1891 1031 1928 1064 R.
1950 1031 1986 1064 E.

1249 1085 1462 1119 cardinalium
1498 1085 1599 1117 sacris
1633 1084 1750 1117 ritibus
1785 1084 1987 1128 praeposito-

1248 1150 1319 1172 rum
1345 1139 1561 1182 Congregatio
1587 1138 1674 1172 edito
1692 1138 1833 1177 decreto,
1853 1148 1870 1170 a
1888 1136 1990 1170 felicis

1247 1191 1484 1225 recordationis
1501 1191 1665 1224 Clemente
1683 1190 1722 1223 Xl
1739 1191 1990 1234 praedecessore

1247 1251 1361 1278 nostro
1387 1244 1583 1283 confirmato,
1621 1243 1674 1277 die
1705 1255 1757 1278 xlx
1783 1243 1905 1277 mensis
1941 1253 1992 1276 se-

1248 1298 1405 1342 ptembris
1436 1308 1521 1330 anno
1557 1306 1664 1331 MDccx
1701 1296 1863 1330 concessit
1898 1296 1991 1329 utin

1248 1353 1374 1386 civitate
1399 1350 1561 1384 Genuensi
1586 1350 1778 1383 recitaretur
1802 1350 1942 1383 osticium
1960 1354 1992 1383 et

1249 1406 1470 1440 celebraretur
1493 1403 1593 1437 missa
1617 1404 1656 1436 de
1688 1404 1852 1437 communi
1878 1403 1994 1436 Vidua-

1249 1469 1320 1491 rum
1340 1458 1373 1490 in
1392 1458 1551 1490 honorem
1568 1450 1683 1490 beatae
1704 1456 1910 1496 Catharinae;
1930 1465 1992 1489 nec

1249 1512 1352 1544 multo
1378 1516 1451 1554 post
1477 1510 1588 1543 eadem
1626 1509 1794 1542 concessio
1826 1509 1864 1542 ad
1891 1513 1992 1542 totum

1249 1564 1418 1598 lanuensis
1442 1563 1657 1606 Reipublicae
1706 1562 1886 1596 dominium
1933 1562 1994 1595 suit

1250 1618 1416 1661 ampliata,
1443 1627 1479 1650 ac
1501 1617 1629 1650 tandem
1652 1616 1868 1660 approbatum
1890 1615 1993 1649 extitit

1252 1671 1391 1704 officium
1425 1675 1457 1703 et
1489 1670 1586 1703 missa
1625 1669 1760 1713 propria
1799 1670 1839 1703 de
1879 1669 1992 1703 eadem

1252 1726 1349 1758 Beata
1374 1734 1446 1757 cum
1480 1724 1624 1757 eiusdem
1655 1723 1764 1766 elogio
1795 1723 1827 1756 in
1857 1733 1992 1756 romano

1252 1777 1481 1822 martyrologio
1507 1776 1719 1820 apponendo.
1746 1776 1917 1819 Completo
1938 1786 1993 1809 au-

1253 1837 1316 1864 tem
1342 1840 1496 1874 processu
1522 1840 1619 1873 super
1651 1829 1835 1869 virtutibus,
1873 1839 1994 1873 propo-

1252 1885 1378 1927 sitoque
1404 1883 1503 1916 dubio
1530 1883 1562 1915 in
1587 1883 1733 1926 praefata
1764 1893 1933 1915 sacrorum
1954 1882 1994 1914 ri-

1254 1943 1342 1970 tuum
1369 1936 1648 1979 Congregatione,
1680 1935 1802 1979 prodiit
1827 1935 1993 1969 decretum

1252 1991 1427 2031 affirmans,
1441 1994 1590 2022 constare
1605 1989 1644 2022 de
1658 1988 1830 2021 virtutibus
1846 1988 1877 2021 in
1892 1989 1994 2032 gradu

1253 2045 1396 2084 heroico,
1422 2044 1509 2087 quod
1535 2043 1594 2075 snit
1611 2054 1629 2076 a
1653 2043 1748 2076 nobis
1766 2043 1818 2076 die
1834 2053 1891 2077 xm
1908 2053 1994 2077 men-

1253 2098 1296 2131 sis
1320 2097 1395 2130 maii
1422 2107 1507 2130 anno
1532 2106 1706 2130 mneoxxxu
1731 2096 1968 2131 confirmatum.

1297 2151 1311 2194 ἓ
1336 2149 1390 2183 025.
1418 2150 1642 2193 Absolutoque
1668 2150 1766 2184 etiam
1790 2151 1894 2184 altero
1917 2156 2178 2206 p¹'⁰‘ciii¹0³r¹t¹1¹‹‘i²⁰m⁵‘²'

1253 2213 1343 2236 cessu
1369 2213 1467 2246 super
1491 2203 1658 2236 miraculis
1675 2230 1683 2244 ,
1708 2208 1839 2236 ventum
1880 2209 1928 2236 est
1952 2204 1992 2237 ad
2101 2199 2106 2205 ”

1252 2258 1385 2291 illorum
1425 2268 1582 2297 examen3
1620 2257 1754 2291 sutl'ecto
1792 2257 1924 2291 interim
1959 2257 1994 2291 in

1252 2321 1367 2344 causae
1393 2312 1568 2344 relatorem
1595 2311 1712 2344 dilecto
1747 2310 1815 2344 filio
1853 2310 1993 2354 Georgio

1253 2364 1334 2397 tituli
1360 2364 1392 2397 S.
1419 2364 1537 2397 Mariae
1562 2364 1801 2407 Transtyberim
1826 2364 1858 2398 S.
1889 2364 1926 2397 R.
1956 2364 1991 2397 E.

1251 2417 1444 2461 presbytero
1470 2417 1625 2451 cardinali
1650 2417 1783 2460 Spinula
1807 2421 1994 2460 nuncupato

1252 2471 1284 2503 in
1309 2472 1417 2504 locum
1441 2471 1546 2504 bonae
1571 2471 1750 2504 memoriae
1775 2470 1906 2514 Iosephi
1934 2470 1994 2504 Re-

1252 2524 1318 2557 nati
1343 2524 1374 2557 S.
1399 2524 1437 2557 R.
1457 2524 1492 2558 E.
1520 2524 1648 2558 diaconi
1682 2524 1853 2558 cardinalis
1890 2523 1994 2568 Impe-

1252 2577 1337 2611 rialis
1363 2578 1557 2622 nuncupati,
1583 2577 1665 2611 viam
1691 2579 1859 2612 universae
1888 2578 1993 2612 carnis
