2232 3178
487 204 529 238 ,⁶30

450 263 631 306 prudenter
666 260 945 299 existimaverint,
971 257 1186 291 nihilominus

451 325 555 359 neque
592 314 703 348 nunc*
748 315 787 347 ad
830 312 1074 346 concessionem
1118 320 1188 354 gra-

452 369 530 409 tiae,
557 367 825 411 compositionem
852 371 906 399 aut
930 364 1187 399 moderationem

450 433 577 465 poenae
612 421 762 454 devenire
799 420 945 463 possint,
972 418 1034 451 nisi
1058 416 1189 461 praevia

450 477 612 508 nostrane
631 474 765 507 Romani
787 472 951 506 Pontificis
965 482 1025 515 pro
1040 476 1187 513 tempore

451 529 617 561 existentis
658 528 810 570 expressa
846 524 1102 569 approbatione3
1128 523 1187 556 sub

450 581 595 614 nullitate
622 586 795 622 gestorum,
814 589 850 612 ac
867 579 942 612 inde
960 582 1186 620 sequutorum‚

451 641 491 673 et,
511 634 614 677 quoad
634 633 755 665 iudices
774 632 945 675 praelatos,
961 631 1019 663 sub
1037 629 1188 673 pecunia-

450 688 505 720 riis
529 687 662 730 insuper
686 686 820 728 aliisque
843 685 939 718 etiam
965 684 1189 727 corporalibus

450 745 561 773 nostro
587 745 619 772 et
642 739 785 772 eiusdem
805 737 969 771 pontificis
990 736 1126 770 arbitrio
1145 736 1188 768 in-

452 793 598 835 lligendis
617 792 747 835 poenis;
767 790 1021 834 memoratisque
1043 789 1189 823 cardina-

451 846 527 879 lium
552 845 866 888 Congregationibus
898 854 933 876 ac
969 842 1187 877 cardinalibus

451 899 546 931 etiam
572 899 611 932 de
636 899 736 931 latere
754 898 868 940 legatis
890 906 1126 941 quamcumque
1145 896 1188 929 sa-

451 953 615 991 cultatem,
635 962 717 994 quae
736 951 781 984 eis
807 951 846 983 de
872 950 952 989 iure,
969 960 1027 983 usu
1047 950 1095 982 vel
1114 960 1189 982 con-

449 1005 629 1045 suetudine,
648 1015 705 1037 seu
731 1004 810 1037 alias
833 1003 1079 1047 quomodolibet
1103 1012 1189 1036 com-

449 1063 559 1101 petere
576 1063 691 1101 posset
711 1057 742 1090 in
768 1057 861 1090 dictis
887 1056 989 1089 causis
1015 1055 1187 1089 delationis

450 1116 504 1144 aut
519 1111 714 1144 retentionis
734 1120 897 1143 armorum
916 1109 1104 1149 arbitrandi,
1124 1119 1189 1152 gra-

451 1163 526 1197 tiam
551 1163 760 1207 impertiendi
778 1169 810 1197 et
826 1162 1055 1206 componendi,
1069 1173 1106 1195 ac
1122 1172 1190 1195 mo-

451 1217 586 1251 derandi
609 1225 733 1261 poenas
758 1215 953 1256 huiusmodi,
973 1216 1088 1249 harum
1108 1215 1189 1248 serie

451 1271 643 1313 abrogamus
668 1275 700 1303 et
724 1279 923 1303 revocamus.

258 1331 441 1378 mmss'ifflffilxssss
496 1324 510 1367 ἓ
536 1323 567 1357 3.
597 1323 776 1365 Praeterea,
802 1322 893 1356 sicuti
915 1322 948 1355 in
972 1321 1191 1355 bannimentis

259 1365 441 1431 renicqsshffroe·
453 1376 661 1420 generalibus
687 1387 745 1420 pro
778 1376 865 1409 Urbe
890 1376 1031 1419 praefata
1063 1385 1098 1408 ac
1122 1375 1191 1407 uni-

258 1417 416 1432 nwnmffla'
452 1440 547 1463 verso
571 1429 661 1463 Statu
693 1435 805 1462 nostro
831 1429 1056 1462 Ecclesiastico
1093 1427 1190 1462 editis

452 1488 584 1516 cavetur
608 1482 787 1515 homicidas
810 1491 876 1515 non
898 1480 1044 1515 excusari
1070 1491 1088 1513 a
1113 1491 1191 1524 poe-

452 1538 493 1568 na
528 1535 693 1569 ordinaria
729 1535 825 1569 etiam
862 1545 921 1578 pro
958 1534 1133 1567 homicidio
1159 1534 1191 1567 in

452 1589 521 1621 rixa
546 1588 728 1630 commisso,
745 1588 770 1621 si
797 1598 834 1620 ex
859 1597 1014 1631 processu
1040 1587 1193 1620 constite-

452 1641 494 1674 rit
519 1641 620 1674 rixam
646 1652 682 1674 ex
708 1642 802 1674 causa
826 1640 1041 1674 irrationabili
1061 1650 1118 1673 seu
1138 1640 1192 1673 be-

453 1695 549 1735 stiali,
568 1700 602 1727 ut
626 1699 754 1735 vocant,
773 1699 873 1727 ortam
899 1693 1018 1734 suisse;
1047 1693 1100 1734 ita,
1120 1692 1193 1736 quia

455 1753 578 1780 tantum
603 1747 729 1789 legibus
755 1746 940 1779 addendum
966 1746 1068 1787 venit,
1095 1756 1194 1789 quan-

455 1806 522 1833 tum
547 1800 689 1832 rixarum
716 1805 747 1833 et
772 1799 1022 1832 homicidiorum
1048 1799 1194 1842 frequen-

456 1854 499 1886 tia
524 1853 724 1894 excreverit,
746 1853 914 1885 statuimus
940 1858 973 1885 ut
999 1852 1031 1885 in
1057 1851 1141 1885 Urbe
1159 1863 1194 1885 ac

456 1907 712 1950 quibuscumque
734 1906 926 1948 civitatibus,
946 1906 1040 1939 terris
1059 1911 1089 1938 et
1114 1906 1194 1939 locis

456 1959 550 1992 nobis
574 1964 606 1992 et
630 1958 704 1992 Sedi
730 1958 937 2002 Apostolicae
973 1958 1113 1992 mediate
1146 1958 1193 1991 vel

457 2013 642 2047 immediate
679 2013 834 2046 subiectis
870 2013 1068 2056 praedictis,
1106 2023 1193 2045 com-

457 2065 628 2109 prehensis
666 2066 764 2099 etiam
804 2070 942 2109 quatuor
966 2065 1194 2108 Legationibus

457 2129 493 2152 ac
528 2119 712 2152 civitatibus
749 2118 968 2158 Bononiensi,
995 2118 1193 2151 Ferrariensi

458 2178 488 2205 et
513 2172 758 2212 Beneventana‚
785 2171 920 2215 aliisque
952 2172 1046 2205 etiam
1072 2172 1196 2215 specia-

458 2226 521 2258 lem
548 2231 580 2259 et
615 2225 813 2259 individuam
850 2225 1049 2258 mentionem
1085 2225 1195 2268 requi-

457 2278 616 2319 rentibus,
639 2278 764 2311 occisor
787 2279 895 2321 poena
919 2277 1041 2321 pariter
1066 2277 1194 2311 ordina-

457 2332 503 2365 ria
520 2332 681 2376 puniatur,
700 2332 775 2365 licet
793 2331 1005 2364 homicidium
1022 2336 1193 2375 sequutum

458 2385 497 2418 sit
521 2385 553 2417 in
580 2385 670 2425 rixa,
697 2385 723 2417 si
759 2384 924 2417 homicida
960 2384 1047 2417 rixae
1083 2390 1196 2418 auctor

459 2438 573 2479 suerit,
600 2443 701 2481 utque
725 2439 814 2471 calor
837 2437 1024 2471 iracundiae
1049 2448 1066 2470 a
1091 2439 1194 2481 poena

459 2492 620 2525 ordinaria
633 2492 880 2536 delinquentem
894 2501 1053 2535 nusquam
1067 2492 1193 2532 eximat,

459 2545 513 2578 ubi
539 2545 621 2578 inter
646 2551 769 2589 tempus
793 2545 879 2580 rixae
904 2555 940 2579 ac
956 2550 1116 2589 patratum
1142 2544 1195 2578 ho-

495 2609 505 2633 1
529 2608 658 2643 Legerem
677 2608 766 2644 potius
786 2611 854 2638 tuuc
873 2608 916 2643 (a.
937 2607 987 2643 T.)-

258 216 307 242 An.
323 214 351 241 C.
375 214 442 242 1735

1030 207 1211 233 nULLAntUM
1234 206 1391 231 ROMANUM

1980 204 2029 231 An.
2046 203 2074 231 C.
2094 203 2163 232 1735

1230 255 1395 288 micidium
1421 265 1474 288 sex
1513 255 1670 287 horarum
1702 254 1842 298 spatium
1867 253 1969 287 inter-

1231 308 1375 350 cesserit,
1395 308 1479 352 quod
1505 308 1653 341 sufficere
1678 308 1824 341 volumus
1841 312 1877 341 ut
1894 317 1969 341 reus

1231 362 1269 395 ad
1287 367 1375 395 aetus
1394 367 1564 395 extraneos
1584 361 1814 396 diverteritvel
1828 362 1971 396 divertis-

1231 426 1263 449 se
1282 415 1448 455 debueritss
1468 414 1672 448 declarantes
1690 415 1792 458 quod,
1810 415 1864 448 ubi
1885 416 1971 448 lucu-

1232 470 1338 501 lenter
1363 479 1398 501 ex
1425 478 1579 511 processu
1605 467 1793 501 huiusmodi
1818 469 1969 502 eonstite-

1232 522 1272 554 rit
1303 521 1335 554 in
1365 526 1437 554 actu
1476 520 1643 554 homicidii
1679 521 1800 554 nullam
1828 521 1970 555 adfuisse

1232 574 1332 607 rixam
1357 574 1440 607 inter
1464 574 1608 607 occisum
1634 578 1665 607 et
1690 574 1886 615 occisorem,
1911 584 1971 607 nec

1232 638 1290 671 pro
1317 633 1409 672 parte
1435 627 1587 661 occisoris
1612 628 1770 671 probetur
1804 628 1889 660 intra
1925 627 1972 661 di-

1232 688 1315 715 ctum
1342 682 1547 715 intervallum
1574 692 1628 716 sex
1654 682 1807 716 horarum
1834 681 1972 715 homici-

1232 735 1320 768 dium
1342 734 1528 768 immediate
1546 735 1814 779 praecedentium
1831 735 1972 778 aliquam

1232 788 1399 822 subortam
1424 788 1520 822 fuisse
1546 789 1657 828 rixam,
1680 788 1872 822 interfector
1896 798 1974 831 poe-

1232 852 1292 875 nae
1310 841 1496 875 ordinariae
1514 842 1646 875 omnino
1665 841 1867 874 subiiciatur.
1886 840 1971 874 Neve

1232 900 1402 938 praetextu
1428 905 1583 928 erroneae
1609 900 1640 928 et
1664 905 1831 938 nunquam
1857 904 1974 937 appro-

1233 949 1324 981 batae
1357 948 1608 988 consuetudinis,
1635 948 1700 981 sive
1729 947 1973 991 interpretatio-

1233 1002 1291 1042 nis,
1311 1001 1473 1045 quispiam
1499 1002 1689 1046 decipiatur,
1707 1001 1747 1035 ad
1770 1001 1916 1035 omnium
1942 1006 1974 1034 et

1233 1054 1436 1097 singulorum
1461 1054 1649 1088 memoriam
1667 1054 1752 1088 serio
1770 1063 1972 1093 revocamus,

1234 1107 1397 1150 praedicta
1414 1110 1519 1151 poena
1543 1107 1711 1141 ordinaria
1729 1107 1835 1141 teneri
1854 1106 1974 1140 nedum

1234 1172 1291 1194 ore
1316 1161 1451 1205 proprio
1479 1161 1690 1194 homicidium
1715 1161 1894 1200 confessos,
1915 1160 1974 1192 sed

1235 1214 1332 1246 etiam
1358 1214 1412 1257 qui
1434 1214 1472 1247 de
1494 1213 1665 1247 commisso
1687 1213 1863 1246 homicidio
1888 1212 1974 1245 iuxta

1235 1266 1314 1299 iuris
1339 1266 1487 1300 canonici
1512 1277 1549 1299 ac
1573 1266 1675 1299 civilis
1710 1265 1971 1309 dispositionem,

1235 1330 1330 1362 quam
1359 1319 1392 1352 in
1420 1319 1536 1352 ceteris
1563 1319 1820 1362 quibuscumque
1846 1317 1973 1351 delictis

1236 1378 1354 1406 sartam
1381 1378 1565 1417 tectamque
1600 1373 1668 1406 sore
1701 1373 1870 1412 volumus,
1898 1381 1976 1404 con-

1235 1426 1307 1458 victi
1337 1426 1474 1459 suerint:
1502 1426 1667 1470 quibusvis
1702 1425 1884 1469 praetensis
1911 1435 1971 1457 usu

1237 1485 1268 1512 et
1293 1480 1373 1523 stylo
1409 1480 1574 1523 rebusque
1599 1479 1747 1512 iudicatis
1779 1479 1813 1512 in
1847 1482 1976 1512 contra-

1237 1533 1318 1565 rium
1339 1533 1472 1566 minime
1499 1533 1640 1566 attentis.

1281 1587 1295 1629 ξ
1320 1586 1352 1618 li.
1380 1585 1524 1629 Cumque
1561 1586 1601 1618 ad
1637 1586 1879 1629 reprimendam
1909 1593 2172 1640 san-'nnogpqn'pirmffi

1238 1639 1459 1682 guinariorum
1490 1638 1658 1672 hominum
1684 1638 1871 1679 audaciam,
1897 1648 1977 1682 quae
2002 1647 2153 1667 constantiana

1989 1672 2015 1693 de
2031 1678 2071 1693 non
2086 1673 2174 1693 rehabi-

1238 1692 1301 1725 iam
1339 1697 1416 1725 tunc
1448 1691 1686 1732 invalescebat,
1712 1692 1799 1725 idem
1824 1691 2173 1725 innocen-titandisiis.q·1i

1989 1726 2058 1746 animo
2097 1725 2172 1746 doloso

1239 1745 1300 1778 tius
1318 1745 1371 1778 XII
1392 1745 1641 1788 praedecessor,
1666 1744 1698 1778 in
1716 1744 1901 1788 supradicta
1922 1745 2172 1778 suaetvraemeditato

1963 1797 1969 1803 ,
1990 1780 2104 1803 occulunt,
2125 1784 2172 1799 eam

1238 1798 1471 1832 constitutione
1512 1798 1689 1842 incipiente
1725 1797 1817 1831 Viros
1848 1804 2172 1840 sauym-oxtenmtadho·

1238 1862 1331 1892 num,
1350 1855 1418 1892 etc„
1437 1851 1522 1884 inter
1539 1851 1602 1884 alia
1620 1860 1772 1894 expresse
1790 1861 1827 1883 ac
1846 1849 1978 1883 omnino
1989 1831 2085 1883 311?ssss
2102 1836 2171 1877 iiiii&

1239 1904 1454 1948 prohibuerit,
1472 1904 1655 1947 inquisitos,
1674 1908 1888 1947 processatos,
1905 1912 1981 1936 con-
1990 1883 2131 1931 &iiiii-'iiim
2144 1889 2173 1904 '⁰'

1239 1959 1408 1991 demnatos
1432 1963 1486 1990 aut
1510 1957 1674 1998 bannitos,
1699 1957 1766 1990 sive
1791 1956 1836 1990 uti
1860 1955 1982 2000 princi-

1239 2012 1348 2056 pales,
1374 2011 1439 2045 sive
1475 2011 1522 2044 uti
1558 2010 1794 2050 mandatarios,
1831 2009 1896 2043 sive
1933 2008 1979 2041 uti

1238 2066 1426 2109 complices,
1453 2070 1509 2098 aut
1533 2064 1687 2098 auxilium
1713 2069 1766 2096 aut
1791 2063 1976 2101 eonsilium,

1238 2120 1287 2152 vel
1313 2119 1454 2152 favorem
1479 2120 1681 2161 praestantes
1719 2126 1755 2149 ex
1793 2117 1888 2149 causa
1923 2125 1979 2148 seu

1238 2172 1406 2206 occasione
1432 2170 1601 2205 homicidii
1622 2181 1682 2214 pro
1705 2181 1769 2214 quo
1798 2180 1905 2214 poena
1931 2179 1981 2202 or-

1238 2225 1365 2258 dinaria
1388 2225 1437 2258 vel
1455 2223 1710 2258 extraordinaria
1727 2223 1880 2266 imposita
1900 2221 1979 2255 suis-

1237 2284 1286 2312 set
1310 2290 1365 2312 seu
1391 2278 1591 2323 imponenda
1616 2278 1722 2318 soret,
1750 2282 1782 2310 et
1806 2287 1887 2321 quos
1912 2275 1980 2319 qui-

1237 2332 1441 2376 buscumque
1468 2331 1583 2365 suturis
1605 2330 1806 2374 temporibus
1830 2329 1981 2363 similiter

1239 2385 1380 2429 inquiri,
1422 2383 1623 2428 processari,
1665 2382 1877 2417 condemnari
1920 2391 1979 2414 seu

1238 2438 1365 2471 banniri
1391 2438 1581 2481 contigisset
1605 2437 1637 2469 in
1655 2436 1741 2470 Urbe
1772 2440 1804 2469 et
1827 2435 1978 2468 universa

1238 2490 1360 2525 ditione
1377 2489 1609 2531 ecclesiastica,
1630 2490 1721 2523 nullo
1738 2498 1880 2532 unquam
1898 2493 1978 2520 tem-

1238 2556 1317 2589 pore
1353 2546 1402 2579 vel
1435 2544 1554 2585 modo,
1579 2554 1617 2577 ex
1642 2543 1750 2587 aliqua
1782 2541 1884 2585 gratia
1922 2550 1979 2574 seu

1237 2598 1495 2642 compositione,
1524 2598 1572 2631 vel
1598 2606 1656 2641 per
1681 2595 1762 2631 viam
1787 2593 1980 2631 cassationis
