2232 3178
48 163 95 189 Αη.
111 161 139 188 G.
162 158 229 187 ¹739

47 1289 148 1311 cubicula
158 1291 220 1312 unius

39 1321 134 1338 camerae
155 1321 175 1338 et
190 1319 220 1339 al-

39 1345 110 1365 unus.

860 160 1001 184 CLEMENS
1029 160 1070 184 xll
1096 161 1145 184 ΓΡ.

278 207 369 237 Nemo
393 207 483 237 libros
506 207 568 237 sine
588 207 710 238 licentia
738 207 829 247 patris
859 208 982 238 rectoris

238 257 269 285 in
287 256 404 295 scriptis
420 256 581 286 obtinenda
596 257 624 286 in
643 257 793 296 proprium
813 257 981 287 cubiculum

238 305 360 342 deferat,
386 309 413 335 et
436 307 521 335 nacta
544 306 692 342 facultate,
710 305 805 335 tradat
826 305 983 336 bibliothe-

238 363 288 383 cae
311 354 424 384 custodi
446 354 583 384 licentiae
606 354 792 390 schedulam,
817 355 981 385 adnotando

238 401 291 432 sub
314 403 349 431 ea
372 402 489 441 proprio
512 403 681 432 charactere
703 412 807 433 nomen
832 413 928 440 suum,
953 408 981 434 et

237 450 343 481 librum
367 450 423 480 sibi
445 451 672 481 commodatum.

526 512 561 530 De
576 511 686 530 archivio,

276 550 354 579 lnfra
378 554 435 580 tres
463 559 577 580 menses
604 550 759 580 ordinatim
787 550 980 589 disponantur

234 597 397 637 scripturae
420 602 448 628 et
471 597 538 628 libri
561 598 680 628 relative
696 599 730 628 ad
746 599 914 637 generalem
937 599 979 628 in-

234 645 327 675 dicem
351 646 380 675 in
403 646 534 676 archivio
557 651 719 685 repertum,
736 651 764 677 et
786 647 866 677 iuxta
890 656 977 686 quem

234 694 353 724 fuerunt
374 694 442 724 olim
466 695 622 733 diligenter
644 695 761 725 retenti.

529 754 561 772 De
577 754 685 776 collegio.

273 792 359 822 Porta
381 792 521 823 clathrata
541 793 701 823 introrsum
724 793 790 823 atrii
814 802 827 823 a
852 793 977 824 ianitore

233 841 330 871 clausa
353 841 545 877 custodiatur,
569 850 605 871 ne
629 850 681 880 per
702 850 765 871 eam
789 842 978 873 discurrenti-

233 889 288 919 bus
320 889 446 919 alumnis
478 899 530 929 per
558 889 797 921 deambulacrum
827 891 862 921 ad
891 891 977 921 vesti-

233 937 333 968 bulum
353 942 450 977 pateat
473 938 582 968 aditus.

271 987 390 1017 Alumni
413 996 508 1027 neque
532 992 694 1026 morentur,
719 998 813 1028 neque
836 990 975 1019 accedant

232 1037 265 1066 ad
290 1035 488 1074 vestibulum,
512 1045 607 1076 neque
641 1041 794 1067 extraneos
828 1038 857 1068 in
889 1038 977 1068 colle-

231 1085 323 1123 gium,
348 1085 499 1124 multoque
522 1085 620 1115 minus
652 1086 681 1115 in
714 1086 848 1116 cubicula
872 1087 975 1116 admit-

232 1139 295 1164 tant
317 1134 428 1174 absque
450 1134 569 1165 licentia
592 1135 683 1174 patris
705 1136 829 1165 rectoris
848 1145 899 1165 seu
922 1136 974 1165 mi-

234 1183 330 1212 nistri.

442 1239 475 1257 ne
491 1239 604 1258 cubiculis
619 1240 770 1258 alumnorum.

271 1281 347 1312 Ordo
369 1281 571 1312 cubiculorum
594 1283 634 1313 ita
658 1283 845 1323 disponatur,
870 1288 901 1314 ut
924 1294 973 1314 cu-

231 1330 328 1361 bicula
352 1331 438 1361 unius
460 1341 592 1362 camerae
614 1332 673 1362 sint
695 1342 817 1372 prorsus
838 1333 974 1364 distincta

231 1384 318 1419 atque
339 1380 470 1410 seiuncta
494 1390 508 1410 a
534 1380 681 1411 cubiculis
703 1382 888 1412 alumnorum
906 1383 975 1413 alte-

230 1429 293 1459 rius
315 1438 459 1459 camerae.

270 1477 340 1508 Cum
363 1478 397 1508 de
420 1487 501 1508 more
533 1479 563 1508 in
598 1478 728 1518 quolibet
762 1481 897 1510 semestri
920 1481 974 1510 im-

231 1528 369 1558 mutanda
392 1528 450 1558 siut
477 1537 528 1567 per
561 1533 652 1558 sortes
685 1530 869 1559 alumnorum
893 1529 975 1560 cubi-

231 1577 307 1615 cula,
332 1577 373 1607 eis
396 1577 518 1607 vetitum
536 1577 574 1607 sit
591 1578 703 1607 tabulas
723 1579 825 1617 pictas,
843 1579 974 1618 aliasque

231 1626 386 1665 imagines,
404 1630 521 1665 praeter
536 1626 601 1656 illas
623 1627 745 1657 retineri
768 1628 887 1664 solitas,
912 1637 974 1657 mu-

232 1675 272 1705 ris
296 1676 396 1714 figere,
420 1684 457 1705 ne
485 1684 536 1715 per
558 1675 803 1714 glutinamentum
831 1677 891 1706 sive
917 1677 974 1707 cla-

232 1734 334 1755 vorum
370 1724 512 1755 foramina
549 1724 675 1754 dealbati
713 1725 840 1764 parietes
878 1726 973 1756 (lefor-

231 1779 360 1804 metitur.

271 1823 386 1854 Eisdem
410 1822 519 1863 pariter
541 1823 670 1853 alumnis
702 1823 849 1854 sociorum
883 1825 974 1854 intro-

230 1873 328 1903 ductio
351 1873 380 1902 in
403 1872 538 1903 cubicula
567 1876 655 1912 atque
678 1873 903 1904 comestibilium
928 1884 972 1904 re-

231 1922 321 1953 tentio
343 1922 407 1952 sine
428 1922 551 1952 licentia
573 1922 759 1962 superiorum
789 1922 826 1953 sit
855 1923 972 1954 omnino

230 1972 330 2002 vetita.

269 2020 331 2051 Non
364 2020 451 2051 liceat
486 2020 615 2051 alumnis
651 2020 740 2051 studii
778 2024 909 2060 tempore
945 2026 973 2052 et

230 2069 311 2099 boris
333 2078 434 2100 somno
457 2064 612 2109 assignatis
644 2079 659 2100 e
689 2069 833 2100 cubiculis
860 2070 970 2109 egredi,

231 2124 259 2150 et
281 2129 349 2149 cura
372 2119 410 2149 sit
433 2119 524 2158 patris
547 2119 674 2149 ministri
698 2129 748 2159 per
770 2129 800 2150 se
816 2120 912 2159 ipsum
929 2120 972 2150 vel

232 2178 283 2208 per
301 2168 392 2198 alium
412 2167 459 2197 diu
483 2172 631 2207 noctuque
648 2177 705 2198 non
724 2169 808 2199 modo
825 2169 971 2209 cubicula,

231 2217 281 2247 sed
304 2217 391 2247 etiam
419 2216 575 2246 armariola
607 2216 793 2247 alumnorum
821 2227 973 2258 saepesae-

232 2266 296 2305 pius
318 2266 481 2304 explorare.

528 2325 562 2343 De
577 2324 681 2343 officinis.

270 2363 411 2395 officialis
434 2363 645 2403 cuiuscumque
669 2363 817 2401 officinae,
841 2368 869 2394 et
892 2373 974 2404 prae-

231 2413 331 2444 sertim
354 2418 452 2443 custos
481 2413 571 2443 cellae
600 2413 730 2443 vinariae
753 2416 781 2443 ct
803 2413 971 2453 obsonator,

231 2462 338 2493 librum
362 2462 497 2500 retineat,
518 2463 546 2492 in
563 2472 621 2502 quo
637 2462 738 2492 dietim
761 2466 789 2492 et
812 2462 972 2493 distinctim

231 2512 386 2542 adnotetur
419 2511 560 2543 introitus
596 2516 624 2542 et
660 2511 755 2542 exitus
790 2521 904 2551 rerum,
938 2513 973 2544 ad

231 2560 392 2601 quamlibet
415 2570 452 2591 ex
474 2560 602 2591 officinis
624 2561 833 2601 spectantium,
851 2566 882 2593 ut
897 2571 974 2593 com-

320 2618 398 2648 Bull.
419 2618 503 2647 Rom.
525 2633 558 2639 —
581 2618 640 2647 Vol.
662 2618 789 2649 XXXIV.
917 2619 951 2646 74

1669 152 1732 186 585
1777 162 1827 189 An.
1845 163 1871 189 c.
1898 163 1962 191 1739

1026 213 1094 248 puta
1117 218 1131 238 a
1156 212 1237 248 patre
1260 214 1375 240 rectore
1400 210 1442 240 vel
1465 210 1580 248 collegii
1611 211 1768 241 ratiocina-

1027 262 1087 288 tore
1104 268 1219 298 semper
1234 263 1261 289 et
1277 259 1520 300 quandocumque
1543 260 1619 298 exigi
1643 261 1764 300 possint.

1304 319 1335 337 De
1351 320 1487 337 coenaculo.

1067 356 1136 385 llum
1162 366 1212 396 per
1232 350 1369 386 'alumnos
1396 358 1424 386 in
1449 358 1544 397 prima
1573 360 1672 388 mensa
1697 369 1767 399 epu-

1026 404 1111 442 latur,
1147 405 1312 443 rigorosum
1346 406 1519 436 observetur
1547 407 1712 445 silentium,
1736 412 1765 437 ut

1025 453 1131 491 pabulo
1170 463 1269 483 sacrae
1306 459 1333 483 et
1373 454 1590 485 ecclesiasticae
1633 456 1766 486 lectionis

1025 502 1235 532 manducantes
1258 503 1393 542 spiritum
1417 505 1561 534 reficiant.

1063 549 1146 580 Nulla
1186 551 1301 589 penitus
1337 552 1500 582 differentia
1538 553 1653 583 intersit
1688 554 1766 584 inter

1023 608 1153 629 mensam
1172 604 1286 638 patrum
1303 601 1455 631 Societatis
1472 601 1500 630 in
1519 602 1641 640 collegio
1658 602 1763 641 degen-

1023 648 1095 677 tium
1119 652 1147 678 et.
1171 658 1300 678 mensam
1325 650 1526 686 alumnorum,
1545 651 1647 690 quinta
1670 655 1698 681 et
1720 661 1765 680 se-

996 703 1002 714 ·
1023 697 1115 736 ptima
1130 697 1204 726 feria
1221 707 1277 727 una
1295 698 1418 728 addatur
1437 699 1543 737 portio,
1562 704 1591 728 ut
1608 699 1764 738 prandium

1021 754 1104 775 suam
1127 746 1251 784 singulis
1273 746 1472 777 hebdomadae
1492 748 1595 777 diebus
1618 749 1765 787 quantita-

1022 799 1078 824 tem
1093 795 1271 825 conformem
1289 795 1410 833 habeat3
1426 796 1651 827 solemnioribus
1667 802 1764 827 autem

1021 844 1112 881 festis,
1137 854 1193 874 una
1216 854 1250 874 ex
1277 845 1376 875 multis
1399 845 1582 884 portionibus
1615 846 1649 876 de
1684 855 1765 876 more

1020 892 1081 922 dari
1115 893 1209 923 solitis
1241 893 1440 924 subducatur:
1476 894 1632 924 merendae
1654 899 1762 930 autem,

1020 951 1093 981 quae
1114 942 1238 972 diversis
1260 943 1329 973 anni
1361 943 1540 983 temporibus
1574 943 1762 983 praebentur,

1019 992 1138 1022 omnino
1162 993 1320 1030 tollantur;
1345 993 1465 1023 arbitrio
1488 998 1583 1023 tamen
1607 994 1698 1032 patris
1720 1003 1764 1023 re-

1019 1040 1108 1069 ctoris
1141 1041 1318 1080 relinquitur
1351 1042 1472 1071 facultas
1505 1042 1683 1071 concedendi
1706 1052 1764 1072 me-

1019 1089 1135 1127 rendas,
1151 1090 1220 1119 dum
1237 1090 1456 1120 autumnalibus
1472 1091 1672 1120 vacationibus
1685 1091 1764 1120 Illon—

1018 1142 1046 1167 te
1071 1138 1162 1168 Portii
1197 1139 1309 1168 alumni
1342 1139 1539 1176 rusticamur,
1574 1143 1602 1169 et
1637 1139 1764 1178 denique

1018 1190 1132 1225 praeter
1164 1186 1360 1225 ientaculum,
1395 1187 1550 1226 prandium
1583 1192 1611 1217 et
1643 1197 1763 1217 coenam

1018 1235 1140 1265 vetitum
1163 1236 1200 1265 sit
1228 1236 1297 1275 quid
1321 1236 1475 1266 minimum
1507 1236 1565 1266 cibi
1600 1237 1643 1266 vel
1667 1241 1762 1276 potus,

1018 1283 1079 1313 sive
1102 1284 1175 1323 ruri,
1193 1284 1253 1314 sive
1269 1285 1299 1314 in
1316 1284 1404 1323 Urbe,
1422 1285 1549 1315 alumnis
1565 1285 1762 1325 suppeditare.

1193 1345 1225 1363 De
1240 1344 1469 1363 administratoribus
1484 1345 1585 1367 collegii.

1057 1382 1281 1413 Administratio
1304 1388 1332 1413 et
1353 1383 1489 1422 gubernii
1508 1393 1577 1414 cura
1593 1384 1623 1414 in
1640 1384 1763 1423 Anglieo
1801 1403 1903 1424 Numerus
1920 1410 1960 1429 pa-

1018 1432 1180 1462 exercenda
1209 1432 1331 1471 collegio
1364 1442 1431 1462 cum
1468 1433 1589 1472 provide
1622 1434 1710 1464 fuerit
1747 1431 1958 1482 a{22:1¹fi'j'1⁴J‚¹g'i¹?¹''L³‚

1018 1480 1159 1519 Gregorio
1182 1481 1243 1510 Xlll
1267 1481 1400 1520 patribus
1422 1482 1575 1512 Societatis
1597 1483 1662 1512 lesu
1685 1487 1891 1513 00111-50s*¹¹¹11¹¹¹·

1019 1530 1123 1566 missa;
1147 1530 1255 1560 idcirco
1278 1540 1293 1559 a
1315 1531 1516 1569 superioribus
1532 1531 1625 1561 dictae
1643 1541 1762 1562 venera-

1018 1578 1085 1608 bilis
1098 1578 1250 1609 Societatis
1274 1580 1456 1610 destinentur
1479 1581 1609 1620 quinque
1632 1581 1763 1619 religiosi

1018 1628 1183 1658 sacerdotes
1206 1633 1234 1658 et
1256 1633 1382 1668 quatuor
1416 1630 1519 1658 fratres
1552 1630 1631 1667 laici,
1655 1630 1763 1669 quibus

1017 1677 1134 1715 collegii
1150 1686 1218 1706 cura
1235 1677 1272 1707 sit
1288 1677 1473 1715 demandata,
1499 1688 1592 1717 neque
1616 1680 1763 1717 praefixus

1018 1734 1158 1755 numerus
1181 1725 1285 1764 quovis
1318 1730 1468 1765 praetextu
1500 1726 1610 1766 absque
1642 1728 1762 1766 speciali

1017 1774 1153 1804 facultate
1176 1774 1401 1803 eminentissimi
1425 1775 1599 1813 protectoris
1620 1781 1762 1813 augeatur

1017 1833 1112 1863 neque
1135 1823 1300 1861 minuatur,
1325 1832 1362 1853 ne
1385 1832 1436 1862 per
1458 1823 1672 1854 incrementum
1696 1825 1763 1855 reli-

1016 1872 1165 1910 giosorum
1182 1880 1321 1901 uumerus
1337 1871 1521 1901 alan-morum
1538 1873 1699 1911 decrescat,
1718 1874 1761 1904 vel

1017 1931 1069 1961 per
1101 1921 1311 1951 detrimentum
1344 1921 1504 1951 necessarii
1536 1921 1673 1952 deficiant
1702 1923 1763 1953 ofli-

1017 1971 1117 2001 ciales.

1056 2022 1103 2050 Ex
1125 2019 1327 2050 sacerdotibus
1349 2020 1546 2050 constituatur
1577 2025 1684 2059 rector,
1709 2023 1763 2053 mi-

1017 2071 1118 2106 nister,
1143 2069 1307 2109 praefectus
1335 2069 1458 2108 spiritus
1480 2074 1508 2099 et
1531 2069 1587 2099 duo
1610 2071 1761 2109 magistri3

1016 2129 1054 2149 ex
1075 2119 1158 2149 laicis
1179 2118 1297 2155 ianitor,
1331 2118 1515 2155 distributor,
1550 2118 1706 2150 obsonator
1735 2125 1763 2151 ct

1016 2167 1114 2198 socius
1137 2167 1228 2206 patris
1251 2166 1386 2196 rectoris.
1410 2167 1564 2197 Praeterea
1587 2168 1643 2198 duo
1666 2169 1761 2199 adsint

1017 2216 1156 2257 praefecti
1185 2216 1350 2246 sacerdotes
1384 2217 1558 2254 saeculares,
1583 2221 1611 2247 et
1638 2221 1762 2257 quatuor

1016 2266 1117 2297 famuli
1140 2265 1287 2305 stipendio
1309 2266 1457 2303 conducti⁷
1474 2275 1579 2306 nempe
1599 2276 1709 2306 coquus
1732 2271 1760 2297 et

1016 2317 1078 2347 eius
1101 2316 1229 2355 adiutor,
1253 2319 1349 2345 sartor
1371 2320 1400 2345 et
1421 2320 1512 2346 sutor.

1316 2375 1348 2393 De
1363 2375 1467 2393 rectore.

1056 2414 1126 2444 Cum
1150 2423 1208 2444 non
1232 2413 1316 2443 modo
1343 2413 1467 2443 rectoris
1499 2413 1627 2443 officium
1661 2413 1699 2444 sit
1727 2424 1758 2444 ea
1793 2430 1954 2451 neem-mn...

1016 2473 1089 2504 quae
1122 2463 1157 2493 ad
1179 2462 1368 2493 domesticam
1402 2462 1517 2500 collegii
1549 2457 1955 2502 disciplinam‚¹³⁵d⁰⁵⁰¹¹¹¹·⁰³“>⁴·

1016 2513 1066 2544 sed
1089 2513 1178 2543 etiam
1207 2521 1281 2551 quae
1309 2511 1343 2541 ad
1374 2515 1484 2541 rectam
1514 2511 1681 2542 reddituum
1711 2513 1759 2543 ad-

1017 2561 1264 2594 ministrationem
1286 2560 1435 2601 pertinent
1465 2570 1618 2600 excrcere,
1648 2561 1679 2593 in
1701 2571 1758 2603 quo
