<?xml version="1.0" encoding="UTF-8"?>
<!DOCTYPE html PUBLIC "-//W3C//DTD XHTML 1.0 Transitional//EN"
    "http://www.w3.org/TR/xhtml1/DTD/xhtml1-transitional.dtd">
<html xmlns="http://www.w3.org/1999/xhtml" xml:lang="en" lang="en">
 <head>
  <title>
</title>
<meta http-equiv="Content-Type" content="text/html;charset=utf-8" />
  <meta name='ocr-system' content='tesseract 3.04.00' />
  <meta name='ocr-capabilities' content='ocr_page ocr_carea ocr_par ocr_line ocrx_word'/>
</head>
<body>
  <div class='ocr_page' id='page_1' title='image "./bullarumdiplomat24cath_0437.png"; bbox 0 0 2232 3178; ppageno 0'>
   <div class='ocr_carea' id='block_1_1' title="bbox 32 206 217 242">
    <p class='ocr_par' dir='ltr' id='par_1_1' title="bbox 32 206 217 242">
     <span class='ocr_line' id='line_1_1' title="bbox 32 206 217 242; baseline -0.016 -5"><span class='ocrx_word' id='word_1_1' title='bbox 32 213 84 242; x_wconf 66' lang='lat' dir='ltr'>An.</span> <span class='ocrx_word' id='word_1_2' title='bbox 103 209 131 237; x_wconf 84' lang='lat' dir='ltr'>C.</span> <span class='ocrx_word' id='word_1_3' title='bbox 152 206 217 236; x_wconf 78' lang='lat'><strong>¹738</strong></span> 
     </span>
    </p>
   </div>
   <div class='ocr_carea' id='block_1_2' title="bbox 218 251 959 580">
    <p class='ocr_par' dir='ltr' id='par_1_2' title="bbox 218 251 959 580">
     <span class='ocr_line' id='line_1_2' title="bbox 219 251 957 291; baseline -0.005 -7"><span class='ocrx_word' id='word_1_4' title='bbox 219 262 280 284; x_wconf 88' lang='lat' dir='ltr'>ram</span> <span class='ocrx_word' id='word_1_5' title='bbox 303 252 496 291; x_wconf 77' lang='lat' dir='ltr'>designatam,</span> <span class='ocrx_word' id='word_1_6' title='bbox 514 261 567 283; x_wconf 86' lang='lat' dir='ltr'>nee</span> <span class='ocrx_word' id='word_1_7' title='bbox 583 252 641 282; x_wconf 91' lang='lat' dir='ltr'>sint</span> <span class='ocrx_word' id='word_1_8' title='bbox 657 252 730 282; x_wconf 80' lang='lat' dir='ltr'>infra</span> <span class='ocrx_word' id='word_1_9' title='bbox 753 251 844 282; x_wconf 87' lang='lat' dir='ltr'>illam.</span> <span class='ocrx_word' id='word_1_10' title='bbox 865 251 957 281; x_wconf 86' lang='lat' dir='ltr'>Idem-</span> 
     </span>
     <span class='ocr_line' id='line_1_3' title="bbox 219 300 956 342; baseline -0.004 -10"><span class='ocrx_word' id='word_1_11' title='bbox 219 311 274 342; x_wconf 85' lang='lat' dir='ltr'>que</span> <span class='ocrx_word' id='word_1_12' title='bbox 290 301 435 339; x_wconf 88' lang='lat' dir='ltr'>volumus,</span> <span class='ocrx_word' id='word_1_13' title='bbox 460 300 649 340; x_wconf 80' lang='lat' dir='ltr'>proportione</span> <span class='ocrx_word' id='word_1_14' title='bbox 666 301 793 337; x_wconf 74' lang='lat' dir='ltr'>servata,</span> <span class='ocrx_word' id='word_1_15' title='bbox 811 300 845 330; x_wconf 88' lang='lat' dir='ltr'>de</span> <span class='ocrx_word' id='word_1_16' title='bbox 863 300 956 330; x_wconf 90' lang='lat' dir='ltr'>curio-</span> 
     </span>
     <span class='ocr_line' id='line_1_4' title="bbox 219 349 958 389; baseline -0.004 -8"><span class='ocrx_word' id='word_1_17' title='bbox 219 351 302 381; x_wconf 85' lang='lat' dir='ltr'>sitate</span> <span class='ocrx_word' id='word_1_18' title='bbox 324 350 530 388; x_wconf 88' lang='lat' dir='ltr'>ecclesiarum,</span> <span class='ocrx_word' id='word_1_19' title='bbox 548 359 622 389; x_wconf 89' lang='lat' dir='ltr'>quae</span> <span class='ocrx_word' id='word_1_20' title='bbox 645 359 760 388; x_wconf 82' lang='lat' dir='ltr'>semper</span> <span class='ocrx_word' id='word_1_21' title='bbox 776 349 856 379; x_wconf 82' lang='lat' dir='ltr'>iuxta</span> <span class='ocrx_word' id='word_1_22' title='bbox 873 359 958 387; x_wconf 86' lang='lat' dir='ltr'>regu-</span> 
     </span>
     <span class='ocr_line' id='line_1_5' title="bbox 220 397 958 437; baseline -0.004 -8"><span class='ocrx_word' id='word_1_23' title='bbox 220 400 276 429; x_wconf 85' lang='lat' dir='ltr'>lam</span> <span class='ocrx_word' id='word_1_24' title='bbox 292 403 422 429; x_wconf 84' lang='lat' dir='ltr'>nostram</span> <span class='ocrx_word' id='word_1_25' title='bbox 440 398 548 428; x_wconf 89' lang='lat' dir='ltr'>debent</span> <span class='ocrx_word' id='word_1_26' title='bbox 564 407 627 428; x_wconf 88' lang='lat' dir='ltr'>esse</span> <span class='ocrx_word' id='word_1_27' title='bbox 643 398 721 437; x_wconf 85' lang='lat' dir='ltr'>plani</span> <span class='ocrx_word' id='word_1_28' title='bbox 738 398 845 436; x_wconf 86' lang='lat' dir='ltr'>operis.</span> <span class='ocrx_word' id='word_1_29' title='bbox 869 397 958 427; x_wconf 82' lang='lat' dir='ltr'>Maior</span> 
     </span>
     <span class='ocr_line' id='line_1_6' title="bbox 218 446 958 478; baseline -0.003 -1"><span class='ocrx_word' id='word_1_30' title='bbox 218 452 314 478; x_wconf 88' lang='lat' dir='ltr'>autem</span> <span class='ocrx_word' id='word_1_31' title='bbox 337 447 477 477; x_wconf 88' lang='lat' dir='ltr'>cellarum</span> <span class='ocrx_word' id='word_1_32' title='bbox 501 451 529 476; x_wconf 93' lang='lat' dir='ltr'>et</span> <span class='ocrx_word' id='word_1_33' title='bbox 552 447 737 476; x_wconf 82' lang='lat' dir='ltr'>officinarum</span> <span class='ocrx_word' id='word_1_34' title='bbox 767 455 906 476; x_wconf 89' lang='lat' dir='ltr'>numerus</span> <span class='ocrx_word' id='word_1_35' title='bbox 929 446 958 475; x_wconf 92' lang='lat' dir='ltr'>in</span> 
     </span>
     <span class='ocr_line' id='line_1_7' title="bbox 218 496 959 536; baseline -0.003 -10"><span class='ocrx_word' id='word_1_36' title='bbox 218 505 394 536; x_wconf 88' lang='lat' dir='ltr'>unoquoque</span> <span class='ocrx_word' id='word_1_37' title='bbox 416 500 562 526; x_wconf 85' lang='lat' dir='ltr'>conventu</span> <span class='ocrx_word' id='word_1_38' title='bbox 592 496 765 535; x_wconf 83' lang='lat' dir='ltr'>disponatur</span> <span class='ocrx_word' id='word_1_39' title='bbox 794 496 874 525; x_wconf 85' lang='lat' dir='ltr'>iuxta</span> <span class='ocrx_word' id='word_1_40' title='bbox 899 505 959 525; x_wconf 87' lang='lat' dir='ltr'>ma-</span> 
     </span>
     <span class='ocr_line' id='line_1_8' title="bbox 218 542 957 580; baseline -0.001 -8"><span class='ocrx_word' id='word_1_41' title='bbox 218 543 309 572; x_wconf 88' lang='lat' dir='ltr'>iorem</span> <span class='ocrx_word' id='word_1_42' title='bbox 332 543 378 572; x_wconf 79' lang='lat' dir='ltr'>vel</span> <span class='ocrx_word' id='word_1_43' title='bbox 400 542 543 572; x_wconf 87' lang='lat' dir='ltr'>minorem</span> <span class='ocrx_word' id='word_1_44' title='bbox 565 542 769 580; x_wconf 87' lang='lat' dir='ltr'>religiosorum</span> <span class='ocrx_word' id='word_1_45' title='bbox 789 551 957 580; x_wconf 89' lang='lat' dir='ltr'>numerum,</span> 
     </span>
    </p>
   </div>
   <div class='ocr_carea' id='block_1_3' title="bbox 181 590 710 636">
    <p class='ocr_par' dir='ltr' id='par_1_3' title="bbox 181 590 710 636">
     <span class='ocr_line' id='line_1_9' title="bbox 181 590 710 636; baseline -0.004 -15"><span class='ocrx_word' id='word_1_46' title='bbox 181 631 185 636; x_wconf 91' lang='lat'><em>.</em></span> <span class='ocrx_word' id='word_1_47' title='bbox 220 591 269 630; x_wconf 93' lang='lat' dir='ltr'>qui</span> <span class='ocrx_word' id='word_1_48' title='bbox 291 590 402 621; x_wconf 80' lang='lat' dir='ltr'>ibidem</span> <span class='ocrx_word' id='word_1_49' title='bbox 425 591 585 621; x_wconf 87' lang='lat' dir='ltr'>sustentari</span> <span class='ocrx_word' id='word_1_50' title='bbox 607 591 710 621; x_wconf 87' lang='lat' dir='ltr'>valeat.</span> 
     </span>
    </p>
   </div>
   <div class='ocr_carea' id='block_1_4' title="bbox 419 677 758 701">
    <p class='ocr_par' dir='ltr' id='par_1_4' title="bbox 419 677 758 701">
     <span class='ocr_line' id='line_1_10' title="bbox 419 677 758 701; baseline -0.003 0"><span class='ocrx_word' id='word_1_51' title='bbox 419 677 567 701; x_wconf 64' lang='lat' dir='ltr'>REGULAE</span> <span class='ocrx_word' id='word_1_52' title='bbox 588 677 688 701; x_wconf 61' lang='lat' dir='ltr'>CAPUT</span> <span class='ocrx_word' id='word_1_53' title='bbox 714 677 758 700; x_wconf 85' lang='lat' dir='ltr'>lv.</span> 
     </span>
    </p>
   </div>
   <div class='ocr_carea' id='block_1_5' title="bbox 282 726 899 747">
    <p class='ocr_par' dir='ltr' id='par_1_5' title="bbox 282 726 899 747">
     <span class='ocr_line' id='line_1_11' title="bbox 282 726 899 747; baseline -0.002 -2"><span class='ocrx_word' id='word_1_54' title='bbox 282 727 377 746; x_wconf 66' lang='lat' dir='ltr'>Fratres</span> <span class='ocrx_word' id='word_1_55' title='bbox 391 727 478 745; x_wconf 74' lang='lat' dir='ltr'>debent</span> <span class='ocrx_word' id='word_1_56' title='bbox 492 731 545 745; x_wconf 78' lang='lat' dir='ltr'>esse</span> <span class='ocrx_word' id='word_1_57' title='bbox 559 727 582 744; x_wconf 90' lang='lat' dir='ltr'>in</span> <span class='ocrx_word' id='word_1_58' title='bbox 598 726 641 744; x_wconf 64' lang='lat' dir='ltr'>una</span> <span class='ocrx_word' id='word_1_59' title='bbox 656 726 837 747; x_wconf 64' lang='lat' dir='ltr'>cohabitatione,</span> <span class='ocrx_word' id='word_1_60' title='bbox 854 726 899 744; x_wconf 77' lang='lat' dir='ltr'>etc.</span> 
     </span>
    </p>
   </div>
   <div class='ocr_carea' id='block_1_6' title="bbox 236 778 946 868">
    <p class='ocr_par' dir='ltr' id='par_1_6' title="bbox 236 778 946 868">
     <span class='ocr_line' id='line_1_12' title="bbox 236 778 946 817; baseline -0.004 -7"><span class='ocrx_word' id='word_1_61' title='bbox 236 778 333 810; x_wconf 79' lang='lat' dir='ltr'>CAPUT</span> <span class='ocrx_word' id='word_1_62' title='bbox 355 789 395 810; x_wconf 70' lang='grc' dir='ltr'>ιν.</span> <span class='ocrx_word' id='word_1_63' title='bbox 421 799 455 802; x_wconf 91' lang='grc'>-</span> <span class='ocrx_word' id='word_1_64' title='bbox 487 779 527 809; x_wconf 84' lang='lat' dir='ltr'>De</span> <span class='ocrx_word' id='word_1_65' title='bbox 548 789 662 809; x_wconf 73' lang='lat' dir='ltr'>numero</span> <span class='ocrx_word' id='word_1_66' title='bbox 685 779 876 817; x_wconf 67' lang='lat' dir='ltr'>religiosorum</span> <span class='ocrx_word' id='word_1_67' title='bbox 899 779 946 817; x_wconf 77' lang='lat' dir='ltr'>qui</span> 
     </span>
     <span class='ocr_line' id='line_1_13' title="bbox 335 828 847 868; baseline -0.004 -9"><span class='ocrx_word' id='word_1_68' title='bbox 335 829 411 859; x_wconf 82' lang='lat' dir='ltr'>debet</span> <span class='ocrx_word' id='word_1_69' title='bbox 433 839 488 859; x_wconf 84' lang='lat' dir='ltr'>esse</span> <span class='ocrx_word' id='word_1_70' title='bbox 510 830 539 858; x_wconf 85' lang='lat' dir='ltr'>in</span> <span class='ocrx_word' id='word_1_71' title='bbox 561 828 680 868; x_wconf 76' lang='lat' dir='ltr'>quolibet</span> <span class='ocrx_word' id='word_1_72' title='bbox 702 832 847 858; x_wconf 73' lang='lat' dir='ltr'>concentu.</span> 
     </span>
    </p>
   </div>
   <div class='ocr_carea' id='block_1_7' title="bbox 221 885 964 1220">
    <p class='ocr_par' dir='ltr' id='par_1_7' title="bbox 221 885 964 1220">
     <span class='ocr_line' id='line_1_14' title="bbox 262 885 962 924; baseline -0.003 -7"><span class='ocrx_word' id='word_1_73' title='bbox 262 886 294 917; x_wconf 91' lang='lat' dir='ltr'>ln</span> <span class='ocrx_word' id='word_1_74' title='bbox 310 887 419 917; x_wconf 90' lang='lat' dir='ltr'>nostris</span> <span class='ocrx_word' id='word_1_75' title='bbox 435 885 627 917; x_wconf 89' lang='lat' dir='ltr'>conventibus</span> <span class='ocrx_word' id='word_1_76' title='bbox 639 890 667 916; x_wconf 90' lang='lat' dir='ltr'>et</span> <span class='ocrx_word' id='word_1_77' title='bbox 683 886 814 924; x_wconf 79' lang='lat' dir='ltr'>collegiis</span> <span class='ocrx_word' id='word_1_78' title='bbox 831 886 868 916; x_wconf 90' lang='lat' dir='ltr'>sit</span> <span class='ocrx_word' id='word_1_79' title='bbox 884 895 962 916; x_wconf 89' lang='lat' dir='ltr'>com-</span> 
     </span>
     <span class='ocr_line' id='line_1_15' title="bbox 221 935 961 975; baseline -0.003 -9"><span class='ocrx_word' id='word_1_80' title='bbox 221 940 323 975; x_wconf 87' lang='lat' dir='ltr'>petens</span> <span class='ocrx_word' id='word_1_81' title='bbox 355 945 496 966; x_wconf 89' lang='lat' dir='ltr'>numerus</span> <span class='ocrx_word' id='word_1_82' title='bbox 528 935 652 966; x_wconf 79' lang='lat' dir='ltr'>fratrum</span> <span class='ocrx_word' id='word_1_83' title='bbox 679 936 759 965; x_wconf 83' lang='lat' dir='ltr'>iuxta</span> <span class='ocrx_word' id='word_1_84' title='bbox 790 935 961 974; x_wconf 82' lang='lat' dir='ltr'>prudentem</span> 
     </span>
     <span class='ocr_line' id='line_1_16' title="bbox 221 984 961 1024; baseline -0.001 -11"><span class='ocrx_word' id='word_1_85' title='bbox 221 984 312 1023; x_wconf 88' lang='lat' dir='ltr'>patris</span> <span class='ocrx_word' id='word_1_86' title='bbox 335 984 524 1024; x_wconf 88' lang='lat' dir='ltr'>provincialis</span> <span class='ocrx_word' id='word_1_87' title='bbox 550 984 782 1023; x_wconf 78' lang='lat' dir='ltr'>dispositionem.</span> <span class='ocrx_word' id='word_1_88' title='bbox 806 984 961 1023; x_wconf 79' lang='lat' dir='ltr'>Nunquam</span> 
     </span>
     <span class='ocr_line' id='line_1_17' title="bbox 221 1033 964 1064; baseline 0 -2"><span class='ocrx_word' id='word_1_89' title='bbox 221 1037 319 1063; x_wconf 88' lang='lat' dir='ltr'>tamen</span> <span class='ocrx_word' id='word_1_90' title='bbox 350 1034 409 1063; x_wconf 89' lang='lat' dir='ltr'>sint</span> <span class='ocrx_word' id='word_1_91' title='bbox 438 1034 511 1064; x_wconf 84' lang='lat' dir='ltr'>infra</span> <span class='ocrx_word' id='word_1_92' title='bbox 542 1034 696 1064; x_wconf 81' lang='lat' dir='ltr'>tresdecim</span> <span class='ocrx_word' id='word_1_93' title='bbox 720 1034 859 1063; x_wconf 88' lang='lat' dir='ltr'>continuo</span> <span class='ocrx_word' id='word_1_94' title='bbox 883 1033 964 1062; x_wconf 87' lang='lat' dir='ltr'>babi-</span> 
     </span>
     <span class='ocr_line' id='line_1_18' title="bbox 222 1082 964 1122; baseline -0.001 -10"><span class='ocrx_word' id='word_1_95' title='bbox 222 1082 345 1112; x_wconf 90' lang='lat' dir='ltr'>tantium</span> <span class='ocrx_word' id='word_1_96' title='bbox 368 1083 445 1113; x_wconf 89' lang='lat' dir='ltr'>intra</span> <span class='ocrx_word' id='word_1_97' title='bbox 469 1083 612 1121; x_wconf 88' lang='lat' dir='ltr'>claustra,</span> <span class='ocrx_word' id='word_1_98' title='bbox 643 1083 718 1113; x_wconf 84' lang='lat' dir='ltr'>sicut</span> <span class='ocrx_word' id='word_1_99' title='bbox 748 1082 890 1122; x_wconf 77' lang='lat' dir='ltr'>praecipit</span> <span class='ocrx_word' id='word_1_100' title='bbox 918 1091 964 1111; x_wconf 90' lang='lat' dir='ltr'>re-</span> 
     </span>
     <span class='ocr_line' id='line_1_19' title="bbox 222 1131 964 1171; baseline -0.001 -10"><span class='ocrx_word' id='word_1_101' title='bbox 222 1131 301 1169; x_wconf 85' lang='lat' dir='ltr'>gula,</span> <span class='ocrx_word' id='word_1_102' title='bbox 325 1136 532 1171; x_wconf 77' lang='lat' dir='ltr'>praeterquam</span> <span class='ocrx_word' id='word_1_103' title='bbox 554 1132 582 1161; x_wconf 94' lang='lat' dir='ltr'>in</span> <span class='ocrx_word' id='word_1_104' title='bbox 607 1132 706 1171; x_wconf 71' lang='lat' dir='ltr'>aliqua</span> <span class='ocrx_word' id='word_1_105' title='bbox 727 1133 803 1161; x_wconf 66' lang='lat' dir='ltr'>nova</span> <span class='ocrx_word' id='word_1_106' title='bbox 821 1131 964 1161; x_wconf 84' lang='lat' dir='ltr'>fundatio-</span> 
     </span>
     <span class='ocr_line' id='line_1_20' title="bbox 222 1181 642 1220; baseline 0 -10"><span class='ocrx_word' id='word_1_107' title='bbox 222 1189 270 1217; x_wconf 93' lang='lat' dir='ltr'>ne,</span> <span class='ocrx_word' id='word_1_108' title='bbox 293 1184 325 1210; x_wconf 87' lang='lat' dir='ltr'>ut</span> <span class='ocrx_word' id='word_1_109' title='bbox 347 1190 434 1220; x_wconf 88' lang='lat' dir='ltr'>supra</span> <span class='ocrx_word' id='word_1_110' title='bbox 457 1181 565 1211; x_wconf 90' lang='lat' dir='ltr'>dictum</span> <span class='ocrx_word' id='word_1_111' title='bbox 589 1185 642 1211; x_wconf 87' lang='lat' dir='ltr'>est.</span> 
     </span>
    </p>
   </div>
   <div class='ocr_carea' id='block_1_8' title="bbox 427 1267 752 1291">
    <p class='ocr_par' dir='ltr' id='par_1_8' title="bbox 427 1267 752 1291">
     <span class='ocr_line' id='line_1_21' title="bbox 427 1267 752 1291; baseline -0.006 -1"><span class='ocrx_word' id='word_1_112' title='bbox 427 1267 576 1290; x_wconf 65' lang='lat' dir='ltr'>REGULAE</span> <span class='ocrx_word' id='word_1_113' title='bbox 601 1267 701 1291; x_wconf 67' lang='lat' dir='ltr'><strong>CAPUT</strong></span> <span class='ocrx_word' id='word_1_114' title='bbox 726 1268 752 1289; x_wconf 90' lang='lat' dir='ltr'>V.</span> 
     </span>
    </p>
   </div>
   <div class='ocr_carea' id='block_1_9' title="bbox 315 1317 863 1339">
    <p class='ocr_par' dir='ltr' id='par_1_9' title="bbox 315 1317 863 1339">
     <span class='ocr_line' id='line_1_22' title="bbox 315 1317 863 1339; baseline 0.002 -4"><span class='ocrx_word' id='word_1_115' title='bbox 315 1317 423 1335; x_wconf 74' lang='lat' dir='ltr'>omnibus</span> <span class='ocrx_word' id='word_1_116' title='bbox 438 1317 548 1335; x_wconf 67' lang='lat' dir='ltr'>fratribus</span> <span class='ocrx_word' id='word_1_117' title='bbox 563 1318 610 1336; x_wconf 73' lang='lat' dir='ltr'>suis</span> <span class='ocrx_word' id='word_1_118' title='bbox 624 1318 686 1336; x_wconf 72' lang='lat' dir='ltr'>sicut</span> <span class='ocrx_word' id='word_1_119' title='bbox 700 1317 801 1339; x_wconf 72' lang='lat' dir='ltr'>sibimet,</span> <span class='ocrx_word' id='word_1_120' title='bbox 817 1318 863 1336; x_wconf 70' lang='lat' dir='ltr'>etc.</span> 
     </span>
    </p>
   </div>
   <div class='ocr_carea' id='block_1_10' title="bbox 223 1368 964 1456">
    <p class='ocr_par' dir='ltr' id='par_1_10' title="bbox 223 1368 964 1456">
     <span class='ocr_line' id='line_1_23' title="bbox 223 1368 964 1409; baseline -0.001 -10"><span class='ocrx_word' id='word_1_121' title='bbox 223 1368 320 1399; x_wconf 78' lang='lat' dir='ltr'>CAPUT</span> <span class='ocrx_word' id='word_1_122' title='bbox 342 1377 370 1399; x_wconf 86' lang='lat' dir='ltr'>v.</span> <span class='ocrx_word' id='word_1_123' title='bbox 387 1387 425 1392; x_wconf 90' lang='lat'>—</span> <span class='ocrx_word' id='word_1_124' title='bbox 444 1369 483 1399; x_wconf 83' lang='lat' dir='ltr'>De</span> <span class='ocrx_word' id='word_1_125' title='bbox 504 1372 571 1399; x_wconf 78' lang='lat' dir='ltr'>curci</span> <span class='ocrx_word' id='word_1_126' title='bbox 594 1379 675 1408; x_wconf 74' lang='lat' dir='ltr'>quom</span> <span class='ocrx_word' id='word_1_127' title='bbox 694 1369 816 1409; x_wconf 77' lang='lat' dir='ltr'>praelati</span> <span class='ocrx_word' id='word_1_128' title='bbox 837 1373 964 1399; x_wconf 78' lang='lat' dir='ltr'>tenentur</span> 
     </span>
     <span class='ocr_line' id='line_1_24' title="bbox 383 1419 803 1456; baseline 0.002 -9"><span class='ocrx_word' id='word_1_129' title='bbox 383 1419 480 1447; x_wconf 80' lang='lat' dir='ltr'>habere</span> <span class='ocrx_word' id='word_1_130' title='bbox 501 1429 565 1456; x_wconf 75' lang='lat' dir='ltr'>erya</span> <span class='ocrx_word' id='word_1_131' title='bbox 586 1419 705 1448; x_wconf 78' lang='lat' dir='ltr'>subditos</span> <span class='ocrx_word' id='word_1_132' title='bbox 731 1429 803 1448; x_wconf 82' lang='lat' dir='ltr'>suos.</span> 
     </span>
    </p>
   </div>
   <div class='ocr_carea' id='block_1_11' title="bbox 224 1476 969 1947">
    <p class='ocr_par' dir='ltr' id='par_1_11' title="bbox 224 1476 969 1947">
     <span class='ocr_line' id='line_1_25' title="bbox 263 1476 967 1508; baseline 0.003 -2"><span class='ocrx_word' id='word_1_133' title='bbox 263 1476 296 1506; x_wconf 88' lang='lat' dir='ltr'>In</span> <span class='ocrx_word' id='word_1_134' title='bbox 318 1476 453 1506; x_wconf 88' lang='lat' dir='ltr'>omnibus</span> <span class='ocrx_word' id='word_1_135' title='bbox 475 1477 583 1506; x_wconf 89' lang='lat' dir='ltr'>nostris</span> <span class='ocrx_word' id='word_1_136' title='bbox 611 1477 802 1507; x_wconf 86' lang='lat' dir='ltr'>conventibus</span> <span class='ocrx_word' id='word_1_137' title='bbox 830 1482 859 1508; x_wconf 89' lang='lat' dir='ltr'>et</span> <span class='ocrx_word' id='word_1_138' title='bbox 879 1478 967 1508; x_wconf 84' lang='lat' dir='ltr'>colle—</span> 
     </span>
     <span class='ocr_line' id='line_1_26' title="bbox 224 1525 966 1566; baseline 0.003 -12"><span class='ocrx_word' id='word_1_139' title='bbox 224 1525 280 1564; x_wconf 85' lang='lat' dir='ltr'>giis</span> <span class='ocrx_word' id='word_1_140' title='bbox 312 1526 371 1555; x_wconf 91' lang='lat' dir='ltr'>sint</span> <span class='ocrx_word' id='word_1_141' title='bbox 404 1525 538 1555; x_wconf 83' lang='lat' dir='ltr'>officinae</span> <span class='ocrx_word' id='word_1_142' title='bbox 570 1535 755 1560; x_wconf 76' lang='lat' dir='ltr'>communes,</span> <span class='ocrx_word' id='word_1_143' title='bbox 791 1536 824 1556; x_wconf 87' lang='lat' dir='ltr'>ex</span> <span class='ocrx_word' id='word_1_144' title='bbox 859 1527 966 1566; x_wconf 87' lang='lat' dir='ltr'>quibus</span> 
     </span>
     <span class='ocr_line' id='line_1_27' title="bbox 226 1574 966 1615; baseline 0.003 -11"><span class='ocrx_word' id='word_1_145' title='bbox 226 1574 323 1604; x_wconf 86' lang='lat' dir='ltr'>omnia</span> <span class='ocrx_word' id='word_1_146' title='bbox 356 1575 522 1604; x_wconf 88' lang='lat' dir='ltr'>necessaria</span> <span class='ocrx_word' id='word_1_147' title='bbox 555 1579 611 1604; x_wconf 92' lang='lat' dir='ltr'>tam</span> <span class='ocrx_word' id='word_1_148' title='bbox 645 1575 679 1605; x_wconf 91' lang='lat' dir='ltr'>de</span> <span class='ocrx_word' id='word_1_149' title='bbox 712 1576 788 1606; x_wconf 87' lang='lat' dir='ltr'>victu</span> <span class='ocrx_word' id='word_1_150' title='bbox 822 1586 907 1615; x_wconf 89' lang='lat' dir='ltr'>quam</span> <span class='ocrx_word' id='word_1_151' title='bbox 931 1577 966 1606; x_wconf 87' lang='lat' dir='ltr'>de</span> 
     </span>
     <span class='ocr_line' id='line_1_28' title="bbox 227 1623 965 1663; baseline 0.003 -11"><span class='ocrx_word' id='word_1_152' title='bbox 227 1623 347 1658; x_wconf 88' lang='lat' dir='ltr'>vestitu,</span> <span class='ocrx_word' id='word_1_153' title='bbox 375 1628 432 1653; x_wconf 91' lang='lat' dir='ltr'>tam</span> <span class='ocrx_word' id='word_1_154' title='bbox 462 1633 514 1662; x_wconf 90' lang='lat' dir='ltr'>pro</span> <span class='ocrx_word' id='word_1_155' title='bbox 536 1623 629 1653; x_wconf 91' lang='lat' dir='ltr'>salute</span> <span class='ocrx_word' id='word_1_156' title='bbox 657 1633 743 1663; x_wconf 90' lang='lat' dir='ltr'>quam</span> <span class='ocrx_word' id='word_1_157' title='bbox 767 1634 818 1663; x_wconf 88' lang='lat' dir='ltr'>pro</span> <span class='ocrx_word' id='word_1_158' title='bbox 842 1625 965 1654; x_wconf 77' lang='lat' dir='ltr'>infirmi-</span> 
     </span>
     <span class='ocr_line' id='line_1_29' title="bbox 226 1672 968 1711; baseline 0.003 -10"><span class='ocrx_word' id='word_1_159' title='bbox 226 1675 295 1709; x_wconf 89' lang='lat' dir='ltr'>tate,</span> <span class='ocrx_word' id='word_1_160' title='bbox 312 1672 473 1711; x_wconf 84' lang='lat' dir='ltr'>aequaliter</span> <span class='ocrx_word' id='word_1_161' title='bbox 490 1672 695 1702; x_wconf 77' lang='lat' dir='ltr'>ministrentur</span> <span class='ocrx_word' id='word_1_162' title='bbox 710 1673 858 1711; x_wconf 84' lang='lat' dir='ltr'>religiosis</span> <span class='ocrx_word' id='word_1_163' title='bbox 874 1674 968 1703; x_wconf 88' lang='lat' dir='ltr'>omni-</span> 
     </span>
     <span class='ocr_line' id='line_1_30' title="bbox 226 1719 968 1762; baseline 0.003 -12"><span class='ocrx_word' id='word_1_164' title='bbox 226 1719 279 1751; x_wconf 91' lang='lat' dir='ltr'>bus</span> <span class='ocrx_word' id='word_1_165' title='bbox 301 1724 360 1750; x_wconf 87' lang='lat' dir='ltr'>tam</span> <span class='ocrx_word' id='word_1_166' title='bbox 384 1720 519 1760; x_wconf 85' lang='lat' dir='ltr'>praelatis</span> <span class='ocrx_word' id='word_1_167' title='bbox 543 1731 629 1760; x_wconf 87' lang='lat' dir='ltr'>quam</span> <span class='ocrx_word' id='word_1_168' title='bbox 652 1721 786 1757; x_wconf 89' lang='lat' dir='ltr'>subditis,</span> <span class='ocrx_word' id='word_1_169' title='bbox 804 1722 858 1752; x_wconf 91' lang='lat' dir='ltr'>sub</span> <span class='ocrx_word' id='word_1_170' title='bbox 875 1724 968 1762; x_wconf 73' lang='lat' dir='ltr'>poena</span> 
     </span>
     <span class='ocr_line' id='line_1_31' title="bbox 226 1770 968 1810; baseline 0.003 -11"><span class='ocrx_word' id='word_1_171' title='bbox 226 1770 427 1809; x_wconf 86' lang='lat' dir='ltr'>suspensionis</span> <span class='ocrx_word' id='word_1_172' title='bbox 450 1770 485 1799; x_wconf 87' lang='lat' dir='ltr'>ab</span> <span class='ocrx_word' id='word_1_173' title='bbox 509 1770 606 1800; x_wconf 72' lang='lat' dir='ltr'>officio</span> <span class='ocrx_word' id='word_1_174' title='bbox 632 1771 778 1810; x_wconf 87' lang='lat' dir='ltr'>superiori</span> <span class='ocrx_word' id='word_1_175' title='bbox 812 1781 881 1810; x_wconf 87' lang='lat' dir='ltr'>erga</span> <span class='ocrx_word' id='word_1_176' title='bbox 914 1772 968 1802; x_wconf 84' lang='lat' dir='ltr'>boc</span> 
     </span>
     <span class='ocr_line' id='line_1_32' title="bbox 226 1818 969 1859; baseline 0.003 -11"><span class='ocrx_word' id='word_1_177' title='bbox 226 1818 399 1857; x_wconf 84' lang='lat' dir='ltr'>negligenti.</span> <span class='ocrx_word' id='word_1_178' title='bbox 424 1818 510 1848; x_wconf 88' lang='lat' dir='ltr'>Curet</span> <span class='ocrx_word' id='word_1_179' title='bbox 534 1823 628 1849; x_wconf 88' lang='lat' dir='ltr'>tamen</span> <span class='ocrx_word' id='word_1_180' title='bbox 653 1820 729 1859; x_wconf 86' lang='lat' dir='ltr'>quod</span> <span class='ocrx_word' id='word_1_181' title='bbox 752 1829 809 1858; x_wconf 86' lang='lat' dir='ltr'>res,</span> <span class='ocrx_word' id='word_1_182' title='bbox 828 1829 901 1859; x_wconf 87' lang='lat' dir='ltr'>quae</span> <span class='ocrx_word' id='word_1_183' title='bbox 923 1830 969 1850; x_wconf 86' lang='lat' dir='ltr'>re-</span> 
     </span>
     <span class='ocr_line' id='line_1_33' title="bbox 226 1866 968 1908; baseline 0.004 -12"><span class='ocrx_word' id='word_1_184' title='bbox 226 1866 339 1905; x_wconf 86' lang='lat' dir='ltr'>ligiosis</span> <span class='ocrx_word' id='word_1_185' title='bbox 372 1868 574 1898; x_wconf 91' lang='lat' dir='ltr'>conceduntur</span> <span class='ocrx_word' id='word_1_186' title='bbox 602 1868 637 1898; x_wconf 88' lang='lat' dir='ltr'>ad</span> <span class='ocrx_word' id='word_1_187' title='bbox 669 1878 766 1904; x_wconf 91' lang='lat' dir='ltr'>usum,</span> <span class='ocrx_word' id='word_1_188' title='bbox 791 1869 849 1899; x_wconf 89' lang='lat' dir='ltr'>sint</span> <span class='ocrx_word' id='word_1_189' title='bbox 883 1874 968 1908; x_wconf 84' lang='lat' dir='ltr'>prout</span> 
     </span>
     <span class='ocr_line' id='line_1_34' title="bbox 227 1914 533 1947; baseline 0.003 -2"><span class='ocrx_word' id='word_1_190' title='bbox 227 1914 309 1946; x_wconf 87' lang='lat' dir='ltr'>decet</span> <span class='ocrx_word' id='word_1_191' title='bbox 332 1916 533 1947; x_wconf 79' lang='lat' dir='ltr'>discalceatos.</span> 
     </span>
    </p>
   </div>
   <div class='ocr_carea' id='block_1_12' title="bbox 430 2003 770 2027">
    <p class='ocr_par' dir='ltr' id='par_1_12' title="bbox 430 2003 770 2027">
     <span class='ocr_line' id='line_1_35' title="bbox 430 2003 770 2027; baseline 0.003 -1"><span class='ocrx_word' id='word_1_192' title='bbox 430 2003 578 2027; x_wconf 70' lang='lat' dir='ltr'>REGULAE</span> <span class='ocrx_word' id='word_1_193' title='bbox 604 2003 704 2027; x_wconf 66' lang='lat' dir='ltr'><strong>CAPUT</strong></span> <span class='ocrx_word' id='word_1_194' title='bbox 729 2004 770 2027; x_wconf 88' lang='lat' dir='ltr'>Vl.</span> 
     </span>
    </p>
   </div>
   <div class='ocr_carea' id='block_1_13' title="bbox 367 2053 827 2075">
    <p class='ocr_par' dir='ltr' id='par_1_13' title="bbox 367 2053 827 2075">
     <span class='ocr_line' id='line_1_36' title="bbox 367 2053 827 2075; baseline 0.002 -4"><span class='ocrx_word' id='word_1_195' title='bbox 367 2053 513 2071; x_wconf 71' lang='lat' dir='ltr'>Vestimenta</span> <span class='ocrx_word' id='word_1_196' title='bbox 527 2053 574 2071; x_wconf 66' lang='lat' dir='ltr'>stne</span> <span class='ocrx_word' id='word_1_197' title='bbox 587 2053 653 2072; x_wconf 73' lang='lat' dir='ltr'>lanea</span> <span class='ocrx_word' id='word_1_198' title='bbox 668 2054 693 2071; x_wconf 74' lang='lat' dir='ltr'>et</span> <span class='ocrx_word' id='word_1_199' title='bbox 707 2053 764 2075; x_wconf 77' lang='lat' dir='ltr'>alba.</span> <span class='ocrx_word' id='word_1_200' title='bbox 781 2054 827 2072; x_wconf 71' lang='lat' dir='ltr'>etc.</span> 
     </span>
    </p>
   </div>
   <div class='ocr_carea' id='block_1_14' title="bbox 307 2104 889 2193">
    <p class='ocr_par' dir='ltr' id='par_1_14' title="bbox 307 2104 889 2193">
     <span class='ocr_line' id='line_1_37' title="bbox 307 2104 889 2136; baseline 0 -1"><span class='ocrx_word' id='word_1_201' title='bbox 307 2104 404 2135; x_wconf 75' lang='lat' dir='ltr'>CAPUT</span> <span class='ocrx_word' id='word_1_202' title='bbox 429 2113 466 2135; x_wconf 77' lang='lat' dir='ltr'>vl.</span> <span class='ocrx_word' id='word_1_203' title='bbox 491 2123 526 2127; x_wconf 96' lang='lat'>—</span> <span class='ocrx_word' id='word_1_204' title='bbox 550 2105 589 2135; x_wconf 78' lang='lat' dir='ltr'>De</span> <span class='ocrx_word' id='word_1_205' title='bbox 612 2107 711 2135; x_wconf 75' lang='lat' dir='ltr'>vestitu</span> <span class='ocrx_word' id='word_1_206' title='bbox 735 2110 889 2136; x_wconf 80' lang='lat' dir='ltr'>nostrorum</span> 
     </span>
     <span class='ocr_line' id='line_1_38' title="bbox 495 2154 697 2193; baseline 0 -9"><span class='ocrx_word' id='word_1_207' title='bbox 495 2154 697 2193; x_wconf 68' lang='lat' dir='ltr'>religiosorum.</span> 
     </span>
    </p>
   </div>
   <div class='ocr_carea' id='block_1_15' title="bbox 230 2214 971 2647">
    <p class='ocr_par' dir='ltr' id='par_1_15' title="bbox 230 2214 971 2647">
     <span class='ocr_line' id='line_1_39' title="bbox 269 2214 969 2246; baseline 0.001 -2"><span class='ocrx_word' id='word_1_208' title='bbox 269 2222 289 2244; x_wconf 81' lang='grc' dir='ltr'>ι.</span> <span class='ocrx_word' id='word_1_209' title='bbox 325 2214 459 2244; x_wconf 83' lang='lat' dir='ltr'>Exterior</span> <span class='ocrx_word' id='word_1_210' title='bbox 491 2214 580 2244; x_wconf 87' lang='lat' dir='ltr'>vestis</span> <span class='ocrx_word' id='word_1_211' title='bbox 613 2224 663 2245; x_wconf 84' lang='lat' dir='ltr'>seu</span> <span class='ocrx_word' id='word_1_212' title='bbox 697 2214 812 2245; x_wconf 82' lang='lat' dir='ltr'>habitus</span> <span class='ocrx_word' id='word_1_213' title='bbox 845 2216 969 2246; x_wconf 80' lang='lat' dir='ltr'>fratrum</span> 
     </span>
     <span class='ocr_line' id='line_1_40' title="bbox 230 2263 969 2304; baseline 0.004 -12"><span class='ocrx_word' id='word_1_214' title='bbox 230 2266 396 2292; x_wconf 88' lang='lat' dir='ltr'>nostrorum</span> <span class='ocrx_word' id='word_1_215' title='bbox 429 2263 466 2293; x_wconf 90' lang='lat' dir='ltr'>sit</span> <span class='ocrx_word' id='word_1_216' title='bbox 499 2272 533 2292; x_wconf 81' lang='lat' dir='ltr'>ex</span> <span class='ocrx_word' id='word_1_217' title='bbox 565 2272 634 2302; x_wconf 90' lang='lat' dir='ltr'>sago</span> <span class='ocrx_word' id='word_1_218' title='bbox 661 2263 737 2302; x_wconf 86' lang='lat' dir='ltr'>albo,</span> <span class='ocrx_word' id='word_1_219' title='bbox 762 2274 815 2294; x_wconf 89' lang='lat' dir='ltr'>nec</span> <span class='ocrx_word' id='word_1_220' title='bbox 838 2274 889 2304; x_wconf 91' lang='lat' dir='ltr'>per</span> <span class='ocrx_word' id='word_1_221' title='bbox 912 2269 969 2295; x_wconf 87' lang='lat' dir='ltr'>tres</span> 
     </span>
     <span class='ocr_line' id='line_1_41' title="bbox 230 2310 969 2351; baseline 0.005 -11"><span class='ocrx_word' id='word_1_222' title='bbox 230 2310 336 2349; x_wconf 89' lang='lat' dir='ltr'>digitos</span> <span class='ocrx_word' id='word_1_223' title='bbox 368 2312 403 2342; x_wconf 90' lang='lat' dir='ltr'>ad</span> <span class='ocrx_word' id='word_1_224' title='bbox 434 2316 540 2342; x_wconf 90' lang='lat' dir='ltr'>terram</span> <span class='ocrx_word' id='word_1_225' title='bbox 576 2313 736 2351; x_wconf 86' lang='lat' dir='ltr'>perveniat,</span> <span class='ocrx_word' id='word_1_226' title='bbox 760 2323 813 2343; x_wconf 88' lang='lat' dir='ltr'>nec</span> <span class='ocrx_word' id='word_1_227' title='bbox 847 2313 969 2344; x_wconf 87' lang='lat' dir='ltr'>latitudo</span> 
     </span>
     <span class='ocr_line' id='line_1_42' title="bbox 230 2361 970 2401; baseline 0.004 -11"><span class='ocrx_word' id='word_1_228' title='bbox 230 2361 330 2391; x_wconf 83' lang='lat' dir='ltr'>infima</span> <span class='ocrx_word' id='word_1_229' title='bbox 353 2362 382 2391; x_wconf 92' lang='lat' dir='ltr'>in</span> <span class='ocrx_word' id='word_1_230' title='bbox 402 2362 527 2392; x_wconf 88' lang='lat' dir='ltr'>circuitu</span> <span class='ocrx_word' id='word_1_231' title='bbox 551 2366 610 2392; x_wconf 91' lang='lat' dir='ltr'>tres</span> <span class='ocrx_word' id='word_1_232' title='bbox 632 2363 716 2392; x_wconf 86' lang='lat' dir='ltr'>ulnas</span> <span class='ocrx_word' id='word_1_233' title='bbox 739 2363 870 2401; x_wconf 79' lang='lat' dir='ltr'>excedat,</span> <span class='ocrx_word' id='word_1_234' title='bbox 895 2364 970 2393; x_wconf 87' lang='lat' dir='ltr'>eius-</span> 
     </span>
     <span class='ocr_line' id='line_1_43' title="bbox 231 2410 969 2449; baseline 0.004 -10"><span class='ocrx_word' id='word_1_235' title='bbox 231 2418 288 2449; x_wconf 91' lang='lat' dir='ltr'>que</span> <span class='ocrx_word' id='word_1_236' title='bbox 312 2410 445 2440; x_wconf 87' lang='lat' dir='ltr'>manicae</span> <span class='ocrx_word' id='word_1_237' title='bbox 467 2410 585 2440; x_wconf 78' lang='lat' dir='ltr'>strictae</span> <span class='ocrx_word' id='word_1_238' title='bbox 601 2411 670 2447; x_wconf 89' lang='lat' dir='ltr'>sint,</span> <span class='ocrx_word' id='word_1_239' title='bbox 688 2415 716 2441; x_wconf 84' lang='lat' dir='ltr'>et</span> <span class='ocrx_word' id='word_1_240' title='bbox 732 2421 834 2442; x_wconf 77' lang='lat' dir='ltr'>versus</span> <span class='ocrx_word' id='word_1_241' title='bbox 850 2422 969 2443; x_wconf 78' lang='lat' dir='ltr'>manum</span> 
     </span>
     <span class='ocr_line' id='line_1_44' title="bbox 231 2459 970 2499; baseline 0.004 -11"><span class='ocrx_word' id='word_1_242' title='bbox 231 2459 318 2489; x_wconf 90' lang='lat' dir='ltr'>unius</span> <span class='ocrx_word' id='word_1_243' title='bbox 341 2459 428 2499; x_wconf 90' lang='lat' dir='ltr'>palmi</span> <span class='ocrx_word' id='word_1_244' title='bbox 447 2459 631 2489; x_wconf 89' lang='lat' dir='ltr'>latitudinem</span> <span class='ocrx_word' id='word_1_245' title='bbox 649 2461 827 2499; x_wconf 85' lang='lat' dir='ltr'>pertingant,</span> <span class='ocrx_word' id='word_1_246' title='bbox 847 2462 896 2491; x_wconf 90' lang='lat' dir='ltr'>sed</span> <span class='ocrx_word' id='word_1_247' title='bbox 914 2471 970 2492; x_wconf 88' lang='lat' dir='ltr'>non</span> 
     </span>
     <span class='ocr_line' id='line_1_45' title="bbox 232 2508 971 2549; baseline 0.005 -12"><span class='ocrx_word' id='word_1_248' title='bbox 232 2508 384 2538; x_wconf 85' lang='lat' dir='ltr'>excedant.</span> <span class='ocrx_word' id='word_1_249' title='bbox 410 2508 535 2538; x_wconf 91' lang='lat' dir='ltr'>lnterior</span> <span class='ocrx_word' id='word_1_250' title='bbox 552 2509 640 2538; x_wconf 84' lang='lat' dir='ltr'>vestis</span> <span class='ocrx_word' id='word_1_251' title='bbox 659 2509 745 2539; x_wconf 89' lang='lat' dir='ltr'>etiam</span> <span class='ocrx_word' id='word_1_252' title='bbox 768 2510 825 2540; x_wconf 86' lang='lat' dir='ltr'>erit</span> <span class='ocrx_word' id='word_1_253' title='bbox 846 2520 880 2540; x_wconf 80' lang='lat' dir='ltr'>ex</span> <span class='ocrx_word' id='word_1_254' title='bbox 903 2520 971 2549; x_wconf 80' lang='lat' dir='ltr'>sago</span> 
     </span>
     <span class='ocr_line' id='line_1_46' title="bbox 232 2555 969 2598; baseline 0.005 -12"><span class='ocrx_word' id='word_1_255' title='bbox 232 2555 309 2596; x_wconf 82' lang='lat' dir='ltr'>atho,</span> <span class='ocrx_word' id='word_1_256' title='bbox 332 2556 451 2588; x_wconf 88' lang='lat' dir='ltr'>brevior</span> <span class='ocrx_word' id='word_1_257' title='bbox 474 2562 570 2588; x_wconf 86' lang='lat' dir='ltr'>tamen</span> <span class='ocrx_word' id='word_1_258' title='bbox 594 2558 730 2588; x_wconf 82' lang='lat' dir='ltr'>exteriori</span> <span class='ocrx_word' id='word_1_259' title='bbox 747 2558 841 2590; x_wconf 85' lang='lat' dir='ltr'>tribus</span> <span class='ocrx_word' id='word_1_260' title='bbox 858 2559 969 2598; x_wconf 86' lang='lat' dir='ltr'>digitis.</span> 
     </span>
     <span class='ocr_line' id='line_1_47' title="bbox 231 2605 971 2647; baseline 0.003 -10"><span class='ocrx_word' id='word_1_261' title='bbox 231 2605 431 2646; x_wconf 85' lang='lat' dir='ltr'>Scapularium</span> <span class='ocrx_word' id='word_1_262' title='bbox 458 2607 595 2638; x_wconf 84' lang='lat' dir='ltr'>similiter</span> <span class='ocrx_word' id='word_1_263' title='bbox 611 2608 647 2638; x_wconf 87' lang='lat' dir='ltr'>sit</span> <span class='ocrx_word' id='word_1_264' title='bbox 663 2618 697 2638; x_wconf 80' lang='lat' dir='ltr'>ex</span> <span class='ocrx_word' id='word_1_265' title='bbox 715 2617 783 2647; x_wconf 84' lang='lat' dir='ltr'>sago</span> <span class='ocrx_word' id='word_1_266' title='bbox 799 2609 864 2639; x_wconf 82' lang='lat' dir='ltr'>albo</span> <span class='ocrx_word' id='word_1_267' title='bbox 880 2609 971 2641; x_wconf 86' lang='lat' dir='ltr'>latum</span> 
     </span>
    </p>
   </div>
   <div class='ocr_carea' id='block_1_16' title="bbox 842 200 1130 227">
    <p class='ocr_par' dir='ltr' id='par_1_16' title="bbox 842 200 1130 227">
     <span class='ocr_line' id='line_1_48' title="bbox 842 200 1130 227; baseline -0.01 0"><span class='ocrx_word' id='word_1_268' title='bbox 842 200 985 227; x_wconf 83' lang='lat' dir='ltr'><strong>CLEMENS</strong></span> <span class='ocrx_word' id='word_1_269' title='bbox 1010 200 1057 224; x_wconf 78' lang='lat' dir='ltr'>xtt</span> <span class='ocrx_word' id='word_1_270' title='bbox 1081 200 1130 225; x_wconf 85' lang='lat' dir='ltr'>PP.</span> 
     </span>
    </p>
   </div>
   <div class='ocr_carea' id='block_1_17' title="bbox 978 257 993 2055">
    <p class='ocr_par' dir='ltr' id='par_1_17' title="bbox 978 257 993 2055">
     <span class='ocr_line' id='line_1_49' title="bbox 978 257 993 2055; baseline 0 0"><span class='ocrx_word' id='word_1_271' title='bbox 978 257 993 2055; x_wconf 95' lang='lat' dir='ltr'> </span> 
     </span>
    </p>
   </div>
   <div class='ocr_carea' id='block_1_18' title="bbox 1001 247 1757 2101">
    <p class='ocr_par' dir='ltr' id='par_1_18' title="bbox 1001 247 1742 483">
     <span class='ocr_line' id='line_1_50' title="bbox 1001 247 1741 289; baseline -0.004 -10"><span class='ocrx_word' id='word_1_272' title='bbox 1001 249 1036 278; x_wconf 88' lang='lat' dir='ltr'>ad</span> <span class='ocrx_word' id='word_1_273' title='bbox 1059 249 1188 289; x_wconf 86' lang='lat' dir='ltr'>palmum</span> <span class='ocrx_word' id='word_1_274' title='bbox 1212 252 1240 279; x_wconf 87' lang='lat' dir='ltr'>et</span> <span class='ocrx_word' id='word_1_275' title='bbox 1261 248 1414 279; x_wconf 85' lang='lat' dir='ltr'>dimidium</span> <span class='ocrx_word' id='word_1_276' title='bbox 1438 247 1538 288; x_wconf 86' lang='lat' dir='ltr'>palmi,</span> <span class='ocrx_word' id='word_1_277' title='bbox 1562 247 1652 277; x_wconf 91' lang='lat' dir='ltr'>altum</span> <span class='ocrx_word' id='word_1_278' title='bbox 1673 256 1741 277; x_wconf 85' lang='lat' dir='ltr'>vero</span> 
     </span>
     <span class='ocr_line' id='line_1_51' title="bbox 1001 295 1742 337; baseline -0.004 -10"><span class='ocrx_word' id='word_1_279' title='bbox 1001 307 1015 327; x_wconf 95' lang='lat' dir='ltr'>a</span> <span class='ocrx_word' id='word_1_280' title='bbox 1040 298 1118 327; x_wconf 67' lang='lat' dir='ltr'>terra</span> <span class='ocrx_word' id='word_1_281' title='bbox 1141 307 1192 337; x_wconf 89' lang='lat' dir='ltr'>per</span> <span class='ocrx_word' id='word_1_282' title='bbox 1210 298 1338 337; x_wconf 84' lang='lat' dir='ltr'>palmum</span> <span class='ocrx_word' id='word_1_283' title='bbox 1361 301 1389 327; x_wconf 92' lang='lat' dir='ltr'>et</span> <span class='ocrx_word' id='word_1_284' title='bbox 1411 297 1484 327; x_wconf 90' lang='lat' dir='ltr'>duos</span> <span class='ocrx_word' id='word_1_285' title='bbox 1506 296 1624 334; x_wconf 79' lang='lat' dir='ltr'>digitos.</span> <span class='ocrx_word' id='word_1_286' title='bbox 1658 295 1742 334; x_wconf 83' lang='lat' dir='ltr'>Capi-</span> 
     </span>
     <span class='ocr_line' id='line_1_52' title="bbox 1002 344 1740 383; baseline -0.004 -7"><span class='ocrx_word' id='word_1_287' title='bbox 1002 347 1073 376; x_wconf 91' lang='lat' dir='ltr'>tium</span> <span class='ocrx_word' id='word_1_288' title='bbox 1096 347 1221 376; x_wconf 86' lang='lat' dir='ltr'>interius</span> <span class='ocrx_word' id='word_1_289' title='bbox 1242 347 1279 376; x_wconf 89' lang='lat' dir='ltr'>sit</span> <span class='ocrx_word' id='word_1_290' title='bbox 1302 346 1388 376; x_wconf 92' lang='lat' dir='ltr'>etiam</span> <span class='ocrx_word' id='word_1_291' title='bbox 1405 355 1439 376; x_wconf 82' lang='lat' dir='ltr'>ex</span> <span class='ocrx_word' id='word_1_292' title='bbox 1458 345 1557 375; x_wconf 87' lang='lat' dir='ltr'>eodem</span> <span class='ocrx_word' id='word_1_293' title='bbox 1581 354 1648 383; x_wconf 81' lang='lat' dir='ltr'>sago</span> <span class='ocrx_word' id='word_1_294' title='bbox 1665 344 1740 379; x_wconf 86' lang='lat' dir='ltr'>albo,</span> 
     </span>
     <span class='ocr_line' id='line_1_53' title="bbox 1002 392 1742 433; baseline -0.004 -9"><span class='ocrx_word' id='word_1_295' title='bbox 1002 400 1029 424; x_wconf 89' lang='lat' dir='ltr'>et</span> <span class='ocrx_word' id='word_1_296' title='bbox 1051 396 1196 433; x_wconf 88' lang='lat' dir='ltr'>strictum,</span> <span class='ocrx_word' id='word_1_297' title='bbox 1221 404 1274 425; x_wconf 86' lang='lat' dir='ltr'>nec</span> <span class='ocrx_word' id='word_1_298' title='bbox 1297 395 1376 425; x_wconf 91' lang='lat' dir='ltr'>illius</span> <span class='ocrx_word' id='word_1_299' title='bbox 1398 399 1481 424; x_wconf 86' lang='lat' dir='ltr'>acuta</span> <span class='ocrx_word' id='word_1_300' title='bbox 1514 393 1686 423; x_wconf 78' lang='lat' dir='ltr'>extremitas</span> <span class='ocrx_word' id='word_1_301' title='bbox 1708 392 1742 421; x_wconf 91' lang='lat' dir='ltr'>ad</span> 
     </span>
     <span class='ocr_line' id='line_1_54' title="bbox 1002 442 1680 483; baseline -0.004 -10"><span class='ocrx_word' id='word_1_302' title='bbox 1002 444 1177 474; x_wconf 89' lang='lat' dir='ltr'>cinctorium</span> <span class='ocrx_word' id='word_1_303' title='bbox 1200 454 1253 483; x_wconf 88' lang='lat' dir='ltr'>per</span> <span class='ocrx_word' id='word_1_304' title='bbox 1275 448 1400 483; x_wconf 88' lang='lat' dir='ltr'>quatuor</span> <span class='ocrx_word' id='word_1_305' title='bbox 1423 444 1528 481; x_wconf 80' lang='lat' dir='ltr'>digitos</span> <span class='ocrx_word' id='word_1_306' title='bbox 1551 442 1680 471; x_wconf 82' lang='lat' dir='ltr'>accedat.</span> 
     </span>
    </p>

    <p class='ocr_par' dir='ltr' id='par_1_19' title="bbox 1003 491 1745 777">
     <span class='ocr_line' id='line_1_55' title="bbox 1044 491 1742 532; baseline -0.003 -10"><span class='ocrx_word' id='word_1_307' title='bbox 1044 502 1073 522; x_wconf 82' lang='lat'>11.</span> <span class='ocrx_word' id='word_1_308' title='bbox 1097 494 1190 532; x_wconf 85' lang='lat' dir='ltr'>Cappa</span> <span class='ocrx_word' id='word_1_309' title='bbox 1214 494 1251 523; x_wconf 85' lang='lat' dir='ltr'>sit</span> <span class='ocrx_word' id='word_1_310' title='bbox 1274 503 1310 523; x_wconf 83' lang='lat' dir='ltr'>ex</span> <span class='ocrx_word' id='word_1_311' title='bbox 1332 494 1399 523; x_wconf 87' lang='lat' dir='ltr'>rudi</span> <span class='ocrx_word' id='word_1_312' title='bbox 1426 503 1493 531; x_wconf 86' lang='lat' dir='ltr'>sago</span> <span class='ocrx_word' id='word_1_313' title='bbox 1521 492 1593 521; x_wconf 88' lang='lat' dir='ltr'>susci</span> <span class='ocrx_word' id='word_1_314' title='bbox 1625 491 1742 526; x_wconf 84' lang='lat' dir='ltr'>coloris,</span> 
     </span>
     <span class='ocr_line' id='line_1_56' title="bbox 1003 539 1744 581; baseline -0.005 -10"><span class='ocrx_word' id='word_1_315' title='bbox 1003 541 1117 579; x_wconf 86' lang='lat' dir='ltr'>stricta,</span> <span class='ocrx_word' id='word_1_316' title='bbox 1142 542 1204 571; x_wconf 90' lang='lat' dir='ltr'>sine</span> <span class='ocrx_word' id='word_1_317' title='bbox 1228 541 1388 581; x_wconf 86' lang='lat' dir='ltr'>plicaturis,</span> <span class='ocrx_word' id='word_1_318' title='bbox 1406 542 1462 570; x_wconf 90' lang='lat' dir='ltr'>alta</span> <span class='ocrx_word' id='word_1_319' title='bbox 1485 550 1499 569; x_wconf 87' lang='lat' dir='ltr'>a</span> <span class='ocrx_word' id='word_1_320' title='bbox 1525 541 1603 570; x_wconf 73' lang='lat' dir='ltr'>terra</span> <span class='ocrx_word' id='word_1_321' title='bbox 1628 549 1679 578; x_wconf 88' lang='lat' dir='ltr'>per</span> <span class='ocrx_word' id='word_1_322' title='bbox 1702 539 1744 567; x_wconf 91' lang='lat' dir='ltr'>di-</span> 
     </span>
     <span class='ocr_line' id='line_1_57' title="bbox 1004 588 1744 629; baseline -0.004 -10"><span class='ocrx_word' id='word_1_323' title='bbox 1004 590 1122 620; x_wconf 85' lang='lat' dir='ltr'>midiam</span> <span class='ocrx_word' id='word_1_324' title='bbox 1148 591 1246 620; x_wconf 87' lang='lat' dir='ltr'>ulnam</span> <span class='ocrx_word' id='word_1_325' title='bbox 1271 595 1298 620; x_wconf 89' lang='lat' dir='ltr'>et</span> <span class='ocrx_word' id='word_1_326' title='bbox 1321 594 1447 629; x_wconf 86' lang='lat' dir='ltr'>quatuor</span> <span class='ocrx_word' id='word_1_327' title='bbox 1465 589 1582 627; x_wconf 85' lang='lat' dir='ltr'>digitos.</span> <span class='ocrx_word' id='word_1_328' title='bbox 1600 588 1744 627; x_wconf 82' lang='lat' dir='ltr'>Capitium</span> 
     </span>
     <span class='ocr_line' id='line_1_58' title="bbox 1005 637 1745 676; baseline -0.003 -8"><span class='ocrx_word' id='word_1_329' title='bbox 1005 639 1136 669; x_wconf 79' lang='lat' dir='ltr'>exterius</span> <span class='ocrx_word' id='word_1_330' title='bbox 1158 640 1196 669; x_wconf 88' lang='lat' dir='ltr'>sit</span> <span class='ocrx_word' id='word_1_331' title='bbox 1218 639 1306 669; x_wconf 88' lang='lat' dir='ltr'>etiam</span> <span class='ocrx_word' id='word_1_332' title='bbox 1331 639 1404 669; x_wconf 82' lang='lat' dir='ltr'>susci</span> <span class='ocrx_word' id='word_1_333' title='bbox 1427 639 1549 676; x_wconf 86' lang='lat' dir='ltr'>coloris,</span> <span class='ocrx_word' id='word_1_334' title='bbox 1574 642 1602 667; x_wconf 91' lang='lat' dir='ltr'>et</span> <span class='ocrx_word' id='word_1_335' title='bbox 1624 637 1745 676; x_wconf 89' lang='lat' dir='ltr'>aequale</span> 
     </span>
     <span class='ocr_line' id='line_1_59' title="bbox 1005 687 1745 728; baseline -0.003 -10"><span class='ocrx_word' id='word_1_336' title='bbox 1005 689 1150 719; x_wconf 86' lang='lat' dir='ltr'>interiori.</span> <span class='ocrx_word' id='word_1_337' title='bbox 1185 689 1337 719; x_wconf 85' lang='lat' dir='ltr'>Mensurae</span> <span class='ocrx_word' id='word_1_338' title='bbox 1366 693 1462 719; x_wconf 92' lang='lat' dir='ltr'>autem</span> <span class='ocrx_word' id='word_1_339' title='bbox 1496 688 1641 728; x_wconf 83' lang='lat' dir='ltr'>praefatae</span> <span class='ocrx_word' id='word_1_340' title='bbox 1669 687 1745 716; x_wconf 89' lang='lat' dir='ltr'>acci-</span> 
     </span>
     <span class='ocr_line' id='line_1_60' title="bbox 1006 738 1557 777; baseline -0.002 -9"><span class='ocrx_word' id='word_1_341' title='bbox 1006 739 1129 777; x_wconf 84' lang='lat' dir='ltr'>piendae</span> <span class='ocrx_word' id='word_1_342' title='bbox 1152 743 1220 768; x_wconf 91' lang='lat' dir='ltr'>sunt</span> <span class='ocrx_word' id='word_1_343' title='bbox 1238 738 1272 768; x_wconf 90' lang='lat' dir='ltr'>de</span> <span class='ocrx_word' id='word_1_344' title='bbox 1295 739 1361 768; x_wconf 79' lang='lat' dir='ltr'>ulna</span> <span class='ocrx_word' id='word_1_345' title='bbox 1386 738 1557 768; x_wconf 67' lang='lat' dir='ltr'>castellana.</span> 
     </span>
    </p>

    <p class='ocr_par' dir='ltr' id='par_1_20' title="bbox 1006 785 1748 1021">
     <span class='ocr_line' id='line_1_61' title="bbox 1046 785 1746 825; baseline -0.003 -9"><span class='ocrx_word' id='word_1_346' title='bbox 1046 796 1087 816; x_wconf 84' lang='lat'>111.</span> <span class='ocrx_word' id='word_1_347' title='bbox 1105 786 1254 825; x_wconf 86' lang='lat' dir='ltr'>Corrigiae</span> <span class='ocrx_word' id='word_1_348' title='bbox 1270 786 1328 816; x_wconf 88' lang='lat' dir='ltr'>sint</span> <span class='ocrx_word' id='word_1_349' title='bbox 1345 787 1458 824; x_wconf 83' lang='lat' dir='ltr'>nigrae,</span> <span class='ocrx_word' id='word_1_350' title='bbox 1476 790 1504 816; x_wconf 87' lang='lat' dir='ltr'>et</span> <span class='ocrx_word' id='word_1_351' title='bbox 1521 785 1629 825; x_wconf 85' lang='lat' dir='ltr'>absque</span> <span class='ocrx_word' id='word_1_352' title='bbox 1649 785 1746 824; x_wconf 65' lang='lat' dir='ltr'>aliqu-&lt;⁴1</span> 
     </span>
     <span class='ocr_line' id='line_1_62' title="bbox 1006 834 1748 873; baseline -0.004 -8"><span class='ocrx_word' id='word_1_353' title='bbox 1006 835 1186 873; x_wconf 86' lang='lat' dir='ltr'>curiositate,</span> <span class='ocrx_word' id='word_1_354' title='bbox 1210 839 1238 865; x_wconf 89' lang='lat' dir='ltr'>et</span> <span class='ocrx_word' id='word_1_355' title='bbox 1261 835 1354 865; x_wconf 89' lang='lat' dir='ltr'>tribus</span> <span class='ocrx_word' id='word_1_356' title='bbox 1384 835 1483 873; x_wconf 84' lang='lat' dir='ltr'>digitis</span> <span class='ocrx_word' id='word_1_357' title='bbox 1512 834 1659 872; x_wconf 80' lang='lat' dir='ltr'>longiores</span> <span class='ocrx_word' id='word_1_358' title='bbox 1685 842 1748 863; x_wconf 84' lang='lat' dir='ltr'>sea-</span> 
     </span>
     <span class='ocr_line' id='line_1_63' title="bbox 1007 884 1745 924; baseline -0.004 -10"><span class='ocrx_word' id='word_1_359' title='bbox 1007 885 1131 924; x_wconf 90' lang='lat' dir='ltr'>pnlario.</span> <span class='ocrx_word' id='word_1_360' title='bbox 1152 885 1286 915; x_wconf 78' lang='lat' dir='ltr'>Sandalia</span> <span class='ocrx_word' id='word_1_361' title='bbox 1304 885 1361 914; x_wconf 86' lang='lat' dir='ltr'>sint</span> <span class='ocrx_word' id='word_1_362' title='bbox 1377 894 1411 914; x_wconf 83' lang='lat' dir='ltr'>ex</span> <span class='ocrx_word' id='word_1_363' title='bbox 1429 884 1539 914; x_wconf 87' lang='lat' dir='ltr'>canabe</span> <span class='ocrx_word' id='word_1_364' title='bbox 1563 893 1614 913; x_wconf 86' lang='lat' dir='ltr'>seu</span> <span class='ocrx_word' id='word_1_365' title='bbox 1636 887 1745 922; x_wconf 82' lang='lat' dir='ltr'>sparto,</span> 
     </span>
     <span class='ocr_line' id='line_1_64' title="bbox 1007 931 1748 972; baseline -0.005 -8"><span class='ocrx_word' id='word_1_366' title='bbox 1007 934 1095 964; x_wconf 90' lang='lat' dir='ltr'>unius</span> <span class='ocrx_word' id='word_1_367' title='bbox 1111 934 1200 970; x_wconf 89' lang='lat' dir='ltr'>solae,</span> <span class='ocrx_word' id='word_1_368' title='bbox 1219 938 1297 963; x_wconf 82' lang='lat' dir='ltr'>etex</span> <span class='ocrx_word' id='word_1_369' title='bbox 1314 934 1392 963; x_wconf 88' lang='lat' dir='ltr'>omni</span> <span class='ocrx_word' id='word_1_370' title='bbox 1411 937 1492 972; x_wconf 84' lang='lat' dir='ltr'>parte</span> <span class='ocrx_word' id='word_1_371' title='bbox 1508 937 1620 971; x_wconf 69' lang='lat' dir='ltr'>aperta3</span> <span class='ocrx_word' id='word_1_372' title='bbox 1637 931 1748 961; x_wconf 83' lang='lat' dir='ltr'>zoclioli</span> 
     </span>
     <span class='ocr_line' id='line_1_65' title="bbox 1007 981 1617 1021; baseline -0.005 -9"><span class='ocrx_word' id='word_1_373' title='bbox 1007 992 1041 1012; x_wconf 81' lang='lat' dir='ltr'>ex</span> <span class='ocrx_word' id='word_1_374' title='bbox 1064 983 1154 1021; x_wconf 88' lang='lat' dir='ltr'>ligno,</span> <span class='ocrx_word' id='word_1_375' title='bbox 1179 987 1206 1012; x_wconf 91' lang='lat' dir='ltr'>et</span> <span class='ocrx_word' id='word_1_376' title='bbox 1228 992 1294 1012; x_wconf 90' lang='lat' dir='ltr'>cum</span> <span class='ocrx_word' id='word_1_377' title='bbox 1318 982 1451 1020; x_wconf 85' lang='lat' dir='ltr'>corrigiis</span> <span class='ocrx_word' id='word_1_378' title='bbox 1474 981 1617 1019; x_wconf 83' lang='lat' dir='ltr'>angustis.</span> 
     </span>
    </p>

    <p class='ocr_par' dir='ltr' id='par_1_21' title="bbox 1008 1028 1752 1363">
     <span class='ocr_line' id='line_1_66' title="bbox 1046 1028 1746 1067; baseline -0.006 -7"><span class='ocrx_word' id='word_1_379' title='bbox 1046 1040 1084 1060; x_wconf 92' lang='lat' dir='ltr'>1v.</span> <span class='ocrx_word' id='word_1_380' title='bbox 1108 1031 1235 1060; x_wconf 88' lang='lat' dir='ltr'>Tunicae</span> <span class='ocrx_word' id='word_1_381' title='bbox 1269 1030 1454 1060; x_wconf 88' lang='lat' dir='ltr'>immediatae</span> <span class='ocrx_word' id='word_1_382' title='bbox 1486 1029 1601 1067; x_wconf 87' lang='lat' dir='ltr'>corpori</span> <span class='ocrx_word' id='word_1_383' title='bbox 1632 1028 1691 1058; x_wconf 88' lang='lat' dir='ltr'>sint</span> <span class='ocrx_word' id='word_1_384' title='bbox 1714 1036 1746 1057; x_wconf 80' lang='lat' dir='ltr'>ex</span> 
     </span>
     <span class='ocr_line' id='line_1_67' title="bbox 1008 1078 1749 1110; baseline -0.005 -1"><span class='ocrx_word' id='word_1_385' title='bbox 1008 1080 1151 1110; x_wconf 82' lang='lat' dir='ltr'>stamenia</span> <span class='ocrx_word' id='word_1_386' title='bbox 1185 1079 1251 1109; x_wconf 64' lang='lat' dir='ltr'>alba</span> <span class='ocrx_word' id='word_1_387' title='bbox 1282 1083 1310 1109; x_wconf 91' lang='lat' dir='ltr'>et</span> <span class='ocrx_word' id='word_1_388' title='bbox 1337 1079 1412 1108; x_wconf 88' lang='lat' dir='ltr'>rudi.</span> <span class='ocrx_word' id='word_1_389' title='bbox 1438 1078 1601 1107; x_wconf 83' lang='lat' dir='ltr'>Femoralia</span> <span class='ocrx_word' id='word_1_390' title='bbox 1624 1086 1692 1106; x_wconf 88' lang='lat' dir='ltr'>vero</span> <span class='ocrx_word' id='word_1_391' title='bbox 1714 1085 1749 1106; x_wconf 82' lang='lat' dir='ltr'>ex</span> 
     </span>
     <span class='ocr_line' id='line_1_68' title="bbox 1008 1126 1749 1165; baseline -0.005 -7"><span class='ocrx_word' id='word_1_392' title='bbox 1008 1129 1067 1158; x_wconf 92' lang='lat' dir='ltr'>lino</span> <span class='ocrx_word' id='word_1_393' title='bbox 1089 1129 1154 1158; x_wconf 82' lang='lat' dir='ltr'>rudi</span> <span class='ocrx_word' id='word_1_394' title='bbox 1178 1133 1205 1158; x_wconf 90' lang='lat' dir='ltr'>et</span> <span class='ocrx_word' id='word_1_395' title='bbox 1227 1127 1385 1158; x_wconf 88' lang='lat' dir='ltr'>communi.</span> <span class='ocrx_word' id='word_1_396' title='bbox 1409 1127 1571 1165; x_wconf 78' lang='lat' dir='ltr'>Nullusque</span> <span class='ocrx_word' id='word_1_397' title='bbox 1594 1126 1749 1163; x_wconf 88' lang='lat' dir='ltr'>religiosus</span> 
     </span>
     <span class='ocr_line' id='line_1_69' title="bbox 1009 1174 1751 1215; baseline -0.005 -8"><span class='ocrx_word' id='word_1_398' title='bbox 1009 1183 1066 1208; x_wconf 90' lang='lat' dir='ltr'>tam</span> <span class='ocrx_word' id='word_1_399' title='bbox 1089 1177 1164 1215; x_wconf 83' lang='lat' dir='ltr'>illas,</span> <span class='ocrx_word' id='word_1_400' title='bbox 1183 1186 1269 1215; x_wconf 83' lang='lat' dir='ltr'>quam</span> <span class='ocrx_word' id='word_1_401' title='bbox 1292 1176 1359 1213; x_wconf 80' lang='lat' dir='ltr'>ista,</span> <span class='ocrx_word' id='word_1_402' title='bbox 1383 1175 1564 1205; x_wconf 81' lang='lat' dir='ltr'>mundandas</span> <span class='ocrx_word' id='word_1_403' title='bbox 1588 1174 1682 1204; x_wconf 90' lang='lat' dir='ltr'>tradat</span> <span class='ocrx_word' id='word_1_404' title='bbox 1704 1183 1751 1203; x_wconf 76' lang='lat' dir='ltr'>ex-</span> 
     </span>
     <span class='ocr_line' id='line_1_70' title="bbox 1009 1223 1752 1265; baseline -0.005 -9"><span class='ocrx_word' id='word_1_405' title='bbox 1009 1231 1107 1256; x_wconf 85' lang='lat' dir='ltr'>ternae</span> <span class='ocrx_word' id='word_1_406' title='bbox 1130 1235 1272 1265; x_wconf 85' lang='lat' dir='ltr'>personae</span> <span class='ocrx_word' id='word_1_407' title='bbox 1290 1226 1431 1264; x_wconf 80' lang='lat' dir='ltr'>privatae,</span> <span class='ocrx_word' id='word_1_408' title='bbox 1449 1229 1477 1254; x_wconf 90' lang='lat' dir='ltr'>et</span> <span class='ocrx_word' id='word_1_409' title='bbox 1494 1224 1649 1254; x_wconf 88' lang='lat' dir='ltr'>distinctae</span> <span class='ocrx_word' id='word_1_410' title='bbox 1665 1223 1700 1253; x_wconf 84' lang='lat' dir='ltr'>ab</span> <span class='ocrx_word' id='word_1_411' title='bbox 1716 1224 1752 1252; x_wconf 68' lang='lat' dir='ltr'>ea.</span> 
     </span>
     <span class='ocr_line' id='line_1_71' title="bbox 1008 1272 1750 1316; baseline -0.005 -11"><span class='ocrx_word' id='word_1_412' title='bbox 1008 1286 1082 1316; x_wconf 85' lang='lat' dir='ltr'>quae</span> <span class='ocrx_word' id='word_1_413' title='bbox 1104 1275 1208 1306; x_wconf 87' lang='lat' dir='ltr'>similia</span> <span class='ocrx_word' id='word_1_414' title='bbox 1233 1275 1406 1305; x_wconf 89' lang='lat' dir='ltr'>vestimenta</span> <span class='ocrx_word' id='word_1_415' title='bbox 1428 1273 1647 1304; x_wconf 88' lang='lat' dir='ltr'>communitatis</span> <span class='ocrx_word' id='word_1_416' title='bbox 1663 1272 1750 1302; x_wconf 86' lang='lat' dir='ltr'>totius</span> 
     </span>
     <span class='ocr_line' id='line_1_72' title="bbox 1008 1325 1159 1363; baseline -0.007 -8"><span class='ocrx_word' id='word_1_417' title='bbox 1008 1325 1159 1363; x_wconf 81' lang='lat' dir='ltr'>abstergit.</span> 
     </span>
    </p>

    <p class='ocr_par' dir='ltr' id='par_1_22' title="bbox 1009 1372 1753 1560">
     <span class='ocr_line' id='line_1_73' title="bbox 1048 1372 1752 1414; baseline -0.004 -10"><span class='ocrx_word' id='word_1_418' title='bbox 1048 1384 1075 1404; x_wconf 85' lang='lat' dir='ltr'>v.</span> <span class='ocrx_word' id='word_1_419' title='bbox 1094 1375 1222 1404; x_wconf 85' lang='lat' dir='ltr'>Linteola</span> <span class='ocrx_word' id='word_1_420' title='bbox 1249 1383 1300 1414; x_wconf 87' lang='lat' dir='ltr'>pro</span> <span class='ocrx_word' id='word_1_421' title='bbox 1322 1373 1515 1412; x_wconf 75' lang='lat' dir='ltr'>emungendis</span> <span class='ocrx_word' id='word_1_422' title='bbox 1531 1372 1651 1403; x_wconf 88' lang='lat' dir='ltr'>naribus</span> <span class='ocrx_word' id='word_1_423' title='bbox 1668 1372 1752 1401; x_wconf 89' lang='lat' dir='ltr'>mini-</span> 
     </span>
     <span class='ocr_line' id='line_1_74' title="bbox 1009 1422 1753 1461; baseline -0.005 -7"><span class='ocrx_word' id='word_1_424' title='bbox 1009 1434 1055 1454; x_wconf 82' lang='lat' dir='ltr'>me</span> <span class='ocrx_word' id='word_1_425' title='bbox 1078 1424 1136 1454; x_wconf 91' lang='lat' dir='ltr'>sint</span> <span class='ocrx_word' id='word_1_426' title='bbox 1159 1423 1223 1453; x_wconf 90' lang='lat' dir='ltr'>alba</span> <span class='ocrx_word' id='word_1_427' title='bbox 1248 1423 1308 1453; x_wconf 92' lang='lat' dir='ltr'>sive</span> <span class='ocrx_word' id='word_1_428' title='bbox 1331 1423 1436 1461; x_wconf 87' lang='lat' dir='ltr'>serica,</span> <span class='ocrx_word' id='word_1_429' title='bbox 1454 1423 1504 1452; x_wconf 87' lang='lat' dir='ltr'>sed</span> <span class='ocrx_word' id='word_1_430' title='bbox 1528 1422 1649 1452; x_wconf 86' lang='lat' dir='ltr'>honesta</span> <span class='ocrx_word' id='word_1_431' title='bbox 1670 1429 1753 1461; x_wconf 86' lang='lat' dir='ltr'>pror-</span> 
     </span>
     <span class='ocr_line' id='line_1_75' title="bbox 1010 1470 1752 1511; baseline -0.005 -8"><span class='ocrx_word' id='word_1_432' title='bbox 1010 1483 1058 1503; x_wconf 90' lang='lat' dir='ltr'>sus</span> <span class='ocrx_word' id='word_1_433' title='bbox 1074 1477 1102 1503; x_wconf 90' lang='lat' dir='ltr'>et</span> <span class='ocrx_word' id='word_1_434' title='bbox 1117 1472 1200 1503; x_wconf 86' lang='lat' dir='ltr'>rudia</span> <span class='ocrx_word' id='word_1_435' title='bbox 1218 1483 1225 1509; x_wconf 70' lang='grc' dir='ltr'><strong>ς</strong></span> <span class='ocrx_word' id='word_1_436' title='bbox 1250 1477 1277 1502; x_wconf 89' lang='lat' dir='ltr'>et</span> <span class='ocrx_word' id='word_1_437' title='bbox 1299 1472 1388 1510; x_wconf 86' lang='lat' dir='ltr'>galeri</span> <span class='ocrx_word' id='word_1_438' title='bbox 1407 1481 1457 1511; x_wconf 86' lang='lat' dir='ltr'>pro</span> <span class='ocrx_word' id='word_1_439' title='bbox 1473 1470 1629 1501; x_wconf 87' lang='lat' dir='ltr'>itineribus</span> <span class='ocrx_word' id='word_1_440' title='bbox 1645 1470 1752 1500; x_wconf 84' lang='lat' dir='ltr'>facien-</span> 
     </span>
     <span class='ocr_line' id='line_1_76' title="bbox 1010 1521 1456 1560; baseline -0.004 -8"><span class='ocrx_word' id='word_1_441' title='bbox 1010 1522 1053 1552; x_wconf 88' lang='lat' dir='ltr'>dis</span> <span class='ocrx_word' id='word_1_442' title='bbox 1076 1522 1153 1560; x_wconf 82' lang='lat' dir='ltr'>nigri</span> <span class='ocrx_word' id='word_1_443' title='bbox 1177 1521 1222 1551; x_wconf 92' lang='lat' dir='ltr'>vel</span> <span class='ocrx_word' id='word_1_444' title='bbox 1244 1521 1317 1550; x_wconf 88' lang='lat' dir='ltr'>fusci</span> <span class='ocrx_word' id='word_1_445' title='bbox 1341 1521 1456 1550; x_wconf 78' lang='lat' dir='ltr'>coloris.</span> 
     </span>
    </p>

    <p class='ocr_par' dir='ltr' id='par_1_23' title="bbox 1011 1569 1755 1903">
     <span class='ocr_line' id='line_1_77' title="bbox 1050 1569 1753 1607; baseline -0.003 -7"><span class='ocrx_word' id='word_1_446' title='bbox 1050 1580 1088 1600; x_wconf 74' lang='lat' dir='ltr'>vr.</span> <span class='ocrx_word' id='word_1_447' title='bbox 1113 1570 1220 1600; x_wconf 82' lang='lat' dir='ltr'>Novitii</span> <span class='ocrx_word' id='word_1_448' title='bbox 1243 1570 1353 1600; x_wconf 89' lang='lat' dir='ltr'>eisdem</span> <span class='ocrx_word' id='word_1_449' title='bbox 1370 1569 1501 1600; x_wconf 86' lang='lat' dir='ltr'>vestibus</span> <span class='ocrx_word' id='word_1_450' title='bbox 1519 1573 1649 1607; x_wconf 89' lang='lat' dir='ltr'>utantur,</span> <span class='ocrx_word' id='word_1_451' title='bbox 1668 1578 1753 1599; x_wconf 81' lang='lat' dir='ltr'>exee-</span> 
     </span>
     <span class='ocr_line' id='line_1_78' title="bbox 1012 1617 1752 1659; baseline 0 -13"><span class='ocrx_word' id='word_1_452' title='bbox 1012 1623 1059 1659; x_wconf 78' lang='lat' dir='ltr'>pto</span> <span class='ocrx_word' id='word_1_453' title='bbox 1093 1619 1170 1658; x_wconf 90' lang='lat' dir='ltr'>quod</span> <span class='ocrx_word' id='word_1_454' title='bbox 1202 1622 1328 1658; x_wconf 83' lang='lat' dir='ltr'>quatuor</span> <span class='ocrx_word' id='word_1_455' title='bbox 1360 1618 1562 1648; x_wconf 81' lang='lat' dir='ltr'>extremitates</span> <span class='ocrx_word' id='word_1_456' title='bbox 1594 1617 1752 1656; x_wconf 86' lang='lat' dir='ltr'>scapularii</span> 
     </span>
     <span class='ocr_line' id='line_1_79' title="bbox 1011 1666 1754 1704; baseline -0.004 -6"><span class='ocrx_word' id='word_1_457' title='bbox 1011 1673 1097 1698; x_wconf 89' lang='lat' dir='ltr'>erunt</span> <span class='ocrx_word' id='word_1_458' title='bbox 1119 1668 1324 1698; x_wconf 83' lang='lat' dir='ltr'>eircumcissae</span> <span class='ocrx_word' id='word_1_459' title='bbox 1347 1667 1391 1697; x_wconf 83' lang='lat' dir='ltr'>vel</span> <span class='ocrx_word' id='word_1_460' title='bbox 1416 1671 1555 1697; x_wconf 86' lang='lat' dir='ltr'>retortae.</span> <span class='ocrx_word' id='word_1_461' title='bbox 1580 1666 1686 1704; x_wconf 88' lang='lat' dir='ltr'>Oblati,</span> <span class='ocrx_word' id='word_1_462' title='bbox 1703 1676 1754 1696; x_wconf 89' lang='lat' dir='ltr'>seu</span> 
     </span>
     <span class='ocr_line' id='line_1_80' title="bbox 1011 1716 1752 1755; baseline -0.004 -7"><span class='ocrx_word' id='word_1_463' title='bbox 1011 1718 1120 1754; x_wconf 88' lang='lat' dir='ltr'>donati,</span> <span class='ocrx_word' id='word_1_464' title='bbox 1144 1717 1254 1747; x_wconf 90' lang='lat' dir='ltr'>eisdem</span> <span class='ocrx_word' id='word_1_465' title='bbox 1273 1716 1402 1746; x_wconf 85' lang='lat' dir='ltr'>vestibus</span> <span class='ocrx_word' id='word_1_466' title='bbox 1418 1721 1536 1746; x_wconf 87' lang='lat' dir='ltr'>utantur</span> <span class='ocrx_word' id='word_1_467' title='bbox 1559 1726 1591 1746; x_wconf 86' lang='lat' dir='ltr'>ac</span> <span class='ocrx_word' id='word_1_468' title='bbox 1615 1716 1752 1755; x_wconf 70' lang='lat' dir='ltr'>professi,</span> 
     </span>
     <span class='ocr_line' id='line_1_81' title="bbox 1011 1765 1755 1805; baseline -0.004 -8"><span class='ocrx_word' id='word_1_469' title='bbox 1011 1771 1140 1797; x_wconf 86' lang='lat' dir='ltr'>ceterum</span> <span class='ocrx_word' id='word_1_470' title='bbox 1175 1775 1233 1796; x_wconf 92' lang='lat' dir='ltr'>non</span> <span class='ocrx_word' id='word_1_471' title='bbox 1266 1765 1416 1795; x_wconf 83' lang='lat' dir='ltr'>habebunt</span> <span class='ocrx_word' id='word_1_472' title='bbox 1439 1765 1577 1805; x_wconf 87' lang='lat' dir='ltr'>capitium</span> <span class='ocrx_word' id='word_1_473' title='bbox 1601 1765 1703 1799; x_wconf 86' lang='lat' dir='ltr'>ullum,</span> <span class='ocrx_word' id='word_1_474' title='bbox 1726 1770 1755 1794; x_wconf 85' lang='lat' dir='ltr'>et</span> 
     </span>
     <span class='ocr_line' id='line_1_82' title="bbox 1011 1813 1753 1853; baseline -0.004 -8"><span class='ocrx_word' id='word_1_475' title='bbox 1011 1815 1131 1845; x_wconf 89' lang='lat' dir='ltr'>illorum</span> <span class='ocrx_word' id='word_1_476' title='bbox 1150 1814 1313 1853; x_wconf 84' lang='lat' dir='ltr'>scapularia</span> <span class='ocrx_word' id='word_1_477' title='bbox 1331 1813 1366 1843; x_wconf 87' lang='lat' dir='ltr'>ad</span> <span class='ocrx_word' id='word_1_478' title='bbox 1389 1823 1483 1852; x_wconf 87' lang='lat' dir='ltr'>genua</span> <span class='ocrx_word' id='word_1_479' title='bbox 1500 1823 1557 1843; x_wconf 89' lang='lat' dir='ltr'>non</span> <span class='ocrx_word' id='word_1_480' title='bbox 1574 1813 1753 1852; x_wconf 84' lang='lat' dir='ltr'>pertingent,</span> 
     </span>
     <span class='ocr_line' id='line_1_83' title="bbox 1012 1863 1619 1903; baseline -0.003 -9"><span class='ocrx_word' id='word_1_481' title='bbox 1012 1873 1064 1894; x_wconf 91' lang='lat' dir='ltr'>nec</span> <span class='ocrx_word' id='word_1_482' title='bbox 1086 1863 1218 1901; x_wconf 87' lang='lat' dir='ltr'>longiora</span> <span class='ocrx_word' id='word_1_483' title='bbox 1243 1866 1381 1903; x_wconf 85' lang='lat' dir='ltr'>poterunt</span> <span class='ocrx_word' id='word_1_484' title='bbox 1404 1872 1467 1893; x_wconf 86' lang='lat' dir='ltr'>esse</span> <span class='ocrx_word' id='word_1_485' title='bbox 1489 1872 1504 1892; x_wconf 92' lang='lat' dir='ltr'>a</span> <span class='ocrx_word' id='word_1_486' title='bbox 1528 1866 1619 1901; x_wconf 81' lang='lat' dir='ltr'>tergo.</span> 
     </span>
    </p>

    <p class='ocr_par' dir='ltr' id='par_1_24' title="bbox 1012 1911 1757 2101">
     <span class='ocr_line' id='line_1_84' title="bbox 1052 1911 1756 1951; baseline -0.003 -9"><span class='ocrx_word' id='word_1_487' title='bbox 1052 1922 1101 1942; x_wconf 69' lang='lat' dir='ltr'>vu.</span> <span class='ocrx_word' id='word_1_488' title='bbox 1126 1912 1308 1951; x_wconf 85' lang='lat' dir='ltr'>Quicumque</span> <span class='ocrx_word' id='word_1_489' title='bbox 1331 1916 1430 1942; x_wconf 80' lang='lat' dir='ltr'>contra</span> <span class='ocrx_word' id='word_1_490' title='bbox 1454 1916 1560 1942; x_wconf 83' lang='lat' dir='ltr'>statuta</span> <span class='ocrx_word' id='word_1_491' title='bbox 1583 1912 1612 1941; x_wconf 91' lang='lat' dir='ltr'>in</span> <span class='ocrx_word' id='word_1_492' title='bbox 1632 1911 1686 1941; x_wconf 91' lang='lat' dir='ltr'>hoc</span> <span class='ocrx_word' id='word_1_493' title='bbox 1709 1920 1756 1941; x_wconf 86' lang='lat' dir='ltr'>ca-</span> 
     </span>
     <span class='ocr_line' id='line_1_85' title="bbox 1014 1961 1757 2002; baseline -0.003 -11"><span class='ocrx_word' id='word_1_494' title='bbox 1014 1963 1108 2002; x_wconf 87' lang='lat' dir='ltr'>pitulo</span> <span class='ocrx_word' id='word_1_495' title='bbox 1131 1963 1161 1992; x_wconf 87' lang='lat' dir='ltr'>in</span> <span class='ocrx_word' id='word_1_496' title='bbox 1178 1967 1236 1992; x_wconf 92' lang='lat' dir='ltr'>toto</span> <span class='ocrx_word' id='word_1_497' title='bbox 1259 1962 1304 1992; x_wconf 89' lang='lat' dir='ltr'>vel</span> <span class='ocrx_word' id='word_1_498' title='bbox 1327 1962 1356 1992; x_wconf 91' lang='lat' dir='ltr'>in</span> <span class='ocrx_word' id='word_1_499' title='bbox 1380 1965 1462 2001; x_wconf 84' lang='lat' dir='ltr'>parte</span> <span class='ocrx_word' id='word_1_500' title='bbox 1487 1961 1600 1997; x_wconf 74' lang='lat' dir='ltr'>fecerit,</span> <span class='ocrx_word' id='word_1_501' title='bbox 1618 1961 1757 2000; x_wconf 90' lang='lat' dir='ltr'>puniatur</span> 
     </span>
     <span class='ocr_line' id='line_1_86' title="bbox 1013 2010 1755 2052; baseline -0.004 -10"><span class='ocrx_word' id='word_1_502' title='bbox 1013 2013 1105 2052; x_wconf 79' lang='lat' dir='ltr'>poena</span> <span class='ocrx_word' id='word_1_503' title='bbox 1128 2012 1210 2051; x_wconf 84' lang='lat' dir='ltr'>gravi</span> <span class='ocrx_word' id='word_1_504' title='bbox 1233 2021 1284 2051; x_wconf 86' lang='lat' dir='ltr'>per</span> <span class='ocrx_word' id='word_1_505' title='bbox 1307 2021 1397 2042; x_wconf 91' lang='lat' dir='ltr'>unum</span> <span class='ocrx_word' id='word_1_506' title='bbox 1415 2016 1463 2041; x_wconf 89' lang='lat' dir='ltr'>aut</span> <span class='ocrx_word' id='word_1_507' title='bbox 1480 2011 1580 2050; x_wconf 88' lang='lat' dir='ltr'>plures</span> <span class='ocrx_word' id='word_1_508' title='bbox 1596 2010 1658 2040; x_wconf 87' lang='lat' dir='ltr'>dies</span> <span class='ocrx_word' id='word_1_509' title='bbox 1676 2010 1755 2040; x_wconf 79' lang='lat' dir='ltr'>iuxta</span> 
     </span>
     <span class='ocr_line' id='line_1_87' title="bbox 1012 2061 1321 2101; baseline -0.003 -10"><span class='ocrx_word' id='word_1_510' title='bbox 1012 2061 1181 2101; x_wconf 86' lang='lat' dir='ltr'>qualitatem</span> <span class='ocrx_word' id='word_1_511' title='bbox 1207 2061 1321 2101; x_wconf 86' lang='lat' dir='ltr'>culpae.</span> 
     </span>
    </p>
   </div>
   <div class='ocr_carea' id='block_1_19' title="bbox 1207 2145 1560 2169">
    <p class='ocr_par' dir='ltr' id='par_1_25' title="bbox 1207 2145 1560 2169">
     <span class='ocr_line' id='line_1_88' title="bbox 1207 2145 1560 2169; baseline -0.003 0"><span class='ocrx_word' id='word_1_512' title='bbox 1207 2146 1354 2169; x_wconf 60' lang='lat' dir='ltr'>REGULAE</span> <span class='ocrx_word' id='word_1_513' title='bbox 1381 2145 1480 2169; x_wconf 62' lang='lat' dir='ltr'>CAPUT</span> <span class='ocrx_word' id='word_1_514' title='bbox 1507 2146 1560 2169; x_wconf 88' lang='lat' dir='ltr'>Vll.</span> 
     </span>
    </p>
   </div>
   <div class='ocr_carea' id='block_1_20' title="bbox 1230 2194 1519 2216">
    <p class='ocr_par' dir='ltr' id='par_1_26' title="bbox 1230 2194 1519 2216">
     <span class='ocr_line' id='line_1_89' title="bbox 1230 2194 1519 2216; baseline -0.003 -2"><span class='ocrx_word' id='word_1_515' title='bbox 1230 2196 1326 2214; x_wconf 74' lang='lat' dir='ltr'>laceant</span> <span class='ocrx_word' id='word_1_516' title='bbox 1340 2196 1362 2213; x_wconf 78' lang='lat' dir='ltr'>in</span> <span class='ocrx_word' id='word_1_517' title='bbox 1376 2194 1457 2216; x_wconf 73' lang='lat' dir='ltr'>laneis,</span> <span class='ocrx_word' id='word_1_518' title='bbox 1473 2195 1519 2213; x_wconf 75' lang='lat' dir='ltr'>ete.</span> 
     </span>
    </p>
   </div>
   <div class='ocr_carea' id='block_1_21' title="bbox 1012 2247 1756 2327">
    <p class='ocr_par' dir='ltr' id='par_1_27' title="bbox 1012 2247 1756 2327">
     <span class='ocr_line' id='line_1_90' title="bbox 1012 2247 1756 2287; baseline -0.005 -9"><span class='ocrx_word' id='word_1_519' title='bbox 1012 2248 1110 2279; x_wconf 63' lang='lat' dir='ltr'><strong>CAPUT</strong></span> <span class='ocrx_word' id='word_1_520' title='bbox 1134 2257 1183 2279; x_wconf 75' lang='lat' dir='ltr'>vn.</span> <span class='ocrx_word' id='word_1_521' title='bbox 1200 2267 1238 2271; x_wconf 94' lang='lat'>-—</span> <span class='ocrx_word' id='word_1_522' title='bbox 1260 2248 1300 2278; x_wconf 74' lang='lat' dir='ltr'>Dc</span> <span class='ocrx_word' id='word_1_523' title='bbox 1323 2248 1431 2278; x_wconf 81' lang='lat' dir='ltr'>lectulis</span> <span class='ocrx_word' id='word_1_524' title='bbox 1452 2257 1503 2287; x_wconf 79' lang='lat' dir='ltr'>pro</span> <span class='ocrx_word' id='word_1_525' title='bbox 1525 2247 1617 2277; x_wconf 77' lang='lat' dir='ltr'>cubitu</span> <span class='ocrx_word' id='word_1_526' title='bbox 1633 2248 1756 2286; x_wconf 75' lang='lat' dir='ltr'>fratrum</span> 
     </span>
     <span class='ocr_line' id='line_1_91' title="bbox 1302 2302 1468 2327; baseline -0.006 -1"><span class='ocrx_word' id='word_1_527' title='bbox 1302 2302 1468 2327; x_wconf 77' lang='lat' dir='ltr'>nostrorum.</span> 
     </span>
    </p>
   </div>
   <div class='ocr_carea' id='block_1_22' title="bbox 1014 2362 1758 2647">
    <p class='ocr_par' dir='ltr' id='par_1_28' title="bbox 1014 2362 1757 2591">
     <span class='ocr_line' id='line_1_92' title="bbox 1053 2362 1757 2399; baseline -0.004 -5"><span class='ocrx_word' id='word_1_528' title='bbox 1053 2374 1070 2393; x_wconf 84' lang='lat' dir='ltr'>i.</span> <span class='ocrx_word' id='word_1_529' title='bbox 1095 2364 1231 2394; x_wconf 87' lang='lat' dir='ltr'>Lectulus</span> <span class='ocrx_word' id='word_1_530' title='bbox 1263 2363 1300 2393; x_wconf 92' lang='lat' dir='ltr'>sit</span> <span class='ocrx_word' id='word_1_531' title='bbox 1323 2373 1360 2393; x_wconf 76' lang='lat' dir='ltr'>cx</span> <span class='ocrx_word' id='word_1_532' title='bbox 1383 2363 1510 2399; x_wconf 79' lang='lat' dir='ltr'>tal›ulis;</span> <span class='ocrx_word' id='word_1_533' title='bbox 1541 2362 1602 2391; x_wconf 89' lang='lat' dir='ltr'>eius</span> <span class='ocrx_word' id='word_1_534' title='bbox 1636 2362 1757 2391; x_wconf 83' lang='lat' dir='ltr'>latitudo</span> 
     </span>
     <span class='ocr_line' id='line_1_93' title="bbox 1015 2411 1756 2452; baseline -0.003 -10"><span class='ocrx_word' id='word_1_535' title='bbox 1015 2413 1102 2442; x_wconf 87' lang='lat' dir='ltr'>trium</span> <span class='ocrx_word' id='word_1_536' title='bbox 1126 2413 1290 2452; x_wconf 87' lang='lat' dir='ltr'>palmorum</span> <span class='ocrx_word' id='word_1_537' title='bbox 1307 2422 1372 2441; x_wconf 88' lang='lat' dir='ltr'>cum</span> <span class='ocrx_word' id='word_1_538' title='bbox 1393 2411 1525 2447; x_wconf 86' lang='lat' dir='ltr'>dimidio,</span> <span class='ocrx_word' id='word_1_539' title='bbox 1546 2411 1671 2440; x_wconf 87' lang='lat' dir='ltr'>altitudo</span> <span class='ocrx_word' id='word_1_540' title='bbox 1689 2420 1756 2440; x_wconf 82' lang='lat' dir='ltr'>vero</span> 
     </span>
     <span class='ocr_line' id='line_1_94' title="bbox 1014 2459 1757 2501; baseline -0.004 -9"><span class='ocrx_word' id='word_1_541' title='bbox 1014 2463 1118 2493; x_wconf 88' lang='lat' dir='ltr'>tertiae</span> <span class='ocrx_word' id='word_1_542' title='bbox 1141 2463 1232 2501; x_wconf 87' lang='lat' dir='ltr'>partis</span> <span class='ocrx_word' id='word_1_543' title='bbox 1249 2462 1335 2491; x_wconf 83' lang='lat' dir='ltr'>ulnae</span> <span class='ocrx_word' id='word_1_544' title='bbox 1352 2461 1543 2493; x_wconf 76' lang='lat' dir='ltr'>castellanae:</span> <span class='ocrx_word' id='word_1_545' title='bbox 1562 2469 1627 2489; x_wconf 86' lang='lat' dir='ltr'>cum</span> <span class='ocrx_word' id='word_1_546' title='bbox 1645 2459 1757 2490; x_wconf 82' lang='lat' dir='ltr'>(luobus</span> 
     </span>
     <span class='ocr_line' id='line_1_95' title="bbox 1014 2509 1757 2549; baseline -0.005 -7"><span class='ocrx_word' id='word_1_547' title='bbox 1014 2516 1127 2542; x_wconf 86' lang='lat' dir='ltr'>tantum</span> <span class='ocrx_word' id='word_1_548' title='bbox 1144 2512 1282 2549; x_wconf 74' lang='lat' dir='ltr'>stragulis</span> <span class='ocrx_word' id='word_1_549' title='bbox 1299 2511 1359 2540; x_wconf 74' lang='lat' dir='ltr'>sive</span> <span class='ocrx_word' id='word_1_550' title='bbox 1376 2509 1520 2539; x_wconf 87' lang='lat' dir='ltr'>lodicibus</span> <span class='ocrx_word' id='word_1_551' title='bbox 1537 2509 1640 2547; x_wconf 88' lang='lat' dir='ltr'>laneis,</span> <span class='ocrx_word' id='word_1_552' title='bbox 1655 2513 1681 2538; x_wconf 90' lang='lat' dir='ltr'>et</span> <span class='ocrx_word' id='word_1_553' title='bbox 1698 2517 1757 2539; x_wconf 86' lang='lat' dir='ltr'>cor·</span> 
     </span>
     <span class='ocr_line' id='line_1_96' title="bbox 1015 2559 1433 2591; baseline -0.01 0"><span class='ocrx_word' id='word_1_554' title='bbox 1015 2561 1100 2591; x_wconf 74' lang='lat' dir='ltr'>viculi</span> <span class='ocrx_word' id='word_1_555' title='bbox 1121 2571 1178 2591; x_wconf 84' lang='lat' dir='ltr'>uno</span> <span class='ocrx_word' id='word_1_556' title='bbox 1197 2560 1284 2589; x_wconf 81' lang='lat' dir='ltr'>otiam</span> <span class='ocrx_word' id='word_1_557' title='bbox 1303 2568 1339 2589; x_wconf 78' lang='lat' dir='ltr'>ex</span> <span class='ocrx_word' id='word_1_558' title='bbox 1358 2559 1433 2588; x_wconf 70' lang='lat' dir='ltr'>land.</span> 
     </span>
    </p>

    <p class='ocr_par' dir='ltr' id='par_1_29' title="bbox 1055 2607 1758 2647">
     <span class='ocr_line' id='line_1_97' title="bbox 1055 2607 1758 2647; baseline -0.004 -7"><span class='ocrx_word' id='word_1_559' title='bbox 1055 2620 1084 2640; x_wconf 85' lang='lat' dir='ltr'>n.</span> <span class='ocrx_word' id='word_1_560' title='bbox 1119 2610 1159 2639; x_wconf 78' lang='lat' dir='ltr'>Ne</span> <span class='ocrx_word' id='word_1_561' title='bbox 1192 2613 1288 2640; x_wconf 85' lang='lat' dir='ltr'>autem</span> <span class='ocrx_word' id='word_1_562' title='bbox 1323 2608 1492 2647; x_wconf 83' lang='lat' dir='ltr'>religiosum</span> <span class='ocrx_word' id='word_1_563' title='bbox 1530 2607 1658 2647; x_wconf 86' lang='lat' dir='ltr'>aliquem</span> <span class='ocrx_word' id='word_1_564' title='bbox 1695 2607 1758 2637; x_wconf 88' lang='lat' dir='ltr'>sine</span> 
     </span>
    </p>
   </div>
   <div class='ocr_carea' id='block_1_23' title="bbox 1629 189 1933 224">
    <p class='ocr_par' dir='ltr' id='par_1_30' title="bbox 1629 189 1933 224">
     <span class='ocr_line' id='line_1_98' title="bbox 1629 189 1933 224; baseline 0 -2"><span class='ocrx_word' id='word_1_565' title='bbox 1629 189 1694 223; x_wconf 66' lang='lat'>403</span> <span class='ocrx_word' id='word_1_566' title='bbox 1742 198 1794 223; x_wconf 70' lang='lat' dir='ltr'>An.</span> <span class='ocrx_word' id='word_1_567' title='bbox 1817 197 1933 224; x_wconf 53' lang='lat'><strong>&amp;1738</strong></span> 
     </span>
    </p>
   </div>
  </div>
 </body>
</html>
