2232 3178
280 242 331 269 An.
348 241 378 269 c.
400 241 467 270 1738
513 231 577 266 398

476 289 578 319 Patres
601 297 715 328 quoque
731 288 857 318 ministri
875 288 1081 318 conventuales
1104 288 1213 317 clavem

477 337 584 367 habere
608 341 743 375 poterunt
765 337 901 376 capsulae
917 336 970 366 sub
992 338 1094 366 mensa
1111 337 1213 374 cellae,

477 388 560 416 cuius
582 386 704 415 altitudo
725 385 882 423 digitorum
906 390 1041 424 quatuor,
1066 385 1215 422 longitudo

478 444 544 464 vero
567 435 689 464 duorum
723 434 760 463 sit
789 435 969 473 palmorum:
994 444 1027 463 ac
1056 434 1142 463 etiam
1167 434 1217 463 ha-

478 483 564 512 beant
586 484 682 512 claves
713 483 867 520 magistras
891 492 941 521 pro
965 483 1113 512 clausura.
1138 483 1217 512 Reli-

477 532 549 569 giosi
574 533 643 561 item
660 532 799 561 officiales
817 532 965 561 habebunt
986 532 1081 561 claves
1097 540 1215 561 suarum

478 581 673 609 officinarum.
692 580 863 609 Huiusmodi
877 581 1024 619 capsulam
1041 579 1148 609 habere
1167 589 1218 618 po-

479 634 576 658 terunt
598 628 763 658 chronistae
779 651 787 665 ,
811 629 968 667 scriptores
996 629 1165 666 generales,
1189 633 1216 657 et

478 677 528 706 alii
550 686 650 706 omncs
680 676 786 715 quibus
815 677 1014 706 definitorium
1038 676 1216 706 concesserit

478 725 657 761 facultatem,
681 725 760 754 iuxta
785 734 814 754 n.
832 733 881 763 vii,
902 725 974 754 alias
990 734 1034 754 Vt:
1052 724 1216 761 architecti,

479 773 552 803 fabri
574 773 713 811 lignarii,
737 774 984 812 caementariique
1007 773 1115 803 habere
1138 778 1216 812 pote-

479 826 548 852 runt
580 823 690 851 clavem
723 822 846 851 alicuius
879 822 973 852 dictae
1009 822 1142 852 officinae
1174 822 1218 851 vel

478 877 563 898 arcae
596 869 630 898 ad
659 869 846 898 custodienda
876 869 1069 898 instrumenta
1099 877 1217 898 suorum

479 917 652 946 officiorum.
678 916 817 947 Officinae
848 922 942 947 tamen
967 918 1025 947 sint
1048 922 1129 947 extra
1153 918 1218 947 dor-

479 966 642 1001 mitorium,
667 975 762 1005 neque
785 966 813 995 in
833 966 874 995 eis
894 966 1024 996 habitent
1043 976 1137 1005 neque
1154 966 1220 996 dor-

479 1015 572 1044 miant
604 1015 743 1044 officiales
777 1014 861 1043 aliive
895 1015 1036 1052 religiosi.
1067 1016 1167 1045 Claves
1190 1025 1219 1044 o-

480 1063 591 1092 mnium
612 1063 796 1092 officinarum
819 1063 878 1092 sint
900 1063 1076 1102 duplicatae,
1100 1068 1128 1093 et
1152 1063 1220 1092 alte-

479 1121 541 1141 ram
564 1121 598 1141 ex
620 1112 662 1141 eis
685 1112 791 1141 habeat
813 1112 970 1149 minister,
993 1112 1042 1151 qui
1065 1112 1220 1151 aliquoties

480 1160 611 1190 officinas
630 1160 769 1198 visitabit,
793 1165 821 1190 et
843 1160 878 1189 ab
900 1161 942 1190 eis
964 1160 1123 1190 reinoiebit
1146 1170 1220 1200 quae

480 1210 524 1240 vel
548 1210 583 1239 ad
606 1220 726 1240 munera
744 1210 959 1249 praedictorum
984 1209 1152 1239 officialium
1176 1210 1219 1239 vel

481 1268 565 1288 usum
589 1259 793 1297 religiosorum
822 1259 986 1288 necessaria
1020 1268 1077 1288 non
1101 1259 1218 1288 fuerint.

521 1316 569 1337 vn.
594 1308 795 1337 Definitorium
819 1308 955 1345 generale
978 1307 1007 1336 in
1031 1316 1100 1336 casu
1122 1316 1222 1336 neces-

481 1357 557 1387 sario
580 1357 738 1386 concedere
761 1357 866 1395 poterit
894 1356 982 1386 alicui
1006 1356 1141 1394 religioso
1164 1356 1221 1385 cla-

482 1414 545 1434 vem
573 1405 697 1435 alicuius
720 1414 804 1435 arcae
833 1405 878 1434 vel
902 1405 1059 1444 capsulae,
1084 1414 1196 1434 necnon
1212 1428 1219 1441 ,

482 1454 601 1492 praevia
623 1454 829 1484 informatione
853 1459 968 1493 patrum
998 1453 1219 1491 ministrorum,

482 1502 590 1540 poterit
618 1502 817 1532 definitorium
853 1502 1031 1541 provinciale
1061 1501 1221 1531 concedere

482 1550 641 1580 lectoribus
664 1555 692 1580 et
716 1550 968 1589 praedicatoribus
991 1551 1132 1579 manticas
1155 1560 1221 1580 cum

482 1599 600 1637 serulis,
626 1599 654 1628 in
678 1599 785 1638 quibus
807 1600 962 1629 conciones
985 1602 1013 1628 et
1035 1599 1091 1629 alia
1114 1599 1222 1638 scripta

482 1649 660 1678 custodiant.

521 1705 581 1728 vni.
606 1698 639 1728 Et
655 1707 691 1727 ne
707 1697 873 1727 saeculares
891 1697 966 1727 ultro
981 1698 1092 1737 possint
1109 1698 1222 1736 ingredi

483 1747 687 1786 religiosorum
710 1747 808 1781 cellas,
826 1747 863 1776 sit
878 1747 1041 1777 communis
1064 1752 1091 1777 et
1114 1748 1224 1777 unifor-

485 1796 539 1825 mis
573 1796 708 1826 clausura
741 1795 871 1825 omnium
902 1795 1041 1832 illarum,
1065 1795 1223 1825 dummodo

485 1844 655 1875 huiusmodi
677 1844 809 1874 clausura
824 1853 881 1873 non
899 1844 936 1874 sit
951 1844 1087 1882 clavium,
1103 1853 1156 1874 nec
1173 1853 1224 1883 per

484 1893 714 1923 instrumentum
738 1892 833 1921 simile
856 1892 997 1927 clavibus,
1022 1893 1100 1922 iuxta
1125 1893 1224 1922 decre-

486 1946 546 1972 tum
570 1946 598 1972 et
620 1950 752 1971 normam
775 1941 895 1980 capituli
915 1941 1060 1980 generalis
1082 1941 1224 1981 Compluti

486 1990 624 2020 celebrati
647 1999 723 2020 anno
745 1998 924 2020 iiioccxxxni.

525 2049 565 2069 ix.
589 2039 689 2069 Patres
713 2039 839 2069 ministri
854 2039 889 2069 de
908 2039 1052 2069 trimestri
1074 2038 1103 2069 in
1127 2039 1226 2069 trime-

487 2091 547 2118 stre
570 2088 689 2117 visitent
718 2088 861 2117 manticas
888 2088 1031 2118 lectorum
1062 2092 1090 2118 et
1112 2088 1227 2127 praedi-

487 2142 628 2173 catorum,
650 2147 762 2167 necnon
786 2147 878 2174 arcas,
902 2138 1046 2176 capsulas,
1067 2138 1174 2167 scrinia
1199 2142 1226 2168 et

488 2185 583 2215 omnia
597 2185 652 2215 alia
668 2195 741 2226 quae
758 2185 978 2225 quomodolibet
991 2186 1100 2215 fuerint
1118 2186 1225 2223 clausa,

489 2238 517 2264 et
539 2238 643 2264 cuncta
679 2234 796 2264 visitent
828 2235 858 2264 in
891 2244 1010 2264 suorum
1042 2233 1226 2264 subditorum

489 2283 664 2322 praesentia,
685 2283 739 2312 suh
754 2286 847 2322 poena
862 2283 1062 2322 suspensionis
1081 2292 1133 2322 pro
1156 2287 1228 2313 tem-

491 2341 576 2370 pore,
600 2332 635 2361 ad
662 2331 817 2361 arbitrium
841 2335 957 2370 patrum
989 2331 1225 2370 provincialium.

492 2380 535 2410 Ab
558 2381 612 2410 hac
642 2385 737 2410 tamen
766 2380 932 2410 visitatione
959 2380 1144 2419 excipiuntur
1165 2380 1229 2419 qui-

491 2439 616 2469 cumque
633 2429 789 2459 habuerint
811 2429 978 2459 mandatum
995 2438 1136 2468 procurae
1152 2438 1167 2458 a
1183 2439 1230 2459 su-

493 2479 607 2518 periore
630 2479 675 2508 vel
697 2478 862 2508 definitorio
891 2478 1019 2516 generali
1045 2487 1228 2508 concessum.

490 2526 644 2565 Similiter,
662 2526 716 2556 sub
739 2527 835 2566 poena
856 2526 1055 2566 suspensionis
1078 2535 1129 2565 per
1147 2526 1232 2565 quin-

493 2576 587 2606 decim
610 2576 692 2613 dies,
716 2575 761 2605 bis
783 2575 884 2605 saltem
914 2575 944 2605 in
966 2585 1042 2605 anno
1073 2575 1231 2605 visitabunt

495 2625 594 2664 cellas,
618 2625 735 2664 scripta,
760 2624 887 2663 habitus,
911 2629 1064 2664 ceteraque
1080 2624 1136 2655 alia
1158 2633 1232 2663 quae

1061 239 1241 264 nULLARtUM
1265 239 1422 264 ROMANUM

1258 288 1388 326 religiosi
1411 288 1445 318 ad
1469 297 1553 318 suum
1582 287 1738 318 habuerint
1760 296 1864 326 usum,
1888 296 1994 327 superâ€”

1259 335 1374 374 ssuaque
1402 340 1430 366 et
1463 336 1577 366 inutilia
1611 337 1766 370 auferent,
1791 336 1923 376 quamvis
1947 336 1995 366 illa

1260 384 1383 413 habeant
1407 394 1472 414 cum
1496 385 1616 423 praelati
1633 385 1792 424 superioris
1814 385 1945 423 licentia,
1963 394 1996 414 ac

1259 433 1293 462 de
1316 434 1490 463 necessariis
1505 433 1612 473 absque
1630 436 1711 464 mora
1733 434 1926 473 providebunt
1942 434 1998 463 fra-

1260 481 1352 511 tribus
1375 482 1585 519 indigentibus.
1610 483 1651 511 Ad
1674 483 1748 512 hanc
1779 487 1875 512 autem
1898 482 1998 511 visita-

1260 531 1367 559 tionem
1404 531 1623 570 exequendam,
1648 535 1802 570 praecepto
1837 531 1996 570 imposito,

1260 579 1390 608 subditos
1413 579 1605 617 obligabunt,
1630 584 1661 609 ut
1683 580 1779 609 onmia
1809 579 1918 619 absque
1940 579 1998 609 alie

1260 628 1433 665 exceptione
1456 628 1642 666 patefaciant.

1302 685 1328 704 x.
1354 675 1384 705 In
1408 676 1601 705 conventibus
1617 680 1645 705 et
1666 676 1796 714 collegiis
1811 676 1918 706 nostris
1934 685 2000 716 per-

1261 725 1405 754 mittimus
1427 725 1458 754 in
1479 725 1705 754 solemnioribus
1727 725 1818 763 festis,
1842 729 1870 755 et
1891 725 1998 755 funeri-

1262 773 1315 803 bus
1338 783 1530 812 personarum
1560 774 1692 811 gravium
1723 783 1807 804 usum
1830 774 1998 804 dalmatica-

1262 831 1325 851 rum
1350 832 1401 861 pro
1434 822 1563 852 diaconis
1595 826 1623 852 et
1653 821 1860 859 subdiaconis,
1884 831 1997 852 necnon

1262 871 1413 900 collarium
1437 880 1489 910 pro
1511 871 1643 909 acolytis,
1661 871 1829 910 neutiquam
1848 879 1916 900 vero
1940 879 1998 899 ma-

1262 919 1393 948 nicarum
1417 919 1446 948 in
1470 919 1606 949 crucibus
1638 919 1922 958 processionalibus,
1946 927 2000 948 nec

1263 968 1292 996 in
1316 967 1506 997 inferioribus
1529 967 1661 1007 partibus
1692 968 1825 997 albarum
1849 972 1877 997 et
1898 967 2001 997 roche-

1263 1020 1357 1045 torum
1380 1020 1524 1053 ornatum,
1546 1016 1596 1054 qui
1619 1016 1695 1055 apud
1725 1016 1869 1055 Hispanos
1891 1016 2001 1046 dicitur

1250 1065 1366 1103 ,[Î±á½·á½±Î¿Î·.

1302 1123 1320 1143 i.
1345 1116 1451 1143 <clames
1474 1114 1566 1143 nostri
1597 1113 1724 1151 religiosi
1748 1113 1781 1143 ad
1806 1114 1928 1144 chorum
1949 1113 1999 1143 de-

1264 1162 1367 1201 putati,
1385 1167 1513 1201 tempore
1530 1171 1598 1191 suae
1614 1162 1813 1201 professionis,
1833 1162 2001 1192 immediate

1265 1215 1328 1249 post
1352 1211 1407 1240 tria
1426 1216 1488 1240 vota
1508 1212 1685 1247 essentialia,
1703 1215 1842 1250 quartum
1866 1211 2003 1241 emittant

1264 1270 1320 1289 non
1340 1260 1552 1299 praetendendi
1576 1261 1604 1289 iu
1628 1262 1730 1290 nostra
1751 1261 1891 1299 religione
1907 1260 2002 1290 officia

1265 1309 1307 1338 vel
1325 1309 1515 1347 praelaturas,
1532 1309 1665 1338 videlicet
1679 1308 1817 1347 ministri,
1832 1318 1885 1338 nec
1899 1308 2002 1339 vicarii

1264 1357 1419 1395 generalis,
1437 1357 1642 1393 conm'iissarii,
1661 1357 1933 1394 vicecommissarii,
1957 1356 2002 1386 vel

1264 1406 1427 1435 definitoris
1449 1406 1606 1444 generalis,
1630 1406 1697 1435 item
1722 1415 1774 1436 nec
1794 1406 1937 1442 ministri,
1961 1406 2004 1436 vi-

1264 1454 1334 1483 carii
1355 1454 1550 1492 provincialis,
1569 1458 1618 1483 aut
1634 1454 1797 1484 definitoris
1816 1454 2003 1493 provinciae3

1265 1507 1414 1542 praeterea
1438 1512 1491 1532 nec
1515 1503 1641 1532 ministri
1664 1503 1882 1541 conventualis,
1906 1503 2007 1533 visita-

1266 1552 1337 1581 toris
1358 1561 1391 1581 ac
1413 1551 1617 1590 praesidentis,
1641 1561 1752 1581 necnon
1777 1551 1847 1581 socii
1869 1552 1904 1581 ad
1927 1551 2005 1591 capi-

1266 1601 1358 1630 tulum
1386 1600 1585 1639 procuratoris
1613 1600 1759 1638 generalis
1782 1601 1880 1630 curiae
1902 1601 2007 1630 Roma-

1266 1659 1320 1679 nae
1343 1650 1386 1679 vel
1411 1650 1509 1687 regiae
1525 1673 1532 1687 â€š
1562 1649 1680 1679 Ordinis
1702 1649 1746 1678 vel
1775 1649 1919 1686 familiae,
1944 1649 2005 1679 sive

1267 1699 1464 1737 procuratoris
1483 1698 1666 1737 provinciaeÍ¾
1686 1698 1822 1728 similiter
1839 1707 1896 1728 non
1920 1707 2006 1737 prae-

1266 1747 1427 1784 tendendi,
1459 1756 1512 1776 nec
1540 1746 1713 1776 admittendi
1735 1746 1862 1785 aliquam
1894 1746 2007 1785 praela-

1268 1796 1375 1825 tionem
1398 1799 1478 1824 extra
1502 1800 1630 1825 nostram
1651 1794 1835 1832 religionem,
1853 1794 1932 1823 iuxta
1949 1794 2006 1824 for-

1268 1854 1342 1873 mam
1360 1845 1529 1884 dispositam
1545 1854 1560 1874 a
1576 1843 1668 1873 felicis
1687 1843 1900 1873 recordationis
1913 1842 2006 1872 Paulo

1267 1893 1342 1932 Papa
1362 1893 1393 1923 V.
1411 1893 1440 1923 Si
1458 1893 1523 1932 quis
1545 1897 1641 1922 autem
1664 1892 1801 1922 inventus
1823 1892 1910 1921 fuerit
1926 1900 2007 1931 prae-

1269 1942 1397 1972 tendisse
1419 1942 1547 1980 aliquam
1571 1941 1779 1980 praelationem
1801 1949 1853 1970 seu
1875 1939 2005 1969 officium

1268 2000 1303 2021 ex
1326 1991 1494 2030 praedictis,
1519 1991 1718 2020 incarceretur
1741 1998 1793 2029 per
1815 1998 1958 2027 mensem,
1978 1992 2007 2018 et

1268 2040 1363 2070 officio
1378 2064 1385 2078 ,
1409 2049 1478 2070 voce
1500 2044 1528 2070 et
1555 2039 1618 2070 loco
1652 2049 1703 2079 per
1730 2039 1889 2069 triennium
1913 2038 2008 2078 priva-

1268 2093 1314 2119 tus
1336 2091 1384 2119 sit.

1307 2146 1337 2168 n.
1361 2138 1514 2167 Praeterea
1547 2146 1647 2167 omnes
1680 2137 1783 2167 fratres
1811 2136 1879 2166 laici
1901 2136 1931 2166 in
1954 2136 2009 2166 sua

1269 2187 1459 2226 professione,
1483 2190 1548 2225 post
1570 2186 1624 2216 tria
1641 2191 1707 2216 vota
1724 2185 1903 2222 essentialia,
1921 2193 2009 2224 quarÎ‡-

1270 2240 1330 2266 tum
1353 2236 1499 2272 emittant,
1519 2239 1547 2265 et
1564 2235 1600 2265 de
1617 2244 1675 2265 non
1697 2234 1876 2265 transeundo
1897 2234 1933 2264 ad
1951 2237 2010 2264 sta-

1270 2288 1333 2314 tum
1355 2284 1522 2314 clericalem
1545 2288 1573 2314 et
1593 2284 1709 2314 ordines
1733 2292 1840 2321 sacrOS,
1859 2286 1888 2312 et
1902 2282 1937 2312 de
1951 2291 2009 2312 non

1273 2332 1493 2372 praetendendo
1525 2332 1634 2362 directe
1663 2332 1707 2361 vel
1736 2332 1877 2362 indirecte
1900 2331 2010 2361 dictum

1272 2382 1449 2416 transitum,
1470 2381 1550 2411 iuxta
1573 2381 1662 2411 Breve
1685 2381 1777 2411 felicis
1799 2380 2011 2411 recordationis

1272 2430 1432 2460 Alexandri
1454 2430 1548 2469 Papae
1564 2429 1623 2460 vll:
1643 2429 1692 2469 qui
1711 2438 1780 2460 vero
1796 2438 1879 2460 secus
1898 2428 2009 2467 fecerit,

1273 2480 1336 2509 loco
1359 2480 1395 2509 sit
1417 2480 1547 2519 privatus
1565 2468 1622 2518 perâ€˜
1639 2479 1810 2517 triennium,
1828 2483 1856 2508 et
1878 2478 1913 2508 ad
1936 2477 2013 2508 arbiÎ‡-

1274 2528 1360 2558 trium
1381 2527 1472 2567 patris
1495 2527 1682 2567 provincialis
1704 2527 1861 2556 mulctetur
1882 2526 2013 2565 graviter

1274 2576 1309 2606 ad
1332 2577 1452 2606 formam
1476 2576 1573 2615 quarti
1605 2575 1674 2605 voti.
1698 2575 1760 2605 Non
1784 2574 1931 2605 ambiendi
1954 2574 2013 2604 for-

1274 2625 1351 2655 mula
1376 2624 1525 2655 invenitur
1547 2633 1611 2664 cap.
1634 2632 1714 2654 xciii.
1737 2624 1752 2663 5
1774 2624 1803 2663 1,
1825 2633 1855 2654 n.
1886 2623 1914 2653 1,

2143 2 2150 19 .,
2183 0 2232 70 t!

2184 60 2189 82 1

2005 238 2056 267 An.
2070 240 2099 268 G.
2119 242 2190 274 1788,

2082 1131 2125 1158 Â§â´-

2038 1157 2067 1178 Î•Î’
2089 1162 2135 1179 voto
2148 1163 2185 1180 non
2195 1163 2197 1173 â€™

2013 1185 2126 1206 ambiendi.
