2232 3178
34 228 83 257 Au.
102 226 131 254 C.
149 224 214 252 ¹738

824 221 968 246 CLEMENS
993 221 1038 245 ΧΠ
1061 221 1113 246 Pr.

223 275 299 302 terea
322 270 414 310 ipsius
436 270 595 301 definitorii
614 270 760 309 generalis
780 269 896 300 Ordinis
920 272 963 299 est

222 321 360 359 deputare
392 319 544 358 religiosos
573 320 623 359 qui
656 319 886 358 redemptionem
917 327 964 348 ca-

223 369 368 409 ptivorum
390 378 528 399 exercere
547 368 665 406 debent,
695 372 722 398 et
745 372 840 398 cetera
867 367 963 397 omnia

222 427 296 457 quae
317 418 360 447 illi
382 422 570 447 reservantur
592 418 621 447 in
652 416 921 447 constitutionibus.

261 475 291 496 Π.
315 467 357 496 Ad
374 467 498 506 quodvis
516 477 584 497 vero
600 467 798 496 delinitorium
815 465 962 504 generale,

222 515 283 546 sive
305 516 396 546 solius
419 516 557 552 familiae,
581 516 642 546 sive
667 515 752 545 simul
777 515 896 545 Ordinis
913 515 961 550 sit,

222 564 349 604 pertinet
382 564 569 594 fundationes
591 565 647 594 iam
671 564 814 594 admissas
847 568 875 593 et
906 563 961 592 iam
984 561 986 599 j

222 613 312 643 factas
335 622 392 642 uno
427 613 485 643 situ
509 613 667 644 transferre
690 613 718 642 in
742 612 879 648 alterum,
897 621 963 641 con-

223 666 328 692 ventus
350 662 438 692 unius
462 662 630 702 provinciae
653 661 737 691 alteri
760 661 913 699 designare
936 665 964 690 et

222 710 406 748 adscribere,
441 711 622 741 consulendo
654 715 749 740 tamen
772 710 800 740 in
824 709 963 749 praefatis

222 760 416 800 provinciales
438 760 554 790 illarum
584 759 819 798 provinciarum,
844 758 878 788 de
906 768 962 797 qna

221 813 250 839 et
272 809 306 838 ad
328 818 414 848 quam
439 809 561 838 mutatio
583 808 643 838 fiat.
668 808 759 838 Etiam
784 807 911 847 pertinet
928 807 962 837 ad

221 857 317 897 ipsum
355 857 460 897 punire
495 857 596 896 culpas
629 857 835 895 gravissimas,
870 857 962 886 faeere

221 910 346 944 statuta,
381 915 455 946 qnae
488 906 684 936 communiter
717 910 779 935 acta
812 905 961 941 dicuntur,

222 964 274 995 pro
296 955 504 985 reformatione
528 955 616 985 totius
648 955 792 993 familiae,
816 955 962 984 destinare

223 1008 336 1045 tempus
359 1010 387 1035 et
416 1005 512 1035 locum
541 1005 570 1034 in
601 1015 658 1044 quo
680 1003 889 1034 celebrandum
920 1008 962 1034 est

221 1054 422 1085 definitorium
455 1054 591 1092 generale
623 1054 791 1084 immediate
820 1053 961 1090 futurum,

221 1102 377 1132 admittere
399 1102 637 1132 renunciationes
656 1102 820 1131 officiorum
837 1101 871 1131 ad
889 1111 962 1141 quae

221 1151 329 1190 eligere
352 1156 434 1181 extra
458 1151 620 1191 capitulum
637 1150 744 1181 habeat
763 1151 822 1187 ius,
847 1150 964 1189 dispen-

221 1209 285 1230 sare
303 1205 335 1230 ut
356 1210 371 1230 a
394 1200 521 1240 capitulo
540 1200 726 1239 provinciali,
750 1200 884 1239 inspecta
906 1200 963 1229 uti-

221 1249 303 1280 litate
326 1250 450 1287 domus,
475 1259 525 1289 pro
548 1249 648 1279 eodem
672 1249 774 1287 reeligi
798 1249 888 1288 possit
911 1249 963 1278 ali-

221 1299 288 1338 quis
311 1299 445 1329 minister
467 1297 720 1328 consentientibus
747 1297 882 1328 omnibus
905 1297 964 1327 suf-

221 1347 321 1386 fragiis
344 1347 467 1387 capituli
489 1352 604 1388 praeter
627 1347 695 1377 duo.

260 1405 302 1426 111.
336 1396 461 1435 Insuper
496 1395 637 1436 praebere
677 1404 851 1425 consensum
885 1399 916 1425 ut
947 1405 961 1425 a

221 1445 342 1475 Summo
364 1445 505 1475 Pontifice
539 1450 567 1475 et
599 1445 662 1475 eius
689 1445 779 1475 sacris
801 1444 964 1482 Congrega-

222 1493 350 1524 tionibus
373 1494 512 1524 licentiae
537 1493 727 1524 obtineantur
750 1498 781 1524 ut
804 1493 895 1532 aliqui
918 1502 963 1522 re-

221 1542 322 1581 ligiosi
344 1543 438 1573 nostri
461 1543 618 1572 transitum
641 1542 750 1573 saciant
773 1542 808 1571 ad
832 1541 903 1571 alias
919 1551 963 1571 re-

222 1592 363 1630 ligiones,
387 1591 538 1622 licentiam
561 1592 721 1622 concedere
744 1596 775 1621 ut
796 1590 864 1621 libri
888 1590 962 1630 typis

223 1640 416 1678 mandentur,
445 1641 508 1671 sine
541 1651 615 1680 qua,
650 1641 694 1671 vel
726 1640 772 1670 sui
801 1639 962 1669 definitorii

223 1689 412 1730 provincialis
443 1689 588 1728 licentia,
613 1699 697 1720 nemo
730 1689 758 1719 id
786 1689 891 1719 audeat
922 1688 963 1717 sa-

221 1747 299 1776 cere‚
322 1738 376 1769 sub
399 1739 494 1778 poena
516 1738 692 1778 privationis
714 1737 802 1768 officii
824 1737 962 1778 vocisque

221 1788 332 1818 activae
355 1791 383 1818 et
405 1787 538 1828 passivae
561 1797 612 1827 per
635 1787 808 1818 triennium.

261 1845 300 1867 1v.
324 1835 397 1867 Item
419 1836 589 1867 facultatem
618 1837 778 1867 concedere
813 1837 964 1867 conventi-

221 1885 276 1916 bus
305 1890 337 1916 ut
366 1885 564 1915 haereditates
597 1895 648 1916 seu
677 1885 824 1923 legitimas
857 1894 965 1916 renun-

221 1934 311 1972 cient,
331 1935 456 1974 excepta
472 1938 569 1964 tamen
586 1938 666 1974 parte
683 1934 717 1964 ad
733 1933 962 1973 redemptionem

221 1983 405 2023 captivorum
439 1987 606 2023 spectante,
630 1986 658 2013 et
686 1992 751 2012 cum
785 1983 962 2019 conditione,

222 2031 316 2071 quod,
340 2032 364 2061 si
395 2040 539 2071 persona,
563 2032 593 2064 in
625 2032 708 2062 cuius
741 2032 869 2062 savorem
893 2033 964 2062 sacta

221 2080 310 2110 fuerit
325 2080 520 2119 renunciatio,
535 2080 645 2120 absque
662 2080 786 2110 haerede
798 2081 965 2111 necessario

221 2129 397 2168 decesserit,
422 2130 457 2160 ad
484 2130 655 2168 religionem
688 2129 818 2169 legitime
851 2131 963 2160 redeat.

223 2178 298 2209 Istae
320 2183 418 2209 autem
453 2179 693 2209 renunciationes
726 2179 754 2209 in
788 2179 864 2209 libro
897 2189 965 2209 con-

224 2232 328 2259 ventus
357 2228 559 2259 renunciantis
590 2229 717 2268 scriptae
741 2229 771 2258 in
794 2229 963 2259 memoriam

224 2281 373 2308 maneant.
397 2277 507 2308 Deinde
531 2281 625 2317 potest
654 2277 742 2307 etiam
765 2277 963 2308 definitorium

223 2327 370 2365 generale,
384 2331 413 2357 et
428 2327 463 2357 ad
480 2327 574 2367 ipsum
594 2330 715 2366 spectat,
730 2326 880 2356 licentiam
896 2336 964 2357 con-

223 2376 327 2407 cedere
356 2381 388 2406 ut
417 2380 578 2407 conventus
600 2385 664 2405 cum
696 2375 827 2415 partibus
850 2385 966 2416 compo-

223 2430 342 2465 nantur,
367 2430 395 2456 et
417 2430 449 2456 ut
471 2425 506 2455 ad
528 2435 648 2455 censum
683 2425 744 2455 sive
767 2425 800 2455 ad
826 2425 963 2455 damnum

224 2474 363 2514 pecunias
399 2474 560 2514 recipiant,
594 2473 713 2504 obtenta
750 2477 847 2505 tamen
885 2474 966 2514 prius

224 2531 311 2562 supra
342 2523 512 2563 praemissis
545 2523 645 2554 debita
677 2522 759 2553 Sedis
782 2523 964 2563 Apostolicae

224 2569 355 2602 licentia.
380 2573 417 2602 Et
439 2573 556 2603 demum
591 2572 626 2602 ad
658 2571 858 2602 delinitorium
883 2572 966 2602 sami-

226 2619 281 2650 liae
304 2620 548 2661 intra-Hispanae
571 2621 699 2661 pertinet
729 2620 837 2660 eligere
860 2620 895 2651 ad
918 2621 967 2651 tri-

1641 210 1702 244 451

1008 269 1128 298 ennium
1142 273 1361 309 procuratorem
1378 268 1543 308 generalem
1560 276 1629 298 suae
1647 267 1746 298 curiae

1008 318 1115 356 regiae.

1046 375 1074 395 v.
1099 367 1130 396 In
1150 367 1343 397 electionibus
1366 366 1505 397 faciendis
1528 370 1610 396 extra
1635 365 1747 404 capitu-

985 413 986 423 *
1007 415 1066 444 lum
1090 425 1104 445 a
1127 415 1292 445 definitorio
1322 415 1451 453 generali
1485 414 1601 454 quando
1624 423 1748 443 concur-

985 466 987 472 ’
1007 468 1075 493 runt
1098 468 1210 494 tantum
1233 474 1283 494 sex
1306 465 1459 501 electores,
1483 463 1507 492 si
1531 467 1593 502 post
1616 467 1674 492 tres
1689 471 1747 492 ses-

1007 513 1124 551 siones,
1159 513 1189 543 in
1223 522 1347 552 quarum
1381 512 1506 551 singulis
1529 513 1583 542 tria
1605 511 1746 541 scrutinia

1007 561 1103 591 habita
1127 562 1195 598 sint,
1219 562 1322 591 electio
1345 562 1484 591 canonica
1514 570 1571 591 non
1595 565 1746 600 sequatur,

1007 615 1141 640 servetur
1163 610 1191 639 id
1215 610 1292 650 quod
1315 611 1424 640 dictum
1448 614 1491 640 est
1513 610 1526 648 ἓ
1549 618 1587 646 vi,
1605 618 1687 638 num.
1704 617 1746 646 111,

1007 659 1094 688 liuius
1113 659 1228 698 capitis.

1047 708 1306 747 vr.Praecipi1nus
1340 708 1476 738 omnibus
1511 707 1656 745 religiosis
1690 711 1748 736 tam

985 758 1147 796 *praelatis
1180 767 1266 797 quam
1301 757 1436 794 subditis,
1469 767 1504 787 ne
1537 760 1691 786 recurrant
1714 755 1748 785 ad

1007 807 1206 836 delinitorium
1224 807 1359 844 generale
1373 817 1424 846 pro
1440 806 1628 846 expeditione
1650 814 1749 836 rerum

1007 856 1041 885 ad
1066 856 1138 886 alios
1171 856 1338 895 superiores
1372 856 1595 896 pertinentium,
1628 865 1682 885 nec
1714 855 1749 885 ad

1006 905 1187 944 superiorem
1211 905 1379 943 generalem
1411 915 1462 944 pro
1496 905 1553 934 illis
1580 914 1655 944 quae
1684 912 1751 943 per-

1007 953 1100 983 tinent
1122 954 1157 983 ad
1184 954 1343 983 inferiores
1379 954 1535 992 praelatos.
1566 952 1620 988 Qui
1650 955 1749 982 autem

1007 1002 1069 1032 sine
1091 1001 1198 1032 debitis
1220 1002 1454 1032 circumstantiis
1477 1001 1649 1038 recurrerit,
1668 1001 1749 1030 iuxta

1007 1051 1178 1090 gravitatem
1202 1052 1305 1091 culpae
1330 1052 1480 1091 puniatur.

1047 1109 1095 1130 vii.
1129 1101 1331 1130 Desinitorium
1362 1100 1499 1139 generale
1535 1099 1608 1129 nihil
1642 1098 1749 1138 poterit

1007 1150 1101 1179 facere
1124 1150 1197 1179 ultra
1222 1160 1392 1180 concessum
1415 1159 1429 1179 a
1454 1149 1558 1187 regula
1590 1152 1618 1178 et
1642 1147 1749 1177 nostris

1007 1198 1286 1237 constitutionibus,
1312 1208 1364 1229 nec
1387 1198 1541 1237 negocium
1565 1197 1681 1236 aliquod
1704 1196 1748 1226 vel

1006 1257 1123 1277 causam
1147 1248 1182 1277 ad
1204 1248 1299 1287 ipsum
1330 1257 1389 1277 non
1419 1247 1614 1287 pertinentem
1644 1245 1750 1285 poterit

1006 1297 1061 1326 sibi
1081 1306 1229 1335 arrogare,
1254 1297 1311 1326 nisi
1330 1297 1359 1326 in
1377 1306 1446 1326 casu
1469 1305 1546 1333 raro,
1570 1299 1598 1325 et
1614 1294 1749 1324 omnibus

1006 1345 1153 1384 suffragiis
1176 1344 1435 1375 concurrentibus.

1045 1404 1102 1425 viu.
1126 1394 1301 1434 Superiores
1322 1394 1485 1433 generales,
1510 1397 1538 1423 et
1566 1393 1653 1422 etiam
1678 1391 1749 1422 dess-

1006 1445 1147 1474 nitorium
1176 1444 1333 1482 generale,
1358 1444 1475 1483 quando
1509 1443 1568 1472 illis
1590 1442 1750 1481 expediens

1006 1494 1102 1523 visum
1126 1493 1224 1531 suerit,
1243 1493 1361 1523 mittant
1378 1493 1506 1532 aliquam
1525 1492 1749 1521 instructionem

1006 1542 1138 1582 patribus
1161 1541 1394 1582 provincialibus
1417 1550 1486 1571 suae
1509 1541 1649 1577 familiae,
1674 1548 1749 1579 quae

1006 1595 1033 1620 et
1056 1600 1108 1630 pro
1130 1590 1205 1620 bono
1228 1590 1371 1629 regimine
1394 1599 1427 1619 ac
1456 1589 1663 1620 reformatione
1686 1597 1752 1627 pro-

1007 1640 1168 1669 vinciarum
1202 1643 1230 1668 et
1259 1639 1462 1678 proximorum
1495 1647 1528 1668 ac
1564 1637 1749 1668 subditorum

1006 1689 1136 1728 prosectu
1155 1688 1310 1719 deserviat.

1201 1773 1350 1797 REGULAE
1379 1773 1479 1797 CAPUT
1502 1772 1553 1796 xL.

1047 1829 1138 1848 eiectio
1153 1828 1247 1848 maioris
1262 1833 1288 1847 ac
1303 1828 1419 1851 generalla
1441 1828 1541 1846 ministri
1557 1827 1585 1846 de
1599 1828 1711 1846 oexennio

1254 1864 1277 1882 in
1291 1864 1436 1884 sexennium.
1453 1864 1502 1883 eto.

1007 1917 1104 1948 CAPU
1128 1925 1173 1946 xL.
1202 1934 1241 1939 —
1269 1915 1309 1945 De
1338 1915 1469 1954 qualitate
1500 1915 1688 1953 eliqeadorum
1721 1915 1750 1944 in

1046 1966 1196 2006 praelatos,
1220 1974 1252 1994 ac
1273 1965 1306 1994 de
1327 1974 1421 1995 eorum
1448 1968 1473 1993 et
1495 1964 1615 1994 aliorum
1637 1964 1748 2003 officiiS,

1048 2017 1110 2045 iare
1131 2018 1157 2045 et
1176 2018 1318 2054 potestate.

1048 2091 1067 2112 1.
1093 2081 1177 2112 Pater
1202 2081 1336 2111 minister
1351 2080 1497 2119 generalis
1512 2079 1598 2110 debet
1614 2089 1676 2110 esse
1693 2089 1750 2110 non

1009 2130 1200 2161 mediocriter
1222 2130 1324 2160 doctus
1347 2130 1378 2159 in
1401 2129 1559 2168 theologia,
1585 2129 1645 2159 sive
1660 2129 1751 2159 sacris

1008 2278 1128 2317 quippe,
1154 2281 1302 2316 tamquam
1326 2280 1413 2315 caput
1435 2276 1531 2314 illius,
1556 2275 1628 2305 alios
1650 2284 1751 2305 omnes

1008 2326 1095 2356 debet
1118 2326 1272 2364 excedere,
1291 2329 1432 2365 quantum
1450 2324 1589 2365 possibile
1605 2325 1750 2354 humanae

1008 2375 1158 2413 fragilitati
1182 2374 1371 2415 permittitur.
1396 2373 1432 2404 Ut
1462 2378 1558 2403 autem
1586 2373 1691 2413 aliquis
1714 2373 1751 2403 sit

1009 2424 1147 2463 eligibilis
1177 2425 1205 2454 in
1237 2424 1403 2453 ministrum
1427 2422 1594 2461 generalem
1617 2422 1748 2460 Ordinis,

1009 2473 1096 2503 debet
1118 2473 1225 2503 habere
1249 2472 1351 2510 viginti
1374 2476 1400 2501 et
1424 2476 1487 2501 octo
1522 2480 1613 2501 annos
1646 2480 1660 2500 a
1685 2480 1751 2510 pro-

1009 2523 1152 2560 sessione;
1170 2526 1197 2552 et
1220 2521 1419 2551 necessarium
1439 2524 1482 2550 est
1500 2520 1576 2560 quod
1594 2519 1750 2559 aliquando

1009 2571 1097 2601 suerit
1120 2571 1223 2601 saltem
1242 2579 1293 2610 per
1308 2570 1454 2609 integrum
1471 2569 1644 2599 sexennium
1661 2569 1750 2599 lector

1010 2629 1110 2651 sacrae
1134 2620 1316 2658 theologiae,
1340 2620 1386 2649 vel
1409 2622 1583 2658 procurator
1606 2618 1751 2656 generalis

1756 219 1811 248 An.
1829 219 1857 246 C.
1876 219 1942 246 ¹738

1783 2127 1815 2157 >De
1826 2121 1895 2147 o‘ssicio
1907 2133 1946 2154 pa-

1008 2178 1169 2209 canonibus
1192 2179 1363 2215 instructus,
1388 2178 1577 2218 prudensque
1605 2181 1632 2207 et
1655 2177 1751 2207 zelans
1762 2156 1945 2226 ὲΐὲῖιιῐῖἶῗζςιζῑιῖῗε

1008 2228 1152 2267 regularis
1185 2227 1358 2266 disciplinae
1382 2230 1410 2257 et
1433 2226 1597 2266 splendoris
1620 2213 1945 2264 Ordinis,32i¹iin31¹m¹p³um
