2232 3178
65 207 119 259 An..
135 230 165 258 G.
183 228 252 257 1735

906 226 1049 252 CLEMENS
1076 227 1121 251 ΧΠ
1145 226 1194 251 ΡΡ.

257 277 472 312 intentionem
510 278 628 322 prioris
665 278 777 312 localis
815 282 846 310 et
878 277 1000 319 obliga-

259 333 363 366 tiones
388 332 628 366 communitatis
653 332 740 366 illius
765 332 880 365 domus
917 331 1001 363 cele-

257 388 353 420 brare
377 392 408 420 et
433 387 618 430 applicare,
646 391 808 430 quatenus
834 395 893 427 pro
919 384 1001 417 cele-

256 440 407 474 bratione
426 440 585 473 eiusmodi
604 439 746 483 aliquam
760 439 1000 480 eleemosynam

257 493 477 538 recepissent,
515 493 603 526 illam
640 492 769 525 tradere
810 495 1000 524 tenerentur

258 547 318 590 ipsi
343 546 444 590 priori
470 546 585 586 locali,
616 545 672 578 ubi
705 544 821 577 missae
858 543 1001 576 celebra-

258 605 388 640 rentur,
413 601 464 633 vel
490 599 541 633 cui
568 600 714 632 subesset
740 598 795 631 ille
822 597 876 641 qui
911 602 1001 629 extra

258 658 453 688 conventum
479 654 693 691 celebrasset,
722 651 779 684 sub
806 650 921 694 poenis
947 650 1001 682 ad-

257 718 367 742 versus
383 706 619 751 proprietarios
636 705 786 745 inflictis,
801 705 911 747 sicque
930 715 1001 747 pro-

256 762 335 796 moti
372 762 405 794 in
441 760 594 794 omnihus
631 759 804 792 ohservare
843 758 1002 791 deberent

256 816 354 848 vitam
371 814 570 856 regularem,
587 817 618 845 et
636 812 762 845 deferre
788 821 943 844 coronam
962 812 999 843 ad

256 869 360 902 instar
384 867 590 901 sacerdotum
617 865 746 899 Ordinis
776 865 877 898 sancti
909 864 1001 897 loan-

257 923 308 956 nis
333 922 400 961 Dei,
422 931 482 954 nec
506 920 651 953 valerent
672 920 722 952 vel
740 919 777 952 ad
800 918 897 951 breve
924 924 1002 951 tern-

257 986 318 1020 pus
337 976 478 1018 aliquam
496 974 714 1017 praelaturam
736 972 883 1005 obtinere
903 971 935 1004 in
953 981 1003 1003 re-

257 1029 394 1073 ligione,
423 1027 486 1060 nisi
512 1037 548 1060 ex
574 1026 817 1070 dispensatione
848 1024 1003 1068 apostoli-

258 1085 310 1123 ca,
336 1082 394 1115 sed
434 1086 556 1114 tantum
594 1091 665 1113 esse
703 1084 843 1123 possent
868 1077 1002 1111 discreti

259 1141 474 1170 conventuum
491 1161 499 1175 ,
547 1134 694 1176 magistri
735 1133 930 1167 novitiorum
972 1140 1003 1166 et

258 1190 448 1224 assistentes
473 1189 675 1233 provinciae,
698 1199 734 1221 ac
755 1188 885 1221 demum
905 1187 1002 1230 quod,

258 1244 284 1276 si
316 1243 433 1286 aliquis
459 1243 629 1286 presbyter
658 1247 810 1284 aegrotus
836 1241 868 1273 in
894 1241 1002 1283 aliquo

259 1296 413 1341 hospitali
435 1295 623 1339 praedictae
646 1294 916 1337 Congregationis
944 1295 1004 1326 t'ra-

260 1356 345 1383 trum
382 1354 456 1383 ante
493 1348 618 1382 obitum
655 1354 784 1392 peteret
809 1347 933 1380 admitti
964 1347 1003 1380 ad

260 1404 347 1437 illius
373 1403 520 1436 habitum
545 1402 739 1445 regularem,
762 1407 874 1444 posset
900 1401 1004 1434 dictus

260 1457 410 1501 superior
435 1456 597 1499 generalis
626 1466 698 1488 cum
733 1466 790 1488 suo
817 1455 1003 1488 definitorio

260 1511 337 1544 dare
354 1510 520 1543 licentiam
540 1508 636 1542 alicui
654 1520 690 1542 ex
710 1508 877 1551 prioribus
896 1508 1006 1541 locali-

259 1566 320 1598 bus
340 1575 412 1598 eum
431 1563 636 1603 admittendi,
651 1563 826 1596 accedente
842 1573 1005 1595 consensu

260 1617 512 1657 communitatis,
535 1617 678 1660 quamvis
701 1616 732 1648 in
759 1617 796 1649 ea
820 1616 916 1649 domo
942 1615 1004 1648 iarn

261 1673 335 1713 duo,
357 1672 406 1705 vel
432 1671 464 1704 in
489 1670 613 1704 matrici
633 1676 696 1704 tres
716 1670 900 1714 presbyteri
919 1675 1005 1703 exta—

261 1730 353 1759 rent:
381 1735 518 1768 eumque
557 1724 764 1768 postmodum
802 1724 1006 1767 supradictae

261 1775 511 1820 Congregationi
538 1775 752 1808 cardinalium
779 1775 1005 1808 renunciatum

261 1830 378 1863 suisset
402 1829 435 1862 in
459 1828 620 1871 religione
646 1829 789 1872 praefata
807 1839 872 1861 non
892 1829 1006 1862 adesse

261 1882 450 1928 provinciae
476 1882 679 1922 assistentes,
701 1882 770 1925 ipsa
791 1881 1006 1925 Congregatio

262 1936 474 1971 cardinalium
502 1936 554 1969 die
575 1946 613 1969 xv
639 1936 744 1969 martii
771 1946 946 1975 nnccxxn,
967 1937 1006 1969 ad

263 1991 455 2025 relationem
474 1990 643 2024 memorati
655 1990 807 2023 Ludovici
823 1990 1007 2030 cardinalis,

1044 276 1226 318 domorum,
1246 277 1328 311 nibil
1350 277 1389 311 de
1407 277 1497 311 hisce
1516 277 1665 311 discretis
1692 278 1789 311 habe-

1045 335 1097 362 tur
1128 329 1347 374 propterea¹,
1383 332 1471 375 quod
1508 331 1690 374 presbyteri
1716 342 1787 365 esse

1044 384 1172 416 valeant
1197 384 1342 426 magistri
1361 385 1566 424 novitiorum,
1587 385 1786 418 contrarium

1044 436 1208 469 videretur
1233 437 1519 471 constitutionibus
1544 438 1712 482 praefatis,
1741 444 1788 471 ut-

1045 495 1119 533 pote
1145 490 1177 522 in
1204 491 1322 534 quibus
1345 491 1406 524 suh
1431 502 1567 525 numero
1584 502 1628 525 x11
1646 492 1789 525 reserun-

1046 548 1096 576 tur
1112 544 1220 577 onmia
1237 545 1341 578 officia
1360 545 1504 579 eiusdem
1523 546 1694 589 religionis
1714 557 1788 579 con-

1046 599 1180 632 serenda
1206 598 1238 631 in
1264 600 1405 643 capitulo
1425 601 1582 642 generali,
1600 602 1686 634 inter
1704 611 1787 645 quae

1045 653 1176 695 quidem
1203 660 1391 686 recensetur
1416 655 1496 688 illud
1530 655 1675 698 magistri
1701 656 1789 689 novi-

1045 706 1180 747 tiorum,
1207 707 1262 739 sed
1294 718 1361 750 cap.
1389 718 1420 741 iv
1445 708 1602 742 dictarum
1636 710 1788 742 constitu-

1045 760 1170 793 tionum
1198 761 1380 793 declaratur
1398 762 1605 805 presbyteros
1623 762 1655 795 in
1674 763 1788 796 eodem

1046 813 1191 856 capitulo
1209 814 1352 856 generali
1378 815 1480 847 solum
1502 815 1563 847 frui
1588 826 1684 858 posse
1710 827 1788 849 voce

1045 866 1172 907 activa,
1211 872 1372 910 quatenus
1409 868 1449 900 ob
1486 868 1708 901 antianitatem
1744 869 1789 902 eis

1045 925 1218 964 competat,
1239 919 1371 953 minime
1397 931 1472 953 vero
1497 931 1574 953 voce
1595 921 1735 963 passiva,
1754 932 1790 955 ae

1045 979 1222 1017 propterea
1249 973 1434 1016 promoveri
1463 980 1632 1017 nequeunt
1657 975 1695 1007 ad
1723 975 1791 1008 offi-

1046 1027 1095 1060 cia
1113 1027 1215 1070 ipsius
1236 1026 1415 1070 religionis,
1434 1033 1474 1067 et,
1493 1033 1664 1071 postquam
1683 1027 1791 1071 aliqua

1047 1080 1153 1114 officia
1185 1080 1305 1113 ibidem
1337 1085 1526 1113 enumerata
1551 1086 1639 1120 sunt,
1673 1091 1791 1124 nempe

1048 1133 1153 1166 fratris
1178 1133 1323 1172 maioris,
1350 1133 1546 1173 consiliarii,
1573 1134 1790 1176 procuratoris

1046 1187 1210 1230 generalis
1229 1191 1260 1219 et
1279 1186 1386 1218 fratris
1405 1186 1527 1227 localis,
1543 1187 1693 1220 subditur
1707 1187 1792 1230 quod

1047 1251 1156 1283 neque
1175 1239 1358 1283 promoveri
1385 1239 1514 1283 possint
1538 1240 1576 1272 ad
1602 1239 1706 1273 officia
1731 1251 1792 1273 rna-

1049 1294 1114 1327 iora
1139 1293 1308 1335 religionis
1334 1293 1507 1336 praefatae,
1526 1293 1613 1336 quod
1640 1293 1678 1326 de
1706 1293 1790 1327 dicto

1048 1347 1155 1380 officio
1176 1346 1322 1389 magistri
1348 1346 1557 1387 novitiorum,
1577 1351 1689 1390 utpote
1707 1346 1794 1380 inter

1049 1401 1155 1434 officia
1181 1400 1326 1433 ciusdem
1353 1400 1522 1443 religionis
1551 1411 1651 1444 supra
1682 1411 1794 1434 reeen-

1049 1454 1119 1495 sito,
1145 1454 1259 1498 utique
1285 1454 1442 1487 verificari
1470 1454 1591 1494 debet,
1619 1454 1792 1488 accedente

1050 1508 1196 1550 insuper,
1225 1508 1312 1550 quod
1337 1507 1508 1551 praedicto
1541 1517 1610 1550 cap.
1639 1518 1669 1540 1v
1702 1517 1794 1550 prae-

1049 1561 1209 1594 scribatur
1234 1566 1269 1593 ut
1294 1561 1474 1605 presbyteri
1501 1561 1727 1593 administrent
1748 1571 1793 1593 sa·

1050 1619 1218 1648 eramenta
1243 1614 1494 1656 aegrotantibus
1515 1618 1546 1646 et
1564 1624 1599 1646 ex
1623 1615 1720 1646 causa
1738 1613 1794 1646 hu-

1049 1668 1098 1700 ius
1124 1667 1300 1710 spiritualis
1326 1667 1528 1700 assistentiae
1546 1666 1681 1699 infirmis
1706 1666 1794 1699 exhi-

1049 1721 1178 1754 bendae
1204 1726 1414 1764 perspectum
1440 1720 1538 1753 suerit
1565 1730 1619 1753 eos
1652 1720 1795 1753 eximen-

1051 1775 1109 1808 dos
1137 1785 1206 1807 esse
1233 1775 1272 1807 ab
1299 1774 1369 1807 aliis
1396 1774 1529 1814 officiis,
1555 1785 1594 1807 ne
1621 1774 1676 1807 illa
1703 1784 1793 1807 exer-

1051 1834 1162 1862 centes
1189 1839 1206 1861 a
1230 1829 1407 1872 praecipuo
1433 1839 1545 1862 eorum
1572 1829 1657 1862 circa
1681 1838 1795 1870 aegro-

1052 1887 1101 1915 tos
1132 1892 1267 1915 munere
1304 1881 1479 1922 defician13
1515 1881 1655 1914 officinm
1688 1886 1793 1913 autem

1055 1935 1199 1978 magistri
1226 1934 1424 1968 novitiorum
1451 1935 1519 1968 eos⁹
1544 1934 1671 1967 assidue
1697 1944 1794 1967 occu-

1052 1988 1164 2032 patos⁸
1185 1988 1346 2021 detineret
1370 1988 1401 2020 in
1423 1989 1509 2020 recta
1530 1987 1716 2021 eorumdem
1740 1997 1795 2019 no-

1708 219 1749 254 87
1795 229 1847 257 An.
1869 230 1898 257 c.
1917 231 1983 258 ¹735

71 2055 252 2103 mfnmiii'uffitn'ss'
264 2045 477 2088 rescripserat
502 2049 672 2088 promotos
692 2044 730 2077 ad
749 2054 857 2077 sacros
876 2044 1009 2077 ordines

73 2109 328 2135 n10r¹11=restyter=non
352 2109 450 2142 posse
477 2097 599 2131 habere
624 2098 766 2141 aliquam
791 2099 1007 2141 praelaturam

73 2140 255 2205 {„„”5.1⁵¹⁰.;:23}2”‹{
268 2152 300 2184 in
326 2151 409 2184 dicta
435 2151 595 2194 religione
612 2151 673 2184 nisi
693 2162 729 2184 ex
749 2151 931 2194 apostolica
950 2151 1010 2185 dis-

76 2190 468 2259 rtrffiil-AEff'u’S'ii-‘n‘ifpensatione,
495 2206 552 2239 sed
580 2210 701 2238 tantum
730 2216 800 2239 esse
827 2216 921 2249 posse
948 2206 1011 2239 dis-

269 2262 372 2291 cretos
389 2264 601 2291 conventuum
621 2265 652 2292 et
674 2259 846 2302 magistros
872 2259 1011 2292 novitio·
1031 2271 1032 2280 ¹

271 2320 362 2350 rum,
387 2321 453 2344 non
479 2322 554 2344 vero
578 2312 766 2355 provinciae
799 2313 1009 2346 assistentes:

313 2363 351 2396 Et
380 2363 412 2396 in
438 2364 549 2397 eadem
583 2365 785 2408 expositione
817 2365 1009 2407 subiuncto,

271 2417 357 2460 quod
373 2427 432 2450 nec
447 2418 623 2461 praefatum
639 2419 778 2452 officium
797 2419 1011 2453 discretorum

272 2476 491 2504 conventuum
514 2471 545 2503 in
572 2472 736 2514 praedicta
754 2473 1012 2517 Congregatione

273 2525 406 2557 fratrum
421 2524 634 2568 reperiretur,
649 2531 681 2558 ut
697 2532 824 2559 constat
837 2539 872 2560 ex
888 2527 1013 2571 praedi-

271 2578 329 2612 ctis
347 2577 634 2612 constitutionibus
651 2590 741 2613 num.
763 2591 827 2622 xtn,
846 2581 913 2622 ubi,
935 2592 1013 2615 enu-

270 2630 400 2666 meratis
425 2631 538 2666 officiis
574 2632 757 2668 minoribns
791 2635 1012 2680 quarumlibet

1052 2043 1203 2076 vitiorum
1222 2041 1436 2082 institutione,
1454 2042 1540 2074 unde
1559 2041 1796 2085 propemodum

1053 2096 1257 2140 impossibile
1277 2101 1370 2135 esset,
1389 2101 1441 2135 ut,
1469 2106 1578 2128 curam
1605 2105 1723 2137 gerens
1749 2094 1794 2127 di-

1054 2155 1178 2183 ctorum
1198 2148 1406 2187 novitiorum,
1425 2148 1565 2181 debitam
1585 2148 1727 2190 aegrotis
1749 2158 1796 2180 as-

1054 2203 1234 2237 sistentiam
1253 2202 1412 2246 praebere
1430 2207 1551 2245 posset,
1570 2201 1679 2244 sicque
1698 2212 1714 2234 a
1733 2202 1795 2244 spi-

1055 2258 1116 2290 ritu
1153 2257 1311 2290 dictarum
1349 2255 1618 2289 constitutionum
1656 2254 1795 2287 alienum

1055 2311 1265 2353 dignoscatur
1282 2315 1315 2342 ut
1334 2308 1532 2353 presbyteris
1553 2308 1705 2352 praetatis
1728 2307 1795 2340 osti-

1055 2365 1137 2397 cium
1150 2363 1295 2407 magistri
1310 2362 1506 2396 novitiorum
1519 2371 1671 2394 exercere
1686 2360 1794 2393 liceat:

1100 2419 1145 2452 Ac
1170 2417 1308 2461 proinde
1335 2415 1519 2460 praedictae
1546 2413 1795 2457 Congregationi
1834 2422 1918 2441 ret-:w-

1057 2471 1293 2513 cardinalium,
1323 2470 1454 2503 nominc
1484 2469 1616 2501 fratrum
1647 2466 1795 2501 definito-

114 2370 156 2390 Sml
186 2373 259 2393 rantra

76 2399 199 2422 reptuitutn.

1094 2553 1103 2578 1
1127 2552 1254 2586 Legerem
1274 2553 1426 2584 praeterea
1447 2556 1485 2575 tn.
1503 2552 1552 2575 m.

1092 2599 1107 2623 2
1130 2596 1220 2623 Potius
1241 2595 1298 2629 lege
1318 2603 1382 2621 eum
1404 2600 1438 2627 tit.
1453 2594 1503 2627 T.).

1092 2642 1109 2669 3
1129 2640 1313 2669 Coliaerenter
1332 2638 1391 2674 lege
1411 2640 1577 2674 occupatum
1599 2637 1636 2672 (n.
1653 2637 1701 2671 τ,).
