2232 3178
233 230 282 254 Aa.
301 227 330 254 c.
356 225 422 254 1740
465 217 529 253 66ss

289 1553 304 1572 E
326 1552 418 1572 fidetium

236 1579 342 1599 consortio
382 1579 418 1600 eli-

235 1608 335 1626 minatur.

427 277 492 310 Frd
517 275 620 310 Paolo
644 275 743 318 Sar-pi
771 274 808 308 cle
832 273 959 309 l'Ordre
983 274 1036 308 des
1059 274 1165 308 Servi-

429 335 483 369 tes,
510 334 539 362 et
563 329 704 362 troduile
729 328 767 361 de
791 338 936 361 uouvcau
958 338 1000 361 en
1023 327 1165 370 franceis

427 392 500 414 avec
531 381 583 414 cles
607 385 694 413 uoles
718 381 892 423 crilt'ques,
918 380 1113 423 historiques
1137 382 1166 411 el

430 435 647 476 theoloqiques
683 443 746 476 par
781 433 894 466 Pierre
937 433 1095 472 Francois
1139 432 1167 465 le

429 488 603 528 Cmcrayer,
630 486 759 518 docteur
783 495 822 518 en
848 485 1004 528 tlte'oloyz‘e
1029 485 1066 517 de
1092 485 1112 517 ζ’
1129 485 1167 517 U-

428 539 580 571 m'uersile'
603 537 760 580 d'Orford
785 542 813 570 et
837 538 997 570 chanoine
1025 537 1168 580 rriyulier

427 595 455 623 et
480 591 593 622 ancien
620 589 861 622 bzssblioclzecaire
885 590 924 623 de
954 590 1107 632 l’abbaye
1130 589 1168 621 de

427 643 459 675 S.
490 642 662 675 Gesnevierc
692 642 730 674 cle
761 642 877 682 Paris,
905 643 929 675 Α
959 641 1168 676 Amsterdczm

428 695 498 727 che:
516 694 544 727 I.
568 694 720 727 ll'elstein
740 688 823 727 el'G.
843 694 951 728 Smith
968 704 1167 735 MDccxxxVI;

429 747 632 780 venerabiles
657 753 763 780 autem
786 747 899 780 fratres
920 747 1021 780 nostri
1036 747 1066 780 S.
1081 747 1165 779 RE.

428 800 606 834 cardinales
631 800 664 832 in
690 805 754 833 tota
790 800 958 843 republica
993 800 1169 833 christiana

428 859 541 887 contra
567 853 765 886 haereticam
789 853 980 896 pravitatem
1001 854 1168 896 generales

429 907 639 950 inquisitores
666 918 683 940 a
707 906 789 940 Sede
814 907 1001 950 Apostolica
1021 906 1169 950 speciali-

431 966 480 992 ter
498 959 652 1003 deputati,
671 960 780 992 audita
797 959 872 992 libri
891 959 1077 992 huiusmodi
1095 969 1169 992 cen-

428 1014 502 1045 sura
527 1012 588 1044 sibi
614 1013 732 1052 relata,
761 1012 853 1045 illum
880 1017 1042 1055 tamquam
1068 1012 1169 1044 conti-

428 1070 560 1097 nentem
579 1064 823 1107 propositiones
843 1064 947 1103 salsas,
967 1065 1165 1104 temerarias,

427 1118 651 1156 scandalosas,
678 1117 856 1160 captiosas,
882 1117 1064 1156 seditiosas,
1089 1118 1168 1150 alias

429 1171 614 1211 damnatas,
641 1170 791 1202 omnibus
827 1170 1009 1213 episcopis,
1035 1172 1169 1203 Sanctae

428 1223 518 1262 Sedi,
547 1223 669 1266 totique
694 1223 873 1255 catholicae
898 1223 1060 1255 Ecclesiae
1085 1222 1170 1255 iniu-

429 1275 550 1315 riosas,
577 1286 746 1315 erroneas,
773 1275 994 1308 schismaticas
1023 1286 1059 1308 ac
1092 1275 1169 1307 bae-

428 1328 544 1360 reticas
577 1328 776 1371 respective,
804 1338 862 1360 nec
893 1338 957 1360 non
995 1327 1034 1360 ad
1071 1328 1170 1360 stabi-

428 1381 574 1414 liendum
601 1387 739 1424 systema
764 1381 933 1423 religionis
967 1381 1100 1424 impium
1138 1387 1170 1413 et

429 1434 629 1467 haereticum
656 1435 838 1474 tendentes,
863 1434 1107 1478 prohibendum
1140 1439 1170 1468 et

431 1488 650 1521 damnandum
677 1498 746 1520 esse
773 1489 977 1521 censuerint:

474 1542 488 1584 §
512 1542 542 1574 ⁶2.
569 1542 651 1574 Hinc
676 1547 724 1574 est
748 1542 834 1585 quod
867 1551 946 1582 nos,
974 1542 1013 1575 de
1049 1552 1170 1574 memo-

429 1599 573 1627 ratorum
597 1594 810 1627 cardinalium
836 1595 987 1634 consilio,
1012 1605 1048 1627 ac
1072 1596 1168 1627 etiam

429 1652 517 1680 motu
547 1647 681 1690 proprio
717 1652 747 1679 et
777 1657 813 1680 ex
844 1650 931 1680 certa
968 1647 1102 1680 scientia
1138 1652 1170 1679 et

428 1702 553 1732 matura
579 1699 816 1732 deliberatione
842 1700 973 1739 nostris,
1002 1700 1107 1743 deque
1137 1710 1169 1732 a·

427 1752 605 1796 postolicae
631 1752 802 1795 potestatis
823 1752 1039 1794 plenitudine,
1057 1762 1170 1795 supra-

427 1806 548 1838 dictum
567 1805 684 1838 librum
701 1805 759 1837 sub
778 1815 876 1848 supra
893 1815 1047 1848 expresso
1066 1805 1169 1838 aliove

428 1858 754 1902 quocumquetitulo
790 1858 987 1902 ubicumque
1024 1863 1055 1891 et
1091 1869 1170 1901 quo-

428 1922 567 1954 cumque
593 1910 656 1944 alio
682 1910 833 1943 idiomate
865 1921 921 1944 seu
954 1910 1065 1954 quavis
1103 1910 1170 1944 edi-

430 1965 517 1998 tione
536 1969 590 1997 aut
605 1964 754 1998 versione
773 1964 943 2008 huqusque
961 1964 1167 2007 impressum,

429 2022 483 2050 aut
513 2017 545 2050 in
574 2021 757 2061 posterum,
790 2017 878 2061 quod
912 2017 1019 2060 absit,
1057 2017 1169 2061 impri-

429 2070 605 2111 mendum,
638 2076 750 2103 tenore
782 2070 1004 2113 praesentium
1039 2070 1170 2104 damna-

429 2133 499 2155 mus
524 2127 555 2156 et
579 2123 802 2166 reprobamus,
829 2133 864 2156 ao
883 2123 949 2166 legi
967 2133 1022 2157 seu
1036 2123 1170 2157 retineri

429 2175 668 2218 prohibemus;
694 2175 861 2219 ipsiusque
886 2175 960 2209 libri
986 2175 1171 2219 impressio-

434 2239 527 2269 nem,
554 2228 825 2271 descriptionem,
849 2229 1040 2271 lectionem,
1066 2234 1170 2262 reten-

432 2281 553 2314 tionem
589 2285 620 2314 et
656 2291 749 2313 usum
783 2280 935 2313 omnibus
970 2286 1002 2314 et
1034 2280 1170 2323 singulis

433 2332 721 2372 christifidelibus,
755 2333 851 2366 etiam
883 2332 1032 2376 specifica
1056 2337 1087 2367 et
1121 2334 1171 2366 in-

434 2386 564 2419 dividua
598 2385 765 2419 mentione
802 2385 929 2428 dignis,
969 2387 1028 2419 sub
1064 2388 1171 2430 poena

433 2438 778 2472 excommunicationis
809 2448 869 2482 per
896 2439 1168 2473 contrafacientes

433 2492 505 2535 ipso
520 2492 601 2524 facto
618 2491 741 2535 absque
759 2491 821 2524 alia
834 2491 1054 2525 declaratione
1069 2492 1172 2526 ineur-

434 2545 554 2585 renda,
581 2555 598 2578 a
620 2554 682 2588 qua
706 2554 802 2578 nemo
824 2555 841 2578 a
866 2555 1031 2589 quoquam
1055 2545 1170 2589 (prae-

435 2602 582 2642 terquam
606 2608 624 2632 a
647 2597 742 2633 nobis
766 2608 821 2632 seu
846 2597 990 2633 Romano
1015 2598 1170 2634 Pontifice

1005 224 1193 251 BULLARIUM
1218 225 1380 250 ROMANUM

1947 227 1996 253 An.
2019 227 2048 253 C.
2073 227 2140 256 17⁴0

1207 284 1266 317 pro
1293 279 1439 317 tempore
1465 273 1646 317 existente),
1672 274 1734 307 nisi
1762 275 1795 308 in
1831 275 1944 309 mortis

1208 326 1344 360 articulo
1370 327 1580 367 constitutus,
1605 326 1819 361 absolutionis
1843 328 1944 361 bene-

1209 378 1316 412 ficium
1343 380 1446 413 valeat
1471 378 1627 419 obtinere,
1654 379 1785 412 omnino
1810 379 1946 426 interdi-

1209 442 1322 465 Clmus.

1253 485 1267 527 ἓ
1293 483 1324 517 3.
1352 483 1521 524 Volentes,
1548 489 1580 517 et
1605 484 1797 517 auctoritate
1822 489 1948 527 aposto·
1984 499 2086 519 Locorum
2102 471 2142 518 orss
2165 509 2169 513 -
2201 495 2207 510 ·-·

1210 537 1272 570 lica
1296 537 1497 577 mandantes,
1525 541 1570 576 ut,
1597 537 1794 580 quicumque
1829 537 1946 570 librum
1958 524 2143 577 fflfflff'naffi‘e'iil
2171 559 2175 564 ·

1212 585 1398 622 liuiusmo‘fli
1424 599 1523 632 penes
1555 599 1590 621 se
1625 589 1816 629 habuerint,
1840 591 1889 622 vel
1914 589 1948 622 in
1959 580 2006 601 ‘¹¹¹⁵’

1213 643 1353 674 futurum
1372 642 1642 685 quandocumque
1656 642 1832 683 habebunt,
1847 642 1948 683 illurn,

1212 696 1317 728 statim
1344 700 1439 738 atque
1464 699 1654 738 praesentes
1679 694 1804 728 litterae
1830 695 1876 727 eis
1901 695 1949 728 in-

1211 747 1390 788 notuerint,
1417 749 1563 780 locorum
1588 746 1764 780 Ordinariis
1793 748 1841 780 vel
1876 747 1949 782 bae-

1211 801 1333 834 reticae
1358 799 1520 845 pravitatis
1547 799 1794 843 inquisitoribus
1819 800 1948 834 tradere

1213 860 1308 898 atque
1345 853 1539 897 consignare
1576 858 1767 886 teneantur:
1803 853 1838 886 hi
1869 863 1946 887 vero

1213 907 1411 950 exemplaria
1429 907 1490 940 sihi
1507 907 1551 939 sic
1568 905 1688 939 tradita
1707 905 1795 939 illico
1813 906 1949 939 ssarnmis

1213 952 1337 994 aboleri
1361 965 1497 992 curent:
1522 959 1554 992 in
1580 959 1777 993 contrarium
1805 959 1950 1000 sacient-i-⁴

1212 1013 1272 1045 bus
1296 1023 1362 1046 non
1387 1012 1590 1045 obstantibus
1615 1011 1885 1055 quibuscumque.
2192 1043 2194 1048 ,

1257 1066 1272 1108 g
1302 1065 1335 1098 4.
1369 1064 1408 1098 Ut
1446 1069 1553 1097 autem
1594 1069 1781 1106 praesentes
1821 1064 1949 1097 litterae
1985 1078 2066 1099 aarum
2087 1071 2144 1098 mie.
2195 1064 2197 1066 ’

1214 1118 1363 1151 omnibus
1390 1117 1513 1150 facilius
1538 1117 1763 1156 innotescant,
1783 1127 1843 1150 nec
1863 1117 1950 1160 quis·
1960 1105 2144 1158 ἷῗέἳῗὲηῗῧιᾞρἶέἶ

1214 1181 1309 1213 quam
1327 1169 1457 1203 illarum
1476 1169 1694 1211 ignorantiam
1716 1169 1858 1211 allegare
1873 1180 1949 1212 pos·
1961 1163 2014 1180 '⁰⁰¹‘

1214 1223 1263 1262 sit,
1280 1224 1438 1261 volumus,
1457 1226 1488 1254 et
1508 1221 1696 1254 auctoritate
1713 1221 1877 1264 praedicta
1895 1222 1951 1255 de-

1213 1275 1385 1316 cernimus,
1400 1274 1471 1307 illas
1489 1274 1528 1307 ad
1546 1275 1651 1307 valvas
1667 1274 1821 1307 basilicae
1835 1275 1951 1308 Princi-

1213 1328 1262 1372 pis
1277 1321 1505 1372 Apostolorum
1523 1337 1560 1360 ac
1577 1326 1795 1360 Cancellariae
1812 1327 1952 1370 Aposto-

1213 1382 1294 1415 licae
1319 1392 1447 1415 necnon
1465 1381 1578 1415 Curiae
1599 1380 1761 1424 generalis
1786 1381 1818 1413 in
1843 1381 1951 1414 Monte

1213 1436 1365 1469 Citatorio
1391 1440 1422 1468 et
1442 1435 1474 1468 in
1492 1434 1560 1468 acie
1577 1434 1788 1478 Campissorae
1806 1434 1845 1467 de
1863 1434 1950 1468 Urbe

1212 1499 1273 1532 per
1305 1487 1445 1532 aliquem
1471 1498 1508 1521 ex
1534 1487 1718 1520 cursoribus
1749 1487 1883 1528 nostris,
1915 1491 1952 1520 ut

1214 1541 1313 1575 moris
1339 1546 1402 1581 est,
1430 1540 1609 1583 publicari,
1629 1540 1826 1584 illarumque
1843 1550 1951 1574 exem-

1215 1595 1266 1636 pla
1290 1593 1412 1627 ibidem
1437 1593 1530 1626 affixa
1554 1593 1713 1636 relinqui;
1736 1593 1782 1626 sic
1800 1603 1875 1627 vero
1893 1604 1952 1637 pu-

1212 1646 1359 1687 blicatas,
1385 1656 1498 1679 omnes
1523 1651 1555 1679 et
1579 1646 1740 1688 singulos,
1767 1657 1848 1690 quos
1873 1656 1951 1680 con-

1213 1704 1360 1738 cernunt,
1376 1698 1514 1742 perinde
1528 1698 1667 1739 afficere,
1682 1709 1718 1731 ac
1731 1698 1757 1731 si
1773 1699 1951 1743 unicuique

1213 1751 1343 1785 illorum
1368 1751 1583 1795 personaliter
1606 1750 1790 1785 notificatae
1815 1756 1847 1785 et
1879 1752 1953 1787 inti-

1213 1810 1318 1838 matae
1343 1804 1505 1845 fuissent3
1531 1804 1675 1847 ipsarum
1700 1809 1808 1838 autem
1833 1805 1953 1839 littera-

1213 1868 1284 1891 rum
1303 1858 1510 1902 transumptis
1527 1868 1584 1891 seu
1602 1858 1760 1902 exemplis
1778 1858 1874 1892 etiam
1891 1858 1951 1892 im-

1213 1911 1354 1956 pressis,
1384 1921 1480 1944 manu
1512 1910 1649 1944 alicuius
1677 1910 1797 1944 notarii
1827 1911 1951 1954 publici

1213 1963 1421 2007 subscriptis,
1443 1969 1475 1997 et
1495 1963 1604 2007 sigillo
1620 1973 1782 2007 personae
1800 1963 1833 1996 in
1850 1964 1952 1997 eccle-

1213 2016 1345 2050 siastica
1377 2016 1533 2060 dignitate
1566 2015 1764 2050 constitutae
1794 2016 1949 2058 munitis,

1213 2070 1361 2104 eamdem
1384 2079 1520 2114 prorsus
1545 2069 1643 2103 fidem
1669 2073 1734 2103 tarn
1762 2069 1796 2102 in
1829 2069 1950 2104 iudicio

1214 2133 1312 2166 quam
1326 2127 1416 2156 extra
1431 2122 1513 2156 illud
1527 2122 1647 2165 ubique
1661 2122 1809 2155 locorum
1824 2121 1950 2163 haberi,

1214 2186 1296 2219 quae
1326 2175 1501 2209 haberetur
1526 2174 1649 2208 eisdem
1674 2175 1901 2218 praesentibus
1924 2175 1951 2209 si

1214 2228 1380 2262 exhibitae
1406 2229 1512 2262 forent
1537 2229 1586 2262 vel
1611 2233 1774 2262 ostensae.

1258 2281 1374 2314 Datum
1396 2281 1536 2323 Romae,
1557 2281 1643 2324 apud
1660 2280 1692 2314 S.
1709 2280 1838 2314 Mariam
1854 2280 1952 2314 Maio-

1214 2344 1297 2375 rem,
1317 2334 1376 2367 sub
1393 2334 1514 2367 annulo
1531 2333 1720 2373 piscatoris,
1748 2333 1799 2367 die
1820 2343 1890 2367 xxvi
1906 2333 1951 2366 ia-

1214 2387 1321 2419 nuarii
1336 2396 1473 2427 unccxt,
1487 2385 1693 2429 pontificatus
1707 2378 1807 2419 nostri
1821 2395 1906 2419 anno
1919 2395 1949 2419 x.

1248 2448 1311 2475 Dat.
1332 2447 1378 2475 die
1396 2448 1431 2474 26
1450 2447 1568 2475 ianuarii
1590 2446 1669 2480 1740,
1689 2446 1787 2482 pontif.
1803 2455 1874 2475 anno
1889 2455 1915 2473 x.

1565 2499 1602 2533 D.
1629 2499 1718 2534 card.
1744 2499 1949 2537 Passiones,
