2232 3178
290 249 339 276 Αη.
357 248 386 275 C.
403 248 473 275 1740

518 239 582 273 598
1070 243 1249 268 BULLARIUM
1274 244 1426 268 Romnum

484 308 556 340 qne,
577 297 602 328 si
622 295 718 328 laicus
737 294 788 334 sit,
806 293 961 326 ministris
979 297 1007 326 ct
1026 293 1219 326 officialibus

483 349 589 381 curiae
614 347 805 387 saecularis,
825 346 849 378 si
869 350 973 378 autem
988 346 1132 386 clericus
1152 346 1220 378 eius

483 400 677 444 competenti
706 399 802 431 iudici
837 399 1058 431 ecclesiastico
1093 399 1220 431 tradere

484 459 515 485 ct
540 454 728 495 consignare
754 451 854 495 possit
879 462 915 484 ac
940 451 1075 491 debeat,
1103 451 1222 484 exactis
1243 468 1244 487 ;

486 513 592 539 tamen
618 505 821 548 receptisque
847 505 878 537 in
897 510 967 537 actu
995 505 1174 538 traditionis
1193 509 1223 537 ct

484 558 733 601 consignationis
767 557 952 590 huiusmodi
979 568 995 590 a
1025 558 1129 591 iudice
1154 558 1223 601 qui-

485 612 555 643 dem
589 611 748 643 saeculari
774 611 975 650 iuramento,
1002 616 1034 643 ct
1058 611 1096 643 ab
1122 612 1223 644 ecclc-

484 663 612 695 siastico
637 662 855 705 promissione
890 662 922 695 in
947 663 1045 696 verbo
1069 662 1221 703 veritatis,

485 717 523 748 de
548 716 748 749 restituendo
774 721 950 749 extractum
988 717 1143 750 ecclcsiae
1178 717 1225 749 lo-

485 779 561 802 cove
586 769 731 809 immuni,
754 768 812 801 sub
838 771 943 812 poena
968 769 1224 802 excommunica-

487 822 581 855 tionis
607 823 691 855 latae
717 822 894 855 sententiae
926 823 1019 856 nohis
1057 828 1087 855 et
1119 822 1223 855 eidem

486 876 628 908 Romano
651 874 797 908 Pontifici
823 886 882 919 pro
906 880 1048 918 tempore
1074 875 1224 909 existenti

487 932 684 967 reservatae,
719 932 875 970 quatenus
913 933 1073 961 extractus
1099 928 1132 960 in
1157 928 1224 960 suis

487 980 739 1022 defensionibus,
767 991 849 1023 quae
874 981 912 1013 ad
936 981 1079 1014 tramites
1097 980 1177 1013 iuris
1195 986 1226 1013 ct

486 1035 727 1067 ordinationum
759 1035 1009 1077 apostolicarum
1042 1034 1071 1067 ei
1097 1045 1225 1078 compe-

489 1092 577 1128 tunt,
603 1087 750 1130 praefata
775 1087 873 1120 elidat
897 1092 928 1120 et
965 1088 1066 1121 diluat
1091 1088 1225 1129 indicia,

488 1146 518 1172 et
543 1140 568 1173 si
594 1140 650 1173 illa
674 1140 807 1174 minime
838 1141 964 1174 eliserit
995 1141 1060 1174 sive
1086 1141 1225 1182 diluerit,

487 1198 517 1225 et
535 1192 729 1235 delinquens
749 1198 900 1236 repertus
918 1193 1020 1234 suerit,
1039 1193 1137 1226 iudici
1155 1204 1225 1235 suo,

488 1245 611 1279 scilicet
643 1246 862 1279 ecclesiastico
894 1247 927 1280 in
960 1247 1133 1289 clericum,
1158 1258 1226 1281 sae-

488 1299 587 1332 culari
613 1300 645 1332 in
671 1299 799 1340 laicum,
817 1305 853 1333 ut
870 1300 947 1334 iuris
965 1311 1035 1334 esse
1056 1301 1226 1342 censuerit,

489 1352 746 1386 animadvertere
770 1353 875 1387 liceat.

533 1405 548 1448 g
573 1404 604 1438 9.
631 1418 644 1437 ‹
660 1405 790 1444 Quoties
816 1405 938 1440 autem¹
957 1408 994 1441 de
1012 1407 1073 1440 iam
1092 1407 1226 1440 bannito

489 1463 543 1491 aut
567 1459 599 1491 in
625 1460 858 1493 contumaciam
885 1461 1035 1494 damnato
1070 1472 1106 1494 ex
1133 1462 1229 1494 causa

490 1512 661 1546 homicidii
696 1514 845 1557 superius
882 1514 1008 1558 excepti
1044 1514 1110 1547 sive
1146 1514 1229 1547 laico

490 1564 555 1598 sive
580 1565 797 1599 ecclesiastico
822 1571 945 1610 agetur,
971 1566 1109 1610 quilibet
1133 1566 1228 1600 iudex

491 1618 737 1660 ecclesiasticus,
760 1624 796 1652 ut
820 1620 1012 1663 praefertur,
1030 1625 1229 1663 competens,

491 1672 529 1704 ad
556 1672 654 1713 illius,
679 1672 752 1706 laici
778 1673 951 1714 nimirum,
978 1674 1112 1706 instante
1139 1673 1230 1706 curia

491 1725 663 1766 saeculari,
682 1731 713 1759 et
730 1726 852 1767 clerici,
868 1737 904 1759 ex
923 1727 1040 1769 officio,
1065 1726 1232 1760 extractio-

491 1789 567 1812 nem
593 1780 632 1812 ab
658 1780 795 1813 ecclesia
831 1781 943 1814 locove
979 1780 1135 1813 immuni³
1159 1790 1230 1813 cum

492 1831 674 1865 interventu
702 1844 831 1876 quoque
855 1844 1016 1877 personae
1037 1833 1232 1867 ecclesiasti-

493 1895 548 1918 cae
573 1885 613 1917 ab
639 1885 793 1929 episcopo
815 1886 1021 1929 deputandae
1033 1886 1053 1926 ⁸,
1080 1896 1114 1919 ac
1141 1885 1231 1918 tradi-

494 1938 614 1971 tionem
640 1949 699 1971 suo
725 1939 904 1982 respective
929 1939 1038 1979 iudici,
1058 1940 1142 1972 sicut
1159 1950 1230 1972 mox

494 1990 685 2035 dispositum
712 1997 772 2032 est,
801 1992 980 2025 faciendam
1003 1992 1166 2035 procedat,
1185 2003 1233 2025 so-

494 2044 622 2087 lamque
641 2045 818 2078 sententiae
837 2045 1082 2078 contumacialis
1102 2050 1133 2078 ct
1150 2049 1234 2078 acto-

494 2106 577 2136 rum,
605 2097 720 2139 quibus
737 2097 793 2130 illa
815 2097 974 2138 tundatur,
996 2097 1233 2130 exhibitionem

495 2148 534 2180 ad
564 2149 626 2181 hoc
651 2148 799 2182 sufficere
825 2149 1028 2182 decernimus
1060 2156 1095 2182 ut
1131 2150 1232 2182 dictus

1264 298 1295 326 ct
1320 293 1351 324 in
1372 293 1606 326 contumaciam
1625 293 1793 327 damnatus
1811 293 1999 336 consignan-

1264 346 1339 378 dum
1364 345 1470 378 veniat
1494 356 1555 378 nec
1578 355 1632 385 ne,
1659 345 1778 379 exactis
1814 345 1934 388 pariter
1968 352 1999 379 et

1265 398 1412 441 receptis,
1439 403 1596 441 quatenus
1623 398 1829 440 consignetur
1854 408 1870 430 a
1893 398 1998 431 iudice

1264 452 1439 492 saeculari,
1468 452 1661 492 iuramento,
1688 452 1713 484 si
1740 451 1935 494 delinquens
1959 451 2000 484 sit

1265 504 1380 544 laicus,
1420 505 1459 537 ab
1496 504 1716 538 ecclesiastico
1740 515 1827 544 vero,
1853 504 1879 536 si
1904 504 2001 537 suerit

1265 556 1413 597 clericus,
1439 557 1656 600 promissione
1681 558 1800 600 ipsum,
1826 562 1860 589 ut
1884 567 2000 600 supra,

1266 609 1456 642 restituendi
1475 611 1632 644 ecclesiae
1651 611 1762 644 locove
1781 609 1927 652 immuni,
1942 610 2000 642 sub

1266 663 1428 696 antedicta
1458 665 1564 706 poena
1593 663 1948 703 excommunicationis,
1974 661 2001 694 si

1267 720 1427 749 extractus
1444 717 1475 749 in
1495 716 1559 749 suis
1578 716 1726 750 similiter
1750 714 2001 750 defensionibus¹

1267 768 1295 801 ei
1322 769 1361 801 ad
1386 770 1622 813 praescriptum
1652 770 1893 812 praedictarum
1926 779 2002 802 con-

1267 821 1466 854 stitutionum
1507 822 1760 866 apostolicarum
1800 822 2004 866 competenti-

1267 874 1327 907 hus
1353 875 1534 908 nullitatem
1569 881 1601 909 et
1625 875 1814 908 iniustitiam
1840 881 2005 909 contuma-

1268 927 1359 960 cialis
1385 929 1567 961 sententiae
1593 928 1779 972 praedictae
1804 928 2006 968 ostenderit,

1269 985 1302 1012 et
1325 980 1454 1014 sceleris
1478 981 1597 1014 indicia
1623 982 1765 1015 diluerit.
1792 981 1881 1020 Quod
1912 981 1937 1014 si
1973 981 2006 1014 id

1268 1038 1438 1076 praestare
1463 1034 1662 1078 nequiverit,
1682 1038 1712 1068 et
1737 1045 1773 1068 ex
1795 1034 1917 1068 eisdem
1935 1044 2007 1067 sen-

1270 1087 1367 1120 tentia
1392 1092 1424 1121 et
1449 1087 1528 1120 actis
1555 1087 1615 1121 rite
1641 1092 1672 1120 et
1696 1093 1784 1121 recte
1804 1087 1902 1130 gestis
1933 1097 2007 1121 reus

1269 1145 1418 1183 repertus
1444 1140 1555 1182 suerit,
1591 1140 1687 1174 iudex
1720 1140 1789 1174 eius
1820 1146 2007 1184 competens

1270 1194 1463 1227 sententiam
1489 1194 1622 1237 exequi,
1648 1199 1680 1228 et
1704 1195 1833 1238 qnando
1867 1194 2006 1237 aliquem

1269 1247 1302 1279 in
1328 1248 1433 1290 poena
1459 1247 1601 1290 irrogata
1626 1258 1793 1282 excessum
1826 1248 2010 1291 deprehen-

1271 1299 1371 1341 derit,
1397 1300 1493 1334 etiam
1526 1301 1687 1335 moderari
1711 1302 1829 1342 valeat3
1855 1301 1898 1334 ita
1922 1300 2009 1344 quod

1271 1363 1496 1398 quaecumque
1523 1354 1701 1388 declaratio
1725 1365 1742 1387 a
1771 1353 1937 1398 praedicto
1963 1353 2010 1386 iu-

1272 1406 1341 1439 dice
1379 1406 1598 1440 ecclcsiastico
1635 1408 1717 1441 sacta
1750 1408 1782 1440 in
1806 1407 1925 1440 iudicio
1951 1417 2008 1440 ec-

1271 1459 1471 1493 clesiasticae
1496 1460 1706 1493 immunitatis
1724 1471 1825 1504 super
1842 1459 2013 1503 consigna-

1272 1512 1358 1546 tione
1395 1513 1518 1546 banniti
1557 1519 1588 1547 et
1623 1514 1655 1546 in
1688 1513 1924 1547 contumaciam
1960 1513 2011 1546 da-

1272 1565 1390 1606 mnati,
1417 1565 1551 1609 eiusque
1577 1566 1808 1609 denegatione,
1828 1565 2011 1599 nullatenus

1273 1618 1435 1651 deservire
1471 1624 1502 1651 et
1539 1630 1556 1652 a
1588 1619 1719 1652 nemine
1745 1619 1881 1662 allegari
1911 1617 2013 1662 possit

1273 1671 1305 1703 in
1331 1672 1394 1705 alio
1421 1672 1548 1706 diverso
1574 1684 1609 1706 ac
1643 1677 1790 1716 separato
1821 1671 1953 1712 iudicio,
1980 1671 2013 1703 in

1274 1735 1339 1768 quo
1358 1725 1481 1758 scilicet
1502 1726 1541 1759 de
1558 1726 1722 1769 praefatae
1744 1725 1925 1759 sententiae
1942 1734 2014 1758 con-

1275 1778 1452 1812 tumacialis
1467 1779 1658 1812 executione
1676 1779 1884 1822 postmodum
1903 1777 2015 1821 dispu-

1275 1832 1335 1863 tari
1353 1831 1573 1874 contingeret:
1592 1831 1632 1864 ad
1650 1841 1746 1874 quem
1764 1830 1913 1864 effectum
1931 1830 2015 1863 dicta

1275 1883 1449 1916 declaratio
1482 1884 1595 1917 iudicis
1633 1883 1845 1917 ecclesiastici
1877 1882 2015 1926 perinde

1276 1937 1433 1970 habeatur
1451 1948 1486 1970 ac
1505 1938 1530 1971 si
1550 1948 1615 1971 non
1638 1942 1833 1978 emanasset,
1855 1947 1914 1970 nec
1931 1936 2016 1969 ullus

1276 1989 1390 2023 exinde
1417 1991 1589 2034 scrupulus
1614 1991 1721 2024 animo
1747 1990 1860 2023 iudicis
1885 1999 2016 2032 compe-

1277 2044 1374 2076 tentis
1400 2043 1433 2076 in
1458 2044 1683 2087 cognoscenda
1708 2048 1739 2076 et
1758 2043 1942 2076 definienda
1964 2052 2016 2075 va-

1275 2096 1398 2130 liditate
1424 2107 1479 2130 seu
1506 2097 1664 2137 nullitate,
1689 2097 1810 2130 iustitia
1845 2106 1900 2129 seu
1926 2095 2012 2128 iniu-

1276 2149 1361 2182 stitia
1386 2149 1530 2183 eiusdem
1556 2150 1735 2183 sententiae
1772 2148 2016 2183 contumacialis

1276 2203 1444 2245 ingeratur
1470 2216 1501 2236 n.

2005 242 2056 270 An.
2073 243 2102 271 c.
2122 244 2187 274 «πο
2206 219 2232 290 {⁴1

2207 295 2208 321 l

2207 334 2209 358 l

2209 382 2210 403 l

2210 438 2211 451 l

2210 494 2212 507 l
2227 503 2229 505 .

495 2201 590 2234 iudex
616 2201 866 2243 ecclesiasticus,
894 2212 931 2234 ex
957 2202 1085 2235 illorum
1117 2202 1230 2245 inspe-

495 2254 601 2287 ctione
628 2254 791 2287 dumtaxat
816 2255 925 2297 agnito
951 2266 1027 2288 num
1048 2255 1232 2288 istiusmodi
1320 2256 1334 2298 ξ
1359 2255 1412 2288 10.
1440 2254 1597 2293 Quoniam
1622 2261 1727 2289 autem
1753 2255 1863 2289 dilecti
1887 2255 1945 2288 filii
1963 2260 2205 2312 no-hpiuuxffllffiigefflg

496 2308 655 2340 sententia
688 2307 929 2340 contumacialis
963 2308 1107 2351 legitime
1138 2309 1235 2341 iuste·
1275 2309 1359 2341 biles
1385 2308 1443 2340 viri
1469 2309 1529 2342 dux
1556 2314 1587 2341 et
1604 2309 1803 2351 gubernator
1816 2308 2206 2364 ¹'e³P¹¹b¹i⁰³‘³Z'i³2²-‘2322¹⁰1l¹2÷⁸.1‘!

496 2371 558 2403 que
584 2361 708 2404 prolata
731 2361 772 2394 sit
804 2361 842 2393 ad
870 2361 1004 2394 sormam
1030 2361 1234 2394 constitutio·
1276 2361 1441 2394 Ianuensis
1458 2362 1552 2394 nobis
1569 2372 1675 2405 nuper
1699 2362 1867 2395 humiliter
1892 2346 2205 2417 suppli-mitgeiemssx·

497 2424 573 2446 num
598 2414 860 2458 apostolicarum,
887 2414 1102 2457 pronunciare
1129 2419 1159 2446 et
1184 2415 1236 2447 de-
1277 2415 1342 2447 cari
1380 2415 1543 2455 fecerunt,
1570 2420 1606 2447 ut
1641 2415 1889 2458 dispositionem
1925 2399 2063 2458 prae·ten
2080 2402 2095 2419 ¹⁶

499 2468 621 2500 clarare
657 2472 756 2510 queat
787 2472 818 2499 et
855 2467 971 2500 debeat
1007 2477 1048 2500 an
1083 2467 1234 2500 bannitus
1278 2467 1382 2500 dictae
1414 2468 1658 2500 constitutionis
1692 2472 1842 2509 nostrae,
1868 2467 2018 2511 superius

536 2549 546 2573 1
571 2547 627 2574 thid
660 2548 673 2582 ἓ
694 2546 725 2574 13
745 2555 797 2582 pao
828 2547 861 2575 35
881 2556 899 2574 a
919 2548 946 2583 (R
972 2548 1011 2582 Τ)
1277 2520 1430 2554 insertam
1452 2549 1459 2563 ,
1501 2521 1540 2554 ad
1580 2521 1761 2554 dominium
1800 2526 1832 2553 et
1879 2520 2018 2554 ditiones

633 2568 638 2573 .
781 2568 807 2581 υ.
950 2568 956 2574 .
992 2568 1022 2574 ..

534 2591 549 2617 2
570 2591 641 2618 Edit.
663 2591 742 2617 Main.
764 2591 828 2626 tegit
848 2592 971 2619 immune
989 2593 1027 2624 (R.
1045 2592 1093 2626 T.).

534 2635 549 2663 3
569 2635 639 2662 Edit.
661 2636 744 2663 Main.
767 2636 833 2670 legit
853 2636 1019 2671 deputanda
1038 2637 1075 2671 (n.
1088 2636 1136 2672 T.).

1316 2593 1323 2617 1
1349 2591 1468 2619 Pessime
1497 2592 1563 2618 edit.
1592 2591 1677 2618 Main.
1705 2591 1770 2627 legit
1798 2591 2018 2627 definitionibus

1278 2644 1326 2670 pro
1345 2636 1558 2672 defensionibus
1577 2637 1680 2672 (nm).
