2232 3178
288 193 335 218 Αη.
353 192 381 217 C.
407 191 472 218 1737

322 463 408 483 Frustra
423 463 470 483 dia-

287 491 363 511 bnlteis
388 491 469 509 insidiis

287 519 402 542 impetitur.

293 2155 402 2175 infernalis
410 2155 476 2175 hostis

294 2184 381 2202 conatus
425 2182 476 2202 assi·

293 2208 336 2228 dua
380 2211 476 2229 oratione

294 2237 387 2260 superat,

523 181 586 215 ⁶280

481 244 512 273 et
529 249 705 283 poenarum
723 239 900 272 acerbitate
928 244 959 272 et
977 238 1096 271 amoris
1115 237 1224 270 divina

482 292 654 325 dulcedine
681 293 871 331 alternante,
894 291 1001 324 dicere
1031 301 1127 334 saepe
1149 301 1225 323 con-

481 344 623 377 suevisse
660 344 814 377 traditur:
853 344 954 377 Nemo
978 344 1016 376 de
1040 343 1132 376 corde
1157 353 1224 375 meo

480 397 590 440 rapiat
615 406 757 429 uiliorem
782 406 892 429 meum
917 396 1123 438 crucifioeum.

527 451 541 493 ἓ
563 449 615 483 13.
632 449 861 492 Spiritualibus
879 450 977 492 igitur
1005 448 1223 482 abstinentiae

484 508 515 535 et
539 502 760 545 poenitentiae
799 502 894 534 armis
926 501 1071 541 munita,
1106 502 1224 545 quibus

484 555 632 587 vitiorum
663 555 805 587 omnium
842 555 1003 587 incentiva
1037 554 1225 593 exciderat,

483 608 630 650 ingressa
660 613 709 640 est
727 618 886 650 generosa
910 608 999 650 virgo
1025 608 1063 640 ad
1084 617 1223 650 pugnam

485 665 594 693 contra
620 661 795 694 infernales
826 661 1007 704 nequitias,
1033 666 1145 694 contra
1170 670 1223 692 an-

485 714 613 757 tiquum
639 719 823 756 serpentem
843 713 1148 747 irreconciliabilem
1170 713 1225 746 liu-

485 766 571 799 mani
598 767 726 809 generis
751 766 929 799 inimicum.
953 766 1119 809 Siquidem
1145 766 1224 798 invi-

485 819 589 851 sibilis
616 819 717 852 hostis
737 818 876 852 filiorum
895 820 1006 858 Adam,
1024 819 1089 862 qui,
1115 819 1224 852 stimu-

485 873 570 905 lante
595 872 734 905 invidiae
752 873 863 913 livore,
880 873 986 916 primo
1009 873 1132 905 homini
1152 883 1223 916 gra-

485 926 560 958 tiam
586 926 679 959 datae
708 926 961 960 immortalitatis
993 926 1132 969 eripuit,
1158 936 1223 959 non

486 979 611 1011 destitit
646 984 678 1011 et
709 979 846 1012 occultis
882 979 1007 1012 insidiis
1045 985 1076 1012 et
1111 985 1223 1022 aperto

485 1031 574 1065 bello
599 1031 831 1064 sanctissimam
859 1032 1014 1074 virginem
1033 1042 1093 1076 per
1113 1033 1224 1076 plures

486 1095 588 1118 annos
614 1085 772 1128 impetere
797 1090 831 1117 ut
854 1095 870 1118 a
896 1090 1007 1118 sancto
1033 1085 1224 1128 virginitatis

486 1142 517 1171 et
542 1138 710 1181 religionis
735 1138 904 1182 proposito
930 1144 1101 1179 averteret,
1122 1144 1153 1171 ct
1174 1140 1223 1171 ea-

486 1192 559 1225 dem
586 1192 702 1232 ruina,
731 1202 793 1236 qua
825 1193 895 1236 ipse
921 1192 1068 1235 perditus
1095 1197 1156 1232 est,
1182 1192 1225 1225 in-

485 1246 638 1278 volveret.
667 1245 759 1279 Modo
786 1246 870 1278 enim
898 1246 1125 1289 impurissimis
1151 1256 1225 1288 sug-

487 1298 689 1341 gestionibus
714 1298 918 1342 purissimam
945 1304 1074 1332 sanctae
1091 1299 1224 1342 virginis

486 1356 627 1385 mentem
650 1352 807 1395 polluere,
825 1352 920 1385 modo
940 1352 1139 1385 terribilibus
1157 1363 1226 1396 spe-

486 1405 562 1437 ctris
587 1405 796 1438 fortissimum
832 1405 974 1438 animum
1006 1411 1129 1439 terrere
1158 1410 1226 1438 ten-

488 1458 574 1499 tavit,
594 1458 691 1491 modo
717 1458 950 1491 crudelissimis
975 1458 1093 1492 ictibus
1114 1458 1226 1492 effera-

487 1516 550 1543 tam
575 1511 698 1544 rabiem
731 1521 766 1544 ac
791 1511 932 1545 furorem
968 1522 1061 1544 suum
1097 1512 1129 1544 in
1155 1522 1224 1546 eam

487 1562 610 1596 effudit.
637 1563 777 1602 Quadam
804 1564 878 1605 die,
903 1575 976 1597 cum
1013 1565 1226 1598 castissimum

485 1620 598 1660 pectus
623 1617 697 1650 totis
722 1617 890 1651 infernalis
915 1618 1079 1661 nequitiae
1103 1618 1226 1651 viribus

487 1679 676 1713 expugnare
702 1680 870 1713 aggressus
890 1676 985 1712 esset,
1004 1676 1034 1704 et
1050 1671 1226 1704 vehemen-

488 1722 612 1756 tissimo
638 1723 707 1757 eius
732 1724 861 1756 incursu
879 1723 1023 1767 virginea
1048 1734 1140 1757 mens
1159 1729 1225 1756 tur-

485 1775 630 1816 baretur,
649 1781 680 1809 et
700 1775 761 1809 iam
783 1777 923 1809 humana
943 1781 1073 1809 nutaret
1092 1776 1226 1809 infirmi-

487 1834 550 1870 tas,
575 1829 682 1862 snbito
707 1829 763 1863 Dei
790 1829 933 1862 offensae
957 1830 1096 1863 horrore
1122 1840 1227 1863 corre-

486 1888 574 1927 ptam
600 1888 632 1916 et
656 1883 778 1927 impetu
805 1883 901 1916 divini
926 1884 1043 1917 amoris
1069 1890 1169 1917 actam
1187 1895 1224 1918 ex

486 1937 552 1970 imo
577 1942 709 1980 pectore
735 1937 843 1970 ferunt
868 1938 1078 1971 exclamasse:
1103 1937 1223 1981 Exple,

485 1990 633 2030 Domine,
657 1990 748 2034 exple
764 1991 855 2023 sitim
879 1990 1019 2023 crudetis
1037 1991 1147 2031 hostete,
1166 2001 1226 2024 me-

486 2053 548 2087 que
572 2043 608 2075 in
633 2044 799 2086 infernum
824 2044 942 2083 (ἰατὴρ,-
967 2048 1136 2076 aeternum
1154 2054 1224 2076 cru-

486 2096 596 2128 ciabor
619 2096 763 2139 quidem,
791 2097 845 2129 sect
866 2100 893 2129 le
917 2106 982 2129 non
1002 2096 1167 2139 offendam.

531 2149 625 2193 §lla
653 2149 740 2182 Nihil
777 2149 876 2192 igitur
911 2155 1036 2183 veteres
1071 2150 1224 2192 profuere

487 2207 582 2243 arteS,
597 2201 679 2235 nibil
702 2202 823 2245 profuit
842 2202 1009 2235 infernalis
1026 2202 1150 2242 astutia,
1169 2202 1224 2235 sed

487 2254 571 2288 irriti
597 2256 790 2289 ceciderunt
824 2255 978 2288 diabolici
1011 2261 1167 2295 conatus,
1196 2259 1227 2289 et

487 2309 667 2352 virgineum
686 2315 799 2352 pectus
819 2308 925 2341 divina
943 2307 1045 2351 gratia
1069 2312 1226 2341 armatum

489 2363 660 2396 infernalia
697 2363 760 2396 tela
796 2363 893 2396 ferire
929 2372 993 2395 non
1018 2365 1223 2405 potuerunt:

488 2422 523 2450 ut
549 2417 634 2450 enim
656 2416 800 2460 potentis
825 2415 945 2449 inimici
971 2415 1069 2448 tutius
1094 2425 1226 2458 supera-

488 2476 538 2504 ret
562 2470 704 2511 insidias,
725 2475 756 2503 ct
781 2469 947 2503 frementis
972 2469 1075 2502 hostis
1102 2468 1226 2501 facilius

488 2525 666 2567 repelleret
690 2525 838 2567 impetus,
856 2523 923 2557 Deo
948 2533 1008 2567 per
1032 2523 1225 2563 orationem,

490 2588 587 2623 quam
605 2578 642 2611 ad
663 2578 774 2611 decem
795 2588 907 2621 usque,
928 2587 1027 2621 saepe
1046 2576 1083 2610 ad
1101 2576 1226 2621 viginti,

1069 187 1253 213 nuLLAt'tttJM
1279 188 1436 214 ROMANUM

1269 247 1503 281 nonnunquam
1520 238 1557 270 ad
1576 238 1834 282 vigintiquatuor
1852 239 2005 272 horarum

1267 291 1404 334 spatium
1432 292 1666 334 protrahebat,
1694 293 1953 336 frequentissime
1972 303 2006 324 u-

1269 343 1329 376 niri
1356 344 1520 377 studebat.
1548 345 1589 377 Ex
1609 345 1720 377 intima
1733 351 1837 378 autem
1852 355 1923 378 cum
1940 345 2005 377 Deo

1267 396 1387 429 unione
1409 398 1526 429 factum
1552 402 1600 429 est
1623 402 1657 429 ut
1683 402 1746 429 tam
1772 397 1929 430 immenso
1958 397 2005 430 di-

1266 449 1329 481 vini
1356 450 1473 482 amoris
1503 450 1657 492 flagraret
1693 450 1868 489 incendio,
1896 456 1929 482 ut
1954 461 2007 483 ev-

1269 508 1372 535 tremo
1391 502 1421 534 in
1440 502 1494 535 Dei
1513 502 1670 535 offensam
1689 505 1904 536 exardescens
1922 503 2005 543 odio,

1268 555 1306 587 ad
1327 556 1431 588 sotum
1452 555 1575 598 peccati
1601 566 1719 588 nomen
1747 561 1811 588 tota
1838 555 2007 588 contremi-

1268 613 1392 647 sceret,
1421 607 1498 650 quin
1524 607 1589 640 imo
1615 608 1752 650 quadam
1779 607 1847 647 die,
1875 607 2006 640 sceleris

1268 660 1433 693 cuiusdam
1459 660 1643 693 narratione
1669 660 1793 700 audita,
1821 665 1909 693 tanto
1934 670 2007 702 per-

1269 713 1357 745 culsa
1375 713 1487 745 dolore
1510 718 1566 753 est,
1585 718 1619 745 ut
1635 723 1740 756 prope
1767 712 1921 745 examinis
1939 721 2007 744 cor-

1268 765 1380 798 ruerit.

1312 818 1326 861 §5
1353 818 1406 851 «15.
1433 818 1594 861 Flagranti
1621 824 1727 852 autem
1753 818 1923 860 charitate,
1945 828 2007 862 qua

1268 871 1371 904 Deum
1396 871 1542 912 amabat,
1568 873 1847 915 complectebatur
1876 877 1907 904 et
1931 882 2007 914 pro-

1269 925 1388 964 ximos,
1417 935 1498 967 quos
1523 935 1539 957 a
1565 924 1679 968 divinis
1705 924 1834 958 otfensis
1860 929 2007 957 avertere

1269 977 1378 1010 sedula
1397 979 1483 1017 cura,
1497 977 1701 1020 sollicitaque
1717 977 1885 1018 industria,
1905 976 2007 1009 omni-

1270 1041 1331 1073 que
1358 1030 1456 1062 animi
1482 1035 1599 1063 conatu
1617 1031 1794 1073 satagebat.
1822 1030 1943 1073 ltaque,
1969 1040 2006 1063 ex

1269 1084 1406 1116 aliorum
1432 1084 1572 1126 peccatis
1604 1083 1744 1116 maximo
1771 1083 1868 1116 animi
1895 1093 2009 1116 conce-

1269 1141 1324 1179 pto
1342 1136 1468 1176 dolore,
1489 1136 1597 1169 aliena
1621 1136 1758 1169 crimina
1781 1137 1901 1170 severis
1922 1137 1955 1169 in
1973 1146 2008 1170 se

1269 1190 1602 1223 animadversionibus
1631 1190 1841 1233 copiosisque
1858 1190 2008 1234 lacrymis

1269 1243 1497 1276 ulciscebatur.
1539 1243 1576 1275 Et
1613 1243 1768 1286 quoniam
1808 1249 2008 1287 compertum

1270 1296 1413 1329 habebat
1446 1306 1482 1328 ex
1507 1295 1647 1339 publicis
1679 1295 1822 1329 dissidiis
1853 1296 2009 1331 intestina

1269 1348 1342 1381 odia
1369 1348 1466 1387 nasci,
1492 1353 1587 1392 atque
1612 1348 1688 1381 inde
1713 1349 1811 1382 multa
1833 1349 1921 1392 gigni
1942 1360 2009 1383 sce-

1270 1402 1335 1434 lera
1360 1406 1391 1435 et
1415 1407 1569 1445 peccata,
1595 1401 1703 1434 civiles
1730 1401 1908 1435 discordias
1934 1403 2010 1436 hor-

1270 1454 1445 1487 tationibus
1480 1460 1511 1487 et
1547 1454 1693 1488 consiliis
1730 1455 1951 1498 compescuit,
1976 1461 2010 1489 et

1270 1508 1461 1541 dissidentes
1494 1508 1532 1541 ad
1564 1518 1674 1551 pacem
1708 1511 1737 1541 et
1761 1508 1935 1542 amicitiam
1961 1520 2009 1543 re-

1270 1561 1402 1594 vocavit.
1438 1561 1612 1594 Praeterea
1644 1566 1862 1594 matronarum
1898 1562 2008 1595 luxum

1270 1621 1301 1648 ct
1327 1615 1499 1648 vanitatem
1526 1615 1677 1655 coercuit,
1696 1616 1815 1648 multos
1835 1616 1872 1649 ad
1898 1616 2008 1659 poeni-

1271 1669 1402 1702 tentiam
1428 1669 1573 1710 adduxit,
1591 1668 1751 1711 plurimos
1771 1668 1888 1702 virtute
1906 1668 2009 1703 sirma-

1269 1722 1321 1762 vit,
1336 1732 1449 1754 omnes
1467 1721 1574 1754 verbis
1593 1720 1773 1754 aedificavit
1788 1726 1818 1754 et
1837 1723 2007 1766 exemplo;

1270 1775 1432 1818 Pauperes
1449 1779 1480 1808 et
1496 1773 1642 1807 infirmos
1661 1775 1786 1807 summa
1803 1774 2008 1809 miseratione

1270 1833 1302 1861 et
1333 1827 1491 1861 charitate
1517 1838 1534 1860 a
1560 1827 1683 1861 teneris
1719 1827 1814 1860 annis
1840 1829 2009 1872 complexa

1270 1886 1334 1921 est,
1373 1891 1445 1913 nam
1484 1880 1590 1913 adhuc
1626 1881 1869 1914 adolescentula
1902 1881 2009 1914 nudos

1270 1934 1441 1976 cooperire
1462 1939 1494 1967 et
1515 1933 1678 1966 famelicos
1698 1943 1843 1976 pascere,
1862 1933 2007 1977 propriis

1270 1987 1412 2020 vestibus
1439 1986 1556 2026 exutis,
1573 1991 1604 2018 et
1617 1986 1869 2029 pretiosioribus
1888 1996 1903 2019 e
1918 1996 2009 2019 men-

1268 2042 1302 2072 sa
1319 2039 1455 2083 dapibus
1477 2039 1638 2079 detractis,
1657 2038 1834 2079 consuevit,
1851 2039 1913 2071 iam
1932 2044 2009 2072 tunc

1269 2093 1300 2125 in
1334 2102 1435 2136 parvo
1471 2091 1712 2135 praemeditans
1745 2096 1861 2125 cuncta
1893 2096 2008 2125 conte-

1269 2157 1380 2179 mnere
1410 2150 1443 2178 et
1477 2156 1533 2178 sua
1565 2146 1661 2178 simul
1694 2144 1845 2179 universa
1880 2145 2006 2189 largiri.

1269 2199 1346 2232 Nam
1362 2204 1486 2242 postca,
1500 2199 1548 2232 sui
1564 2198 1640 2231 iuris
1657 2199 1747 2239 facta,
1762 2203 1930 2242 paternam
1944 2209 2009 2232 ma-

1271 2259 1460 2296 ternamque
1494 2251 1731 2286 haereditatem
1763 2252 1802 2284 ad
1828 2262 2007 2295 pauperum

1270 2312 1301 2340 ct
1325 2316 1491 2340 servorum
1516 2305 1633 2339 Mariae
1669 2304 1811 2349 inopiam
1838 2304 2007 2338 sublevan-

1270 2360 1341 2393 dam
1378 2359 1548 2404 impendit.
1576 2358 1712 2403 Insuper
1747 2359 1919 2401 opulentas
1955 2358 2007 2391 se-

1269 2414 1373 2447 minas
1400 2414 1438 2446 ad
1463 2412 1613 2457 proprias
1639 2412 1672 2445 in
1699 2410 1862 2454 egentium
1894 2410 2006 2445 alimo-

1269 2468 1354 2501 niam
1379 2477 1458 2511 opes
1485 2465 1726 2499 distribuendas
1753 2463 1956 2498 suasionibus
1975 2469 2007 2498 et

1269 2522 1417 2565 exemplo
1443 2519 1603 2564 perduxit.

1313 2574 1328 2618 g
1354 2574 1406 2608 16.
1424 2572 1558 2607 Publica
1571 2570 1768 2615 nosocomia,
1782 2571 1857 2605 dum
1873 2569 1906 2604 in
1924 2569 2007 2605 aedi-

2224 67 2228 80 l

2015 191 2065 217 An.
2080 190 2108 216 c.
2132 189 2197 218 1737

2044 828 2100 849 Alios
2115 834 2128 849 a
2144 830 2199 850 vitii!

2017 857 2038 876 et
2048 857 2142 881 peccatis
2151 862 2200 877 aro-

2018 887 2068 903 caro
2083 882 2160 903 studet.

2068 2575 2112 2598 Non
2131 2573 2194 2598 nolum
