2232 3178
305 213 353 239 An.
374 211 401 238 e.
422 211 487 238 1735
532 201 573 234 fr]

539 261 650 293 Datum
671 260 807 298 Itomae,
826 260 912 302 apud
931 260 962 292 S.
983 258 1112 291 Mariam
1131 258 1228 291 Maio-

495 324 573 354 rem,
591 314 651 346 sub
667 315 785 346 annulo
802 312 984 352 piscatoris,
1005 312 1056 345 die
1076 322 1131 345 xiil
1150 312 1228 354 apri-

494 368 533 402 lis
555 377 727 406 MDCCXXXV,
747 365 951 409 pontificatus
969 365 1070 399 nostri
1090 376 1175 398 anno
1196 375 1225 398 v.

530 430 587 457 Dat.
608 430 652 457 die
674 430 705 458 13
725 429 818 464 aprilis
839 428 921 462 1735,
942 428 1038 463 pontif.
1060 436 1130 455 auno
1151 437 1174 454 v.

778 483 812 515 F.
841 482 927 515 card.
957 482 1138 516 Otlvenlrs.

818 634 900 668 CLV.

496 706 704 749 Confirmatio
733 705 842 739 Brevis
871 705 995 739 Urbani
1025 705 1107 739 VIII
1136 715 1230 749 super

538 759 758 792 declaratione
783 759 869 803 quod
895 759 979 792 Ordo
1002 760 1146 802 fratrum
1170 759 1231 791 Me?-

539 823 656 845 ttorum
672 813 776 845 sancti
790 813 957 845 Francisci
976 813 1230 855 Cupuceinorum

536 877 596 910 per
619 870 738 899 rectam
758 866 879 899 luteam
904 867 973 899 sine
993 866 1231 899 intermissione

539 920 700 954 descendit
724 930 743 953 a
769 920 856 952 linea
881 919 912 953 S.
933 920 1113 953 Francisci.

706 999 843 1026 Clemens
863 999 940 1032 Papa
959 999 1020 1031 XII,

636 1045 671 1071 ad
692 1044 823 1071 futuram
842 1043 888 1070 rei
909 1044 1088 1071 memoriam.

328 1128 446 1148 Exordium.
537 1117 590 1157 Ea,
610 1126 690 1160 quae
709 1126 725 1149 a
742 1115 894 1149 Romanis
912 1115 1118 1149 Pontificibus
1139 1126 1232 1159 prae-

495 1170 721 1204 decessoribus
745 1169 864 1203 nostris
889 1180 947 1213 pro
973 1170 1124 1212 religiosa
1149 1170 1233 1204 chri-

495 1224 679 1258 stifidelium
717 1223 833 1256 divinis
870 1224 1034 1267 obsequiis
1071 1224 1129 1256 sub
1166 1235 1233 1257 sua-

495 1279 522 1310 vi
548 1277 718 1321 religionis
744 1277 821 1320 iugo
847 1277 1102 1321 mancipatorum
1124 1278 1232 1321 quiete

496 1332 630 1375 provide
648 1332 732 1364 sacta
749 1336 781 1364 et
799 1331 959 1364 declarata
978 1331 1075 1365 fuisse
1095 1342 1232 1365 noscun-

498 1392 556 1426 tur,
573 1391 608 1418 ut
632 1385 787 1419 solidiore
813 1386 931 1418 robore
950 1385 1136 1429 persistant,
1156 1397 1233 1429 apo-

497 1439 605 1473 stolici
636 1439 822 1472 muniminis
852 1439 1030 1483 praesidio,
1057 1450 1126 1472 cum
1159 1440 1189 1472 id
1216 1451 1233 1472 a

496 1492 590 1525 nobis
616 1492 743 1535 petitur,
770 1492 911 1525 libenter
935 1492 1193 1525 constabilimus.

330 1558 484 1578 L'rbanusvttt
540 1548 554 1589 ξ
578 1546 609 1578 1.
637 1546 762 1578 Dudum
787 1545 947 1588 siquidem
965 1546 1067 1579 felicis
1085 1547 1233 1579 recorda-

303 1585 421 1605 declaravit
446 1585 483 1604 sra—
512 1601 518 1605 .

302 1599 594 1633 tresomnnsca-tionis
631 1599 775 1632 Urbanus
805 1599 864 1632 PP.
898 1599 961 1632 Vlll
1002 1600 1256 1642 praedecessor*

303 1644 437 1664 pUGUHlOfUHl
452 1644 485 1658 VC·

303 1671 337 1685 ros
359 1671 411 1694 esse,
427 1665 485 1696 orm·
498 1659 608 1687 noster
644 1654 761 1686 fratres
793 1652 919 1685 Ordinis
944 1653 1100 1686 Miuorum
1132 1654 1233 1687 sancti

303 1693 657 1741 ffliciiwman'Francisci
691 1706 944 1750 Capuccinorum
977 1712 1233 1751 nuncupatorum

499 1761 592 1794 fuisse
620 1766 650 1793 et
675 1771 746 1793 esse
773 1771 809 1793 ex
834 1762 909 1793 vera
936 1766 967 1793 et
992 1771 1154 1804 nunquam
1189 1762 1235 1794 in-

499 1815 644 1858 terrupta
667 1813 755 1847 linea
791 1825 828 1846 ac
862 1825 956 1848 veros
983 1819 1014 1847 et
1038 1815 1235 1849 indubitatos

498 1870 613 1901 fratres
640 1867 715 1900 dicti
741 1867 870 1900 Ordinis
894 1868 925 1901 S.
945 1868 1109 1902 Francisci
1135 1874 1166 1902 et
1190 1869 1231 1902 it-

498 1922 559 1955 lius
586 1922 714 1964 regulae
733 1921 966 1961 observatores
986 1924 1112 1966 subque
1134 1923 1234 1966 ipsius

497 1976 529 2008 S.
548 1974 709 2007 Francisci
732 1975 846 2017 regula
864 1975 1018 2008 militasse
1038 1979 1068 2009 et
1084 1976 1234 2017 militare,

499 2028 641 2062 decrevit
677 2033 708 2060 et
742 2028 934 2069 declaravit,
963 2035 994 2061 et
1030 2029 1107 2062 alias
1143 2034 1236 2073 prout

498 2081 631 2115 uberius
656 2081 840 2114 continetur
856 2081 889 2114 in
907 2081 981 2114 dicti
1003 2082 1120 2115 Urbani
1146 2093 1235 2125 prae-

499 2135 679 2169 decessoris
705 2134 823 2168 litteris
842 2135 985 2178 desuper
1002 2136 1032 2168 in
1052 2136 1149 2169 simili
1171 2137 1235 2170 sor-

499 2190 548 2221 ma
575 2188 684 2221 Brevis
705 2187 875 2231 expeditis,
902 2189 1024 2221 tenoris
1050 2189 1104 2233 qui
1131 2189 1236 2233 sequi-

501 2248 567 2282 tur,
594 2241 767 2275 videlicet:
805 2241 952 2274 Urbanus
976 2243 1045 2276 PP.
1076 2243 1167 2283 vm,
1195 2243 1237 2276 ad

499 2300 687 2341 perpetuam
700 2296 747 2329 rei
761 2296 962 2329 memoriam.
979 2298 1153 2331 Salvatoris
1166 2297 1236 2331 etc¹.

544 2352 559 2393 ᾗ
583 2350 615 2382 ⁶2.
644 2350 721 2383 Cum
748 2354 862 2390 autem,
885 2350 968 2382 sieut
993 2351 1129 2384 dilectus
1155 2352 1238 2385 tilius

503 2405 728 2437 Bonaventura
754 2414 770 2436 a
795 2403 951 2444 Ferraria,
969 2404 1116 2437 minister
1140 2416 1238 2448 genc-

502 2458 578 2491 ralis
604 2458 748 2491 eiusdem
775 2457 913 2498 Ordinis,
939 2458 1032 2491 nobis
1059 2469 1163 2502 nuper
1189 2471 1238 2492 ex-

504 2511 581 2555 poni
608 2510 693 2552 fecit,
721 2511 789 2554 ipse
814 2510 1003 2555 praeniissa,
1031 2522 1094 2555 quo
1119 2512 1239 2545 firmius

505 2564 681 2598 subsistant
706 2571 738 2599 et
761 2565 978 2599 inviolabilius
1003 2570 1180 2606 serventur,
1208 2577 1239 2598 a-

542 2627 554 2654 1
578 2626 641 2655 Vide
662 2636 709 2655 suo
730 2627 801 2662 loco,
823 2631 876 2655 tom
896 2635 958 2663 xm,
980 2636 1041 2664 pag.
1063 2628 1114 2655 562
1134 2630 1172 2662 (a.
1189 2631 1237 2662 τ.).

335 2358 414 2379 Urbani
436 2359 489 2379 litte·

309 2391 343 2405 ras
382 2387 488 2406 contii-mat

310 2412 412 2433 Clemens.

1072 207 1252 233 BULLARIUM
1278 206 1431 232 ROMANUM

2015 209 2064 235 An.
2086 208 2115 237 C.
2133 210 2199 238 1735

1270 256 1447 300 postolicae
1473 256 1728 290 confirmationis
1749 263 1880 291 nostrae
1897 264 2005 301 patro-

1271 310 1355 343 cinio
1383 310 1573 343 communiri
1599 320 1807 355 summopere
1825 311 2004 344 desideret:

1272 374 1341 404 nos,
1360 363 1533 407 specialem
1558 363 1620 406 ipsi
1642 364 1887 398 Bonaventurae
1911 364 2006 398 mini-

1272 423 1336 451 stro
1371 418 1517 460 generali
1555 417 1689 460 gratiam
1714 418 1818 452 facere
1843 419 2005 459 volentes,

1272 481 1407 514 eumque
1427 481 1443 503 a
1462 470 1626 514 quibusvis
1653 471 2008 513 excommunicationis,

1273 523 1495 567 suspensionis
1528 528 1559 556 et
1584 523 1763 565 interdicti,
1789 524 1924 568 aliisque
1948 535 2005 558 cc-

1273 576 1460 610 clesiastieis
1487 576 1676 617 sententiis,
1703 578 1850 611 censuris
1875 582 1907 611 et
1930 588 2008 621 poe-

1274 631 1333 670 nis,
1357 642 1374 663 a
1399 630 1469 663 iure
1495 631 1543 664 vel
1570 631 1608 663 ab
1634 631 1787 672 homine,
1813 631 1921 674 quavis
1955 642 2008 665 oc-

1274 686 1401 719 casione
1425 686 1473 719 vel
1499 686 1592 718 causa
1616 685 1704 726 latis,
1731 685 1757 718 si
1783 685 1900 729 quibus
1926 696 2009 729 quo·

1274 738 1452 772 modolibet
1477 738 1650 772 innodatus
1669 739 1784 779 existit,
1803 738 1842 772 ad
1863 737 2008 772 effectum

1275 792 1492 836 praesentium
1534 792 1699 826 dumtaxat
1737 793 2008 837 consequendum,

1276 848 1390 880 barum
1423 846 1506 880 serie
1543 846 1749 880 absolventes
1774 851 1804 880 et
1828 846 2010 880 absolutum

1275 902 1343 935 sore
1383 906 1571 941 censentes,
1611 900 1900 945 supplicationibus
1942 901 2010 935 eius

1276 954 1407 988 nomine
1433 954 1525 988 nobis
1550 964 1647 998 super
1673 954 1735 987 hoc
1753 954 1919 988 humiliter
1936 965 2010 998 por-

1276 1008 1373 1042 rectis
1415 1008 1558 1042 inclinati
1579 1035 1586 1049 ,
1632 1007 1849 1051 praeinsertas
1890 1007 2010 1041 Urbani

1276 1061 1538 1107 praedecessoris
1555 1061 1691 1102 litteras,
1709 1061 1882 1105 omniaque
1907 1061 1940 1094 in
1965 1061 2011 1094 eis

1276 1121 1440 1156 contenta,
1461 1115 1545 1149 dicta
1571 1115 1775 1155 auctoritate,
1795 1119 1905 1147 tenore
1921 1124 2012 1158 prae-

1276 1170 1431 1211 sentium,
1459 1169 1676 1213 approbamus
1710 1174 1741 1202 et
1770 1168 2010 1207 confirmamus,

1276 1224 1404 1267 illisque
1421 1223 1620 1256 inviolabilis
1640 1222 1835 1267 apostolieae
1852 1221 2011 1254 firmitatis

1276 1278 1377 1311 robur
1402 1277 1583 1310 adiicimus.

1320 1333 1334 1375 ἓ
1359 1332 1390 1366 3.
1419 1333 1647 1373 Decernentes,
1669 1331 1796 1364 easdem
1823 1336 2013 1375 praesentes
2038 1343 2205 1365 annaneane-

1277 1386 1400 1420 litteras
1435 1395 1564 1429 semper
1593 1383 1713 1425 firmas,
1740 1385 1862 1418 validas
1892 1390 1922 1418 et
1947 1373 2207 1423 em-ltlh‘ss'“¹¹¹sef¹ti'ri

1277 1449 1368 1472 caces
1386 1439 1524 1472 existere
1543 1444 1573 1471 et
1593 1438 1670 1479 sore,
1688 1448 1831 1482 suosque
1850 1428 2135 1481 plenarios''¹'⁶⁰⁰'¹'¹¹'

1254 1498 1256 1537 ξ
1278 1498 1308 1525 et
1332 1493 1476 1535 integros
1506 1490 1637 1525 effeetus
1664 1491 1773 1524 sortiri
1800 1497 1831 1524 et
1855 1491 2013 1531 obtinere,

1277 1553 1308 1579 et
1333 1546 1407 1586 illis,
1421 1546 1460 1578 ad
1483 1556 1563 1589 quos
1590 1550 1715 1588 spectat
1739 1551 1770 1578 et
1790 1555 1849 1589 pro
1869 1550 2014 1588 tempore

1277 1599 1461 1643 spectabit,
1489 1600 1521 1631 iu
1559 1598 1708 1632 omnibus
1744 1604 1776 1632 et
1809 1609 1870 1642 per
1905 1598 2014 1632 omnia

1278 1651 1465 1696 plenissime
1491 1650 1685 1694 suffragari,
1721 1651 1831 1695 sicque
1866 1651 1898 1684 in
1923 1662 2015 1695 prae-

1279 1705 1385 1738 missis
1410 1716 1466 1749 per
1490 1716 1711 1749 quoscumque
1738 1705 1859 1738 iudices
1885 1705 2016 1738 ordina-

1278 1760 1343 1793 rios
1369 1765 1401 1792 et
1426 1759 1599 1802 delegatos,
1622 1759 1718 1792 etiam
1740 1769 1910 1792 causarum
1928 1760 2016 1804 pala-

1279 1813 1313 1846 tii
1336 1812 1505 1857 apostolici
1524 1812 1702 1853 auditores,
1723 1811 1857 1845 iudicari
1884 1818 1914 1845 et
1940 1813 2016 1846 defi-

1279 1867 1340 1900 niri
1379 1866 1519 1907 debere,
1558 1877 1593 1899 ae
1629 1865 1755 1899 irritum
1792 1870 1823 1898 et
1858 1865 1954 1898 inane
1989 1866 2014 1899 si

1280 1931 1372 1954 secus
1397 1930 1495 1964 super
1520 1919 1569 1952 liis
1593 1930 1610 1952 a
1635 1930 1809 1963 quoquam,
1832 1919 1940 1963 quavis
1963 1930 2017 1952 au-

1280 1975 1441 2015 ctoritate,
1460 1973 1600 2007 scienter
1623 1973 1671 2006 vel
1698 1973 1894 2016 ignoranter,
1916 1972 2016 2007 conti-

1256 2057 1257 2064 .
1280 2028 1361 2071 gerit
1381 2027 1543 2061 attentari.

1323 2081 1338 2124 g
1364 2081 1395 2113 lt.
1418 2080 1487 2114 Non
1510 2080 1711 2114 obstantibus
1732 2080 2016 2113 constitutionibus

1281 2140 1314 2168 et
1354 2133 1612 2168 ordinationibus
1651 2133 1848 2178 apostolicis,
1887 2144 2017 2167 necnon

1281 2188 1433 2222 omnibus
1454 2193 1485 2221 et
1510 2187 1645 2231 singulis
1668 2188 1731 2221 illis
1756 2198 1838 2231 quae
1862 2187 1896 2220 in
1924 2198 2017 2231 prae-

1281 2242 1409 2276 insertis
1445 2242 1563 2276 Urbani
1600 2241 1864 2285 praedecessoris
1900 2240 2018 2275 litteris

1281 2306 1435 2329 concessa
1460 2300 1536 2328 sunt
1560 2306 1624 2328 non
1652 2295 1800 2337 obstare,
1833 2295 2017 2339 ceterisque

1281 2350 1452 2383 contrariis
1478 2349 1744 2393 quibuscumque.

1325 2405 1439 2437 Datum
1458 2404 1595 2445 Itomae,
1617 2405 1702 2447 apud
1728 2404 1757 2437 S.
1774 2403 1904 2437 Mariam
1921 2403 2017 2437 Maio-

1283 2469 1364 2499 rem,
1381 2458 1438 2491 sub
1453 2460 1575 2492 annulo
1600 2458 1787 2498 piscatoris,
1805 2457 1856 2491 die
1873 2468 1924 2492 xw
1941 2457 2016 2491 maii

1282 2522 1460 2552 unccxxxv,
1486 2512 1692 2556 pontificatus
1716 2511 1817 2545 nostri
1843 2521 1926 2544 anno
1952 2521 1980 2544 v.

1317 2570 1376 2598 Dat.
1398 2569 1443 2598 die
1466 2570 1495 2597 tlt
1517 2569 1578 2597 maii
1600 2569 1685 2604 1735,
1708 2569 1807 2606 pontif.
1829 2577 1902 2596 anno
1922 2575 1948 2595 v.

1632 2618 1664 2653 F.
1683 2618 1768 2652 card.
1787 2617 1968 2653 Onlvaruus.

2073 2092 2210 2114 obstantibus

2027 2120 2122 2145 derogat.
