2232 3178
54 239 100 266 An.
119 235 147 264 C.
164 233 229 262 ¹738

33 722 36 800 l

33 802 37 860 ι

32 866 37 1004 l

33 1015 38 1108 l

34 1109 38 1252 l

34 1255 39 1318 ι

35 1337 39 1371 l
72 1349 100 1370 ne
121 1322 174 1369 ⁰1:ng
191 1349 221 1369 ra-

35 1372 111 1405 icjendi
127 1376 221 1396 informa-

48 1403 222 1449 :azazae

48 1457 106 1476 strum
120 1455 219 1476 habitum.

37 1527 40 1573 l

36 1582 39 1612 l

856 231 998 256 CLEMENS
1023 232 1071 256 xt1
1095 232 1144 256 Pr.

235 281 394 320 ragraphi)
428 280 560 311 habitum
590 280 735 320 receperit
766 285 794 311 et
823 281 979 320 professio-

235 340 300 361 nem
329 330 428 360 fecerit
461 330 524 360 sine
554 330 676 360 licentia
708 335 735 360 et
766 330 902 359 facultate
932 339 978 359 re-

235 379 344 419 quisita
376 383 404 408 et
438 381 577 418 expressa
608 381 637 409 in
671 379 830 418 praedictis
863 378 976 408 duobus

234 428 373 461 numeris,
395 427 462 457 talis
486 428 626 467 professio
649 428 686 457 sit
710 428 790 457 firma
815 432 842 457 et
867 427 973 464 valida,

233 477 299 506 dum
323 486 380 506 non
405 477 442 506 sit
465 486 499 506 ex
516 477 735 516 comprehensis
754 477 782 506 in
800 486 880 506 num.
904 487 924 505 1.
942 476 971 506 Si

235 531 332 556 autem
347 526 418 560 ,sine
441 525 547 555 debitis
563 526 790 555 circumstantiis
809 525 916 564 aliquis
932 535 975 554 re-

231 579 334 614 ceptus
358 574 456 610 fuerit,
477 574 511 603 ad
535 574 689 604 arbitrium
706 574 797 613 ipsius
815 574 973 603 definitorii

232 624 370 664 puniatur
394 624 538 660 minister,
561 624 611 663 qui
635 633 648 653 a
673 624 801 662 praelato
824 623 972 652 licentiam

231 673 326 712 petiit,
347 677 375 702 et
390 672 545 710 religiosus
568 672 617 711 qui
640 672 709 702 fecit
732 672 970 701 informationes:

229 721 346 751 illorum
376 721 454 750 enim
480 721 613 760 quamvis
637 721 772 750 excusari
797 721 867 750 velit
890 721 972 758 igno-

230 771 334 805 rantia,
352 770 560 800 inexcusabilis
576 774 619 799 est
635 770 806 808 diligentiae
829 769 970 799 defectus.

270 828 308 850 lv.
332 819 461 858 Denique
493 819 689 858 praecipimus
715 819 791 858 quod
822 819 901 848 nulla
933 820 974 848 fe-

231 869 307 898 mina
331 868 503 898 admittatur
535 868 569 897 ad
593 872 726 897 nostrum
760 867 916 905 habitum,
942 872 973 897 ut

231 917 280 947 fiat
301 917 394 946 nostri
417 916 536 946 Ordinis
559 916 728 946 mantellata
752 925 803 946 seu
827 916 971 945 trimitaria

230 965 329 1005 (vulgo
352 965 448 1001 beata),
473 964 582 1004 absque
605 965 723 994 licentia
745 964 906 1003 superioris
925 974 972 1002 ge-

229 1014 349 1044 neralis.
374 1013 431 1043 Nec
454 1014 642 1053 permittatur
663 1014 726 1042 sine
758 1014 858 1042 eadem
884 1014 973 1043 licen-

229 1063 271 1093 tia
292 1062 368 1102 quod
392 1063 505 1092 emittat
522 1067 621 1092 votum
645 1062 673 1092 in
698 1062 833 1092 manilius
848 1063 972 1093 alicuius

230 1111 352 1151 praelati
369 1120 406 1140 ex
422 1111 529 1140 nostris
553 1111 596 1140 vel
620 1111 739 1140 alterius
758 1111 901 1149 religiosi,
918 1111 972 1141 sub

231 1162 326 1200 poena
348 1160 521 1199 privationis
550 1160 639 1190 officii
669 1160 817 1199 praelato,
842 1165 870 1190 et
893 1162 972 1191 vocis

230 1219 263 1240 ac
296 1209 352 1239 loci
386 1219 438 1249 per
471 1209 633 1239 triennium
670 1209 785 1239 subdito
822 1214 973 1241 contrave-

230 1258 335 1288 nientI.

272 1316 292 1337 1.
316 1307 481 1346 Antequam
501 1307 535 1337 ad
552 1312 684 1338 nostrum
708 1308 907 1347 supradictum
924 1309 972 1338 ha-

233 1356 324 1387 bitum
341 1357 496 1396 quisquam
515 1357 695 1395 admittatur,
716 1357 750 1387 (le
768 1358 902 1387 mandato
920 1359 972 1387 mi-

232 1406 338 1443 nistri,
368 1406 653 1443 extraiudicialiter‚
677 1411 705 1436 et
727 1407 805 1436 omni
839 1407 971 1446 possibili

231 1454 327 1493 sigillo
351 1455 400 1484 fiat
422 1454 457 1484 ab
480 1455 576 1494 aliquo
598 1455 734 1493 religioso
757 1456 969 1486 clandestinum

231 1513 351 1534 examen
374 1504 409 1534 de
433 1504 528 1534 officio
551 1509 579 1534 et
600 1504 790 1543 qualitatibus
818 1510 970 1544 parentum

230 1557 258 1582 et
280 1552 499 1582 ascendentium
523 1553 753 1592 praetenderitis,
778 1558 809 1583 ut
831 1554 884 1591 sic,
908 1555 971 1584 sine

229 1602 309 1632 illius
331 1612 385 1632 nec
407 1611 527 1632 suorum
551 1602 675 1640 iactura,
700 1602 827 1633 modeste
850 1603 972 1642 denege-

231 1655 279 1680 tur
294 1659 431 1680 assensus
447 1650 655 1690 praetensioni.
673 1650 702 1681 Si
719 1656 816 1681 autem
833 1656 896 1691 post
916 1653 971 1682 tale

231 1707 353 1729 examen
381 1699 454 1729 nihil
487 1699 646 1729 notandum
679 1704 827 1739 repertum
861 1700 969 1738 fuerit,

232 1752 312 1785 tunc,
329 1748 364 1778 de
380 1758 525 1779 consensu
549 1748 683 1788 praelati,
707 1749 752 1778 cui
776 1753 921 1788 competat
939 1750 971 1779 li-

230 1797 355 1828 centiam
378 1797 464 1832 dare,
489 1798 623 1828 minister
646 1797 753 1837 poterit
776 1799 969 1837 praetenden-

230 1850 285 1876 tem
310 1856 380 1876 suae
402 1846 605 1877 communitati
629 1856 817 1886 proponere,
843 1857 971 1878 commu-

229 1895 366 1935 nitasque
401 1896 496 1935 ipsum
536 1895 698 1935 approbare
733 1896 777 1926 vel
814 1897 970 1936 reprobare

229 1944 304 1975 circa
318 1954 412 1975 mores
427 1955 433 1974 :
452 1949 550 1984 postea
567 1954 647 1983 vero,
661 1945 776 1984 quando
792 1945 970 1984 approbatus

230 1993 317 2023 fuerit
332 2018 339 2032 ,
364 1993 497 2024 minister
520 2003 534 2023 a
559 2003 611 2024 suo
639 1994 811 2033 provinciali
834 1995 970 2026 commis-

229 2042 339 2072 sionem
365 2047 460 2082 petat,
488 2047 516 2073 et
538 2043 693 2082 religiosus
715 2044 896 2083 designatus,
920 2045 968 2085 qui

230 2101 345 2131 semper
368 2092 502 2122 sacerdos
525 2093 591 2129 erit,
609 2093 695 2123 faciat
710 2103 742 2123 ex
765 2095 969 2125 commissione

230 2139 322 2179 ipsius
346 2141 533 2180 provincialis
554 2142 791 2172 informationem
814 2144 968 2174 iuridicam

229 2192 257 2218 et
280 2189 438 2228 plenariam
471 2190 506 2220 de
538 2199 644 2229 genere
662 2214 669 2227 ,
693 2191 822 2221 moribus
853 2197 881 2222 et
909 2193 969 2222 vitat

229 2237 308 2268 iuxta
332 2238 430 2269 Bullas
461 2248 641 2270 summorum
674 2241 872 2279 Pontificum,
896 2242 969 2272 reci-

230 2286 334 2326 piendo
357 2287 553 2318 iuramentum
575 2298 589 2318 a
613 2289 747 2319 testibus.
776 2289 968 2320 Provincialis

230 2340 324 2366 autem
349 2347 500 2377 nunquam
532 2338 666 2376 designet
693 2339 965 2377 consanguineum,

231 2389 465 2425 conterraneum,
485 2387 649 2417 amicumve
671 2387 900 2427 praetenderitis,
918 2393 967 2418 aut

230 2439 383 2473 parentum
407 2435 488 2473 eius,
518 2445 612 2475 neque
635 2445 701 2466 eum
727 2436 776 2475 qui
799 2437 829 2466 in
852 2445 968 2466 eorum-

228 2481 292 2512 dem
314 2482 409 2513 locum
432 2484 602 2524 frequenter
633 2485 831 2515 assistentiam
861 2484 967 2516 habeat

229 2536 277 2562 aut
298 2532 445 2564 habuerit.

267 2590 296 2612 11.
321 2582 498 2622 Religiosus,
522 2584 569 2614 cui
592 2584 744 2615 commissa
768 2584 856 2615 suerit
879 2584 967 2615 insor-

227 2631 336 2670 matio,
361 2637 515 2672 postquam
539 2643 602 2664 eam
625 2633 681 2673 ipsi
705 2633 857 2664 tradiderit
880 2634 967 2664 mini-

1021 285 1103 318 ster,
1129 284 1244 310 moneat
1276 280 1514 319 praetendentem
1543 285 1575 311 ut
1609 281 1759 320 provideat

1019 329 1094 358 clrca
1132 329 1187 359 iter
1221 333 1248 359 ct
1281 338 1422 368 expensas
1456 329 1489 358 ad
1523 329 1758 359 informationem

1020 377 1204 407 faciendam:
1233 378 1322 417 idque
1353 379 1418 408 fieri
1451 378 1535 408 debet
1568 379 1704 417 religioso
1731 382 1758 408 et

1020 428 1208 466 pauperrimo
1233 428 1283 457 tali
1313 428 1417 466 modo,
1441 432 1472 458 ut
1495 428 1659 458 saeculares
1686 427 1758 457 nihil

1019 476 1132 515 possint
1165 476 1374 506 murmurando
1407 477 1647 516 reprehendere;
1678 480 1706 506 et
1733 476 1758 505 si

1018 525 1102 554 aliter
1117 524 1152 554 ab
1170 525 1267 564 aliquo
1284 525 1345 562 fiat,
1363 534 1376 554 a
1395 535 1446 555 suo
1470 526 1640 565 provinciali
1664 526 1759 555 incar-

995 585 997 591 ’
1018 578 1135 603 ceretnr
1159 583 1209 613 per
1232 579 1289 604 tres
1313 584 1438 611 menses,
1463 579 1489 604 et
1513 579 1580 604 ante
1603 574 1699 603 omnia
1723 573 1757 603 de

1017 622 1109 660 ipsius
1133 622 1268 652 mandato
1295 622 1493 652 saecularibus
1521 623 1693 652 restituatur
1711 631 1758 651 su-

1017 671 1171 709 perflunm.

1055 729 1096 749 111.
1119 720 1356 750 Informationem
1373 729 1442 750 vero
1465 720 1549 750 faciat
1566 730 1617 760 per
1633 729 1757 760 sequens

1017 768 1290 807 interrogatorium,
1316 774 1360 808 et,
1388 770 1505 808 quando
1535 770 1628 799 visum
1657 769 1755 806 fuerit,

1017 817 1140 847 testibus
1165 827 1328 857 proponere
1353 822 1446 857 potest
1478 818 1648 856 religionem
1681 818 1758 847 iura-

1016 867 1124 904 menti,
1143 876 1178 896 ne
1201 867 1320 896 credant
1341 876 1371 896 se
1395 877 1478 906 posse
1501 877 1514 896 a
1540 868 1679 906 periurio,
1706 867 1757 896 fal-

1015 924 1078 944 sum
1095 915 1277 954 deponendo,
1297 925 1447 954 excusare,
1463 925 1495 946 eo
1512 921 1664 956 praetextu
1681 916 1756 955 quod

1016 973 1100 994 causa
1125 965 1162 993 sit
1184 964 1335 1002 religionis
1365 968 1392 994 et
1423 966 1486 1004 pia,
1517 966 1540 995 si
1575 969 1670 995 autem
1695 969 1758 1004 post

1016 1013 1090 1042 lianc
1113 1013 1340 1043 declarationem
1375 1015 1472 1044 testari
1503 1015 1616 1052 velint,
1641 1024 1690 1044 eos
1713 1015 1756 1044 in·

1016 1067 1163 1100 terroget:
1188 1062 1308 1092 Primo:
1330 1062 1359 1092 Si
1382 1068 1423 1092 est
1449 1064 1641 1102 propinquus,
1666 1063 1689 1092 si
1713 1067 1757 1093 est

1016 1111 1121 1141 habilis
1150 1112 1310 1141 secundum
1340 1111 1384 1141 ius
1414 1112 1448 1141 ad
1473 1113 1707 1150 testificandum,
1732 1112 1757 1142 si

1016 1165 1148 1190 movetur
1164 1161 1304 1196 amicitia,
1323 1161 1366 1190 vel
1382 1161 1459 1198 odio,
1478 1161 1520 1190 vel
1537 1161 1597 1190 zelo
1614 1162 1755 1199 iustitiae,

1016 1210 1061 1238 vel
1084 1210 1107 1239 si
1131 1210 1362 1248 comprehensus
1396 1210 1543 1239 invenitur
1576 1209 1629 1239 sub
1658 1210 1757 1249 aliqua,

1015 1268 1053 1288 ex
1075 1258 1263 1296 generalibus
1286 1258 1578 1296 interrogationibus,
1600 1258 1644 1287 vel
1668 1268 1757 1297 quare

1017 1312 1166 1337 moveatur
1188 1307 1222 1336 ad
1245 1307 1448 1346 deponendum
1463 1331 1470 1345 ,
1495 1311 1523 1337 et
1556 1311 1626 1346 quot
1654 1307 1756 1337 aetatis

1015 1365 1106 1385 annos
1129 1355 1251 1392 habeat;

1055 1413 1092 1434 lv.
1111 1404 1243 1435 Secundo
1259 1414 1264 1432 1
1283 1404 1312 1433 Si
1329 1405 1478 1443 cognoscit
1495 1405 1588 1443 illum,
1607 1404 1656 1444 qui
1674 1414 1757 1443 prae-

1016 1453 1108 1483 tendit
1131 1457 1264 1483 nostrum
1288 1453 1418 1482 habitum
1433 1478 1440 1491 ‚
1465 1458 1493 1483 et
1515 1454 1578 1483 eins
1601 1457 1754 1493 parentes,

1015 1512 1084 1532 avos
1107 1506 1135 1532 et
1157 1502 1373 1539 ascendentes,
1398 1507 1426 1532 et
1447 1512 1461 1532 a
1489 1507 1598 1542 quanto
1627 1508 1756 1542 tempore

1015 1552 1081 1581 illos
1103 1552 1276 1590 cognoscit}

1054 1609 1082 1630 v.
1107 1600 1226 1629 Tertio:
1252 1599 1281 1629 Si
1305 1600 1358 1630 scit
1386 1600 1494 1630 dictum
1519 1600 1756 1640 praetendentem

1015 1649 1192 1679 descendere
1215 1658 1229 1678 a
1255 1649 1378 1685 iudaeis,
1396 1649 1562 1687 haereticis,
1581 1649 1690 1678 mauris
1710 1648 1753 1678 vel

1015 1699 1180 1736 1naurisciS‚
1206 1699 1249 1729 vel
1273 1709 1286 1728 a
1312 1698 1530 1738 poenitentiatis
1554 1708 1605 1738 per
1628 1698 1755 1729 tribunal

1015 1753 1132 1779 sanctae
1149 1748 1351 1788 inquisitionis
1370 1748 1406 1778 ob
1422 1750 1533 1779 crimen
1550 1748 1690 1785 haeresis,
1710 1748 1754 1777 vel

1015 1797 1152 1827 iudaismi
1167 1822 1174 1832 ,
1200 1797 1243 1827 vel
1267 1801 1363 1827 sectae
1396 1797 1641 1834 malromettanae,
1665 1797 1709 1826 vel
1732 1797 1756 1826 si

1014 1846 1127 1876 audivit
1148 1846 1277 1885 aliquem
1293 1855 1326 1875 ex
1345 1845 1514 1885 parentibus
1530 1855 1580 1875 seu
1597 1845 1757 1875 ascenden-

1015 1894 1093 1924 tibus
1115 1895 1178 1924 eius
1201 1894 1310 1926 hahere
1333 1895 1459 1934 aliquem
1476 1904 1509 1924 ex
1534 1894 1689 1934 praedictis
1708 1894 1757 1924 de-

1014 1943 1138 1974 fectibus
1153 1954 1159 1979 ;

1052 2003 1090 2023 vi.
1115 1993 1243 2029 Quarto:
1267 1993 1297 2024 Si
1328 1993 1383 2023 scit
1418 1993 1657 2033 praetendentem
1691 2002 1753 2023 esse

1013 2043 1207 2083 neophytum,
1238 2043 1300 2073 sire
1330 2043 1443 2072 noviter
1467 2052 1641 2073 conversum
1664 2042 1699 2072 ad
1724 2042 1755 2072 si-

1012 2093 1093 2130 dem,
1119 2092 1161 2122 vel
1185 2092 1294 2132 aliquid
1317 2101 1384 2130 erga
1409 2092 1462 2122 hoc
1484 2092 1616 2128 audivit;

1052 2150 1100 2171 vn.
1125 2141 1251 2177 Quinto:
1277 2141 1306 2171 Si
1327 2141 1382 2171 scit
1404 2141 1480 2181 qnod
1504 2141 1599 2171 dictus
1620 2144 1753 2180 praeten-

1011 2191 1095 2226 dens,
1120 2194 1256 2230 parentes
1278 2190 1352 2228 eius,
1374 2191 1417 2220 vel
1440 2191 1485 2220 avi
1509 2190 1567 2220 sint
1589 2190 1679 2220 notati
1703 2189 1755 2219 ali-

1012 2241 1069 2279 qua
1091 2240 1234 2277 infamia-3

1051 2298 1110 2319 vni.
1135 2290 1243 2319 Sexto:
1274 2288 1302 2319 Si
1326 2289 1380 2319 scit
1403 2289 1479 2328 quod
1507 2289 1544 2318 sit
1574 2289 1651 2318 filius
1683 2288 1753 2327 legi-

1012 2339 1100 2369 timus
1123 2348 1157 2369 ex
1180 2339 1311 2377 legitimo
1344 2338 1553 2376 matrimonio,
1584 2343 1611 2368 et
1635 2341 1665 2368 ut
1689 2337 1752 2367 talis

1011 2388 1158 2418 iudicatus
1182 2392 1209 2417 et
1232 2391 1397 2427 reputatus3

1051 2446 1088 2466 1x.
1111 2436 1262 2475 Septimo:
1293 2436 1322 2466 Si
1349 2436 1403 2466 scit
1430 2436 1505 2475 qnod
1537 2435 1574 2465 sit
1604 2435 1698 2471 liber,
1722 2435 1751 2464 id

1010 2489 1064 2523 est,
1085 2485 1161 2525 quod
1185 2494 1241 2516 non
1259 2485 1296 2515 sit
1312 2494 1364 2515 nec
1381 2485 1468 2515 fuerit
1485 2494 1586 2515 servus
1602 2494 1655 2514 nec
1671 2493 1751 2514 man-

1010 2534 1116 2574 cipium
1133 2545 1140 2569 ς

1050 2594 1078 2613 x.
1104 2583 1233 2614 Octavo:
1258 2583 1286 2614 Si
1309 2583 1363 2613 scit
1393 2582 1468 2622 qnod
1492 2582 1588 2612 dictus
1619 2586 1750 2621 praeten-

1009 2633 1080 2664 dens
1097 2643 1153 2664 non
1178 2633 1214 2664 sit
1237 2633 1343 2671 ligatus
1366 2632 1482 2663 vinculo
1499 2631 1687 2670 matrimonii,
1705 2632 1749 2661 vel

1660 222 1725 256 477
1772 231 1822 257 An.
1843 231 1871 258 c.
1890 232 1956 260 1738
