2232 3178
17 721 23 974 1

18 1020 25 1256 ³

25 1815 31 2026 l

69 245 116 272 An.
136 242 164 270 C.
183 241 249 268 ¹738

122 302 244 326 Omuimnda

67 334 156 360 potestas
207 335 243 354 pa-

67 358 168 380 triarchae
194 357 242 375 data

79 388 227 412 qnvnlt'lltltqllss

58 422 60 424 ·
83 411 225 432 beneficiatum

66 436 200 463 compellendi
218 434 242 454 ad

76 466 231 489 exequutionem

67 496 135 512 eorum
151 505 156 512 ,
189 494 243 514 quae

67 518 181 538 statuentur
225 516 244 535 in

68 543 194 565 kalendario.

98 1846 209 1867 clausulae
224 1846 252 1866 ad

73 1873 210 1899 praesentium
219 1873 252 1893 lit·

73 1902 162 1920 terarum
181 1900 252 1920 obst-r-

73 1927 162 1946 vantiam
192 1926 254 1947 indu-

72 1952 165 1974 cendam.

873 239 1015 264 CLEMENS
1042 240 1090 264 XII
1116 240 1166 263 Pr.

297 289 312 332 ξ
336 289 390 322 11.
411 290 455 322 Ac
472 288 611 329 demum,
629 294 663 322 ut
689 289 870 333 praemissa
891 288 1001 322 omnia

255 348 286 375 et
309 342 437 385 singula
462 342 495 375 in
525 343 646 376 eisdem
672 342 902 386 praesentibus
927 351 1003 373 con-

257 401 354 435 tenta,
380 405 509 428 necnon
530 395 640 428 omnia
658 395 690 427 in
709 405 793 428 novo
812 394 1003 426 kalendario

257 454 291 479 ut
325 448 509 491 praefertur
541 447 746 480 conficiendo
772 446 1000 489 disponenda,

256 512 350 534 suum
390 501 534 534 debitum
574 501 750 533 sortiantur
787 500 945 539 ellectum,
972 504 1004 531 et

257 555 402 587 exactius
440 555 610 597 perpetuis
651 555 766 586 futuris
804 553 1003 596 temporibus

257 608 493 643 observentur.
535 607 623 650 quod
659 606 824 650 praesatus
865 606 1004 638 Thomas

259 659 434 693 cardinalis
460 660 648 703 patriarcha
674 660 810 702 eiusque
837 669 1004 691 successo-

257 724 310 747 res
336 713 473 756 praefati
500 713 676 756 dignitates
702 718 732 745 et
757 712 932 744 canonicos
969 722 1004 744 ac

258 767 471 800 beneticiatos
508 766 656 809 aliosque
693 765 862 798 ministros
898 764 1003 798 dictae

258 821 488 864 patriarchalis
503 820 660 853 ecclesiae
674 818 941 862 Ulyssiponensis
955 829 1005 851 oc-

258 874 441 915 cidentalis,
467 885 503 907 ac
530 884 586 907 eos
611 873 649 906 ad
672 884 753 916 quos
780 883 837 916 pro
857 878 1003 915 tempore

258 927 442 971 spectabit,
466 928 551 960 ultra
589 927 726 959 mulctas
764 931 796 959 et
821 936 944 969 poenas
971 925 1002 957 in

259 981 405 1024 praefato
438 990 520 1013 novo
553 979 743 1012 kalendario
782 978 1002 1022 praefatisqne

261 1028 531 1076 dispositionibus
555 1038 590 1064 ut
614 1032 800 1075 praefertur
828 1031 1004 1073 designan-

261 1088 328 1127 das,
355 1087 524 1130 quibusvis
550 1087 742 1119 necessariis
775 1096 812 1118 ac
837 1084 1004 1118 canonicis

260 1140 414 1173 remediis
440 1139 607 1179 adhibitis,
627 1140 715 1172 omni
735 1149 871 1182 prorsus
892 1138 1004 1181 appel-

261 1193 383 1226 latione
410 1195 553 1233 remota,
577 1193 616 1225 ad
649 1193 779 1225 illorum
804 1192 948 1225 omnium
975 1197 1005 1224 et

261 1246 464 1289 singulorum
491 1245 730 1278 observantiam
749 1245 948 1288 compellere
974 1249 1006 1276 et

261 1304 395 1339 arctare,
422 1304 454 1332 et
478 1304 591 1331 contra
609 1298 835 1331 inobedientes
853 1307 909 1330 seu
927 1296 1004 1329 alias

262 1351 505 1395 delinquenteS‚
532 1356 597 1384 tam
623 1351 655 1383 in
683 1350 876 1394 supradictis
908 1360 1004 1393 quam

262 1405 333 1438 aliis
359 1404 631 1448 quibuscumque,
656 1403 725 1437 sine
746 1402 916 1444 adiunctis,
943 1409 1004 1436 tam

262 1458 349 1491 intra
362 1469 456 1502 quam
471 1463 561 1491 extra
573 1457 800 1497 visitationem,
821 1457 1004 1501 procedere

262 1511 364 1555 possit
389 1517 421 1545 et
445 1512 572 1551 valeat,
598 1516 630 1544 et
666 1511 848 1555 respective
878 1512 1006 1554 possint

263 1570 295 1598 et
320 1565 453 1605 valeant,
479 1566 622 1608 plenam,
646 1565 808 1607 integram
841 1570 873 1598 et
901 1564 1006 1598 omni-

262 1619 390 1652 modam
412 1623 616 1662 potestatem,
635 1618 820 1651 facultatem
843 1624 875 1651 et
899 1623 1006 1651 aucto-

262 1672 402 1713 ritatem,
428 1679 516 1705 motu
542 1671 655 1712 simili,
674 1671 853 1715 apostolica
870 1672 1006 1704 auctori·

263 1732 328 1759 tate
353 1726 512 1769 praefata,
540 1726 685 1768 ipsarum
711 1731 825 1758 tenore
851 1736 1007 1769 praesen-

263 1780 354 1820 tium,
368 1779 492 1823 pariter
509 1779 719 1812 concedimus
739 1785 771 1812 et
787 1780 1004 1823 impartimur.

307 1833 322 1876 ἓ
339 1832 393 1865 12.
410 1833 643 1872 Decernentes,
659 1833 788 1865 easdem
807 1839 1006 1875 praesentes,

263 1896 299 1919 ac
324 1886 357 1918 in
382 1886 428 1919 eis
453 1890 608 1918 contenta
640 1896 863 1929 quaecumque
880 1914 888 1927 ,
914 1887 1006 1920 nullo

264 1949 405 1982 unquam
426 1943 582 1982 tempore,
602 1944 634 1971 et
658 1949 696 1972 ex
722 1949 930 1983 quocumque
957 1951 1007 1973 ca-

263 1993 330 2036 pite
355 1993 406 2026 vel
432 2003 468 2025 ex
495 1992 644 2036 qualibet
671 1994 777 2033 causa,
799 1994 1007 2036 quantumvis

263 2046 411 2089 legitima
435 2051 465 2079 et
490 2045 638 2086 iuridica,
658 2045 722 2089 pia,
743 2046 949 2089 privilegiata
977 2054 1009 2081 et

263 2099 398 2142 speciali
428 2100 504 2132 nota
533 2098 640 2141 digna,
671 2099 766 2132 etiam
796 2111 832 2132 ex
858 2111 896 2133 eo
919 2101 1007 2144 quod

265 2151 442 2195 dignitates
469 2157 500 2185 et
525 2152 673 2185 canonici
699 2164 735 2185 ac
760 2153 945 2187 beneficiati
965 2155 1008 2187 di-

265 2211 334 2238 ctae
356 2204 582 2247 patriarchalis
601 2206 759 2238 ecclesiae
778 2205 1008 2249 Ulyssiponen-

264 2258 307 2291 sis
341 2258 573 2299 occidentalis,
608 2269 663 2292 seu
699 2259 895 2303 quicumque
929 2261 1005 2302 alii,

266 2312 503 2355 cuiuscumque
518 2312 694 2354 dignitatis,
710 2313 836 2355 gradus,
852 2314 1009 2347 conditio-

264 2366 314 2398 nis
332 2371 363 2398 et
388 2365 665 2408 praeeminentiae
686 2367 832 2406 existant,
855 2366 886 2399 in
913 2378 1007 2410 prae-

264 2419 373 2451 missis
398 2425 428 2452 ct
460 2419 546 2452 circa
576 2430 613 2452 ca
639 2420 891 2462 quomodolibet
915 2427 946 2454 et
971 2432 1008 2454 ex

266 2471 376 2516 quavis
401 2475 506 2514 causa,
532 2472 668 2512 ratione,
694 2473 820 2506 actione
846 2475 896 2507 vel
922 2485 1009 2508 occa-

265 2526 382 2566 sione,
408 2525 456 2559 ius
492 2527 544 2559 vel
581 2526 739 2560 interesse
766 2527 925 2561 habentes
951 2539 1008 2562 seu

266 2579 388 2613 habere
413 2580 678 2624 praetendentes,
698 2580 762 2613 illis
781 2591 846 2614 non
868 2591 1008 2615 consen-

267 2634 377 2676 serint,
405 2639 460 2667 aut
484 2634 522 2667 ad
549 2634 603 2667 illa
628 2634 729 2667 vocati
762 2639 793 2668 ct
818 2634 918 2668 auditi
942 2645 1009 2669 non

1685 229 1749 262 507
1799 237 1850 264 An.
1872 238 1899 264 c.
1920 238 1986 266 1738

1048 288 1181 330 fuerint,
1200 294 1232 321 et
1256 298 1383 328 causae,
1405 293 1541 331 propter
1559 297 1638 330 quas
1657 287 1791 320 eaedem

1047 347 1236 384 praesentes
1263 347 1465 381 emanarunt,
1493 341 1661 380 adductae,
1686 339 1791 372 veriti-

1047 400 1135 428 catae
1163 401 1194 427 et
1219 394 1409 427 iustificatae
1428 405 1493 426 non
1513 393 1640 433 suerint,
1660 393 1699 425 de
1717 393 1791 424 suh-

1047 448 1207 491 reptionis
1232 449 1281 480 vel
1308 448 1511 490 obreptionis
1543 454 1598 480 aut
1633 446 1790 480 nullitatis

1046 502 1095 533 vel
1132 501 1342 534 invaliditatis
1370 501 1470 542 vitio,
1507 511 1564 533 seu
1598 500 1789 533 intentionis

1047 560 1174 587 nostrae
1193 561 1247 587 aut
1273 555 1322 587 ius
1339 555 1389 587 vel
1415 555 1574 588 interesse
1601 554 1790 586 habentium

1047 610 1238 648 consensus,
1256 614 1310 640 aut
1335 608 1484 651 quolibet
1499 609 1563 641 alio
1585 607 1791 650 quantumvis

1046 671 1183 703 magno,
1203 661 1431 700 substantiali,
1453 661 1672 703 inexcogitato
1692 665 1723 693 et
1746 660 1792 692 in-

1047 713 1252 756 excogitabili
1270 725 1306 746 ac
1329 713 1516 757 specificam
1535 720 1566 746 et
1588 713 1791 746 individuam

1047 767 1248 800 mentionem
1276 778 1312 800 ac
1337 767 1580 810 expressionem
1602 767 1791 810 requirente

1048 821 1188 861 defectu,
1215 831 1271 854 seu
1299 820 1395 853 etiam
1422 831 1460 853 ex
1487 831 1525 853 eo
1545 820 1630 863 quod
1650 820 1682 852 in
1700 830 1793 863 prae-

1046 875 1151 907 missis
1177 885 1357 917 corumque
1377 874 1487 917 aliquo
1514 872 1736 906 solemnitates
1762 877 1794 905 et

1047 928 1180 971 quaevis
1218 927 1280 960 alia
1316 928 1476 960 servanda
1513 932 1545 960 ct
1584 926 1793 968 adimplenda

1047 986 1173 1014 servata
1199 987 1231 1013 et
1255 981 1431 1024 adimpleta
1467 990 1534 1013 non
1572 979 1712 1019 suerint,
1739 984 1794 1011 aut

1048 1045 1084 1068 ex
1112 1044 1319 1078 quocumque
1344 1034 1407 1067 alio
1429 1033 1557 1077 capite,
1583 1044 1601 1065 a
1636 1033 1705 1066 iure
1740 1034 1792 1065 vel

1048 1088 1131 1120 sacto
1149 1093 1203 1120 aut
1219 1093 1339 1120 statuto
1357 1088 1405 1119 vel
1427 1086 1665 1119 consuetudine
1684 1085 1793 1129 aliqua

1047 1142 1236 1180 resultante,
1263 1146 1316 1173 aut
1345 1150 1552 1183 quocumque
1578 1139 1642 1172 alio
1668 1140 1792 1179 colore,

1047 1199 1227 1237 praetextu,
1244 1192 1381 1232 ratione,
1408 1193 1504 1225 etiam
1531 1192 1562 1225 in
1584 1202 1722 1235 corpore
1749 1191 1793 1223 iu-

1048 1247 1092 1279 ris
1109 1248 1230 1285 clausa,
1250 1246 1436 1285 occasione,
1455 1245 1556 1278 aliave
1576 1247 1680 1283 causa,
1698 1244 1794 1276 etiam

1048 1299 1252 1343 quantumvis
1277 1299 1370 1339 iusta,
1397 1298 1606 1338 rationabili,
1635 1297 1793 1340 legitima,

1048 1353 1192 1393 iuridica,
1206 1353 1269 1396 pia,
1285 1352 1499 1395 privilegIata,
1515 1351 1612 1385 etiam
1636 1351 1691 1384 tali
1710 1361 1794 1394 quae

1048 1407 1087 1440 ad
1128 1405 1275 1439 effectum
1315 1405 1491 1438 validitatis
1536 1405 1794 1449 praemissorum

1048 1459 1238 1493 necessario
1274 1458 1486 1502 exprimenda
1524 1463 1629 1498 esset,
1665 1458 1792 1497 notari,

1048 1513 1247 1557 impugnari,
1273 1512 1457 1552 invalidari,
1483 1511 1666 1550 retractari,
1688 1512 1720 1544 in
1747 1511 1795 1544 ius

1049 1567 1099 1600 vel
1126 1566 1382 1599 controversiam
1407 1565 1565 1605 revocari,
1585 1569 1640 1598 aut
1665 1565 1704 1598 ad
1733 1570 1796 1598 ter-

1049 1621 1154 1653 minos
1180 1620 1258 1652 iuris
1283 1619 1421 1659 reduci,
1447 1619 1496 1652 vel
1534 1619 1687 1651 adversus
1720 1618 1795 1652 illas

1050 1673 1265 1706 restitutionis
1276 1672 1309 1705 in
1324 1673 1497 1714 integrum,
1510 1671 1702 1715 aperitionis
1718 1672 1794 1711 oris,

1051 1726 1251 1760 reductionis
1278 1726 1316 1759 ad
1342 1726 1425 1758 viam
1452 1731 1483 1759 et
1509 1725 1666 1759 terminos
1704 1725 1796 1765 iuris,

1051 1786 1105 1814 aut
1129 1780 1218 1814 aliud
1245 1779 1475 1823 quodcumque
1502 1779 1594 1819 iuris,
1620 1779 1704 1819 sacti,
1729 1789 1797 1821 gra-

1052 1835 1115 1867 tiae
1136 1835 1185 1867 vel
1211 1833 1353 1866 iustitiae
1392 1833 1573 1866 remedium
1604 1833 1797 1876 impetrari,

1051 1898 1107 1921 seu
1135 1887 1405 1932 quomodolibet,
1433 1887 1529 1920 etiam
1555 1891 1647 1919 motu
1674 1886 1795 1926 simili,

1051 1952 1227 1981 concesso,
1261 1945 1315 1973 aut
1347 1939 1520 1983 impetrato
1558 1940 1609 1972 vel
1636 1945 1796 1981 emanato,

1051 1996 1095 2028 uti
1121 2005 1177 2028 seu
1205 2005 1239 2027 se
1264 1994 1374 2027 iuvare
1408 1994 1439 2026 in
1475 1993 1593 2026 iudicio
1629 1995 1676 2026 vel
1708 1999 1798 2026 extra

1051 2059 1164 2092 posse,
1203 2058 1310 2091 neque
1347 2046 1477 2080 casdem
1512 2053 1701 2090 praesentes
1737 2047 1797 2080 sub

1052 2102 1220 2146 quibusvis
1246 2101 1400 2135 similium
1428 2102 1478 2135 vel
1505 2101 1711 2133 dissimilium
1730 2111 1798 2143 gra-

1053 2157 1167 2189 tiarum
1201 2155 1484 2195 revocationibus,
1511 2153 1796 2197 suspensionibus,

1052 2209 1315 2248 limitationibus,
1336 2208 1643 2247 modificationibus,
1661 2208 1798 2249 deroga-

1053 2263 1210 2301 tionibus,
1247 2262 1385 2305 aliisque
1411 2260 1584 2294 contrariis
1611 2260 1799 2302 dispositio-

1052 2317 1160 2356 nibus,
1187 2316 1284 2348 etiam
1314 2325 1372 2358 per
1397 2315 1502 2347 dictos
1528 2313 1797 2357 praedecessores

1052 2375 1107 2402 aut
1124 2379 1182 2412 per
1199 2378 1424 2412 quoscumque
1442 2367 1523 2399 alios
1538 2366 1701 2398 Romanos
1716 2365 1799 2398 Pon-

1053 2423 1154 2455 tifices
1179 2431 1383 2454 successores
1410 2426 1538 2453 nostros
1562 2429 1622 2462 pro
1649 2425 1797 2462 tempore

1052 2477 1227 2509 existentes
1254 2481 1285 2508 et
1309 2475 1424 2508 Sedem
1451 2474 1670 2517 Apostolicam
1698 2483 1798 2515 prae-

1052 2529 1169 2569 fatam,
1196 2524 1294 2562 etiam*
1329 2532 1419 2559 motu
1456 2526 1548 2569 pari,
1575 2536 1611 2558 ac
1648 2536 1684 2558 ex
1712 2527 1798 2557 certa

1051 2582 1210 2622 scientia,
1236 2581 1332 2614 etiam
1359 2579 1648 2618 consistorialiter,
1673 2588 1708 2610 ae
1734 2578 1798 2622 qui-

1051 2635 1161 2669 busvis
1188 2635 1227 2668 dc
1254 2634 1369 2674 causis,
1389 2643 1424 2666 ac
1449 2633 1507 2666 sub
1533 2631 1797 2676 quibusmnnquc
