2232 3178
266 237 313 262 Λη.
336 236 363 262 c.
386 235 451 262 1739
497 226 559 259 55ss

280 875 318 896 Qui
333 874 446 894 declararit

268 901 313 920 ill-i<
330 907 375 920 fuse
397 906 449 921 reiu-

270 928 389 951 trgi-andus.

279 1350 405 1370 Procurator
416 1355 448 1373 κο»

283 1382 317 1396 tr'i
331 1377 346 1395 is
372 1376 449 1396 imi-al-

267 1405 375 1422 ceatoruui
395 1402 449 1422 lianc

268 1429 394 1449 sententiani
435 1435 447 1448 a

268 1456 369 1475 Poritisire
398 1457 448 1480 petit

267 1482 396 1502 confirmari,

314 2509 343 2532 De
367 2510 455 2531 consilio

271 2538 344 2565 itaque
367 2538 456 2563 Congre-

458 286 562 317 solum
589 284 822 323 contradicere,
840 293 952 316 verum
972 283 1067 315 ctiam
1088 293 1124 316 cx
1145 292 1199 315 eo—

459 349 528 369 rum
555 338 643 370 libris
669 347 783 369 omncs
811 337 901 376 illos,
926 336 980 379 qui
1007 335 1116 369 Tertio
1142 335 1198 368 Or-

459 391 524 422 diui
552 391 585 423 B.
613 391 731 423 Mariae
767 389 953 422 liuiusniodi
986 389 1139 431 adscripti
1167 398 1199 421 e-

459 449 551 481 rant,
577 441 706 475 dclerc¹
733 442 799 474 ausi
828 442 968 474 suerunt.
991 440 1095 479 Quare
1122 441 1196 474 dicti

461 496 594 528 tcrtiarii
622 496 656 527 B.
684 495 800 527 Mariae
827 495 865 527 de
892 494 997 526 Monte
1021 494 1196 533 {Carmelo‚

459 548 511 590 qui
531 549 711 581 saeculares
729 548 880 585 existunt,
901 552 931 579 ct
949 546 1120 589 privilegio
1138 546 1197 578 sori

459 601 589 633 minime
610 601 761 643 gaudent,
780 600 835 632 sed
855 600 1079 632 tantummodo
1097 599 1200 632 indul-

459 653 641 695 gentiarum
661 658 692 685 et
709 653 884 695 gratiarum
914 651 1130 694 spiritualium
1156 651 1199 683 in-

460 707 549 738 dulto
576 706 734 744 fruuntur,
754 707 790 737 ea
816 705 854 737 de
881 705 977 737 causa
1002 704 1040 736 ad
1066 713 1200 736 venera-

460 760 556 791 bilem
584 759 714 792 fratrem
748 758 942 791 modernum
975 757 1196 800 archiepisco-

460 822 534 854 pum
572 811 770 843 Mexicanuni
808 821 973 844 recursum
1015 810 1201 842 habuerunt

461 864 524 906 qui,
540 864 657 896 auditis
690 864 871 897 rationibus
898 863 973 895 liiuc
1000 863 1073 895 inde
1099 862 1200 894 dedu-

462 916 535 956 ctis,
562 916 843 958 consideransque
868 916 1070 954 charitatem,
1099 915 1201 958 piam-

463 979 525 1012 que
553 968 754 1002 devotionem
779 968 1040 1001 christifidelium
1059 978 1135 1009 erga
1151 978 1201 1000 re-

462 1023 588 1064 gulares
604 1022 740 1055 Ordines
758 1031 821 1054 non
841 1032 912 1054 csse
929 1021 1199 1063 restringendam,

461 1076 514 1107 sed
537 1076 687 1108 omnibus
713 1076 751 1108 ad
778 1075 956 1108 animarum
983 1076 1118 1108 salutem
1137 1085 1199 1107 me-

462 1129 522 1160 diis
548 1129 826 1171 amplificandam,
848 1129 1011 1161 mandavit
1036 1128 1200 1160 tertiarios

461 1182 494 1213 B.
523 1181 638 1214 Mariae
664 1181 849 1224 praedictos
875 1181 1143 1222 reintegrandos,
1171 1185 1201 1213 et

461 1234 570 1266 Tertio
591 1234 702 1267 Ordini
721 1234 822 1266 sancti
849 1234 1019 1273 Francisci,
1040 1233 1127 1266 unde
1146 1233 1201 1265 de-

461 1287 517 1319 leti
547 1288 683 1325 fuerant,
712 1287 828 1320 iterum
854 1287 1088 1319 adscribendos
1115 1296 1197 1319 esse.

504 1339 518 1381 ,ξ
543 1338 574 1371 3.
601 1338 752 1377 Quamvis
771 1344 875 1371 autem
894 1338 1054 1371 mandatis
1075 1338 1201 1381 praedi-

461 1392 520 1424 ctis
552 1392 687 1425 tertiarii
719 1392 820 1424 sancti
846 1391 1006 1424 Francisci
1040 1390 1198 1433 praedicti

461 1450 666 1489 paruerunt,
700 1445 925 1488 excitataequc
962 1445 1200 1478 controversiae

462 1500 631 1542 utriusque
668 1498 866 1541 compositae
907 1498 1057 1537 suerunt,
1093 1503 1199 1530 tamen

463 1553 566 1585 dictus
591 1551 777 1584 Vincentius
802 1557 997 1594 procurator
1022 1551 1199 1593 generalis,

462 1606 501 1639 ad
526 1605 719 1638 auferendas
745 1605 1011 1648 perturbationes
1037 1604 1200 1637 confusio-

463 1668 584 1701 nesque
610 1668 692 1701 quae
716 1659 753 1690 ea
784 1667 882 1700 super
911 1667 944 1690 re
977 1657 1009 1689 iu
1035 1661 1201 1700 posterum

463 1711 583 1744 exoriri
625 1716 783 1754 possent,
822 1710 971 1743 instituto
1006 1710 1134 1743 Ordinis
1171 1716 1202 1743 et

464 1763 733 1807 Congregationis
765 1763 966 1802 huiusmodi,
1005 1764 1068 1796 lioc
1101 1774 1201 1796 unum

463 1816 621 1859 spectanti
646 1822 681 1848 ut
706 1815 848 1849 ciusdem
867 1815 994 1849 Ordinis
1016 1821 1046 1849 et
1066 1816 1202 1858 Congre-

465 1869 603 1912 gationis
628 1868 761 1901 tertiarii
783 1869 1009 1912 quodcumque
1031 1869 1118 1902 aliud
1136 1879 1203 1902 me-

465 1922 552 1954 dium
571 1922 609 1954 ad
634 1921 763 1954 illorum
782 1922 916 1954 salutem
933 1922 1116 1954 conducens
1133 1931 1203 1954 sus-

465 1975 585 2018 cipiant
616 1979 646 2007 et
677 1974 709 2006 in
743 1974 800 2008 illo
831 1980 1062 2017 perseverent,
1089 1974 1202 2007 inhae-

466 2039 556 2069 rens,
581 2028 742 2061 tertiarios
769 2028 937 2071 utriusque
963 2027 1108 2068 Ordinis,
1136 2028 1202 2060 sive

464 2082 560 2115 alteri
590 2092 625 2115 ex
660 2081 773 2122 dictis,
806 2082 872 2114 sive
910 2080 1126 2124 cuicumque²
1150 2081 1203 2114 alii

464 2134 654 2177 adscriptos,
680 2134 829 2167 omnibus
855 2134 1067 2177 indulgentiis
1085 2138 1116 2166 et
1133 2144 1204 2176 gra-

463 2187 516 2220 tiis
533 2187 758 2231 spiritualibus
777 2187 964 2230 promiscue
979 2187 1131 2229 gaudere,
1145 2197 1205 2230 per

463 2251 524 2274 nos
551 2240 708 2273 declarari
734 2241 910 2283 plurimum
937 2240 1124 2273 desideret:
1150 2251 1204 2273 no·

464 2293 513 2325 bis
532 2299 708 2336 propterea
734 2292 902 2325 humiliter
927 2292 1104 2336 supplicari
1129 2292 1206 2325 fecit

464 2352 499 2379 ut
529 2346 560 2378 in
594 2345 779 2389 praemissis
815 2350 1000 2388 opportune
1032 2345 1204 2387 providere

466 2404 496 2431 et
526 2404 560 2431 ut
596 2398 680 2431 infra
717 2398 889 2440 indulgere
927 2398 966 2430 de
1003 2398 1204 2440 benignitate

467 2451 644 2495 apostolica
670 2451 892 2494 dignaremur.

511 2505 525 2545 ,ἓ
551 2505 581 2536 4.
599 2504 662 2537 Nos
680 2504 786 2547 igitur,
804 2504 867 2547 piis
886 2503 1032 2538 eiusdem
1046 2503 1204 2537 Vincentii

503 2576 512 2600 t
537 2574 609 2601 Edit.
631 2574 710 2602 Maia.
732 2574 796 2610 legit
815 2574 906 2601 deleri
924 2576 965 2609 (n.
981 2575 1030 2609 Τ.).

502 2618 518 2645 2
534 2618 604 2646 Edit.
626 2618 704 2646 Maiu.
726 2619 790 2655 legit
808 2619 1010 2655 cuiuscumque
1028 2619 1066 2656 (R.
1082 2620 1132 2654 T.).

1037 233 1218 258 animantum
1242 233 1396 258 ROMANUM

2196 100 2199 137 l

2195 141 2199 183 l

1987 232 2034 258 An.
2057 232 2086 259 C.
2104 232 2169 261 ¹739
2196 231 2201 288 ¹*

1242 281 1477 324 procuratoriis
1497 282 1658 324 generalis
1681 282 1763 315 votis
1788 282 1850 315 hac
1874 282 1906 315 in
1930 291 1977 321 re,
1988 293 2078 322 gationis
2097 292 2169 324 cosei.
2200 318 2202 334 ι

1242 340 1393 377 quantum
1420 345 1490 367 cum
1525 335 1661 368 Domino
1696 345 1888 378 possumus,
1916 345 1974 368 an·
1988 320 2045 365 {1¹:010
2060 322 2169 371 Zsssslllssl‘l!
2200 341 2232 374 [iii

1241 397 1342 420 nuere
1368 389 1530 427 volentes,
1549 393 1581 420 et
1605 398 1622 420 a
1650 388 1816 431 quibusvis
1842 377 2053 421 excom-{2553
2070 374 2169 428 'liec'ialiss
2202 377 2232 418 l'i

1241 440 1482 480 municationis,
1502 440 1726 483 suspensionis
1750 446 1782 473 et
1804 426 2067 481 inte1·dicti,¹c'e⁰1¹.¹⁰“¹
2103 424 2168 450 pum*
2213 427 2232 444 l

1241 492 1376 534 aliisque
1403 492 1633 525 ecclesiasticis
1658 493 1839 532 sententiis,
1866 502 1979 526 censu-
2204 492 2221 525 l·

1241 545 1284 577 ris
1309 551 1341 578 et
1363 546 1489 589 poenis
1519 556 1535 578 a
1565 545 1634 579 iure
1657 547 1707 579 vel
1742 546 1781 579 ab
1817 546 1975 583 homine,

1242 598 1352 640 quavis
1377 598 1551 631 occasione
1576 600 1625 632 vel
1647 601 1744 632 causa
1761 599 1845 639 latis,
1866 599 1892 632 si
1914 598 1981 642 qui-

1241 650 1302 682 bus
1326 651 1574 693 quomodolibet
1598 651 1770 685 innodatus
1796 651 1912 691 existit,
1940 651 1978 684 ad

1243 702 1391 736 effectum
1417 705 1640 747 praesentium
1666 704 1831 737 dumtaxat
1861 715 1978 738 consc-

1243 757 1431 798 quendum,
1459 757 1572 789 harum
1601 757 1686 790 serie
1717 757 1920 790 absolventes
1951 761 1983 789 et

1243 808 1425 841 absolutum
1458 809 1528 841 sore
1564 815 1754 850 censentes,
1790 809 1982 842 huiusmodi

1243 861 1540 904 supplicationibus
1565 862 1723 901 inclinati,
1751 862 1789 895 de
1815 861 1983 895 venerabi-

1243 913 1320 945 lium
1348 913 1479 946 lratrum
1505 919 1689 947 nostrorum
1715 914 1746 948 S.
1767 915 1804 947 R.
1828 915 1861 947 E.
1882 915 1983 948 cardi-

1244 966 1364 999 nalium
1391 966 1524 999 Concilii
1551 967 1731 1000 Tridentini
1756 968 1981 1011 interpretum,

1244 1018 1282 1050 ad
1308 1029 1389 1061 quos
1415 1020 1595 1062 supplicem
1621 1020 1768 1053 libellum
1792 1020 1886 1053 nobis
1908 1030 1983 1063 por-

1244 1077 1366 1105 rectum
1388 1073 1592 1113 remisimus,
1619 1073 1672 1116 qui
1700 1073 1853 1106 dilectum
1880 1073 1981 1106 filium

1244 1125 1434 1158 modernum
1461 1131 1706 1168 procuratorem
1725 1127 1910 1169 generalem
1928 1126 1984 1159 Or-

1244 1177 1327 1210 dinis
1352 1179 1487 1210 fratrum
1513 1179 1669 1211 lllinoruni
1696 1179 1795 1211 sancti
1821 1178 1982 1212 Francisci

1245 1231 1283 1263 de
1320 1231 1532 1264 Observantia
1568 1237 1830 1275 nuncupatorum
1867 1232 1981 1265 audie-

1244 1290 1338 1324 runt,
1365 1285 1520 1325 consilio,
1548 1285 1653 1318 eidem
1679 1285 1838 1318 moderno
1864 1290 1895 1318 et
1925 1295 1984 1328 pro
2218 1315 2232 1328 3,

1245 1344 1391 1381 tempore
1418 1339 1568 1372 existenti
1590 1339 1836 1382 archiepiscopo
1853 1338 1985 1372 Mexiea-
2220 1331 2232 1400 l]

1243 1402 1284 1424 no
1303 1402 1362 1434 per
1379 1398 1568 1434 praesentes
1593 1392 1823 1425 committimus
1841 1396 1872 1424 et
1891 1402 1984 1424 man·
2229 1395 2232 1400 ¹

1244 1445 1368 1484 damus,
1387 1449 1431 1485 ut,
1449 1445 1533 1478 veris
1551 1445 1763 1478 existentibus
1780 1444 1926 1485 narratis,
1945 1444 1985 1477 ad

1244 1498 1464 1540 supradictam
1484 1498 1747 1537 declarationem,
1766 1497 1853 1530 iuxta
1871 1497 1983 1541 petita,

1243 1550 1437 1583 auctoritate
1454 1553 1565 1583 nostra
1585 1551 1765 1594 apostolica
1783 1561 1844 1594 pro
1862 1561 1919 1584 suo
1940 1560 1986 1583 ar-

1244 1603 1342 1635 bitrio
1376 1609 1408 1635 et
1443 1603 1643 1636 conscientia
1680 1603 1779 1646 gratis
1816 1603 1984 1636 deveniat:

1244 1656 1332 1688 salva
1351 1659 1457 1689 tamen
1476 1666 1605 1699 semper
1622 1655 1654 1688 in
1673 1655 1859 1699 praemissis
1878 1660 1987 1689 aucto-

1243 1708 1339 1741 ritate
1365 1707 1634 1751 Congregationis
1661 1709 1847 1742 eorumdem
1873 1709 1982 1742 cardi-

1244 1762 1379 1794 nalium.

1288 1814 1303 1856 ἓ
1328 1814 1358 1847 5.
1386 1814 1615 1855 Decernentes,
1642 1816 1770 1849 easdem
1796 1820 1985 1858 praesentes
2010 1822 2175 1869 tia-scismata·

1245 1867 1370 1901 litteras
1395 1868 1514 1908 firmas,
1533 1868 1655 1901 validas
1685 1873 1717 1902 et
1749 1868 1894 1902 efficaces
1919 1854 2177 1902 ex5‚{?g,¹{⁶0²,33‚552,·,3

1246 1924 1331 1953 stere
1352 1925 1384 1953 et
1408 1920 1475 1953 sore
1491 1947 1498 1960 ,
1526 1930 1666 1964 suosque
1693 1921 1858 1964 plenarios
1883 1926 1914 1954 et
1938 1922 1986 1954 in-

1247 1977 1354 2016 tegros
1390 1972 1525 2007 effectus
1561 1974 1667 2007 sortiri
1694 1980 1726 2007 et
1751 1974 1921 2015 obtinere,
1949 1985 1986 2008 ac

1246 2026 1321 2065 inis,
1342 2026 1379 2059 ad
1399 2037 1480 2070 quos
1507 2032 1632 2070 spectat
1649 2032 1681 2060 et
1697 2027 1729 2059 in
1751 2027 1894 2061 futurum
1913 2038 1987 2072 spe-

1246 2079 1365 2119 ctabit,
1395 2079 1584 2122 plenissime
1611 2079 1790 2123 suffragari,
1818 2085 1849 2114 et
1873 2082 1912 2114 ab
1938 2081 1985 2113 eis

1247 2132 1482 2165 inviolabiliter
1506 2133 1691 2173 observari,
1712 2133 1820 2177 sicque
1842 2133 1874 2166 in
1895 2144 1986 2177 prae-

1246 2185 1351 2218 missis
1377 2196 1436 2229 per
1462 2196 1682 2230 quoscumque
1708 2187 1830 2220 iudices
1855 2187 1987 2220 ordina-

1247 2239 1313 2271 rios
1339 2243 1370 2271 et
1395 2239 1580 2281 delegatos,
1608 2240 1704 2272 etiam
1734 2250 1902 2273 causarum
1928 2251 1985 2283 pa-

1247 2291 1313 2323 latii
1350 2291 1520 2334 apostolici
1561 2292 1749 2333 auditores,
1784 2292 1921 2326 iudicari
1953 2297 1986 2325 et

1248 2343 1375 2377 definiri
1401 2344 1541 2384 debere,
1569 2355 1605 2377 ac
1626 2345 1753 2378 irritum
1782 2350 1814 2378 et
1839 2345 1935 2378 inane
1960 2345 1986 2378 si

1247 2408 1340 2430 secus
1371 2407 1472 2440 super
1496 2397 1548 2430 his
1575 2408 1591 2430 a
1610 2408 1782 2442 quoquam,
1801 2398 1910 2442 quavis
1934 2408 1988 2431 au-

1246 2451 1405 2491 ctoritate,
1426 2451 1569 2484 scienter
1588 2452 1637 2484 vel
1662 2451 1861 2495 ignoranter,
1889 2451 1987 2485 conti-

1247 2504 1332 2547 gerit
1357 2504 1523 2537 attentari.

1290 2557 1304 2600 ἓ
1329 2556 1360 2590 6.
1387 2556 1457 2590 Non
1474 2557 1679 2591 obstantibus
1698 2557 1984 2592 constitutionibus

1248 2614 1278 2644 et
1315 2609 1573 2645 ordinationibus
1597 2611 1785 2654 apostolicis
1800 2638 1809 2654 ‚
1830 2620 1957 2647 necnon
1972 2637 1982 2654 ‚

2064 2560 2174 2588 Dei-ogau·

1995 2589 2154 2614 contrariorum.
