2232 3178
0 142 1 151 ¹
35 136 132 173 Ange.
155 136 222 164 1739

229 185 363 227 verique
390 184 529 227 pastoris
556 196 667 218 vocem
694 185 864 218 audientes
881 212 888 225 ,
914 195 972 228 per

229 238 374 270 sincerae
400 237 485 278 fidei,
505 238 688 280 religionis,
708 239 836 281 pietatis
854 249 972 282 pascua

228 291 266 323 eo
293 291 465 333 pervenire
492 291 689 331 contendite,
716 291 786 331 ubi,
811 296 969 334 quantum

229 344 420 376 seductores
445 344 497 376 isti
524 355 557 377 se
583 345 780 387 deceperint,
808 355 904 387 quam
927 355 970 377 re·

228 401 314 429 ctum
333 406 387 429 vos
406 396 576 429 tenueritis
594 402 746 430 aeternae
764 397 875 430 salutis
896 397 967 437 iter,

229 450 304 482 laeti
331 449 485 492 beatique
512 450 733 492 comperietis.
754 450 787 482 ln
806 450 897 482 cuius
916 461 970 482 au-

228 503 363 545 spicium
394 503 603 545 apostolicam
633 502 893 535 benedictionem
919 513 971 536 vo-

227 555 288 593 bis,
308 555 418 587 dilecti
438 554 504 594 tilii,
523 560 731 597 peramanter
748 554 967 597 impertimur.

271 608 385 640 Datum
412 607 554 648 Romae,
581 612 656 647 etc..
682 607 734 640 die
760 618 790 640 vi
824 608 969 641 octobris

227 670 417 700 unccxxxn',
440 666 502 694 etc.

262 722 326 750 Dat.
348 723 396 750 die
416 723 433 750 6
452 722 673 757 octoh1·is·,1739,
695 722 798 758 pontif.
819 731 893 750 anno
913 732 938 750 x.

521 865 673 900 CCLXIX.

229 945 267 978 Ut
296 945 452 978 Tertiarii
476 946 667 989 quorumvis
685 945 848 979 Ordimem
876 955 969 988 ressu-

271 999 393 1031 Iarium
430 999 536 1031 Tertio
571 998 690 1032 Ordini
714 999 753 1031 B.
781 998 908 1031 Mariae
932 998 969 1030 de

270 1052 377 1084 Monte
395 1051 541 1085 Carmelo
559 1051 729 1094 adscripti,
753 1051 969 1093 inttulgyentiis

269 1108 298 1137 et
321 1105 440 1147 yratz'is
470 1103 701 1148 spiritualibus
720 1104 902 1147 promiscue
919 1104 969 1137 uti

270 1158 411 1191 valeant.

437 1239 576 1265 Clemens
596 1239 674 1272 Papa
693 1238 755 1271 XII,

336 1283 374 1310 ad
389 1286 571 1317 perpetuam
596 1283 643 1310 rei
662 1282 852 1310 memoriam.

268 1353 313 1388 De
338 1355 443 1388 salute
469 1354 627 1388 dominici
653 1354 761 1397 gregis
788 1364 885 1387 curae
911 1364 968 1388 no-

225 1414 310 1442 strae
336 1407 490 1441 divinitus
516 1408 680 1441 commissi
706 1408 843 1450 paterna
865 1407 969 1440 chari-

226 1467 290 1495 tate
321 1461 475 1502 solliciti,
501 1462 659 1495 caelestes
685 1461 967 1504 indulgentiarum

227 1516 409 1554 thesauros,
431 1514 549 1558 quibus
575 1514 676 1547 illecti
702 1515 742 1547 ad
768 1514 923 1547 eeclesias
938 1519 969 1547 et

226 1569 280 1612 pia
306 1570 377 1601 loca
402 1568 636 1611 frequentanda
661 1573 692 1600 et
716 1568 847 1611 pietatis
870 1578 969 1610 opera

226 1621 409 1654 exercenda
424 1621 527 1663 magis
542 1620 733 1661 incitentur,
748 1620 887 1653 libenter
901 1630 969 1653 ero-

225 1684 350 1717 gamus.

34 1736 73 1768 ,1η
85 1737 215 1758 hocOrdine
270 1727 285 1771 ξ
310 1727 341 1760 1.
368 1726 514 1771 Exponi¹
539 1726 703 1770 siquidem
734 1726 828 1760 nobis
863 1737 969 1770 nuper

32 1770 126 1821 33ροτῖ
137 1764 303 1820 εᾳῐᾶἰιιῖιιιεῗῒεοὶῑ
328 1780 466 1814 dilectus
492 1780 576 1813 silius
601 1780 789 1813 Vincentius
815 1791 832 1813 a
850 1779 969 1814 Conce-

32 1823 49 1839 ⁵¹
64 1820 164 1839 ‘emam'
227 1835 337 1878 ptione
352 1835 450 1867 frater
468 1844 623 1878 expresse
641 1834 808 1878 professus
838 1844 874 1866 ae
891 1844 968 1878 pro-

227 1893 358 1922 curator
383 1887 544 1931 generalis
570 1887 699 1920 Ordinis
724 1887 759 1920 B.
787 1886 902 1920 Mariae
929 1887 968 1920 de

225 1941 334 1975 Monte
366 1941 513 1975 Carmelo
538 1941 816 1974 Discaleeatorum
846 1951 970 1974 nuncu-

226 2000 376 2038 patorum
390 1994 663 2038 Congregationis
680 1994 865 2038 Hispaniae,
882 1994 968 2038 quod

225 2048 257 2081 in
283 2048 531 2092 quamplurimis
564 2058 601 2081 ex
633 2047 848 2081 conventibus
878 2047 969 2081 Ordi-

226 2101 276 2135 nis
298 2106 330 2135 et
354 2100 625 2144 Congregationis
651 2101 840 2134 huiusmodi
866 2101 899 2134 in
919 2101 969 2133 In-

226 2154 287 2188 diis
323 2154 558 2194 existentibus,
583 2154 694 2198 vigore
723 2153 968 2197 privilegiorum

227 2208 334 2242 eidem
359 2207 470 2240 Ordini
496 2218 513 2240 a
539 2207 640 2240 felicis
666 2207 903 2240 reeordationis
918 2207 969 2239 Ni-

227 2262 319 2294 colao
345 2260 367 2292 V
394 2265 426 2293 et
450 2260 615 2293 Bonifacio
633 2260 695 2293 VIII
713 2260 866 2293 Romanis
885 2260 969 2294 Pon-

229 2313 368 2346 tificibus
394 2312 704 2356 praedecessoribus
740 2312 860 2346 nostris
885 2323 966 2346 con—

228 2376 412 2407 cessorum,
446 2371 478 2399 et
510 2376 527 2398 a
560 2365 757 2399 recolendae
793 2366 968 2400 memoriae

227 2419 315 2454 Sixto
338 2420 375 2453 IV
393 2425 425 2453 et
442 2419 609 2453 Clemente
636 2419 748 2452 itidem
766 2418 830 2452 VIII
848 2420 970 2463 pariter

57 1364 198 1386 Prooemium.

264 2493 275 2519 1
298 2492 338 2519 De
358 2491 409 2519 hac
429 2491 523 2518 eadem
542 2498 572 2518 re
598 2490 716 2518 similem
735 2490 848 2518 omnino
868 2490 969 2518 consti-

230 2537 361 2566 tutionem
381 2536 466 2564 liabes
485 2544 582 2571 supra,
603 2544 666 2571 pag.
687 2536 738 2564 555
759 2536 773 2563 b
793 2537 831 2571 (11.
848 2536 897 2572 Τ.).

314 2590 395 2620 Bau.
415 2590 501 2620 Rom.
519 2606 553 2610 —
577 2590 640 2622 Vol.
658 2590 761 2621 XMV.
892 2589 926 2619 75

851 137 992 162 CLEMENS
1018 137 1062 161 ΧΠ
1086 137 1136 161 PP.

1653 127 1717 162 593
1763 137 1949 165 An.c.1759

1015 186 1321 228 praedecessoribus
1339 186 1457 219 nostris
1477 185 1752 226 confirmatorum,

1014 238 1140 271 Tertius
1158 238 1243 271 Ordo
1270 239 1417 272 eiusdem
1438 240 1471 272 13.
1492 239 1608 272 Mariae
1626 244 1753 271 erectus

1015 297 1046 324 et
1070 292 1236 325 institutus
1264 293 1441 335 reperitur.

1058 345 1072 386 ἓ
1098 345 1128 376 Q.
1153 346 1289 385 Verum,
1310 346 1386 388 quia
1409 346 1557 379 nonnulli
1586 357 1621 379 ex
1650 346 1770 385 tertia·⁴
1792 356 1950 390 &numum-12

1014 397 1069 429 riis
1095 398 1223 430 Ordinis
1257 399 1360 431 sancti
1388 399 1548 432 Francisci
1576 400 1607 432 in
1632 385 1950 442 oppidol'sssss'J'ifi-alill'tli

1013 450 1139 483 civitate
1166 458 1353 494 nuncupato
1372 453 1410 484 de
1429 452 1547 485 'l'oluca
1573 452 1755 485 Mexieanae
1809 448 1838 473 Ψ(

1013 503 1170 536 dioecesis
1195 505 1281 537 dieto
1307 505 1414 538 Tertio
1439 506 1549 538 Ordini
1578 507 1611 538 Β.
1636 505 1755 539 Mariae

1014 557 1119 589 denuo
1146 557 1300 600 adscripti
1327 558 1478 598 suerunt,
1506 559 1639 591 dubium
1664 559 1751 591 exci-

1013 614 1112 642 tatum
1140 610 1218 650 suit,
1245 622 1284 643 an
1311 611 1446 643 tertiarii
1473 612 1640 654 utriusque
1666 612 1755 645 Ordi-

1012 662 1061 694 nis
1095 662 1284 696 huiusmodi
1318 664 1548 707 indulgentiis,
1573 665 1753 708 privilegiis

1013 721 1044 748 et
1069 715 1182 758 gratiis
1219 717 1444 760 spiritualibus
1481 718 1666 760 promiscue
1690 718 1753 752 srui

1013 769 1150 812 possint;
1178 774 1222 810 et,
1249 769 1326 803 licet
1351 770 1535 814 primodie-ti
1554 771 1683 804 Ordinis
1705 783 1755 804 su-

1012 822 1159 865 periores
1184 824 1307 856 nullam
1332 824 1363 855 in
1391 824 1452 857 hac
1476 835 1509 857 re
1530 824 1753 857 difficultatem

1013 876 1181 917 haberent,
1208 877 1421 910 nihilominus
1447 877 1582 911 tertiarii
1609 878 1753 910 eiusdem

1012 928 1141 963 Ordinis
1168 930 1199 963 S.
1218 929 1381 963 Francisci
1408 941 1472 964 non
1498 931 1603 963 solum
1628 936 1754 963 contra-

1013 983 1140 1023 dicere,
1165 994 1277 1016 verum
1315 983 1411 1017 etiam
1443 994 1481 1016 ex
1512 994 1623 1016 eorum
1660 983 1752 1016 libris

1012 1046 1125 1069 omues
1151 1037 1233 1075 illos,
1255 1037 1437 1079 quijl‘erdo
1455 1037 1566 1069 Ordini
1586 1037 1618 1069 B.
1637 1037 1753 1069 Mariae

1014 1088 1196 1122 huiusmodi
1222 1089 1376 1132 adscripti
1403 1096 1511 1129 erant,
1537 1088 1658 1123 deleri¹
1684 1090 1752 1122 ausi

1013 1142 1154 1175 suerunt.
1182 1142 1286 1180 Quare
1313 1143 1389 1176 dicti
1414 1143 1549 1176 tertiarii
1578 1143 1612 1175 Β.
1636 1143 1753 1176 Mariae

1013 1197 1050 1228 ea
1068 1195 1107 1228 de
1125 1196 1221 1228 causa
1238 1196 1277 1228 ad
1295 1196 1515 1229 venerabilem
1534 1196 1666 1229 fratrem
1684 1206 1753 1229 mo-

1013 1249 1150 1282 dernum
1175 1248 1459 1292 archiepiscopum
1485 1248 1685 1281 Mexieanum
1703 1259 1752 1281 re-

1013 1312 1141 1335 cursum
1165 1302 1367 1343 habuerunt,
1386 1302 1453 1346 qui,
1474 1302 1593 1335 auditis
1617 1301 1753 1335 rationi-

1011 1355 1070 1388 bus
1096 1355 1172 1388 binc
1196 1356 1273 1389 inde
1290 1355 1449 1397 deductis,
1475 1355 1753 1399 consideransque

1012 1408 1206 1441 charitatem
1231 1408 1387 1452 piamque
1424 1409 1633 1442 devotionem
1659 1409 1750 1442 cliri-

1012 1460 1200 1494 stisidelium
1226 1472 1304 1504 erga
1332 1463 1499 1504 regulares
1524 1461 1661 1495 Ordines
1685 1472 1753 1495 non

1012 1524 1083 1547 esse
1102 1514 1374 1556 restringendam,
1391 1515 1449 1548 sed
1467 1515 1617 1548 omnibus
1634 1516 1674 1548 ad
1688 1516 1754 1548 ani-

1012 1577 1139 1599 marum
1164 1567 1301 1600 salutem
1324 1567 1440 1600 mediis
1466 1567 1750 1610 amplificandam,

1013 1619 1175 1652 mandavit
1199 1619 1363 1652 tertiarios
1382 1620 1417 1652 B.
1433 1620 1549 1653 Mariae
1567 1620 1753 1663 praedictos

1012 1673 1291 1717 reintegrandos,
1309 1678 1340 1706 et
1374 1673 1481 1707 Tertio
1513 1673 1625 1706 Ordini
1650 1674 1752 1707 saneti

1012 1726 1174 1759 Francisci
1190 1754 1198 1767 ,
1224 1727 1313 1760 unde
1337 1726 1434 1760 deleti
1461 1727 1608 1767 fuerant,
1635 1726 1753 1760 iterum

1012 1780 1246 1813 adscribendos
1272 1790 1355 1813 esse.

1056 1833 1070 1876 ἓ
1094 1833 1127 1866 3.
1149 1833 1300 1871 Quamvis
1321 1837 1429 1866 autem
1456 1833 1614 1866 mandatis
1640 1833 1754 1866 huius-
1821 1844 1948 1863 inveniam.-

1696 1887 1701 1892 .
1746 1871 1869 1894 „conflatis
1899 1871 1948 1889 tlar-

1013 1886 1100 1919 sssOdI
1125 1886 1285 1930 praedicti
1312 1885 1446 1919 I-CI'IIHI'II
1467 1886 1566 1919 SssnCII
1589 1886 1753 1919 Fl‘ssnclscl
1764 1898 1882 1917 arelitarum
1899 1903 1947 1921 sup-

1779 1925 1827 1943 licat
1844 1929 1881 1948 pro
1893 1929 1947 1942 nora.

1012 1944 1205 1983 paruerunt,
1225 1944 1333 1972 tamen
1358 1939 1462 1972 dictus
1479 1939 1664 1972 Vincentius
1681 1930 1876 1983 pro-immina
1911 1950 1948 1968 <n-

1013 1997 1143 2026 curator
1159 1993 1333 2036 generalis,
1353 1993 1392 2025 ad
1416 1992 1609 2026 auferendas
1625 1999 1753 2035 pertur-
1764 1977 1948 2032 ill-‘0³¹¹35'1'5'10fss311

1012 2047 1160 2082 bationes
1186 2057 1223 2079 ac
1247 2046 1455 2080 confusiones
1481 2057 1565 2090 quae
1592 2049 1629 2080 ea
1653 2033 1918 2090 supert⁰¹'L'³¹¹*'⁰¹¹¹¹⁰‘

1013 2111 1046 2134 re
1072 2100 1287 2143 imposterum
1313 2100 1432 2133 exoriri
1459 2105 1606 2143 possent,
1633 2100 1752 2134 adscri-

1012 2159 1086 2197 ptos
1103 2153 1212 2186 Tertio
1233 2152 1346 2186 Ordini
1371 2154 1473 2186 sancti
1500 2153 1676 2195 Francisei,
1695 2164 1751 2187 seu

1012 2207 1204 2250 cuicumque
1240 2206 1302 2239 alio
1327 2206 1434 2240 Tertio
1458 2206 1571 2239 Ordini
1597 2207 1749 2248 regulari,

1012 2260 1066 2304 qui
1092 2260 1200 2293 Tertio
1225 2259 1336 2292 Ordini
1362 2260 1396 2292 B.
1424 2260 1540 2293 Mariae
1566 2259 1752 2293 huiusmodi

1012 2314 1152 2348 adscribi
1178 2313 1451 2353 desideraverint,
1467 2313 1615 2346 omnibus
1645 2313 1751 2346 indul-

1011 2366 1141 2410 gentiis,
1159 2366 1342 2410 privilegiis
1372 2371 1403 2399 et
1431 2366 1543 2409 gratiis
1573 2366 1752 2410 spirituali-

1010 2422 1082 2463 bus,
1103 2430 1215 2454 eorum
1241 2419 1421 2463 respective
1439 2419 1551 2452 Ordini
1570 2420 1749 2462 concessis,

1047 2494 1058 2518 1
1082 2491 1175 2519 Potius
1194 2491 1252 2526 lege
1277 2491 1389 2525 delere,
1414 2494 1494 2526 prout
1518 2490 1572 2517 iam
1599 2491 1752 2519 monuimus

1010 2544 1092 2573 supra
1112 2536 1141 2564 in
1160 2535 1214 2564 loc.
1235 2535 1330 2571 pai-all.
1350 2543 1412 2571 pag.
1433 2535 1485 2565 556
1505 2544 1522 2563 a
1542 2536 1643 2572 (11.τ.).
