2232 3178
259 215 308 242 An.
330 213 358 241 c.
378 213 446 241 ¹736
492 204 557 238 194

319 1610 446 1631 Procurator

260 1638 366 1664 uenerati<
408 1637 445 1655 υν-

260 1666 315 1685 dinis
340 1663 443 1689 supplicat

261 1691 346 1713 dut-erni
367 1689 445 1715 wallus

267 1717 443 1745 appellat-ionum.

298 2618 394 2639 Pontifex
410 2621 450 2640 sta-

453 262 507 302 sis,
522 272 618 294 manu
636 260 772 295 alicuius
783 259 903 294 notarii
914 259 1038 304 publici
1052 259 1193 292 subscri-

454 316 537 358 ptis,
569 320 600 348 et
632 315 740 357 sigillo
770 323 932 357 personae
967 313 998 345 in
1034 312 1192 355 dignitate

455 368 674 402 ecclesiastica
689 367 885 400 constitutae
899 366 1031 399 munitis
1047 393 1054 406 ‚
1080 366 1192 399 eadem

455 433 589 466 prorsus
631 421 710 453 fides
745 420 866 463 ubique
904 424 966 452 tam
1003 420 1034 452 in
1073 419 1192 452 iudicio

454 486 549 519 quam
577 480 665 507 extra
684 473 763 506 illud
791 473 959 511 habeatur,
990 484 1072 516 quac
1100 482 1194 515 prae-

453 529 600 562 sentibus
621 527 698 569 ipsis
718 527 897 559 haberetur
922 526 948 558 si
974 526 1082 559 forent
1105 526 1195 559 cxlii-

454 582 540 614 bitae
573 581 623 613 vel
649 585 814 613 ostensae.

497 635 609 666 Datum
636 633 780 672 Romae,
805 633 891 675 apud
917 632 949 665 S.
977 632 1108 665 Mariani
1134 632 1195 665 Ma-

453 688 555 720 iorem
578 713 585 726 ‚
609 686 668 718 sub
695 687 816 719 annulo
837 685 1012 718 Piscatoris
1032 711 1038 724 ,
1066 685 1118 718 die
1144 696 1194 718 xv1

454 740 565 784 aprilis
603 748 802 779 nnccxxxvi,
835 737 1049 782 pontificatus
1089 738 1193 771 nostri

456 803 541 826 anno
568 803 611 826 vr

491 855 549 881 Dat.
572 855 616 881 die
641 855 670 882 16
690 855 784 890 aprilis
809 855 891 888 1736,
913 854 1013 890 pontif.
1033 863 1105 880 anno
1124 861 1158 881 vt.

781 909 816 941 F.
845 909 934 941 eard.
964 908 1147 942 Omvnnius.

745 1060 901 1094 CLXXIX.

453 1142 613 1185 Reli'qiosi
657 1142 925 1184 Conqregyacionis
962 1141 1196 1173 i'nonncliorum

497 1195 767 1228 Si'lvestri'norum
792 1193 926 1228 Ordinis
960 1194 1066 1226 sancti
1099 1195 1197 1227 Bene-

498 1248 578 1281 dit—u
602 1259 666 1280 non
689 1251 825 1291 possunt
849 1257 1014 1279 recurrere
1039 1247 1081 1279 acl
1099 1248 1198 1279 {ribu-

498 1301 594 1334 mtlia
629 1302 696 1334 nisi
729 1301 865 1344 praevisi
900 1300 1123 1343 appellatione
1158 1301 1198 1332 ab

498 1354 611 1388 abbate
643 1354 836 1387 monasterii
868 1353 910 1386 ad
935 1354 1081 1386 [chantem
1107 1364 1199 1397 yene-

498 1409 613 1441 ralem.

658 1480 793 1506 Clemens
814 1479 893 1512 Papa
912 1478 977 1510 XII,

598 1524 634 1551 ad
655 1524 790 1550 futuram
809 1523 853 1550 rei
873 1522 1061 1549 memoriam.

500 1598 515 1639 ᾗ
542 1596 569 1628 1.
598 1594 719 1638 Exponi
746 1594 840 1627 nobis
871 1604 974 1637 nuper
1011 1594 1085 1627 fecit
1123 1593 1200 1626 dile-

456 1654 526 1683 ctus
552 1649 634 1682 tilius
661 1647 855 1681 Benedictus
881 1646 1027 1680 Biancini
1052 1657 1202 1690 procura-

457 1708 506 1736 tor
532 1701 696 1745 generalis
728 1700 999 1743 Congregationis
1024 1701 1200 1733 monacho-

456 1766 526 1788 rum
560 1754 829 1788 Silvestrinorum
856 1758 1117 1796 nuncupatorum
1143 1753 1200 1785 Or-

456 1809 540 1843 dinis
566 1808 666 1842 sancti
703 1808 893 1847 Benedicti,
922 1808 1009 1850 quod
1037 1807 1134 1850 (cum,
1162 1807 1199 1839 ad

455 1863 713 1896 conservandam
746 1861 904 1903 regularis
932 1861 1121 1903 disciplinae
1156 1860 1201 1893 in-

457 1917 640 1959 tegritatcm
660 1914 866 1957 debitamque
883 1914 1114 1957 religiosorum
1126 1924 1201 1956 erga

455 1981 529 2003 suos
553 1969 740 2013 superiores
767 1967 990 2001 obedientiam
1028 1973 1059 1999 et
1095 1967 1201 2000 subie-

456 2025 618 2062 ctionem,
645 2033 703 2066 per
729 2024 840 2065 plures
876 2027 1003 2055 nostras
1036 2021 1069 2053 in
1104 2021 1201 2054 simili

456 2080 556 2112 t'orma
593 2077 702 2110 Brevis
736 2077 862 2108 litteras
890 2075 919 2107 in
948 2075 1084 2108 diversis
1111 2075 1202 2107 Ordi-

455 2132 551 2164 nibus
572 2128 777 2172 regularibus
798 2129 929 2161 moduin
949 2128 1201 2171 imposuerimus

457 2184 732 2228 appellationibus
747 2193 782 2215 ac
798 2182 983 2214 recursibus
998 2182 1201 2214 subditorum

458 2239 612 2271 adversus
650 2236 837 2279 gravamina
874 2245 956 2278 quae
995 2235 1054 2267 sibi
1088 2246 1105 2267 a
1137 2234 1201 2266 suis

458 2291 613 2335 praelatis
638 2290 728 2322 illata
753 2300 822 2322 esse
855 2288 1033 2320 identidem
1070 2293 1203 2320 conten-

460 2345 601 2387 debant)
636 2344 739 2376 dictus
778 2342 972 2375 Benedictus
1009 2346 1203 2384 procurator

460 2397 623 2442 generalis
657 2397 688 2429 id
711 2397 816 2439 ipsum
842 2406 973 2438 quoque
1000 2395 1032 2426 in
1060 2395 1202 2437 praelata

460 2451 720 2493 Congrcgatione
758 2450 990 2482 monachorum
1033 2447 1129 2479 statui
1168 2458 1203 2479 ac

461 2510 570 2539 exacte
590 2504 798 2548 imposterum
817 2503 937 2536 servari
957 2501 1132 2546 plurimum
1152 2501 1203 2533 de-

461 2559 594 2592 sidcret.

505 2613 520 2656 g
544 2612 576 2646 02.
602 2611 674 2652 Nos,
693 2611 840 2645 eiusdem
861 2609 1028 2645 Benedicti
1054 2619 1204 2653 procura-

1035 209 1219 235 BULLARIUM
1243 209 1401 234 ROMANUM

1237 258 1317 292 toris
1352 258 1514 301 generalis
1550 258 1713 292 desiderio
1750 258 1810 292 hac
1849 258 1881 290 in
1921 267 2027 300 re,=„a
2055 276 2067 290 a
2095 276 2167 295 grava.

1237 317 1391 356 quantum
1418 322 1488 345 cum
1514 312 1650 345 Domino
1680 322 1860 355 possumus,
1885 311 1977 345 obse·
1988 297 2167 345 s‘ssf-‘lfi-rfnli'ltlua'l

1237 366 1380 398 cundare
1408 366 1573 404 volenteS,
1600 375 1740 408 eumque
1766 376 1782 397 a
1808 349 2089 408 011111115νί51111111,σιιι
2108 355 2167 376 ⁸⁸⁰⁰*

1237 417 1598 458 excommunicationis,
1623 418 1849 461 suspensionis
1873 423 1904 451 et
1933 418 1976 450 in-

1239 472 1377 511 terdicti,
1394 471 1531 515 aliisque
1550 471 1778 504 ecclesiasticis
1797 471 1976 512 sententiis,

1238 527 1386 558 censuris
1402 524 1570 568 etpoenis‚
1585 535 1601 557 a
1619 524 1688 557 iure
1707 525 1757 557 vel
1776 524 1814 556 ab
1831 524 1976 564 homine,

1239 579 1349 622 quavis
1361 578 1532 611 occasione
1549 579 1597 611 vel
1613 579 1709 610 eausa
1723 577 1808 618 latis,
1820 577 1845 610 si
1862 577 1979 620 quibus

1238 631 1485 676 quomodolibet
1502 630 1678 663 innodatus
1699 630 1826 670 existit,
1847 630 1885 663 ad
1907 629 1980 663 effe-

1239 692 1324 719 ctum
1347 685 1567 729 praesentium
1587 685 1752 717 dumtaxat
1777 694 1978 727 consequen-

1239 741 1336 779 dum,
1363 740 1476 772 barum
1503 739 1588 771 serie
1621 738 1830 771 absolventes
1863 743 1895 770 et
1926 737 1980 770 ab·

1239 794 1382 826 solutum
1405 793 1472 825 sore
1485 796 1666 829 censentes,
1683 789 1979 834 supplicationibus

1239 846 1307 879 eius
1334 846 1465 878 nomine
1492 844 1585 877 nobis
1612 854 1711 886 super
1736 843 1797 876 lioc
1816 842 1981 875 humiliter

1240 900 1399 943 porrectis
1437 898 1610 937 inclinati,
1636 896 1827 930 auctoritate
1852 901 1982 939 aposto-

1240 953 1322 993 lica,
1350 959 1462 986 tenore
1487 951 1709 995 praesentium
1725 978 1732 991 ‚
1756 951 1926 984 statuimus
1951 957 1981 984 et

1240 1007 1440 1046 ordinamus,
1466 1005 1553 1049 quod
1580 1005 1687 1041 nullus
1714 1004 1818 1038 dictae
1843 1004 1983 1046 Congre-

1240 1059 1377 1103 gationis
1402 1059 1592 1098 monachus,
1618 1058 1718 1091 aliave
1744 1068 1901 1101 persona,
1928 1067 1983 1091 cu-

1241 1113 1337 1146 iusvis
1363 1113 1480 1156 gradus
1497 1139 1504 1152 ,
1532 1111 1699 1154 dignitatis
1731 1116 1762 1144 et
1786 1109 1983 1144 conditionis

1241 1166 1376 1205 existat,
1402 1166 1435 1198 in
1461 1164 1610 1203 casibus,
1645 1163 1677 1196 in
1703 1163 1819 1207 quibus
1844 1163 1884 1196 de
1910 1162 1982 1195 iure

1242 1221 1290 1253 vel
1316 1220 1404 1252 iuxta
1437 1217 1685 1252 constitutiones
1711 1217 1876 1260 praefatae
1900 1215 1983 1250 Con-

1241 1273 1438 1317 gregationis
1463 1272 1627 1314 appellare
1659 1274 1714 1303 aut
1751 1278 1922 1302 recurrere
1946 1268 1984 1300 li-

1241 1332 1310 1366 cet,
1338 1326 1368 1358 id
1405 1325 1500 1358 aliter
1536 1325 1691 1367 deinceps
1727 1324 1833 1356 facere
1858 1323 1983 1361 valeat,

1242 1391 1338 1424 quam
1365 1378 1536 1422 gradatinu
1561 1377 1600 1410 ab
1625 1376 1809 1410 immediato
1830 1375 1984 1408 nimirum

1241 1444 1298 1466 suo
1333 1432 1503 1475 superiore
1535 1432 1574 1464 ad
1606 1431 1757 1464 abbatem
1794 1430 1983 1473 generalem

1243 1487 1406 1529 praefatae
1438 1484 1725 1527 (longi-egationis‚
1752 1483 1831 1516 itaut
1868 1493 1984 1516 causae

1243 1539 1472 1583 appellationis
1506 1540 1556 1572 vel
1591 1548 1741 1571 recursus
1774 1536 1985 1575 huiusmodi,

1244 1600 1416 1636 antequam
1443 1593 1481 1624 ab
1500 1592 1613 1625 eodem
1632 1591 1748 1623 abbate
1767 1590 1911 1633 generali
1934 1601 1985 1623 co-

1245 1647 1353 1691 gnitae
1376 1653 1407 1679 et
1435 1645 1585 1679 definitae
1604 1644 1739 1684 i'uerint,
1759 1649 1848 1678 extra
1868 1643 1986 1677 dictam

1244 1699 1536 1742 Congregationem
1568 1698 1688 1731 deferri
1723 1703 1753 1730 et
1785 1696 1897 1740 agitari
1931 1707 1987 1730 ne-

1246 1760 1376 1797 queant.

1289 1809 1305 1849 ξ
1331 1807 1363 1841 3.
1391 1808 1434 1839 Ac
1460 1810 1636 1849 propterea
1673 1805 1823 1837 omnibus
1860 1810 1892 1838 et
1924 1804 1987 1838 sin·
2014 1812 2178 1834 tudicibuzcau-
2225 1809 2226 1821 ¹

1986 208 2037 236 An.
2057 207 2087 235 C.
2104 208 2171 241 173⁶
2195 214 2197 216 '

1997 1845 2031 1859 aas
2039 1840 2178 1865 cognoscendi
2225 1832 2229 1850 ¹*

2231 1867 2232 1877 l

1246 1861 1330 1903 gulis
1365 1861 1526 1893 Romanae
1552 1859 1664 1891 Curiae
1699 1858 1914 1891 tribunalibus
1951 1866 2119 1895 act-munaum
2134 1867 2179 1887 adi-

1247 1914 1428 1953 iudicibus,
1457 1918 1487 1945 et
1512 1912 1679 1956 quibusvis
1705 1912 1801 1944 ctiam
1825 1911 1855 1944 S.
1886 1912 1922 1944 R.
1949 1911 2028 1944 Emis
2051 1920 2178 1945 consu-ura.

1998 1896 2032 1912 11111
2042 1909 2047 1917 ,
2062 1894 2101 1914 nisi
2124 1899 2179 1920 prius
2228 1894 2232 1914 -Ῑ

1999 1952 2105 1967 [ocur-<um
2119 1947 2181 1968 habi·
2209 1943 2213 1945 ¹
2230 1971 2232 1980 Ι

1245 1967 1455 2001 cardinalium
1489 1965 1824 2009 congregationibus,
1858 1975 2041 1998 necnontum
2068 1973 2129 1994 tuisse
2154 1973 2180 1994 ad

1244 2022 1335 2055 Sedis
1362 2020 1565 2063 Apostolicae
1590 2019 1718 2052 nunciis
1754 2030 1840 2051 nunc
1874 2024 1904 2052 et
1930 2000 2095 2062 1110ἷῖ111-ιΙιῚιΙ
2117 2000 2180 2021 aima-

1247 2081 1391 2118 tempore
1418 2073 1652 2113 existentibus,
1685 2083 1725 2105 ne
1752 2072 1990 2105 monachorum

1245 2139 1281 2161 ac
1321 2137 1531 2170 personarum
1573 2126 1676 2159 dictae
1720 2125 1988 2168 Congregationis

1246 2181 1480 2225 appellationes
1515 2186 1569 2213 aut
1608 2190 1758 2213 recursus
1796 2179 1989 2218 admittant,

1246 2245 1425 2277 causasque
1460 2233 1641 2277 praedictas
1677 2238 1899 2275 cognoscant,
1930 2231 1990 2265 nisi

1248 2288 1334 2330 prius
1359 2287 1417 2319 sibi
1447 2287 1591 2329 legitime
1618 2286 1804 2319 constiterit
1840 2285 1910 2318 illas
1936 2295 1993 2328 per

1248 2342 1369 2374 dictum
1404 2341 1553 2373 abbatem
1594 2340 1783 2382 generalem
1819 2339 1906 2382 prius
1940 2349 1992 2372 co-

1248 2395 1352 2438 gnitas
1392 2399 1424 2427 et
1465 2393 1612 2426 definitas
1656 2394 1764 2433 fuisse,
1793 2394 1851 2426 sub
1887 2394 1993 2436 poena

1248 2449 1408 2481 nullitatis
1444 2453 1587 2480 actorum
1614 2458 1650 2480 ac
1676 2447 1753 2480 inde
1788 2452 1991 2487 secutorum,

1248 2508 1289 2541 et,
1309 2501 1415 2544 quoad
1436 2501 1607 2543 religiosos
1634 2500 1844 2543 appellantes
1870 2500 1920 2532 vel
1948 2509 1994 2532 re-

1249 2561 1422 2588 currentes
1441 2553 1494 2597 qui
1516 2553 1701 2597 praemissis
1720 2551 1992 2593 contravenerim,

1248 2608 1306 2642 sub
1332 2607 1479 2650 gravibus
1504 2612 1617 2640 nostro
1644 2611 1675 2639 et
1701 2605 1837 2639 Romani
1863 2603 1993 2639 Pontifi-
