2232 3178
31 233 84 272 an.
100 231 128 258 c.
149 231 216 259 ¹735

837 226 979 250 CLEMENS
1004 226 1048 250 XII
1074 227 1122 250 1³52.

223 283 255 312 et
279 283 488 311 executorem
513 282 616 318 motu,
636 275 772 310 scientia
798 280 830 308 et
855 279 965 308 aucto-

223 332 316 365 ritate
342 331 475 376 paribus
501 330 713 365 declaraverit
738 335 769 362 et
793 328 967 362 constitue-

223 385 265 417 rit
283 390 313 417 et
331 384 556 428 deputaverit,
578 389 628 424 et,
654 389 689 416 ut
716 382 854 415 officium
873 391 967 424 prae-

223 438 322 470 fatum
347 438 432 471 idem
458 437 618 470 Fabi-itius
644 435 818 470 cardinalis
850 434 966 467 melius

223 496 254 524 et
278 491 411 525 liberius
435 491 590 535 prosequi
615 491 758 529 valeret,
789 494 876 521 motu
898 487 967 531 pari

224 545 331 588 deque
358 545 494 578 scientia
519 550 551 577 et
577 543 744 587 potestatis
761 541 967 586 plenitudine

223 598 393 638 similibus,
410 597 612 631 mandaverit
633 596 784 630 omnibus
810 601 842 628 et
862 594 968 637 singu-

224 652 327 695 gulis,
353 653 390 685 ad
429 662 511 696 quos
549 656 698 695 spectat,
735 649 967 691 cuiuscumque

224 711 328 739 status
347 733 354 746 ,
383 705 549 749 dignitatis
568 731 575 746 ,
604 704 752 745 ordinis,
779 703 900 746 gradus
917 701 967 735 vel

224 759 422 793 conditionis
449 759 635 798 existerent,
661 763 822 801 quatenus
841 757 873 789 in
893 766 967 789 exe-

225 813 363 858 quendis
388 812 436 853 iis,
463 823 545 856 quae
571 813 608 845 ad
635 811 775 845 officium
793 810 862 844 eius
879 820 970 854 prae-

225 868 323 900 l'atum
359 872 391 901 et
423 866 683 900 iurisdictionem
716 864 880 908 pertinere
910 873 969 896 no-

225 921 411 960 scebantur,
428 920 578 954 omnibus
595 918 807 963 possibilibus
826 916 965 957 auxiliis,

225 975 366 1009 consiliis
399 980 430 1009 et
455 974 618 1008 favoribus
643 970 861 1016 opportunis¹
895 971 968 1004 assi·

225 1034 366 1070 sterent,
389 1029 484 1072 eique
510 1028 632 1072 pariter
667 1026 839 1060 obedirent
872 1030 968 1069 prout

226 1082 286 1126 ipsi
319 1082 512 1116 Innocentio
538 1081 605 1114 Xlll
630 1078 896 1124 praedecessori,
923 1077 969 1111 di-

226 1141 342 1180 ctoque
369 1135 510 1169 Fabritio
536 1135 693 1168 cardinali
721 1134 842 1167 litteras
876 1142 968 1175 prae-

226 1191 305 1223 fatas
327 1190 359 1223 in
377 1189 528 1223 omnibus
545 1194 576 1222 et
593 1199 652 1233 per
673 1187 782 1222 omnia
801 1185 968 1228 suffragari

226 1244 357 1284 debere,
383 1244 520 1286 illasque
540 1248 571 1276 et
586 1243 619 1275 in
637 1242 682 1275 eis
700 1246 854 1274 contenta
873 1250 970 1284 quae-

225 1308 365 1341 cumque
390 1297 448 1329 sul)
473 1296 640 1340 quibusvis
657 1295 809 1328 similium
832 1294 882 1326 vel
909 1293 969 1326 dis-

225 1350 380 1384 similium
405 1350 591 1383 facultatum
616 1354 648 1382 et
671 1349 847 1391 gratiarum
884 1358 971 1380 revo-

226 1404 419 1444 cationibus,
444 1402 727 1447 suspensionibus,
749 1400 970 1443 derogationi-

226 1458 305 1499 bus,
330 1457 597 1497 limitationibus,
624 1461 678 1489 aut
703 1455 774 1488 aliis
800 1454 971 1489 contrariis

227 1510 498 1556 dispositionibus
519 1510 707 1543 nullatenus
723 1508 971 1552 comprehendi,

226 1575 287 1598 nec
311 1575 370 1609 per
396 1574 449 1597 eas
483 1563 666 1603 immutari,
691 1562 862 1605 suspendi,
889 1561 973 1595 limi-

228 1619 306 1660 tari,
333 1617 516 1659 moderari,
540 1622 594 1650 aut
626 1616 665 1650 ad
698 1617 854 1650 terminos
892 1615 971 1648 iuris

227 1672 340 1707 reduci
367 1682 462 1716 posse
482 1698 489 1712 ,
514 1671 572 1704 sed
598 1677 758 1714 perpetuo
783 1669 903 1703 validas
942 1675 973 1703 et

229 1726 376 1760 efficaces
410 1726 481 1759 fore
507 1731 540 1758 et
565 1735 652 1765 esse,
679 1730 726 1765 et,
752 1723 910 1768 quidquid
936 1723 969 1756 il-

227 1781 332 1814 larum
360 1779 470 1823 vigore
496 1790 513 1812 a
538 1778 623 1812 dicto
648 1778 792 1811 Fabritio
814 1778 971 1811 cardinali

229 1839 374 1878 gestum,
401 1838 576 1872 statutum,
603 1833 739 1872 sactum,
765 1831 969 1872 mandatum,

228 1888 389 1921 indultum
415 1893 446 1920 et
471 1891 641 1920 executum
668 1885 761 1925 soret,
779 1891 972 1929 perpetuam

229 1941 307 1975 iuris
333 1947 365 1975 et
389 1940 520 1974 roboris
546 1940 728 1973 firmitatem
750 1939 922 1982 obtineret,
941 1945 973 1974 et

229 1996 318 2030 nullo
343 2005 486 2039 unquam
513 2000 659 2037 tempore
685 1994 724 2027 de
751 1993 972 2037 subreptionis

229 2050 279 2083 vel
303 2048 510 2092 obreptionis
536 2053 590 2081 aut
614 2047 773 2081 nullitatis
799 2048 885 2089 vitio,
915 2058 971 2080 seu

230 2102 418 2136 intentionis
445 2102 521 2135 dicti
546 2101 726 2134 Innocentii
750 2101 812 2134 Xlll
839 2101 971 2145 praede-

232 2156 366 2190 cessoris
393 2156 441 2189 vel
476 2156 631 2199 quopiam
665 2155 729 2188 alio
763 2155 890 2188 defectu
915 2166 993 2188 ηοω

234 2209 309 2250 tari,
334 2209 535 2254 impugnari,
561 2210 611 2243 vel
637 2209 675 2242 ad
711 2209 866 2242 terminos
892 2209 972 2242 iuris

234 2262 354 2304 reduci,
381 2274 439 2296 seu
458 2264 490 2296 in
510 2265 557 2297 ius
577 2264 626 2297 vel
646 2264 902 2296 controversiam
925 2274 972 2296 re-

235 2315 371 2357 vocari&
387 2328 423 2350 ac
438 2328 550 2350 omnes
565 2322 597 2350 et
619 2318 763 2360 singulos
787 2327 970 2361 processus,

234 2369 418 2410 sententias,
438 2381 518 2413 quos
549 2376 581 2403 et
604 2381 683 2414 quas
711 2381 770 2414 per
798 2382 972 2414 quoscum-

235 2432 296 2464 que
321 2421 444 2456 iudices
469 2423 666 2457 etofficiales
682 2423 714 2456 in
734 2424 970 2467 praeiudicium

235 2475 408 2509 attributae
433 2482 464 2509 et
488 2487 662 2510 concessae
688 2477 749 2510 sibi
776 2477 971 2511 iurisdictio-

233 2528 284 2562 nis
309 2528 469 2572 praefatae
495 2530 608 2563 haberi
632 2535 664 2563 et
680 2531 877 2575 promulgari
900 2542 972 2565 con-

271 2601 281 2627 1
306 2599 385 2627 Deest
404 2608 553 2636 pronomen
573 2602 602 2629 ei
618 2601 658 2637 (n.
675 2587 724 2637 Ti).

269 2643 285 2672 2
304 2645 387 2674 Deest
403 2653 486 2682 posse
506 2650 545 2682 (a.
559 2648 609 2682 τ.).

1010 276 1135 319 tigisset
1153 303 1160 316 ,
1188 275 1291 309 nullas
1316 275 1504 318 nulliusque
1539 273 1665 307 roboris
1703 275 1751 307 vel

1010 329 1164 362 momenti
1192 329 1258 362 fore
1284 334 1314 362 et
1339 339 1426 369 esse,
1453 333 1486 361 et
1510 327 1554 360 ita
1578 337 1636 370 per
1661 337 1751 370 quos-

1010 393 1146 426 cumque
1162 382 1284 415 iudices
1303 381 1486 415 ordinarios
1504 382 1553 414 vel
1572 381 1750 423 delegatos,

1010 436 1106 469 etiam
1134 447 1301 469 causarum
1328 435 1441 479 palatii
1467 434 1638 478 apostolici
1664 434 1753 466 audi-

1012 495 1114 530 tores,
1142 500 1178 522 ac
1203 490 1366 533 praelatae
1392 489 1423 522 S.
1444 489 1481 521 R.
1501 488 1536 521 E.
1557 487 1750 526 cardinales,

1011 544 1140 576 sublata
1165 543 1211 576 eis
1236 548 1268 575 et
1293 553 1406 576 eorum
1440 541 1575 575 cuilibet
1607 540 1753 584 qualibet

1011 595 1105 629 aliter
1130 596 1293 629 iudicandi
1330 602 1360 629 et
1385 595 1622 639 interpretandi
1653 595 1753 627 sacul-

1012 655 1095 690 tate,
1121 650 1154 682 in
1180 650 1292 693 quavis
1319 652 1413 683 causa
1437 655 1468 683 et
1493 649 1646 682 instantia
1673 648 1753 681 iudi-

1011 703 1074 736 cari
1094 709 1124 736 ct
1145 703 1271 736 definiri
1291 703 1422 744 debere,
1444 710 1485 743 et,
1502 704 1528 736 si
1544 713 1636 736 secus
1654 712 1754 746 super

1012 756 1063 789 his
1078 767 1095 789 a
1110 767 1285 800 quoquam,
1308 757 1419 800 quavis
1432 756 1635 795 auctoritate,
1652 756 1754 788 scien-

1013 816 1061 843 ter
1085 811 1135 843 vel
1156 810 1356 853 ignoranter,
1375 808 1568 852 contigerit¹
1587 808 1753 849 attentari,

1012 864 1139 898 irritum
1159 870 1190 897 et
1208 864 1313 904 inane,
1333 864 1418 897 dicta
1435 864 1627 897 auctoritate
1646 863 1754 896 volue-

1011 919 1068 960 rit,
1101 919 1283 952 decrererit
1314 923 1347 951 et
1379 918 1547 957 statuerit3
1585 928 1622 950 ac
1657 917 1755 956 alias,

1011 977 1107 1015 prout
1134 972 1165 1004 in
1192 973 1362 1004 memorati
1380 969 1559 1004 Innocentii
1578 969 1645 1002 XIII
1663 980 1755 1013 prae-

1012 1026 1192 1059 decessoris
1219 1025 1278 1058 sub
1304 1025 1412 1058 datum
1437 1024 1589 1057 videlicet
1613 1033 1669 1057 xm
1701 1023 1755 1055 ka-

1012 1081 1124 1114 lendas
1148 1079 1289 1113 octobris
1314 1078 1520 1122 pontificatus
1546 1078 1595 1111 sui
1623 1088 1706 1110 anno
1733 1087 1753 1110 11

1013 1133 1173 1176 expeditis
1187 1132 1302 1166 litteris
1314 1132 1442 1176 plenius
1455 1132 1656 1165 continetur:
1671 1142 1755 1164 cuni·

1013 1198 1086 1231 que,
1113 1180 1310 1220 sieut'etiam
1336 1186 1532 1230 accepimus,
1558 1185 1653 1218 etiarn
1679 1185 1756 1217 alias

1014 1241 1116 1274 felicis
1139 1240 1264 1285 pariter
1281 1240 1518 1273 recordationis
1537 1239 1686 1272 Clemens
1703 1238 1757 1272 Pa-

1013 1307 1054 1339 pa
1076 1296 1114 1334 X,
1135 1295 1231 1328 etiam
1252 1295 1487 1338 praedecessor
1512 1299 1632 1333 noster,
1650 1292 1755 1326 bonae

1014 1348 1191 1382 memoriae
1217 1348 1393 1391 Gasparem
1420 1348 1495 1381 dum
1520 1348 1642 1380 vireret
1674 1347 1758 1379 eius-

1014 1404 1087 1436 dem
1121 1403 1153 1436 S.
1175 1402 1211 1435 R.
1235 1402 1270 1435 E.
1297 1402 1525 1445 presbyterum
1562 1400 1757 1433 cardinalem

1015 1457 1053 1490 de
1079 1456 1241 1500 Carpineo
1274 1461 1498 1499 nuncupatum
1534 1455 1565 1487 in
1598 1465 1691 1487 suum
1727 1459 1758 1486 ct

1015 1511 1119 1543 dictae
1147 1510 1252 1551 Urbis,
1277 1509 1508 1543 suburbiorum
1533 1520 1569 1542 ac
1596 1508 1758 1541 districtus

1015 1564 1232 1608 praefatorum
1265 1563 1442 1603 vicarium,
1480 1573 1607 1596 necnon
1644 1562 1758 1595 Roma-

1014 1628 1073 1651 nae
1099 1618 1212 1651 Curiae
1238 1617 1378 1650 iudicem
1405 1616 1606 1649 ordinarium
1632 1616 1670 1648 ad
1689 1616 1759 1647 uni-

1016 1672 1200 1705 versitatem
1233 1671 1378 1704 omnium
1415 1676 1446 1704 et
1482 1680 1758 1714 quarumcumque

1015 1735 1185 1758 causarum
1211 1724 1351 1758 cuiusvis
1377 1724 1541 1768 qualitatis
1567 1730 1598 1757 et
1625 1723 1757 1767 speciei,

1016 1779 1141 1812 etiamsi
1160 1785 1267 1812 essent
1285 1789 1373 1811 mere
1393 1777 1523 1811 laicales
1540 1783 1572 1810 et
1586 1777 1757 1821 profanae,

1017 1839 1048 1866 et
1074 1833 1156 1866 inter
1181 1843 1269 1866 mere
1296 1832 1408 1873 laicos,
1437 1832 1476 1865 ad
1503 1831 1604 1864 instar
1621 1831 1759 1864 aliorum

1017 1888 1180 1921 Romanae
1198 1887 1310 1921 Curiae
1337 1886 1479 1919 iudicum
1506 1885 1758 1923 ordinariorum,

1016 1942 1060 1974 ita
1077 1947 1111 1974 ut
1128 1942 1213 1974 inter
1230 1951 1303 1974 eum
1324 1946 1355 1973 et
1373 1941 1445 1973 illos
1464 1941 1553 1973 nulla
1575 1939 1759 1972 considera-

1016 1997 1040 2028 ri
1067 2001 1177 2039 posset
1195 1993 1389 2034 differentia,
1409 1994 1533 2027 etiamsi
1553 1999 1702 2036 ageretur
1728 1993 1758 2024 in

1015 2049 1116 2092 gradu
1141 2059 1291 2082 recursus
1309 2058 1326 2080 a
1342 2047 1513 2081 sententiis
1536 2052 1656 2080 tantum
1676 2047 1759 2079 iudi-

1014 2115 1087 2136 cum
1103 2102 1196 2135 Urbis
1216 2107 1247 2135 et
1262 2101 1426 2134 districtus
1446 2107 1476 2134 et
1494 2101 1578 2134 inter
1596 2110 1760 2143 quascum—

1015 2167 1076 2201 que
1104 2166 1259 2200 personas
1284 2160 1449 2198 exemptas
1476 2160 1506 2187 et
1530 2154 1662 2198 speciali
1685 2155 1759 2186 notzl

1015 2210 1129 2253 dignas
1167 2215 1199 2242 et
1234 2219 1315 2252 quac
1351 2208 1528 2251 specialem
1560 2207 1759 2240 mentionem

1015 2263 1236 2307 requirerent,
1254 2262 1475 2305 assumpserit,
1496 2261 1702 2295 constituerit
1729 2267 1759 2293 et

1015 2316 1239 2360 dcputavcrit3
1257 2327 1293 2349 ac
1311 2316 1400 2355 alias,
1415 2320 1512 2359 prout
1532 2315 1562 2347 in
1583 2315 1654 2347 aliis
1677 2314 1759 2346 eius-

1015 2371 1087 2404 dem
1108 2369 1283 2404 Clementis
1302 2370 1325 2401 X
1344 2368 1603 2412 praedecessoris
1629 2368 1688 2400 sub
1704 2367 1758 2399 da-

1015 2430 1080 2457 tum
1114 2424 1236 2457 Romae
1262 2423 1348 2466 apud
1374 2422 1405 2455 S.
1441 2422 1572 2454 Marium
1607 2420 1758 2453 Malorem

1014 2489 1099 2511 auno
1129 2476 1364 2510 incarnationis
1393 2475 1574 2508 dominicae
1600 2484 1758 2512 mucrxri,

1014 2531 1118 2576 pridie
1137 2531 1206 2563 idus
1224 2530 1360 2572 augusti,
1380 2528 1587 2572 pontificatus
1605 2527 1653 2560 sui
1673 2538 1758 2560 anno

1016 2596 1038 2619 ιι
1064 2584 1223 2628 expeditis
1244 2583 1362 2616 litteris
1387 2582 1483 2615 etiam
1508 2581 1636 2625 plenius
1662 2581 1760 2615 couti-

1053 2651 1062 2675 1
1085 2647 1178 2683 Aptius
1198 2646 1257 2682 lege
1276 2645 1440 2681 conliglissct
1456 2645 1494 2680 (u.
1507 2645 1556 2680 iu).

1669 217 1710 249 99
1758 226 1809 252 An.
1831 227 1858 253 c.
1879 227 1944 254 ¹735
