2232 3178
54 212 100 238 An.
116 209 145 236 C.
168 208 232 235 1737

89 271 232 292 Praesentium

52 300 232 323 tran-umpnscre-

52 326 71 348 dt
89 325 152 345 iubet.

68 1650 206 1671 Prooemium,

850 207 999 232 CLEMENS
1024 208 1068 232 XII
1092 208 1142 232 Pr.

286 256 301 299 g
316 255 346 289 9.
361 255 513 288 Volumus
529 260 634 288 autem
652 260 687 288 ut
701 256 923 299 praesentium
938 256 986 289 lit-

244 313 385 341 terarum
402 308 622 352 transumptis,
634 319 691 342 seu
706 309 873 352 exemplis,
890 309 983 342 etiam

241 361 418 404 impressis,
437 371 533 394 manu
559 361 693 395 alicuius
718 361 835 394 notarii
861 362 984 404 publici

241 413 446 457 subscriptis,
465 419 496 447 et
513 414 622 457 sigillo
648 425 809 457 personae
827 414 859 446 in
882 415 985 447 eccle-

239 466 369 499 siastiea
404 466 561 509 dignitate
594 468 789 500 constitutae
826 467 980 506 munitis,

239 519 354 552 eadem
378 530 510 562 prorsus
526 520 604 552 sides
620 523 682 553 tam
702 519 732 551 in
750 519 871 552 iudicio
889 530 982 563 quam

241 578 330 606 extra
368 573 448 606 illud
487 573 607 617 ubique
643 573 859 614 adhibeatur,
901 585 982 617 quae

237 626 314 670 ipsis
341 626 568 669 praesentibus
593 626 804 659 adhiberetur
822 627 848 659 si
876 627 984 660 forent

238 679 377 713 exibitae
402 680 452 712 vel
477 685 639 713 ostensae.

280 733 395 766 Datum
421 734 550 774 Romae,
576 734 661 777 apud
687 734 716 767 S.
735 733 865 767 Mariam
884 733 980 767 Maio-

238 797 326 827 rem,
365 787 424 820 sub
463 789 585 821 annulo
611 788 807 828 piscatoris,
844 788 895 821 die
929 799 981 821 xix

237 842 364 883 augusti
389 850 585 875 iinccxxxvn
602 868 609 882 ,
645 841 850 885 pontificatus
876 842 979 875 nostri

237 904 323 926 anno
348 905 418 928 vni.

272 954 334 982 Dat.
354 955 400 982 die
414 955 448 982 19
467 955 581 991 augusti
604 955 680 990 1737,
701 955 806 991 pontif.
829 964 902 983 anno
922 961 977 982 riu.

565 1099 651 1134 CCX.

236 1178 426 1212 Nonnullae
451 1179 675 1212 ordinationes
691 1190 749 1223 pro
768 1179 979 1212 administra-

281 1232 368 1265 tione
393 1232 602 1265 bibliothecae
627 1236 655 1265 ει
680 1233 823 1265 archivii
849 1243 977 1265 conven-

283 1290 333 1318 tus
358 1286 389 1319 S.
418 1286 546 1318 Mariae
581 1286 618 1318 de
642 1286 797 1319 Ardcaeli
832 1286 869 1319 de
896 1286 978 1319 Urbe

283 1338 419 1372 Ordinis
466 1340 611 1382 fratrum
658 1340 826 1372 Minoram
873 1340 979 1372 sancti

280 1392 452 1425 Franciscz·
476 1392 513 1425 cle
540 1392 752 1426 Obseruantia
775 1397 976 1435 nuncupato-

279 1456 366 1478 rum.

440 1527 580 1554 Clemens
601 1528 682 1561 Papa
702 1528 768 1559 XII,

378 1571 415 1598 ad
434 1571 570 1598 futuram
589 1572 634 1599 rei
654 1573 839 1599 memoriam.

278 1640 324 1674 Ad
350 1642 536 1684 seraphicae
561 1642 749 1683 religionis,
785 1642 835 1675 cui
867 1641 974 1681 ctiam,

234 1694 309 1727 dum
335 1695 441 1727 adhue
467 1696 496 1727 in
523 1695 702 1728 minoribus
724 1696 887 1728 constituti
910 1707 975 1728 era-

233 1759 314 1788 mus,
343 1749 480 1782 tuendae
498 1751 800 1793 provehendaeque,
823 1753 974 1793 quantum

234 1813 304 1835 cum
331 1802 467 1836 Domino
494 1804 664 1846 potuimus,
692 1814 820 1846 semper
845 1804 977 1836 adlabo-

232 1865 302 1888 rare
329 1855 528 1895 curavimus,
556 1856 652 1888 decus
687 1861 717 1889 et
743 1856 974 1889 incrementum

232 1908 265 1941 in
290 1914 440 1952 suscepto
467 1909 595 1952 pietatis
621 1909 809 1952 praesertim
835 1921 870 1943 ac
895 1910 976 1943 litte-

233 1973 340 1995 rarum
368 1962 531 1995 curriculo
557 1963 658 2005 magis
684 1963 921 2005 adaugendum,
944 1963 974 1995 in

232 2015 293 2048 hac
318 2017 517 2059 apostolatus
544 2017 673 2059 specula
704 2027 761 2059 per
786 2016 974 2049 immensam

233 2068 358 2102 divinae
388 2069 538 2102 bonitatis
564 2070 764 2102 clementiam
791 2069 913 2103 meritis
938 2069 975 2102 li-

1029 261 1136 289 torum
1172 257 1265 290 nobis
1301 267 1407 301 nuper
1432 258 1612 302 expositum
1637 259 1713 300 suit,
1740 259 1770 291 in

1029 310 1112 344 dicto
1149 316 1329 351 conventu,
1356 312 1410 356 qui
1436 312 1645 356 praecipuum
1672 313 1768 346 totius

1028 362 1170 396 eiusdem
1197 364 1322 397 Ordinis
1359 365 1456 399 sancti
1483 365 1640 398 Francisci
1668 366 1769 399 domi-

1028 415 1146 456 cilium,
1165 420 1205 457 et,
1227 423 1356 460 practer
1380 418 1545 451 ministros
1566 424 1594 451 et
1616 419 1768 452 officiales

1027 469 1167 502 omnium
1188 471 1352 504 nationum
1367 472 1534 515 utriusque
1550 472 1767 505 cismontanae

1028 525 1057 555 et
1081 524 1336 557 ultramontanae
1364 525 1502 558 familiae
1535 525 1653 558 ibidem
1687 526 1768 559 resi-

1028 575 1148 618 dentes,
1167 577 1303 610 ministri
1323 579 1416 611 etiam
1435 579 1594 621 generalis
1613 584 1643 612 et
1658 589 1768 623 respe-

1027 629 1107 662 ctive
1143 630 1352 663 commissarii
1386 633 1546 674 generalis
1578 632 1765 665 cismontani

1027 693 1085 725 pro
1112 687 1259 727 tempore
1286 684 1463 718 residentia
1489 686 1617 725 existit,
1644 697 1661 718 a
1697 687 1767 718 sun-

1027 735 1182 769 damentis
1208 737 1377 770 excitatum
1403 738 1442 770 sit
1466 739 1639 771 niaximum
1658 739 1767 772 aediti-

1026 788 1108 821 cium
1125 791 1289 832 praeclara
1305 790 1411 823 dilecti
1427 790 1482 823 filii
1502 791 1631 834 Iosephi
1650 792 1765 824 Mariae

1024 841 1166 875 Fonseca
1192 843 1231 875 ab
1257 843 1361 876 Ebora
1386 844 1585 886 exgeneralis
1608 844 1765 887 praedicti

1023 893 1151 928 Ordinis
1177 898 1285 938 opera,
1312 897 1453 930 collectis
1478 897 1620 940 undique
1640 897 1765 940 magnis

1023 948 1244 991 pecuniarum,
1271 949 1386 992 quibus
1413 960 1470 982 nos
1496 950 1591 982 etiam
1617 961 1682 983 non
1700 960 1766 982 mo-

1023 1002 1124 1034 dicam
1151 1008 1277 1045 partem
1303 1003 1510 1043 contulimus,
1532 1004 1675 1044 summis,
1699 1014 1763 1036 non

1022 1056 1128 1088 solum
1147 1066 1205 1098 pro
1225 1056 1343 1098 insigni
1363 1056 1573 1096 bibliotheca,
1593 1067 1673 1100 quae
1699 1057 1760 1089 iam

1022 1109 1177 1148 armariis,
1203 1109 1322 1152 pluteis
1348 1114 1379 1142 et
1399 1109 1491 1142 libris
1511 1109 1614 1142 omnis
1633 1110 1762 1152 generis

1022 1162 1139 1194 referta
1165 1168 1197 1195 et
1220 1162 1375 1195 adornata
1401 1168 1473 1202 est,
1501 1163 1558 1195 sed
1585 1163 1678 1196 etiam
1705 1174 1764 1206 pro

1022 1216 1128 1258 amplo
1157 1216 1314 1248 tabulario
1352 1216 1418 1248 sire
1455 1216 1585 1248 archivo
1619 1217 1763 1259 generali

1021 1267 1149 1301 Ordinis
1174 1269 1329 1311 praefati,
1356 1269 1500 1301 nondum
1539 1274 1643 1302 tamen
1678 1280 1765 1302 com-

1021 1324 1119 1364 pleto,
1148 1323 1180 1354 in
1207 1333 1269 1365 quo
1295 1322 1403 1355 omnia
1428 1333 1508 1366 quae
1535 1323 1657 1365 poterit
1679 1323 1764 1355 idem

1021 1376 1181 1419 Iosephus
1208 1376 1305 1408 Maria
1333 1387 1368 1409 ex
1395 1376 1552 1409 universis
1577 1377 1763 1419 praedictae

1021 1429 1190 1472 religionis
1233 1430 1507 1473 carthophylaciis
1555 1435 1586 1462 et
1634 1430 1762 1463 tablinis

1021 1482 1085 1515 sive
1126 1483 1351 1526 authographa
1389 1484 1456 1516 sive
1497 1483 1657 1526 exscripta
1696 1495 1761 1516 mo-

1021 1542 1174 1569 numenta
1211 1548 1274 1569 non
1312 1537 1380 1569 sine
1418 1537 1541 1578 magnis
1579 1537 1761 1580 sumptibus

1021 1595 1185 1621 contracta
1211 1589 1352 1622 condere
1378 1589 1526 1628 intendit,
1546 1595 1641 1632 atque
1663 1589 1759 1621 etiam

1020 1652 1080 1685 pro
1110 1643 1244 1675 aedibus
1280 1643 1347 1675 sire
1386 1643 1610 1674 mansionibus
1636 1642 1697 1674 iam
1725 1653 1760 1675 ex

1020 1694 1106 1726 omni
1132 1700 1222 1736 parte
1257 1693 1428 1736 eompletis
1454 1699 1485 1725 et
1510 1693 1699 1733 instructis,
1730 1694 1761 1725 in

1020 1746 1135 1789 quibus
1160 1747 1430 1779 bibliothecarius
1456 1752 1487 1778 et
1505 1747 1679 1778 archivista
1704 1757 1761 1780 seu

1022 1800 1196 1832 tabularius
1223 1810 1282 1843 pro
1310 1805 1457 1843 tempore
1483 1799 1700 1832 bibliothecae
1732 1805 1763 1832 et

1019 1853 1140 1885 archivi
1170 1853 1426 1896 praedictorum,
1453 1863 1629 1895 eorumque
1657 1858 1763 1885 custo-

1019 1906 1084 1947 des,
1100 1906 1226 1939 scribae
1245 1912 1276 1939 et
1293 1906 1371 1939 socii
1390 1906 1613 1946 inservientes,
1634 1916 1761 1939 necnon

1018 1960 1181 2004 praefatae
1224 1959 1392 2002 religionis
1433 1960 1656 2003 chronologus
1698 1970 1759 2002 pro

1018 2014 1132 2046 maiori
1169 2013 1300 2056 publico
1335 2013 1507 2046 commodo
1544 2018 1575 2046 et
1611 2013 1760 2046 custodia

1019 2067 1212 2100 commorari
1240 2067 1381 2100 debent:

1714 202 1733 233 :3
1780 211 1833 238 Αη.
1850 212 1879 239 c..
1900 213 1964 241 1737

1804 2127 1863 2171 l'orx
1864 2127 1924 2147 incia

233 2127 282 2154 cet
307 2122 486 2165 imparibus
511 2123 686 2156 collocatos
722 2133 780 2155 nos
818 2123 907 2155 decet
942 2128 975 2155 ut
1770 2159 1801 2199 ,Ἦ
1812 2160 1842 2173 ¹
1867 2155 1934 2174 »a

233 2175 407 2210 maioribus
445 2188 538 2220 quam
563 2182 655 2210 antea
680 2177 862 2220 pontificiae
887 2177 975 2211 solli-

233 2228 382 2261 citudinis
407 2235 437 2262 et
462 2230 659 2274 apostolicae
678 2230 844 2264 charitatis
862 2230 973 2263 studiis

233 2282 459 2325 advigilemus.

277 2335 291 2378 ξ
316 2336 348 2368 1.
376 2335 453 2370 Cum
479 2337 595 2381 itaque,
621 2337 702 2370 sicut
727 2348 786 2381 pro
812 2343 901 2381 parte
928 2338 974 2370 di-

1061 2120 1076 2163 §
1102 2119 1131 2152 2.
1160 2120 1235 2152 Cum
1262 2125 1384 2160 autem,
1411 2120 1494 2152 sicut
1520 2120 1633 2153 eadem
1660 2130 1757 2163 expo-

1018 2174 1092 2206 sitio
1118 2175 1355 2217 subiungebz,1t
1380 2175 1440 2207 nisi
1466 2185 1540 2207 cuia
1565 2180 1594 2207 et
1619 2175 1781 2207 arimini-n
1793 2183 1952 2226 nth'ffw.

1017 2229 1129 2260 stiatio
1156 2228 1376 2261 bibliothecae
1403 2234 1433 2261 et
1458 2228 1579 2261 aicliivi
1601 2229 1757 2271 praesa-to
1769 2234 1953 2284 'lgpwmnsanffi

1017 2292 1085 2314 ium
1102 2282 1208 2314 eidem
1224 2282 1272 2314 los
1278 2282 1364 2324 (pho
1379 2281 1416 2313 M
1418 2281 1493 2313 uiae
1508 2292 1577 2313 cum
1596 2282 1838 2331 Ῑ“·ι(’,ιι1[ι”ιῐο,’,Ἃι

1017 2335 1122 2377 quoad
1160 2335 1298 2373 ν’,ἰκῡιίῑ
1327 2339 1356 2366 et
1384 2334 1413 2366 in
1441 2344 1647 2377 quocumque
1673 2339 1814 2390 stitiiltlv
1831 2345 1854 2384 tb
1888 2319 1944 2384 1¹3„

65 2338 80 2359 A
94 2341 152 2365 patre
167 2339 222 2360 tose-

43 2364 83 2390 pho
105 2367 131 2386 ab
154 2367 189 2387 tn]
192 2372 221 2386 ira

43 2396 66 2411 cu
69 2397 91 2411 ιιι
94 2394 136 2413 tru
133 2395 160 2412 ·ta
186 2400 221 2413 ae-

42 2418 95 2438 «littei
91 2425 110 2439 ia
132 2425 167 2444 pro
191 2419 222 2439 ht-

43 2443 70 2463 bli
74 2445 148 2465 uihcea
160 2448 179 2466 ct
189 2452 223 2466 ar-

43 2469 102 2491 chivo
138 2472 165 2492 Οι
168 2473 187 2491 sil
183 2479 209 2492 ιι

42 2499 113 2517 ornata
125 2499 174 2519 act·
179 2499 221 2518 liris

42 2527 221 2552 monumentisque

42 2548 125 2572 referta.

232 2387 389 2422 lec-teiam
417 2389 556 2423 liliorum
583 2392 812 2425 modernorum
835 2391 971 2424 ministri

213 2442 437 2492 provincialis
454 2444 609 2486 piovinci
612 2455 638 2477 ie
655 2444 814 2477 Romanae
835 2450 865 2477 et
877 2454 972 2487 guar-

233 2495 319 2528 diani
344 2502 519 2530 conventus
545 2497 576 2529 S.
604 2497 718 2530 Mariae
753 2498 792 2531 de
825 2497 970 2531 Aiacaeli

233 2547 272 2581 de
296 2547 381 2581 Urbe
406 2549 531 2583 Ordinis
558 2550 585 2582 si
589 2555 692 2583 attium
718 2550 873 2584 Minorum
902 2561 971 2583 san-

232 2601 273 2634 cti
296 2601 456 2636 Francisci
494 2603 532 2636 de
565 2603 772 2638 Observantia
805 2614 971 2647 nuncupa-

1017 2394 1048 2421 et
1074 2388 1175 2430 gradu
1203 2393 1264 2420 tam
1292 2387 1374 2419 intra
1411 2397 1505 2429 quun
1539 2393 1629 2419 extra
1662 2396 1707 2428 pr
1702 2397 1755 2419 ae-

1016 2442 1137 2474 dictum
1174 2440 1326 2473 Ordinem
1365 2449 1495 2482 sempcr
1521 2444 1552 2471 et
1577 2439 1755 2482 quomodo-

1015 2505 1151 2537 cumque
1179 2493 1330 2531 extitcrit,
1357 2503 1426 2525 cani
1453 2492 1638 2532 exercendi,
1659 2497 1690 2524 et
1710 2492 1753 2524 bi-

1014 2547 1263 2581 bliothecarium
1284 2552 1314 2578 et
1335 2545 1534 2578 archivistam
1557 2545 1751 2588 generalem,

1014 2602 1157 2645 aliosque
1184 2600 1346 2633 custodes.
1375 2599 1494 2632 scribas
1521 2604 1551 2631 et
1576 2599 1683 2632 socios
1704 2599 1753 2632 dc-
