2232 3178
72 189 122 215 An.
137 187 166 214 C.
189 187 256 216 1740

265 241 320 270 aut
353 236 587 279 imposterum,
627 237 713 280 quod
754 236 856 278 absit,
893 236 1006 280 impri-

264 290 440 331 mendum,
467 295 579 324 tenore
615 290 836 334 praesentium
874 290 1005 324 damna-

263 353 334 376 mus
359 348 391 376 et
414 344 637 386 reprobamus,
663 354 700 376 ac
717 342 780 385 legi
799 353 856 376 seu
873 342 1005 376 retineri

263 395 500 438 prohibemus,
526 396 692 439 ipsiusque
719 395 792 429 libri
817 394 1005 438 impressio-

263 458 358 487 nem,
384 448 656 491 descriptionem,
684 448 871 486 lectionem,
896 453 1006 480 reten-

264 501 386 533 tionem
422 505 453 533 et
484 511 579 533 nsum
616 500 766 534 omnibus
800 505 833 532 et
867 499 1005 541 singulis

264 552 554 593 christifidelibus,
580 553 676 586 etiam
703 550 855 596 specifica
891 557 924 584 et
958 552 1006 583 in-

264 605 392 638 dividua
428 604 595 638 mentione
631 604 759 647 dignis,
799 604 859 637 sub
899 606 1006 647 poena

264 656 608 690 excommunicationis
642 667 702 700 per
738 655 1006 690 contrafacientes

263 710 334 753 ipso
360 710 445 743 facto
471 710 594 753 absque
619 709 680 742 alia
707 709 926 743 declaratione
958 708 1004 741 in-

263 762 435 803 currenda‚
459 773 476 795 a
492 772 556 806 qua
572 772 667 796 nemo
681 773 698 795 a
715 772 879 806 quoquam
898 761 1005 805 (prae-

264 821 411 860 terquam
435 825 452 848 a
475 815 570 849 nobis
597 826 653 849 seu
678 815 822 849 Romano
848 814 1004 848 Pontitiee

263 879 322 912 pro
346 873 495 912 tempore
520 867 716 911 existente),
742 868 802 902 nisi
837 867 868 900 in
893 867 1004 901 mortis

247 915 402 954 *articulo
429 921 643 961 constitutus,
668 920 886 954 absolutionis
910 921 1003 954 bene-

263 974 371 1007 ficium
398 975 502 1007 valeat
535 973 702 1014 obtinere,
735 973 870 1007 omnino
903 974 1001 1006 inter-

262 1028 409 1061 dicimus.

97 1092 251 1129 *Exemplum
306 1082 320 1124 ἓ
344 1081 376 1115 3.
404 1082 556 1114 Volentes
582 1086 614 1113 et
642 1080 838 1113 auctoritate
875 1086 1002 1123 aposto-

68 1119 324 1168 i2⁸2²r22¹iifa.1{)„‘i¹2i]liea
349 1134 553 1173 mandantes,
580 1138 633 1172 nt,
660 1133 855 1176 quicumque
881 1133 1002 1165 librum

68 1171 448 1222 ssfl'gflssffl‘i'r'fffllmiusmodi
475 1196 575 1229 penes
600 1196 634 1218 sc
661 1185 856 1224 habuerint,
888 1186 938 1218 vel
971 1185 1002 1217 in

263 1242 405 1273 futurum
422 1239 694 1283 quandocumque
711 1237 887 1277 habebunt,
902 1237 1002 1279 illum,

261 1293 369 1326 statim
396 1297 492 1335 atque
518 1296 708 1334 praesentes
735 1290 862 1323 litterae
888 1290 934 1322 cis
954 1290 1003 1322 in-

261 1345 444 1386 notuerint,
470 1345 615 1377 locorum
641 1343 820 1376 Ordinariis
844 1344 893 1376 vel
925 1343 1001 1375 hae-

261 1399 379 1433 reticae
405 1398 572 1442 pravitatis
599 1397 846 1440 inquisitoribus
872 1397 1002 1429 tradere

261 1458 292 1486 ct
316 1451 507 1494 consignare
534 1455 725 1490 tencantur·,
753 1449 785 1482 hi
804 1460 879 1483 vero
897 1459 1003 1482 exem-

261 1505 366 1549 plaria
391 1505 453 1538 sibi
472 1504 517 1537 sic
536 1503 651 1537 tradita
666 1503 753 1536 illico
770 1503 907 1536 flammis
926 1503 1002 1536 abo-

261 1559 320 1592 leri
345 1562 483 1591 eurent:
510 1556 542 1589 in
576 1556 778 1589 contrarium
808 1555 1002 1588 facientibus

261 1621 328 1645 non
352 1609 554 1644 obstantibus
580 1608 852 1651 quibuscumque.

305 1665 321 1707 ἓ
356 1664 387 1696 4.
424 1663 463 1696 Ut
499 1667 605 1695 autem
645 1667 835 1705 praesentes
875 1661 1001 1694 litterae

262 1717 413 1751 omnibus
439 1715 566 1749 facilius
591 1715 810 1755 innotescant,
829 1725 890 1747 nec
915 1714 1002 1757 quis-

263 1780 360 1813 quam
378 1769 506 1802 illarum
526 1767 743 1810 ignorantiam
770 1768 910 1809 allegare
929 1777 1002 1810 pos-

262 1822 324 1862 sit,
358 1822 504 1855 volumus
542 1824 574 1852 et
607 1819 798 1852 auctoritate
834 1819 1002 1863 praedicta

262 1874 489 1913 decernimus,
524 1872 596 1905 illas
634 1872 672 1904 ad
706 1872 814 1905 valvas
849 1871 1001 1905 basilicae

262 1928 421 1971 Principis
455 1926 685 1970 Apostolorum
716 1936 752 1958 ac
783 1925 1001 1958 Cancellariae

262 1980 469 2025 Apostolicae
494 1989 620 2012 necnon
642 1978 755 2012 Curiae
777 1978 938 2021 generalis
969 1978 1001 2010 in

260 2034 368 2068 Monte
392 2032 547 2066 Citatorio
573 2037 603 2065 et
627 2032 659 2065 in
685 2031 752 2065 acie
789 2031 1001 2075 Campissorae

263 2089 302 2122 de
323 2087 408 2121 Urbe
432 2097 492 2130 per
515 2085 656 2129 aliquem
682 2096 720 2119 ex
741 2085 930 2119 cursoribus
948 2096 1002 2118 no-

262 2142 353 2182 stris,
379 2146 413 2174 ut
437 2140 538 2174 moris
564 2145 624 2180 est,
651 2139 830 2183 publicari,
857 2139 1002 2173 illarum-

262 2206 326 2240 que
352 2194 500 2237 exempla
524 2193 646 2226 ibidem
672 2193 764 2226 affixa
780 2192 940 2236 relinqui,
957 2193 1003 2225 sic

262 2259 337 2282 vero
355 2246 545 2292 publicatas,
561 2255 673 2279 omnes
694 2250 726 2278 et
743 2245 899 2289 singulos,
921 2256 1002 2289 quos

261 2305 473 2342 concernunt,
498 2298 636 2342 perinde
661 2298 801 2338 afficere,
826 2309 863 2331 ac
888 2299 914 2331 si
933 2298 1003 2331 uni-

262 2354 381 2398 cuique
410 2353 538 2386 illorum
571 2351 787 2395 personaliter
822 2350 1001 2384 notificatae

263 2411 295 2440 et
325 2405 491 2439 intimatae
524 2403 680 2443 fuissent3
717 2403 859 2446 ipsarum
896 2409 1002 2437 autem

262 2459 442 2493 litterarum
480 2457 708 2500 transumptis,
746 2467 804 2489 seu
837 2456 1001 2500 exemplis,

264 2513 360 2548 etiam
389 2511 558 2556 impresis,
588 2521 685 2544 manu
714 2510 850 2544 alicuius
884 2510 1001 2544 notarii

263 2565 385 2611 publici
415 2564 622 2608 subscriptis,
649 2569 681 2598 et
705 2565 815 2608 sigillo
840 2576 1002 2610 personae

351 2627 430 2656 Bull.
450 2627 534 2655 Rom.
555 2641 589 2647 —
612 2626 671 2655 Vol.
691 2626 792 2656 XXIV.
919 2626 954 2654 8t

128 1671 250 1692 Putant-auo

68 1698 217 1719 damnationis.

879 187 1021 224 emimus
1046 187 1090 212 xn
1114 187 1164 213 rr.

1687 173 1752 208 665
1801 183 1850 212 An.
1868 183 1885 210 c
1919 184 1988 211 1740

1048 236 1083 269 in
1097 235 1314 270 ecclesiastica
1331 234 1488 278 dignitate
1509 234 1704 267 constitutae
1722 244 1791 267 mu-

1049 289 1141 330 nitis,
1167 289 1317 323 eamdem
1342 298 1480 332 prorsus
1512 287 1630 328 fidem,
1661 293 1724 320 tam
1758 287 1791 320 in

1049 343 1168 376 iudicio
1193 353 1288 387 quam
1307 347 1394 376 extra
1410 342 1490 375 illud
1510 341 1630 384 ubique
1645 342 1790 375 locorum

1049 395 1161 428 haberi
1174 422 1181 436 ,
1214 406 1296 439 qnae
1326 395 1504 428 haberetur
1536 394 1659 427 eisdem
1695 403 1790 437 prae-

1049 449 1206 489 sentibus,
1221 449 1246 481 si
1262 447 1541 481 forentexhibitae
1559 447 1609 480 vel
1625 452 1789 479 ostensae.

1094 501 1207 533 Datum
1224 501 1362 540 Romae,
1381 501 1466 543 apud
1485 500 1516 533 S.
1537 499 1667 533 Mariam
1693 499 1791 532 Maio-

1049 563 1117 586 rem
1139 554 1199 585 sub
1224 554 1345 586 annulo
1371 552 1564 592 piscatoris,
1585 551 1636 584 die
1654 561 1725 584 xxw
1746 551 1791 584 ia-

1049 606 1153 638 nuarii
1168 615 1305 645 Moccxr„
1319 604 1529 649 pontificatus
1544 604 1644 637 nostri
1659 614 1744 636 anno
1758 614 1787 636 x.

1084 666 1133 694 Dat
1152 666 1197 694 die
1216 667 1251 694 ⁶26
1270 665 1386 693 ianuarii
1408 665 1486 700 1740,
1508 665 1607 701 pontif.
1628 673 1699 693 anno
1718 674 1742 692 x.

1338 806 1502 840 CCI-xxv.

1047 887 1225 921 Damnatio
1249 891 1279 919 et
1302 886 1479 930 prohibitio
1504 886 1676 919 cuiusdam
1712 887 1790 919 tibrt

1093 940 1220 974 Gallico
1245 939 1400 972 idiomate
1424 939 1575 982 impressi
1603 939 1660 971 sub
1695 939 1790 971 tituto

1092 993 1234 1026 Histoire
1260 992 1300 1024 du
1325 992 1455 1025 Concile
1481 991 1520 1023 de
1546 991 1661 1023 Trente
1690 991 1790 1023 ecrite

1091 1056 1130 1078 en
1157 1045 1268 1077 italien
1302 1055 1361 1087 par
1396 1044 1456 1076 Fra
1490 1043 1586 1076 Paolo
1622 1043 1713 1086 Sarpi
1750 1044 1789 1075 de

1090 1098 1220 1130 l'Ordre
1246 1098 1303 1130 des
1329 1097 1484 1135 Servites,
1511 1101 1543 1128 et
1574 1095 1712 1128 traduite
1749 1095 1789 1128 de

1090 1161 1236 1184 nouveau
1262 1161 1302 1182 en
1328 1149 1465 1189 francois
1497 1159 1574 1181 avec
1605 1148 1661 1181 des
1696 1153 1790 1181 notes

1093 1202 1259 1245 critiques,
1287 1202 1486 1245 historiques
1512 1206 1544 1233 et
1561 1200 1789 1244 theologiques

1091 1267 1151 1300 par
1168 1256 1285 1289 pierre
1311 1254 1465 1294 Francois
1490 1255 1520 1287 le
1544 1254 1715 1296 Courayer,
1735 1254 1789 1286 do-

1091 1316 1183 1343 cteur
1222 1320 1263 1342 en
1304 1308 1471 1350 theologie
1508 1308 1547 1340 de
1583 1307 1789 1340 l'universite

1091 1362 1257 1402 d'Oxford‚
1284 1366 1315 1394 et
1339 1360 1501 1394 chanoine
1526 1360 1667 1401 regulier
1685 1365 1716 1392 et
1733 1370 1789 1393 an-

1092 1415 1162 1449 cien
1195 1413 1447 1448 bibliotheeaire
1482 1413 1521 1444 de
1553 1411 1712 1455 l'Abbaye
1749 1412 1788 1444 de

1090 1469 1121 1501 S.
1157 1468 1338 1501 Genevieve
1374 1466 1413 1499 de
1447 1465 1546 1498 Paris.
1581 1465 1607 1497 A
1642 1464 1788 1498 Amster-

1092 1521 1169 1553 dam¹
1193 1521 1266 1552 chez
1298 1520 1325 1552 I.
1360 1514 1511 1551 Wetstein
1537 1521 1566 1549 et
1592 1517 1630 1550 G.
1657 1517 1786 1557 Smitlt,

1090 1583 1289 1608 Muccxxxvi.

1255 1653 1390 1680 clemens
1411 1652 1492 1686 Papa
1510 1652 1574 1684 xu,

1159 1700 1195 1725 ad
1217 1699 1400 1732 perpetuam
1422 1697 1470 1723 rei
1490 1695 1679 1723 memoriam.

1090 1769 1254 1804 Creditum
1281 1766 1454 1801 humilitati
1481 1772 1611 1800 nostrae
1635 1766 1787 1799 divinitus
1827 1777 1969 1797 rmoemmu.

1046 1822 1217 1867 pastoralis
1237 1831 1335 1855 curae
1350 1824 1447 1864 atque
1467 1819 1652 1863 vigilantiae
1670 1829 1787 1852 munus

1046 1875 1220 1909 salubriter
1256 1874 1389 1918 exequi,
1422 1873 1592 1906 adiuvante
1627 1872 1785 1912 Domino,

1045 1933 1248 1972 satagentes,
1274 1939 1291 1961 a
1315 1926 1507 1974 per-niciosis
1533 1936 1705 1969 pravarum
1732 1925 1787 1958 do-

1045 1983 1222 2016 ctrinarum
1256 1979 1384 2025 pascuis
1419 1979 1618 2013 dominicum
1655 1989 1786 2022 gregem

1044 2037 1231 2070 universum
1256 2045 1385 2075 arcere,
1411 2040 1442 2068 et
1473 2033 1677 2067 orthodoxae
1711 2031 1787 2067 fidei

1045 2090 1219 2135 puritatem
1251 2099 1394 2129 servare,
1428 2093 1585 2132 quantum
1620 2087 1717 2121 nobis
1751 2098 1787 2120 ex

1046 2145 1110 2177 alto
1135 2142 1335 2183 conceditur,
1360 2142 1426 2184 iugi
1451 2141 1558 2174 studio
1583 2140 1728 2180 nitimur,
1746 2150 1786 2173 ne

1045 2196 1191 2237 animae,
1218 2195 1362 2238 pretioso
1389 2193 1562 2228 Salvatoris
1598 2198 1629 2226 et
1664 2193 1786 2226 domini

1045 2249 1147 2283 nostri
1172 2249 1242 2282 Iesu
1267 2247 1385 2282 Christi
1403 2246 1562 2289 sanguine
1580 2246 1784 2289 redemptae,

1046 2302 1200 2346 pestifera
1227 2301 1299 2334 tabe
1332 2300 1531 2339 inficiantur,
1559 2306 1590 2332 et
1614 2298 1646 2331 in
1671 2308 1787 2341 perpe-

1046 2360 1118 2388 tuae
1140 2353 1356 2387 damnationis
1374 2353 1556 2396 periculum
1571 2351 1784 2384 adducantur.

1090 2407 1162 2451 §¹¹-
1189 2406 1267 2439 Cum
1301 2406 1426 2448 itaque,
1464 2404 1547 2437 sicut.
1582 2403 1784 2446 accepimus,
1818 2409 1925 2433 labendo
1939 2416 1980 2437 ‘1¹¹0

1798 2442 1818 2456 in
1834 2437 1933 2459 rubrica.
1947 2444 1981 2457 er·

1046 2461 1079 2493 in
1104 2460 1210 2493 lucem
1235 2458 1398 2502 prodierit
1422 2457 1552 2501 quidam
1569 2456 1652 2490 liber
1669 2457 1786 2498 gallico
1798 2463 1884 2492 tonsis*
1904 2463 1982 2483 haers-

1797 2491 1886 2515 llelsque
1933 2495 1980 2509 sca·

1046 2513 1200 2547 idiomate
1226 2511 1343 2552 editus,
1366 2511 1415 2543 cui
1443 2511 1553 2543 titulus
1572 2509 1718 2542 Histoire
1741 2509 1785 2542 du
1795 2516 1980 2564 ffissssfmp⁰⁵¹¹¹ffl

1046 2565 1174 2601 Concile
1205 2564 1242 2599 de
1269 2565 1381 2599 Trente
1404 2563 1498 2598 ecrite
1522 2572 1560 2597 en
1584 2562 1701 2596 italien
1722 2573 1786 2607 pur
