<?xml version="1.0" encoding="UTF-8"?>
<!DOCTYPE html PUBLIC "-//W3C//DTD XHTML 1.0 Transitional//EN"
    "http://www.w3.org/TR/xhtml1/DTD/xhtml1-transitional.dtd">
<html xmlns="http://www.w3.org/1999/xhtml" xml:lang="en" lang="en">
 <head>
  <title>
</title>
<meta http-equiv="Content-Type" content="text/html;charset=utf-8" />
  <meta name='ocr-system' content='tesseract 3.04.00' />
  <meta name='ocr-capabilities' content='ocr_page ocr_carea ocr_par ocr_line ocrx_word'/>
</head>
<body>
  <div class='ocr_page' id='page_1' title='image "./bullarumdiplomat24cath_0253.png"; bbox 0 0 2232 3178; ppageno 0'>
   <div class='ocr_carea' id='block_1_1' title="bbox 43 205 224 237">
    <p class='ocr_par' dir='ltr' id='par_1_1' title="bbox 43 205 224 237">
     <span class='ocr_line' id='line_1_1' title="bbox 43 205 224 237; baseline -0.022 0"><span class='ocrx_word' id='word_1_1' title='bbox 43 210 92 237; x_wconf 79' lang='grc' dir='ltr'><strong>Αη,</strong></span> <span class='ocrx_word' id='word_1_2' title='bbox 107 208 136 235; x_wconf 89' lang='lat' dir='ltr'><strong>C.</strong></span> <span class='ocrx_word' id='word_1_3' title='bbox 158 205 224 234; x_wconf 76' lang='lat'>¹737</span> 
     </span>
    </p>
   </div>
   <div class='ocr_carea' id='block_1_2' title="bbox 43 268 209 321">
    <p class='ocr_par' dir='ltr' id='par_1_2' title="bbox 43 268 209 321">
     <span class='ocr_line' id='line_1_2' title="bbox 43 268 205 296; baseline -0.031 -3"><span class='ocrx_word' id='word_1_4' title='bbox 43 271 99 293; x_wconf 78' lang='lat' dir='ltr'><strong>cario</strong></span> <span class='ocrx_word' id='word_1_5' title='bbox 114 268 205 296; x_wconf 68' lang='lat' dir='ltr'><strong>generati</strong></span> 
     </span>
     <span class='ocr_line' id='line_1_3' title="bbox 43 297 209 321; baseline -0.012 -4"><span class='ocrx_word' id='word_1_6' title='bbox 43 302 112 318; x_wconf 73' lang='lat' dir='ltr'><strong>nmnes</strong></span> <span class='ocrx_word' id='word_1_7' title='bbox 123 297 209 321; x_wconf 76' lang='lat' dir='ltr'><strong>elai-gito</strong></span> 
     </span>
    </p>
   </div>
   <div class='ocr_carea' id='block_1_3' title="bbox 41 350 211 401">
    <p class='ocr_par' dir='ltr' id='par_1_3' title="bbox 41 350 211 401">
     <span class='ocr_line' id='line_1_4' title="bbox 43 350 211 372; baseline -0.018 -2"><span class='ocrx_word' id='word_1_8' title='bbox 43 350 119 370; x_wconf 73' lang='lat' dir='ltr'><strong>vicario</strong></span> <span class='ocrx_word' id='word_1_9' title='bbox 135 353 211 372; x_wconf 61' lang='lat' dir='ltr'><strong>gunni-o</strong></span> 
     </span>
     <span class='ocr_line' id='line_1_5' title="bbox 41 377 198 401; baseline -0.025 -3"><span class='ocrx_word' id='word_1_10' title='bbox 41 377 56 398; x_wconf 89' lang='lat' dir='ltr'><strong>li</strong></span> <span class='ocrx_word' id='word_1_11' title='bbox 70 377 198 401; x_wconf 69' lang='lat' dir='ltr'><strong>competunt.</strong></span> 
     </span>
    </p>
   </div>
   <div class='ocr_carea' id='block_1_4' title="bbox 57 903 222 930">
    <p class='ocr_par' dir='ltr' id='par_1_4' title="bbox 57 903 222 930">
     <span class='ocr_line' id='line_1_6' title="bbox 57 903 222 930; baseline -0.018 -4"><span class='ocrx_word' id='word_1_12' title='bbox 57 904 133 930; x_wconf 77' lang='lat' dir='ltr'><strong>sicque</strong></span> <span class='ocrx_word' id='word_1_13' title='bbox 144 903 222 929; x_wconf 78' lang='lat' dir='ltr'><strong>ubique</strong></span> 
     </span>
    </p>
   </div>
   <div class='ocr_carea' id='block_1_5' title="bbox 43 930 214 983">
    <p class='ocr_par' dir='ltr' id='par_1_5' title="bbox 43 930 214 983">
     <span class='ocr_line' id='line_1_7' title="bbox 43 930 214 954; baseline -0.012 -2"><span class='ocrx_word' id='word_1_14' title='bbox 43 933 134 954; x_wconf 70' lang='lat' dir='ltr'><strong>servari,</strong></span> <span class='ocrx_word' id='word_1_15' title='bbox 145 935 171 950; x_wconf 85' lang='lat' dir='ltr'><strong>ac</strong></span> <span class='ocrx_word' id='word_1_16' title='bbox 186 930 214 950; x_wconf 84' lang='lat' dir='ltr'><strong>de</strong></span> 
     </span>
     <span class='ocr_line' id='line_1_8' title="bbox 44 957 214 983; baseline -0.018 -5"><span class='ocrx_word' id='word_1_17' title='bbox 44 957 96 978; x_wconf 66' lang='lat' dir='ltr'><strong>nutri</strong></span> <span class='ocrx_word' id='word_1_18' title='bbox 112 958 214 983; x_wconf 75' lang='lat' dir='ltr'><strong>praecipu</strong></span> 
     </span>
    </p>
   </div>
   <div class='ocr_carea' id='block_1_6' title="bbox 100 1700 230 1722">
    <p class='ocr_par' dir='ltr' id='par_1_6' title="bbox 100 1700 230 1722">
     <span class='ocr_line' id='line_1_9' title="bbox 100 1700 230 1722; baseline 0.008 -1"><span class='ocrx_word' id='word_1_19' title='bbox 100 1700 165 1722; x_wconf 82' lang='lat' dir='ltr'><strong>Tollit</strong></span> <span class='ocrx_word' id='word_1_20' title='bbox 179 1705 230 1722; x_wconf 84' lang='lat' dir='ltr'><strong>con-</strong></span> 
     </span>
    </p>
   </div>
   <div class='ocr_carea' id='block_1_7' title="bbox 49 1727 121 1749">
    <p class='ocr_par' dir='ltr' id='par_1_7' title="bbox 49 1727 121 1749">
     <span class='ocr_line' id='line_1_10' title="bbox 49 1727 121 1749; baseline -0.014 0"><span class='ocrx_word' id='word_1_21' title='bbox 49 1727 121 1749; x_wconf 71' lang='lat' dir='ltr'><strong>traria.</strong></span> 
     </span>
    </p>
   </div>
   <div class='ocr_carea' id='block_1_8' title="bbox 43 300 221 347">
    <p class='ocr_par' dir='ltr' id='par_1_8' title="bbox 43 300 221 347">
     <span class='ocr_line' id='line_1_11' title="bbox 213 300 221 313; baseline 0 -9"><span class='ocrx_word' id='word_1_22' title='bbox 213 300 221 313; x_wconf 67' lang='grc' dir='ltr'><strong><em>Γ</em></strong></span> 
     </span>
     <span class='ocr_line' id='line_1_12' title="bbox 43 324 220 347; baseline -0.034 -2"><span class='ocrx_word' id='word_1_23' title='bbox 43 324 220 347; x_wconf 51' lang='grc' dir='ltr'><strong>[κσιιῐιεῑεκμμηε</strong></span> 
     </span>
    </p>
   </div>
   <div class='ocr_carea' id='block_1_9' title="bbox 215 250 991 2646">
    <p class='ocr_par' dir='ltr' id='par_1_9' title="bbox 215 250 977 876">
     <span class='ocr_line' id='line_1_13' title="bbox 216 250 971 295; baseline -0.007 -9"><span class='ocrx_word' id='word_1_24' title='bbox 216 253 369 291; x_wconf 77' lang='lat' dir='ltr'><strong>,vicarius</strong></span> <span class='ocrx_word' id='word_1_25' title='bbox 393 252 557 295; x_wconf 83' lang='lat' dir='ltr'><strong>generalis</strong></span> <span class='ocrx_word' id='word_1_26' title='bbox 579 252 682 284; x_wconf 87' lang='lat' dir='ltr'><strong>dictae</strong></span> <span class='ocrx_word' id='word_1_27' title='bbox 701 250 971 293; x_wconf 73' lang='lat' dir='ltr'><strong>Congregationis</strong></span> 
     </span>
     <span class='ocr_line' id='line_1_14' title="bbox 232 303 972 348; baseline -0.007 -10"><span class='ocrx_word' id='word_1_28' title='bbox 232 305 329 338; x_wconf 91' lang='lat' dir='ltr'><strong>modo</strong></span> <span class='ocrx_word' id='word_1_29' title='bbox 362 305 510 348; x_wconf 88' lang='lat' dir='ltr'><strong>superius</strong></span> <span class='ocrx_word' id='word_1_30' title='bbox 542 304 737 343; x_wconf 56' lang='lat' dir='ltr'><strong>emundato,</strong></span> <span class='ocrx_word' id='word_1_31' title='bbox 773 303 912 345; x_wconf 77' lang='lat' dir='ltr'><strong>gaudeat</strong></span> <span class='ocrx_word' id='word_1_32' title='bbox 937 313 972 334; x_wconf 86' lang='lat' dir='ltr'><strong>ac</strong></span> 
     </span>
     <span class='ocr_line' id='line_1_15' title="bbox 215 357 972 403; baseline -0.007 -11"><span class='ocrx_word' id='word_1_33' title='bbox 215 358 372 403; x_wconf 70' lang='lat' dir='ltr'><strong>&#39;potiatur</strong></span> <span class='ocrx_word' id='word_1_34' title='bbox 398 358 520 391; x_wconf 86' lang='lat' dir='ltr'><strong>eisdem</strong></span> <span class='ocrx_word' id='word_1_35' title='bbox 550 357 777 396; x_wconf 70' lang='lat' dir='ltr'><strong>lacultatibus,</strong></span> <span class='ocrx_word' id='word_1_36' title='bbox 815 366 892 399; x_wconf 86' lang='lat' dir='ltr'><strong>quas</strong></span> <span class='ocrx_word' id='word_1_37' title='bbox 930 357 972 388; x_wconf 73' lang='lat' dir='ltr'><strong>fc-</strong></span> 
     </span>
     <span class='ocr_line' id='line_1_16' title="bbox 232 409 972 452; baseline -0.007 -7"><span class='ocrx_word' id='word_1_38' title='bbox 232 412 302 446; x_wconf 91' lang='lat' dir='ltr'><strong>licis</strong></span> <span class='ocrx_word' id='word_1_39' title='bbox 341 411 579 445; x_wconf 84' lang='lat' dir='ltr'><strong>recordationis</strong></span> <span class='ocrx_word' id='word_1_40' title='bbox 619 411 766 444; x_wconf 80' lang='lat' dir='ltr'>Clemens</span> <span class='ocrx_word' id='word_1_41' title='bbox 810 410 894 452; x_wconf 81' lang='lat' dir='ltr'><strong>Papa</strong></span> <span class='ocrx_word' id='word_1_42' title='bbox 935 409 972 440; x_wconf 73' lang='lat' dir='ltr'><strong>xl</strong></span> 
     </span>
     <span class='ocr_line' id='line_1_17' title="bbox 232 461 972 509; baseline -0.007 -11"><span class='ocrx_word' id='word_1_43' title='bbox 232 465 466 509; x_wconf 86' lang='lat' dir='ltr'><strong>praedecessor</strong></span> <span class='ocrx_word' id='word_1_44' title='bbox 491 469 611 504; x_wconf 84' lang='lat' dir='ltr'><strong>noster,</strong></span> <span class='ocrx_word' id='word_1_45' title='bbox 636 474 695 507; x_wconf 90' lang='lat' dir='ltr'><strong>per</strong></span> <span class='ocrx_word' id='word_1_46' title='bbox 720 473 792 495; x_wconf 87' lang='lat' dir='ltr'><strong>suas</strong></span> <span class='ocrx_word' id='word_1_47' title='bbox 818 462 849 494; x_wconf 91' lang='lat' dir='ltr'><strong>in</strong></span> <span class='ocrx_word' id='word_1_48' title='bbox 876 461 972 494; x_wconf 78' lang='lat' dir='ltr'>simili</span> 
     </span>
     <span class='ocr_line' id='line_1_18' title="bbox 233 515 975 559; baseline -0.005 -9"><span class='ocrx_word' id='word_1_49' title='bbox 233 519 337 551; x_wconf 73' lang='lat' dir='ltr'><strong>forma</strong></span> <span class='ocrx_word' id='word_1_50' title='bbox 362 518 471 550; x_wconf 86' lang='lat' dir='ltr'><strong>Brevis</strong></span> <span class='ocrx_word' id='word_1_51' title='bbox 497 517 548 550; x_wconf 91' lang='lat' dir='ltr'><strong>die</strong></span> <span class='ocrx_word' id='word_1_52' title='bbox 575 527 604 550; x_wconf 78' lang='lat' dir='ltr'><strong>ix</strong></span> <span class='ocrx_word' id='word_1_53' title='bbox 629 515 825 559; x_wconf 72' lang='lat' dir='ltr'><strong>septembris</strong></span> <span class='ocrx_word' id='word_1_54' title='bbox 855 524 975 547; x_wconf 76' lang='lat' dir='ltr'><strong>uncciv</strong></span> 
     </span>
     <span class='ocr_line' id='line_1_19' title="bbox 233 567 974 613; baseline -0.007 -9"><span class='ocrx_word' id='word_1_55' title='bbox 233 571 402 613; x_wconf 85' lang='lat' dir='ltr'><strong>expeditas</strong></span> <span class='ocrx_word' id='word_1_56' title='bbox 427 571 574 609; x_wconf 84' lang='lat' dir='ltr'><strong>litteras,</strong></span> <span class='ocrx_word' id='word_1_57' title='bbox 605 580 664 613; x_wconf 92' lang='lat' dir='ltr'><strong>pro</strong></span> <span class='ocrx_word' id='word_1_58' title='bbox 692 574 838 612; x_wconf 89' lang='lat' dir='ltr'><strong>tempore</strong></span> <span class='ocrx_word' id='word_1_59' title='bbox 865 567 974 600; x_wconf 88' lang='lat' dir='ltr'><strong>itidem</strong></span> 
     </span>
     <span class='ocr_line' id='line_1_20' title="bbox 233 620 975 666; baseline -0.005 -10"><span class='ocrx_word' id='word_1_60' title='bbox 233 623 383 656; x_wconf 82' lang='lat' dir='ltr'><strong>existenti</strong></span> <span class='ocrx_word' id='word_1_61' title='bbox 407 623 527 656; x_wconf 82' lang='lat' dir='ltr'><strong>vicario</strong></span> <span class='ocrx_word' id='word_1_62' title='bbox 546 622 701 666; x_wconf 80' lang='lat' dir='ltr'><strong>generali,</strong></span> <span class='ocrx_word' id='word_1_63' title='bbox 722 621 787 654; x_wconf 79' lang='lat' dir='ltr'><strong>sive</strong></span> <span class='ocrx_word' id='word_1_64' title='bbox 808 620 975 653; x_wconf 89' lang='lat' dir='ltr'><strong>nominato</strong></span> 
     </span>
     <span class='ocr_line' id='line_1_21' title="bbox 232 674 976 720; baseline -0.005 -11"><span class='ocrx_word' id='word_1_65' title='bbox 232 687 249 709; x_wconf 84' lang='lat' dir='ltr'><strong>a</strong></span> <span class='ocrx_word' id='word_1_66' title='bbox 276 676 446 720; x_wconf 71' lang='lat' dir='ltr'>superiore</span> <span class='ocrx_word' id='word_1_67' title='bbox 472 675 626 718; x_wconf 84' lang='lat' dir='ltr'><strong>generali,</strong></span> <span class='ocrx_word' id='word_1_68' title='bbox 642 675 705 707; x_wconf 87' lang='lat' dir='ltr'><strong>sive</strong></span> <span class='ocrx_word' id='word_1_69' title='bbox 724 675 830 707; x_wconf 85' lang='lat' dir='ltr'><strong>electo</strong></span> <span class='ocrx_word' id='word_1_70' title='bbox 850 674 880 706; x_wconf 92' lang='lat' dir='ltr'><strong>in</strong></span> <span class='ocrx_word' id='word_1_71' title='bbox 899 684 976 706; x_wconf 89' lang='lat' dir='ltr'><strong>cou-</strong></span> 
     </span>
     <span class='ocr_line' id='line_1_22' title="bbox 233 727 977 772; baseline -0.004 -11"><span class='ocrx_word' id='word_1_72' title='bbox 233 734 331 762; x_wconf 89' lang='lat' dir='ltr'><strong>ventu</strong></span> <span class='ocrx_word' id='word_1_73' title='bbox 356 729 500 772; x_wconf 79' lang='lat' dir='ltr'><strong>generali</strong></span> <span class='ocrx_word' id='word_1_74' title='bbox 537 727 809 771; x_wconf 78' lang='lat' dir='ltr'><strong>Congregationis</strong></span> <span class='ocrx_word' id='word_1_75' title='bbox 846 727 977 770; x_wconf 84' lang='lat' dir='ltr'><strong>praedi-</strong></span> 
     </span>
     <span class='ocr_line' id='line_1_23' title="bbox 233 781 977 823; baseline -0.003 -9"><span class='ocrx_word' id='word_1_76' title='bbox 233 788 312 823; x_wconf 87' lang='lat' dir='ltr'><strong>ctae,</strong></span> <span class='ocrx_word' id='word_1_77' title='bbox 331 782 459 823; x_wconf 83' lang='lat' dir='ltr'><strong>tribuit,</strong></span> <span class='ocrx_word' id='word_1_78' title='bbox 481 781 674 815; x_wconf 79' lang='lat' dir='ltr'><strong>aiictoritate</strong></span> <span class='ocrx_word' id='word_1_79' title='bbox 698 787 729 814; x_wconf 95' lang='lat' dir='ltr'><strong>et</strong></span> <span class='ocrx_word' id='word_1_80' title='bbox 756 786 867 813; x_wconf 84' lang='lat' dir='ltr'><strong>tenore</strong></span> <span class='ocrx_word' id='word_1_81' title='bbox 887 790 977 823; x_wconf 87' lang='lat' dir='ltr'><strong>prae-</strong></span> 
     </span>
     <span class='ocr_line' id='line_1_24' title="bbox 234 833 892 876; baseline -0.005 -9"><span class='ocrx_word' id='word_1_82' title='bbox 234 834 349 876; x_wconf 78' lang='lat' dir='ltr'><strong>dictis,</strong></span> <span class='ocrx_word' id='word_1_83' title='bbox 376 835 589 868; x_wconf 81' lang='lat' dir='ltr'>concedimus</span> <span class='ocrx_word' id='word_1_84' title='bbox 616 839 648 867; x_wconf 82' lang='lat' dir='ltr'><strong>et</strong></span> <span class='ocrx_word' id='word_1_85' title='bbox 673 833 892 876; x_wconf 70' lang='lat' dir='ltr'>indulgemus.</span> 
     </span>
    </p>

    <p class='ocr_par' dir='ltr' id='par_1_10' title="bbox 218 887 984 1681">
     <span class='ocr_line' id='line_1_25' title="bbox 278 887 976 932; baseline -0.003 -11"><span class='ocrx_word' id='word_1_86' title='bbox 278 889 292 932; x_wconf 64' lang='grc' dir='ltr'><strong>ἓ</strong></span> <span class='ocrx_word' id='word_1_87' title='bbox 318 888 349 921; x_wconf 83' lang='grc'><strong>5.</strong></span> <span class='ocrx_word' id='word_1_88' title='bbox 377 889 605 928; x_wconf 88' lang='lat' dir='ltr'><strong>Decernentes,</strong></span> <span class='ocrx_word' id='word_1_89' title='bbox 633 887 761 920; x_wconf 84' lang='lat' dir='ltr'><strong>easdem</strong></span> <span class='ocrx_word' id='word_1_90' title='bbox 787 892 976 930; x_wconf 77' lang='lat' dir='ltr'>praesentes</span> 
     </span>
     <span class='ocr_line' id='line_1_26' title="bbox 218 940 978 985; baseline -0.004 -10"><span class='ocrx_word' id='word_1_91' title='bbox 218 940 359 975; x_wconf 65' lang='lat' dir='ltr'><strong>[litteras</strong></span> <span class='ocrx_word' id='word_1_92' title='bbox 384 952 512 985; x_wconf 89' lang='lat' dir='ltr'><strong>semper</strong></span> <span class='ocrx_word' id='word_1_93' title='bbox 538 940 670 981; x_wconf 82' lang='lat' dir='ltr'><strong>sirmas,</strong></span> <span class='ocrx_word' id='word_1_94' title='bbox 696 941 818 974; x_wconf 75' lang='lat' dir='ltr'><strong>validas</strong></span> <span class='ocrx_word' id='word_1_95' title='bbox 844 947 875 973; x_wconf 87' lang='lat' dir='ltr'><strong>et</strong></span> <span class='ocrx_word' id='word_1_96' title='bbox 912 940 978 973; x_wconf 83' lang='lat' dir='ltr'><strong>effi·</strong></span> 
     </span>
     <span class='ocr_line' id='line_1_27' title="bbox 235 994 978 1038; baseline -0.003 -10"><span class='ocrx_word' id='word_1_97' title='bbox 235 1005 329 1028; x_wconf 86' lang='lat' dir='ltr'><strong>caces</strong></span> <span class='ocrx_word' id='word_1_98' title='bbox 355 995 490 1028; x_wconf 75' lang='lat' dir='ltr'><strong>existere</strong></span> <span class='ocrx_word' id='word_1_99' title='bbox 517 1001 548 1028; x_wconf 89' lang='lat' dir='ltr'><strong>et</strong></span> <span class='ocrx_word' id='word_1_100' title='bbox 565 996 644 1034; x_wconf 86' lang='lat' dir='ltr'><strong>sore,</strong></span> <span class='ocrx_word' id='word_1_101' title='bbox 660 1005 799 1038; x_wconf 81' lang='lat' dir='ltr'><strong>suosque</strong></span> <span class='ocrx_word' id='word_1_102' title='bbox 814 994 978 1038; x_wconf 84' lang='lat' dir='ltr'><strong>plenarios</strong></span> 
     </span>
     <span class='ocr_line' id='line_1_28' title="bbox 236 1048 978 1092; baseline -0.001 -10"><span class='ocrx_word' id='word_1_103' title='bbox 236 1055 267 1082; x_wconf 88' lang='lat' dir='ltr'><strong>et</strong></span> <span class='ocrx_word' id='word_1_104' title='bbox 291 1048 436 1092; x_wconf 81' lang='lat' dir='ltr'><strong>integros</strong></span> <span class='ocrx_word' id='word_1_105' title='bbox 462 1048 593 1082; x_wconf 74' lang='lat' dir='ltr'><strong>effeetus</strong></span> <span class='ocrx_word' id='word_1_106' title='bbox 619 1048 727 1081; x_wconf 90' lang='lat' dir='ltr'><strong>sortiri</strong></span> <span class='ocrx_word' id='word_1_107' title='bbox 753 1054 783 1080; x_wconf 88' lang='lat' dir='ltr'><strong>et</strong></span> <span class='ocrx_word' id='word_1_108' title='bbox 817 1048 978 1086; x_wconf 78' lang='lat' dir='ltr'><strong>obtinere,</strong></span> 
     </span>
     <span class='ocr_line' id='line_1_29' title="bbox 237 1102 980 1146; baseline -0.003 -10"><span class='ocrx_word' id='word_1_109' title='bbox 237 1103 325 1136; x_wconf 85' lang='lat' dir='ltr'><strong>acab</strong></span> <span class='ocrx_word' id='word_1_110' title='bbox 342 1102 391 1140; x_wconf 85' lang='lat' dir='ltr'><strong>iis,</strong></span> <span class='ocrx_word' id='word_1_111' title='bbox 406 1103 445 1136; x_wconf 88' lang='lat' dir='ltr'><strong>ad</strong></span> <span class='ocrx_word' id='word_1_112' title='bbox 461 1113 540 1146; x_wconf 86' lang='lat' dir='ltr'><strong>quos</strong></span> <span class='ocrx_word' id='word_1_113' title='bbox 562 1107 686 1146; x_wconf 86' lang='lat' dir='ltr'><strong>spectat</strong></span> <span class='ocrx_word' id='word_1_114' title='bbox 705 1107 733 1135; x_wconf 91' lang='lat' dir='ltr'><strong>et</strong></span> <span class='ocrx_word' id='word_1_115' title='bbox 754 1112 814 1145; x_wconf 80' lang='lat' dir='ltr'><strong>pro</strong></span> <span class='ocrx_word' id='word_1_116' title='bbox 834 1107 980 1145; x_wconf 88' lang='lat' dir='ltr'><strong>tempore</strong></span> 
     </span>
     <span class='ocr_line' id='line_1_30' title="bbox 237 1155 981 1199; baseline -0.004 -11"><span class='ocrx_word' id='word_1_117' title='bbox 237 1156 509 1199; x_wconf 80' lang='lat' dir='ltr'><strong>quandocumque</strong></span> <span class='ocrx_word' id='word_1_118' title='bbox 536 1155 706 1199; x_wconf 78' lang='lat' dir='ltr'><strong>spectabit,</strong></span> <span class='ocrx_word' id='word_1_119' title='bbox 734 1155 764 1187; x_wconf 96' lang='lat' dir='ltr'><strong>in</strong></span> <span class='ocrx_word' id='word_1_120' title='bbox 784 1155 934 1187; x_wconf 89' lang='lat' dir='ltr'><strong>omnibus</strong></span> <span class='ocrx_word' id='word_1_121' title='bbox 951 1161 981 1188; x_wconf 84' lang='lat' dir='ltr'><strong>et</strong></span> 
     </span>
     <span class='ocr_line' id='line_1_31' title="bbox 238 1209 981 1252; baseline 0 -11"><span class='ocrx_word' id='word_1_122' title='bbox 238 1219 296 1252; x_wconf 86' lang='lat' dir='ltr'><strong>per</strong></span> <span class='ocrx_word' id='word_1_123' title='bbox 320 1209 429 1242; x_wconf 89' lang='lat' dir='ltr'><strong>omnia</strong></span> <span class='ocrx_word' id='word_1_124' title='bbox 454 1209 687 1242; x_wconf 86' lang='lat' dir='ltr'><strong>inviolabiliter</strong></span> <span class='ocrx_word' id='word_1_125' title='bbox 720 1209 886 1242; x_wconf 84' lang='lat' dir='ltr'><strong>observari</strong></span> <span class='ocrx_word' id='word_1_126' title='bbox 908 1236 914 1249; x_wconf 94' lang='lat'><strong>,</strong></span> <span class='ocrx_word' id='word_1_127' title='bbox 948 1209 981 1241; x_wconf 91' lang='lat' dir='ltr'><strong>il-</strong></span> 
     </span>
     <span class='ocr_line' id='line_1_32' title="bbox 237 1261 981 1306; baseline 0 -12"><span class='ocrx_word' id='word_1_128' title='bbox 237 1262 342 1306; x_wconf 81' lang='lat' dir='ltr'><strong>lisque</strong></span> <span class='ocrx_word' id='word_1_129' title='bbox 368 1262 549 1305; x_wconf 71' lang='lat' dir='ltr'><strong>respective</strong></span> <span class='ocrx_word' id='word_1_130' title='bbox 575 1261 767 1306; x_wconf 79' lang='lat' dir='ltr'><strong>plenissime</strong></span> <span class='ocrx_word' id='word_1_131' title='bbox 793 1261 981 1304; x_wconf 73' lang='lat' dir='ltr'><strong>suffragari,</strong></span> 
     </span>
     <span class='ocr_line' id='line_1_33' title="bbox 238 1315 982 1359; baseline 0 -11"><span class='ocrx_word' id='word_1_132' title='bbox 238 1315 349 1358; x_wconf 88' lang='lat' dir='ltr'><strong>sicque</strong></span> <span class='ocrx_word' id='word_1_133' title='bbox 382 1315 414 1348; x_wconf 90' lang='lat' dir='ltr'><strong>in</strong></span> <span class='ocrx_word' id='word_1_134' title='bbox 440 1315 629 1359; x_wconf 80' lang='lat' dir='ltr'><strong>praemissis</strong></span> <span class='ocrx_word' id='word_1_135' title='bbox 665 1326 723 1359; x_wconf 90' lang='lat' dir='ltr'><strong>per</strong></span> <span class='ocrx_word' id='word_1_136' title='bbox 755 1326 982 1359; x_wconf 85' lang='lat' dir='ltr'><strong>quoscumque</strong></span> 
     </span>
     <span class='ocr_line' id='line_1_34' title="bbox 238 1368 981 1411; baseline 0 -10"><span class='ocrx_word' id='word_1_137' title='bbox 238 1368 361 1402; x_wconf 89' lang='lat' dir='ltr'><strong>iudices</strong></span> <span class='ocrx_word' id='word_1_138' title='bbox 386 1369 569 1402; x_wconf 86' lang='lat' dir='ltr'><strong>ordinarios</strong></span> <span class='ocrx_word' id='word_1_139' title='bbox 603 1371 634 1402; x_wconf 85' lang='lat' dir='ltr'><strong>et</strong></span> <span class='ocrx_word' id='word_1_140' title='bbox 666 1369 857 1411; x_wconf 82' lang='lat' dir='ltr'><strong>delegatos,</strong></span> <span class='ocrx_word' id='word_1_141' title='bbox 885 1368 981 1401; x_wconf 87' lang='lat' dir='ltr'><strong>etiam</strong></span> 
     </span>
     <span class='ocr_line' id='line_1_35' title="bbox 237 1421 979 1466; baseline 0 -12"><span class='ocrx_word' id='word_1_142' title='bbox 237 1432 404 1455; x_wconf 81' lang='lat' dir='ltr'><strong>causarum</strong></span> <span class='ocrx_word' id='word_1_143' title='bbox 437 1422 547 1466; x_wconf 88' lang='lat' dir='ltr'><strong>palatii</strong></span> <span class='ocrx_word' id='word_1_144' title='bbox 584 1421 754 1465; x_wconf 87' lang='lat' dir='ltr'><strong>apostolici</strong></span> <span class='ocrx_word' id='word_1_145' title='bbox 791 1422 979 1463; x_wconf 76' lang='lat' dir='ltr'><strong>auditores,</strong></span> 
     </span>
     <span class='ocr_line' id='line_1_36' title="bbox 238 1475 984 1517; baseline 0.001 -9"><span class='ocrx_word' id='word_1_146' title='bbox 238 1475 375 1509; x_wconf 89' lang='lat' dir='ltr'><strong>iudicari</strong></span> <span class='ocrx_word' id='word_1_147' title='bbox 394 1482 425 1510; x_wconf 91' lang='lat' dir='ltr'><strong>et</strong></span> <span class='ocrx_word' id='word_1_148' title='bbox 443 1476 570 1510; x_wconf 79' lang='lat' dir='ltr'><strong>deliniri</strong></span> <span class='ocrx_word' id='word_1_149' title='bbox 596 1476 729 1517; x_wconf 86' lang='lat' dir='ltr'><strong>debere,</strong></span> <span class='ocrx_word' id='word_1_150' title='bbox 748 1486 783 1508; x_wconf 89' lang='lat' dir='ltr'><strong>ac</strong></span> <span class='ocrx_word' id='word_1_151' title='bbox 804 1476 928 1509; x_wconf 87' lang='lat' dir='ltr'><strong>irritum</strong></span> <span class='ocrx_word' id='word_1_152' title='bbox 953 1482 984 1509; x_wconf 88' lang='lat' dir='ltr'><strong>et</strong></span> 
     </span>
     <span class='ocr_line' id='line_1_37' title="bbox 239 1529 981 1574; baseline 0 -12"><span class='ocrx_word' id='word_1_153' title='bbox 239 1529 335 1563; x_wconf 86' lang='lat' dir='ltr'><strong>inane</strong></span> <span class='ocrx_word' id='word_1_154' title='bbox 360 1529 385 1563; x_wconf 89' lang='lat' dir='ltr'><strong>si</strong></span> <span class='ocrx_word' id='word_1_155' title='bbox 418 1541 514 1564; x_wconf 88' lang='lat' dir='ltr'><strong>secus</strong></span> <span class='ocrx_word' id='word_1_156' title='bbox 542 1540 644 1574; x_wconf 89' lang='lat' dir='ltr'><strong>super</strong></span> <span class='ocrx_word' id='word_1_157' title='bbox 675 1530 724 1563; x_wconf 88' lang='lat' dir='ltr'><strong>his</strong></span> <span class='ocrx_word' id='word_1_158' title='bbox 751 1541 768 1563; x_wconf 89' lang='lat' dir='ltr'><strong>a</strong></span> <span class='ocrx_word' id='word_1_159' title='bbox 793 1540 957 1574; x_wconf 88' lang='lat' dir='ltr'><strong>quoquam</strong></span> <span class='ocrx_word' id='word_1_160' title='bbox 974 1557 981 1571; x_wconf 96' lang='lat'><em>‚</em></span> 
     </span>
     <span class='ocr_line' id='line_1_38' title="bbox 238 1583 984 1627; baseline -0.001 -10"><span class='ocrx_word' id='word_1_161' title='bbox 238 1583 351 1627; x_wconf 85' lang='lat' dir='ltr'><strong>quavis</strong></span> <span class='ocrx_word' id='word_1_162' title='bbox 376 1584 582 1625; x_wconf 84' lang='lat' dir='ltr'><strong>auctoritate,</strong></span> <span class='ocrx_word' id='word_1_163' title='bbox 603 1584 744 1617; x_wconf 82' lang='lat' dir='ltr'><strong>scienter</strong></span> <span class='ocrx_word' id='word_1_164' title='bbox 771 1585 817 1617; x_wconf 89' lang='lat' dir='ltr'><strong>vel</strong></span> <span class='ocrx_word' id='word_1_165' title='bbox 837 1584 984 1627; x_wconf 78' lang='lat' dir='ltr'><strong>ignoran-</strong></span> 
     </span>
     <span class='ocr_line' id='line_1_39' title="bbox 239 1637 688 1681; baseline 0.002 -12"><span class='ocrx_word' id='word_1_166' title='bbox 239 1641 298 1676; x_wconf 84' lang='lat' dir='ltr'><strong>ter,</strong></span> <span class='ocrx_word' id='word_1_167' title='bbox 324 1638 499 1681; x_wconf 83' lang='lat' dir='ltr'><strong>contigerit</strong></span> <span class='ocrx_word' id='word_1_168' title='bbox 523 1637 688 1671; x_wconf 84' lang='lat' dir='ltr'><strong>attentari.</strong></span> 
     </span>
    </p>

    <p class='ocr_par' dir='ltr' id='par_1_11' title="bbox 240 1691 991 2646">
     <span class='ocr_line' id='line_1_40' title="bbox 283 1691 984 1736; baseline -0.001 -11"><span class='ocrx_word' id='word_1_169' title='bbox 283 1692 298 1736; x_wconf 78' lang='lat'>§</span> <span class='ocrx_word' id='word_1_170' title='bbox 322 1692 354 1725; x_wconf 83' lang='lat'><strong>6.</strong></span> <span class='ocrx_word' id='word_1_171' title='bbox 380 1691 450 1724; x_wconf 88' lang='lat' dir='ltr'><strong>Non</strong></span> <span class='ocrx_word' id='word_1_172' title='bbox 475 1692 684 1724; x_wconf 73' lang='lat' dir='ltr'><strong>obstantibus</strong></span> <span class='ocrx_word' id='word_1_173' title='bbox 713 1691 922 1735; x_wconf 82' lang='lat' dir='ltr'><strong>praemissis,</strong></span> <span class='ocrx_word' id='word_1_174' title='bbox 948 1702 984 1724; x_wconf 87' lang='lat' dir='ltr'><strong>ac</strong></span> 
     </span>
     <span class='ocr_line' id='line_1_41' title="bbox 240 1744 984 1788; baseline -0.003 -9"><span class='ocrx_word' id='word_1_175' title='bbox 240 1745 529 1779; x_wconf 83' lang='lat' dir='ltr'><strong>constitutionibus</strong></span> <span class='ocrx_word' id='word_1_176' title='bbox 555 1751 587 1779; x_wconf 90' lang='lat' dir='ltr'><strong>et</strong></span> <span class='ocrx_word' id='word_1_177' title='bbox 612 1744 874 1778; x_wconf 74' lang='lat' dir='ltr'><strong>ordinationibus</strong></span> <span class='ocrx_word' id='word_1_178' title='bbox 907 1755 984 1788; x_wconf 90' lang='lat' dir='ltr'><strong>apo-</strong></span> 
     </span>
     <span class='ocr_line' id='line_1_42' title="bbox 241 1798 985 1842; baseline -0.004 -9"><span class='ocrx_word' id='word_1_179' title='bbox 241 1799 380 1839; x_wconf 83' lang='lat' dir='ltr'><strong>stolicis,</strong></span> <span class='ocrx_word' id='word_1_180' title='bbox 406 1809 546 1838; x_wconf 85' lang='lat' dir='ltr'><strong>necnon,</strong></span> <span class='ocrx_word' id='word_1_181' title='bbox 572 1804 733 1842; x_wconf 83' lang='lat' dir='ltr'><strong>quatenus</strong></span> <span class='ocrx_word' id='word_1_182' title='bbox 758 1809 840 1842; x_wconf 87' lang='lat' dir='ltr'><strong>opus</strong></span> <span class='ocrx_word' id='word_1_183' title='bbox 866 1798 915 1838; x_wconf 87' lang='lat' dir='ltr'><strong>sit,</strong></span> <span class='ocrx_word' id='word_1_184' title='bbox 942 1799 985 1831; x_wconf 92' lang='lat' dir='ltr'><strong>di-</strong></span> 
     </span>
     <span class='ocr_line' id='line_1_43' title="bbox 242 1852 982 1895; baseline -0.003 -9"><span class='ocrx_word' id='word_1_185' title='bbox 242 1859 310 1886; x_wconf 82' lang='lat' dir='ltr'><strong>ctae</strong></span> <span class='ocrx_word' id='word_1_186' title='bbox 335 1852 628 1895; x_wconf 80' lang='lat' dir='ltr'><strong>Congregationis‚</strong></span> <span class='ocrx_word' id='word_1_187' title='bbox 659 1852 769 1885; x_wconf 91' lang='lat' dir='ltr'><strong>aliisve</strong></span> <span class='ocrx_word' id='word_1_188' title='bbox 795 1852 959 1895; x_wconf 79' lang='lat' dir='ltr'><strong>quibusvis</strong></span> <span class='ocrx_word' id='word_1_189' title='bbox 975 1879 982 1893; x_wconf 88' lang='lat'><strong>,</strong></span> 
     </span>
     <span class='ocr_line' id='line_1_44' title="bbox 242 1905 985 1949; baseline -0.001 -9"><span class='ocrx_word' id='word_1_190' title='bbox 242 1907 336 1941; x_wconf 82' lang='lat' dir='ltr'><strong>etiam</strong></span> <span class='ocrx_word' id='word_1_191' title='bbox 352 1906 535 1940; x_wconf 87' lang='lat' dir='ltr'><strong>iuramento</strong></span> <span class='ocrx_word' id='word_1_192' title='bbox 553 1933 560 1946; x_wconf 94' lang='lat'><strong>,</strong></span> <span class='ocrx_word' id='word_1_193' title='bbox 583 1905 829 1939; x_wconf 75' lang='lat' dir='ltr'><strong>confirmatione</strong></span> <span class='ocrx_word' id='word_1_194' title='bbox 855 1912 985 1949; x_wconf 83' lang='lat' dir='ltr'><strong>aposto-</strong></span> 
     </span>
     <span class='ocr_line' id='line_1_45' title="bbox 241 1959 982 2003; baseline -0.004 -9"><span class='ocrx_word' id='word_1_195' title='bbox 241 1960 310 2000; x_wconf 73' lang='lat' dir='ltr'><strong>lica,</strong></span> <span class='ocrx_word' id='word_1_196' title='bbox 327 1960 377 1993; x_wconf 89' lang='lat' dir='ltr'><strong>vel</strong></span> <span class='ocrx_word' id='word_1_197' title='bbox 400 1959 511 2003; x_wconf 86' lang='lat' dir='ltr'><strong>quavis</strong></span> <span class='ocrx_word' id='word_1_198' title='bbox 536 1959 686 1992; x_wconf 79' lang='lat' dir='ltr'><strong>firmitate</strong></span> <span class='ocrx_word' id='word_1_199' title='bbox 712 1959 774 1992; x_wconf 72' lang='lat' dir='ltr'><strong>alia</strong></span> <span class='ocrx_word' id='word_1_200' title='bbox 795 1960 958 1992; x_wconf 85' lang='lat' dir='ltr'><strong>roboratis</strong></span> <span class='ocrx_word' id='word_1_201' title='bbox 975 1987 982 2000; x_wconf 92' lang='lat'>‚</span> 
     </span>
     <span class='ocr_line' id='line_1_46' title="bbox 242 2012 984 2056; baseline -0.004 -9"><span class='ocrx_word' id='word_1_202' title='bbox 242 2013 368 2048; x_wconf 85' lang='lat' dir='ltr'><strong>statutis</strong></span> <span class='ocrx_word' id='word_1_203' title='bbox 402 2019 433 2046; x_wconf 84' lang='lat' dir='ltr'><strong>et</strong></span> <span class='ocrx_word' id='word_1_204' title='bbox 465 2012 775 2053; x_wconf 78' lang='lat' dir='ltr'><strong>consuetudinibus,</strong></span> <span class='ocrx_word' id='word_1_205' title='bbox 804 2012 984 2056; x_wconf 83' lang='lat' dir='ltr'><strong>privilegiis</strong></span> 
     </span>
     <span class='ocr_line' id='line_1_47' title="bbox 244 2066 981 2112; baseline -0.001 -12"><span class='ocrx_word' id='word_1_206' title='bbox 244 2077 402 2112; x_wconf 86' lang='lat' dir='ltr'><strong>quoque,</strong></span> <span class='ocrx_word' id='word_1_207' title='bbox 435 2066 570 2100; x_wconf 92' lang='lat' dir='ltr'><strong>indultis</strong></span> <span class='ocrx_word' id='word_1_208' title='bbox 607 2071 639 2099; x_wconf 87' lang='lat' dir='ltr'><strong>et</strong></span> <span class='ocrx_word' id='word_1_209' title='bbox 674 2066 789 2099; x_wconf 91' lang='lat' dir='ltr'><strong>litteris</strong></span> <span class='ocrx_word' id='word_1_210' title='bbox 823 2067 981 2109; x_wconf 90' lang='lat' dir='ltr'><strong>apostoli-</strong></span> 
     </span>
     <span class='ocr_line' id='line_1_48' title="bbox 243 2120 982 2165; baseline 0 -11"><span class='ocrx_word' id='word_1_211' title='bbox 243 2121 288 2154; x_wconf 91' lang='lat' dir='ltr'><strong>cis</strong></span> <span class='ocrx_word' id='word_1_212' title='bbox 319 2121 352 2154; x_wconf 92' lang='lat' dir='ltr'><strong>in</strong></span> <span class='ocrx_word' id='word_1_213' title='bbox 382 2121 586 2154; x_wconf 88' lang='lat' dir='ltr'><strong>contrarium</strong></span> <span class='ocrx_word' id='word_1_214' title='bbox 615 2120 869 2165; x_wconf 88' lang='lat' dir='ltr'><strong>praemissorum</strong></span> <span class='ocrx_word' id='word_1_215' title='bbox 900 2132 982 2164; x_wconf 87' lang='lat' dir='ltr'><strong>quo-</strong></span> 
     </span>
     <span class='ocr_line' id='line_1_49' title="bbox 244 2174 986 2214; baseline -0.003 -6"><span class='ocrx_word' id='word_1_216' title='bbox 244 2174 427 2208; x_wconf 82' lang='lat' dir='ltr'><strong>modolibet</strong></span> <span class='ocrx_word' id='word_1_217' title='bbox 451 2174 630 2214; x_wconf 85' lang='lat' dir='ltr'><strong>concessis,</strong></span> <span class='ocrx_word' id='word_1_218' title='bbox 656 2174 856 2207; x_wconf 78' lang='lat' dir='ltr'><strong>confirmatis</strong></span> <span class='ocrx_word' id='word_1_219' title='bbox 883 2180 915 2207; x_wconf 75' lang='lat' dir='ltr'><strong>et</strong></span> <span class='ocrx_word' id='word_1_220' title='bbox 938 2175 986 2206; x_wconf 90' lang='lat' dir='ltr'><strong>in-</strong></span> 
     </span>
     <span class='ocr_line' id='line_1_50' title="bbox 244 2226 984 2272; baseline 0 -12"><span class='ocrx_word' id='word_1_221' title='bbox 244 2226 391 2269; x_wconf 85' lang='lat' dir='ltr'><strong>novatis;</strong></span> <span class='ocrx_word' id='word_1_222' title='bbox 419 2228 537 2272; x_wconf 89' lang='lat' dir='ltr'><strong>quibus</strong></span> <span class='ocrx_word' id='word_1_223' title='bbox 574 2228 724 2261; x_wconf 91' lang='lat' dir='ltr'><strong>omnibus</strong></span> <span class='ocrx_word' id='word_1_224' title='bbox 760 2234 791 2261; x_wconf 87' lang='lat' dir='ltr'><strong>et</strong></span> <span class='ocrx_word' id='word_1_225' title='bbox 825 2228 984 2271; x_wconf 84' lang='lat' dir='ltr'><strong>singulis,</strong></span> 
     </span>
     <span class='ocr_line' id='line_1_51' title="bbox 245 2281 986 2326; baseline 0.001 -12"><span class='ocrx_word' id='word_1_226' title='bbox 245 2281 378 2315; x_wconf 90' lang='lat' dir='ltr'><strong>illorum</strong></span> <span class='ocrx_word' id='word_1_227' title='bbox 406 2287 536 2315; x_wconf 85' lang='lat' dir='ltr'><strong>tenores</strong></span> <span class='ocrx_word' id='word_1_228' title='bbox 562 2282 790 2325; x_wconf 85' lang='lat' dir='ltr'><strong>praesentibus</strong></span> <span class='ocrx_word' id='word_1_229' title='bbox 808 2293 867 2325; x_wconf 89' lang='lat' dir='ltr'><strong>pro</strong></span> <span class='ocrx_word' id='word_1_230' title='bbox 888 2283 986 2326; x_wconf 88' lang='lat' dir='ltr'><strong>plene</strong></span> 
     </span>
     <span class='ocr_line' id='line_1_52' title="bbox 245 2335 986 2380; baseline 0.001 -12"><span class='ocrx_word' id='word_1_231' title='bbox 245 2340 278 2368; x_wconf 90' lang='lat' dir='ltr'><strong>et</strong></span> <span class='ocrx_word' id='word_1_232' title='bbox 302 2335 500 2369; x_wconf 82' lang='lat' dir='ltr'><strong>sufficienter</strong></span> <span class='ocrx_word' id='word_1_233' title='bbox 514 2336 678 2380; x_wconf 83' lang='lat' dir='ltr'><strong>expressis</strong></span> <span class='ocrx_word' id='word_1_234' title='bbox 707 2347 744 2369; x_wconf 90' lang='lat' dir='ltr'><strong>ac</strong></span> <span class='ocrx_word' id='word_1_235' title='bbox 770 2336 809 2368; x_wconf 89' lang='lat' dir='ltr'><strong>de</strong></span> <span class='ocrx_word' id='word_1_236' title='bbox 828 2338 929 2369; x_wconf 81' lang='lat' dir='ltr'><strong>verbo</strong></span> <span class='ocrx_word' id='word_1_237' title='bbox 948 2337 986 2369; x_wconf 91' lang='lat' dir='ltr'><strong>ad</strong></span> 
     </span>
     <span class='ocr_line' id='line_1_53' title="bbox 246 2388 987 2429; baseline 0 -8"><span class='ocrx_word' id='word_1_238' title='bbox 246 2388 380 2421; x_wconf 89' lang='lat' dir='ltr'><strong>verbum</strong></span> <span class='ocrx_word' id='word_1_239' title='bbox 406 2388 537 2422; x_wconf 87' lang='lat' dir='ltr'><strong>insertis</strong></span> <span class='ocrx_word' id='word_1_240' title='bbox 561 2388 720 2422; x_wconf 86' lang='lat' dir='ltr'><strong>habentes</strong></span> <span class='ocrx_word' id='word_1_241' title='bbox 737 2415 744 2429; x_wconf 87' lang='lat'><strong>,</strong></span> <span class='ocrx_word' id='word_1_242' title='bbox 765 2389 828 2421; x_wconf 91' lang='lat' dir='ltr'><strong>illis</strong></span> <span class='ocrx_word' id='word_1_243' title='bbox 857 2389 935 2422; x_wconf 75' lang='lat' dir='ltr'><strong>alias</strong></span> <span class='ocrx_word' id='word_1_244' title='bbox 956 2389 987 2422; x_wconf 91' lang='lat' dir='ltr'><strong>in</strong></span> 
     </span>
     <span class='ocr_line' id='line_1_54' title="bbox 245 2442 990 2485; baseline 0.001 -11"><span class='ocrx_word' id='word_1_245' title='bbox 245 2452 303 2475; x_wconf 90' lang='lat' dir='ltr'><strong>suo</strong></span> <span class='ocrx_word' id='word_1_246' title='bbox 339 2442 460 2476; x_wconf 89' lang='lat' dir='ltr'><strong>robore</strong></span> <span class='ocrx_word' id='word_1_247' title='bbox 486 2442 708 2485; x_wconf 84' lang='lat' dir='ltr'><strong>permansuris</strong></span> <span class='ocrx_word' id='word_1_248' title='bbox 726 2469 733 2482; x_wconf 94' lang='lat'>‚</span> <span class='ocrx_word' id='word_1_249' title='bbox 766 2442 805 2475; x_wconf 85' lang='lat' dir='ltr'><strong>ad</strong></span> <span class='ocrx_word' id='word_1_250' title='bbox 834 2443 990 2485; x_wconf 90' lang='lat' dir='ltr'><strong>praemis-</strong></span> 
     </span>
     <span class='ocr_line' id='line_1_55' title="bbox 246 2494 986 2537; baseline -0.001 -9"><span class='ocrx_word' id='word_1_251' title='bbox 246 2505 358 2528; x_wconf 88' lang='lat' dir='ltr'><strong>sorum</strong></span> <span class='ocrx_word' id='word_1_252' title='bbox 395 2494 564 2535; x_wconf 71' lang='lat' dir='ltr'><strong>ellectum,</strong></span> <span class='ocrx_word' id='word_1_253' title='bbox 601 2495 661 2527; x_wconf 89' lang='lat' dir='ltr'><strong>hac</strong></span> <span class='ocrx_word' id='word_1_254' title='bbox 699 2495 767 2528; x_wconf 91' lang='lat' dir='ltr'><strong>vice</strong></span> <span class='ocrx_word' id='word_1_255' title='bbox 805 2495 986 2537; x_wconf 83' lang='lat' dir='ltr'><strong>dumtaxat,</strong></span> 
     </span>
     <span class='ocr_line' id='line_1_56' title="bbox 247 2548 991 2593; baseline 0 -10"><span class='ocrx_word' id='word_1_256' title='bbox 247 2548 435 2593; x_wconf 86' lang='lat' dir='ltr'><strong>specialiter</strong></span> <span class='ocrx_word' id='word_1_257' title='bbox 460 2554 492 2581; x_wconf 87' lang='lat' dir='ltr'><strong>et</strong></span> <span class='ocrx_word' id='word_1_258' title='bbox 516 2558 669 2592; x_wconf 85' lang='lat' dir='ltr'><strong>expresse</strong></span> <span class='ocrx_word' id='word_1_259' title='bbox 695 2548 912 2591; x_wconf 81' lang='lat' dir='ltr'><strong>derogamus;</strong></span> <span class='ocrx_word' id='word_1_260' title='bbox 940 2560 991 2583; x_wconf 89' lang='lat' dir='ltr'><strong>ce-</strong></span> 
     </span>
     <span class='ocr_line' id='line_1_57' title="bbox 248 2601 892 2646; baseline 0.002 -12"><span class='ocrx_word' id='word_1_261' title='bbox 248 2602 394 2646; x_wconf 85' lang='lat' dir='ltr'><strong>terisque</strong></span> <span class='ocrx_word' id='word_1_262' title='bbox 419 2601 592 2636; x_wconf 87' lang='lat' dir='ltr'><strong>contrariis</strong></span> <span class='ocrx_word' id='word_1_263' title='bbox 619 2601 892 2646; x_wconf 85' lang='lat' dir='ltr'><strong>quibuscumque.</strong></span> 
     </span>
    </p>
   </div>
   <div class='ocr_carea' id='block_1_10' title="bbox 853 201 1136 226">
    <p class='ocr_par' dir='ltr' id='par_1_12' title="bbox 853 201 1136 226">
     <span class='ocr_line' id='line_1_58' title="bbox 853 201 1136 226; baseline -0.004 -1"><span class='ocrx_word' id='word_1_264' title='bbox 853 201 994 226; x_wconf 82' lang='lat' dir='ltr'>CLEMENS</span> <span class='ocrx_word' id='word_1_265' title='bbox 1017 201 1064 225; x_wconf 73' lang='lat' dir='ltr'><strong>xil</strong></span> <span class='ocrx_word' id='word_1_266' title='bbox 1087 201 1136 224; x_wconf 77' lang='lat' dir='ltr'><strong>PP-</strong></span> 
     </span>
    </p>
   </div>
   <div class='ocr_carea' id='block_1_11' title="bbox 1016 187 1951 442">
    <p class='ocr_par' dir='ltr' id='par_1_13' title="bbox 1058 187 1951 291">
     <span class='ocr_line' id='line_1_59' title="bbox 1657 187 1951 225; baseline 0.014 -4"><span class='ocrx_word' id='word_1_267' title='bbox 1657 187 1721 221; x_wconf 64' lang='lat'><strong>219</strong></span> <span class='ocrx_word' id='word_1_268' title='bbox 1767 197 1951 225; x_wconf 76' lang='lat' dir='ltr'><strong>An.c.1737</strong></span> 
     </span>
     <span class='ocr_line' id='line_1_60' title="bbox 1058 246 1758 291; baseline -0.001 -10"><span class='ocrx_word' id='word_1_269' title='bbox 1058 250 1170 282; x_wconf 87' lang='lat' dir='ltr'><strong>Datum</strong></span> <span class='ocrx_word' id='word_1_270' title='bbox 1198 248 1328 289; x_wconf 82' lang='lat' dir='ltr'><strong>Romae,</strong></span> <span class='ocrx_word' id='word_1_271' title='bbox 1355 247 1438 291; x_wconf 88' lang='lat' dir='ltr'><strong>apud</strong></span> <span class='ocrx_word' id='word_1_272' title='bbox 1457 247 1488 281; x_wconf 81' lang='lat' dir='ltr'><strong>S.</strong></span> <span class='ocrx_word' id='word_1_273' title='bbox 1509 247 1639 280; x_wconf 86' lang='lat' dir='ltr'><strong>Mariam</strong></span> <span class='ocrx_word' id='word_1_274' title='bbox 1666 246 1758 280; x_wconf 86' lang='lat' dir='ltr'><strong>Maio-</strong></span> 
     </span>
    </p>

    <p class='ocr_par' dir='ltr' id='par_1_14' title="bbox 1017 300 1758 341">
     <span class='ocr_line' id='line_1_61' title="bbox 1017 300 1758 341; baseline -0.004 -6"><span class='ocrx_word' id='word_1_275' title='bbox 1017 313 1106 341; x_wconf 88' lang='lat' dir='ltr'><strong>rem,</strong></span> <span class='ocrx_word' id='word_1_276' title='bbox 1133 303 1193 335; x_wconf 84' lang='lat' dir='ltr'><strong>sub</strong></span> <span class='ocrx_word' id='word_1_277' title='bbox 1228 303 1350 335; x_wconf 89' lang='lat' dir='ltr'><strong>annulo</strong></span> <span class='ocrx_word' id='word_1_278' title='bbox 1384 301 1579 339; x_wconf 82' lang='lat' dir='ltr'><strong>Piscatoris,</strong></span> <span class='ocrx_word' id='word_1_279' title='bbox 1610 300 1661 333; x_wconf 91' lang='lat' dir='ltr'><strong>die</strong></span> <span class='ocrx_word' id='word_1_280' title='bbox 1686 310 1758 333; x_wconf 77' lang='lat' dir='ltr'><strong>xxvi</strong></span> 
     </span>
    </p>

    <p class='ocr_par' dir='ltr' id='par_1_15' title="bbox 1016 353 1758 399">
     <span class='ocr_line' id='line_1_62' title="bbox 1016 353 1758 399; baseline -0.005 -11"><span class='ocrx_word' id='word_1_281' title='bbox 1016 356 1120 388; x_wconf 85' lang='lat' dir='ltr'><strong>martii</strong></span> <span class='ocrx_word' id='word_1_282' title='bbox 1158 365 1377 393; x_wconf 66' lang='lat' dir='ltr'><strong>ainccxxxvu,</strong></span> <span class='ocrx_word' id='word_1_283' title='bbox 1414 353 1621 399; x_wconf 73' lang='lat' dir='ltr'><strong>pontificatus</strong></span> <span class='ocrx_word' id='word_1_284' title='bbox 1655 353 1758 386; x_wconf 82' lang='lat' dir='ltr'><strong>nostri</strong></span> 
     </span>
    </p>

    <p class='ocr_par' dir='ltr' id='par_1_16' title="bbox 1017 420 1181 442">
     <span class='ocr_line' id='line_1_63' title="bbox 1017 420 1181 442; baseline 0.006 -1"><span class='ocrx_word' id='word_1_285' title='bbox 1017 420 1101 442; x_wconf 86' lang='lat' dir='ltr'><strong>anno</strong></span> <span class='ocrx_word' id='word_1_286' title='bbox 1127 420 1181 442; x_wconf 85' lang='lat' dir='ltr'><strong>vu.</strong></span> 
     </span>
    </p>
   </div>
   <div class='ocr_carea' id='block_1_12' title="bbox 1053 469 1723 505">
    <p class='ocr_par' dir='ltr' id='par_1_17' title="bbox 1053 469 1723 505">
     <span class='ocr_line' id='line_1_64' title="bbox 1053 469 1723 505; baseline -0.004 -8"><span class='ocrx_word' id='word_1_287' title='bbox 1053 470 1110 497; x_wconf 86' lang='lat' dir='ltr'><strong>Dat.</strong></span> <span class='ocrx_word' id='word_1_288' title='bbox 1134 471 1176 497; x_wconf 81' lang='lat' dir='ltr'><strong>die</strong></span> <span class='ocrx_word' id='word_1_289' title='bbox 1196 470 1230 497; x_wconf 72' lang='lat'><strong>26</strong></span> <span class='ocrx_word' id='word_1_290' title='bbox 1251 471 1340 497; x_wconf 83' lang='lat' dir='ltr'><strong>martii</strong></span> <span class='ocrx_word' id='word_1_291' title='bbox 1364 471 1448 503; x_wconf 80' lang='lat'><strong>1737,</strong></span> <span class='ocrx_word' id='word_1_292' title='bbox 1470 469 1566 505; x_wconf 83' lang='lat' dir='ltr'><strong>pontis.</strong></span> <span class='ocrx_word' id='word_1_293' title='bbox 1587 477 1656 496; x_wconf 88' lang='lat' dir='ltr'><strong>anno</strong></span> <span class='ocrx_word' id='word_1_294' title='bbox 1678 475 1723 495; x_wconf 89' lang='lat' dir='ltr'><strong>vu.</strong></span> 
     </span>
    </p>
   </div>
   <div class='ocr_carea' id='block_1_13' title="bbox 1326 613 1450 647">
    <p class='ocr_par' dir='ltr' id='par_1_18' title="bbox 1326 613 1450 647">
     <span class='ocr_line' id='line_1_65' title="bbox 1326 613 1450 647; baseline -0.016 0"><span class='ocrx_word' id='word_1_295' title='bbox 1326 613 1450 647; x_wconf 78' lang='lat' dir='ltr'>CXCVI.</span> 
     </span>
    </p>
   </div>
   <div class='ocr_carea' id='block_1_14' title="bbox 1020 692 1762 886">
    <p class='ocr_par' dir='ltr' id='par_1_19' title="bbox 1020 692 1762 886">
     <span class='ocr_line' id='line_1_66' title="bbox 1020 692 1759 736; baseline -0.004 -10"><span class='ocrx_word' id='word_1_296' title='bbox 1020 693 1234 736; x_wconf 66' lang='lat' dir='ltr'><strong>Imlulyenlia</strong></span> <span class='ocrx_word' id='word_1_297' title='bbox 1266 693 1418 736; x_wconf 78' lang='lat' dir='ltr'><strong>plenaria</strong></span> <span class='ocrx_word' id='word_1_298' title='bbox 1452 693 1493 725; x_wconf 83' lang='lat' dir='ltr'><strong>iis</strong></span> <span class='ocrx_word' id='word_1_299' title='bbox 1525 693 1582 736; x_wconf 73' lang='lat' dir='ltr'><strong>qui</strong></span> <span class='ocrx_word' id='word_1_300' title='bbox 1610 692 1759 735; x_wconf 74' lang='lat' dir='ltr'><strong>aliquam</strong></span> 
     </span>
     <span class='ocr_line' id='line_1_67' title="bbox 1064 744 1761 788; baseline -0.003 -10"><span class='ocrx_word' id='word_1_301' title='bbox 1064 757 1102 778; x_wconf 62' lang='lat' dir='ltr'><strong>eas</strong></span> <span class='ocrx_word' id='word_1_302' title='bbox 1144 746 1283 779; x_wconf 69' lang='lat' dir='ltr'><strong>ecclesiis</strong></span> <span class='ocrx_word' id='word_1_303' title='bbox 1321 746 1512 778; x_wconf 75' lang='lat' dir='ltr'><strong>clericorum</strong></span> <span class='ocrx_word' id='word_1_304' title='bbox 1554 744 1761 788; x_wconf 66' lang='lat' dir='ltr'><strong>regyitlari&#39;um</strong></span> 
     </span>
     <span class='ocr_line' id='line_1_68' title="bbox 1065 798 1762 840; baseline -0.003 -9"><span class='ocrx_word' id='word_1_305' title='bbox 1065 799 1326 832; x_wconf 75' lang='lat' dir='ltr'><strong>Barnabilarum</strong></span> <span class='ocrx_word' id='word_1_306' title='bbox 1352 799 1558 832; x_wconf 69' lang='lat' dir='ltr'><strong>visitaverim</strong></span> <span class='ocrx_word' id='word_1_307' title='bbox 1597 798 1651 831; x_wconf 73' lang='lat' dir='ltr'><strong>die</strong></span> <span class='ocrx_word' id='word_1_308' title='bbox 1685 798 1762 840; x_wconf 75' lang='lat' dir='ltr'><strong>festo</strong></span> 
     </span>
     <span class='ocr_line' id='line_1_69' title="bbox 1064 853 1450 886; baseline 0 -2"><span class='ocrx_word' id='word_1_309' title='bbox 1064 854 1095 886; x_wconf 85' lang='lat' dir='ltr'><strong>S.</strong></span> <span class='ocrx_word' id='word_1_310' title='bbox 1125 853 1296 886; x_wconf 66' lang='lat' dir='ltr'><strong>Francrsci</strong></span> <span class='ocrx_word' id='word_1_311' title='bbox 1321 853 1450 885; x_wconf 76' lang='lat' dir='ltr'><strong>Sulesii.</strong></span> 
     </span>
    </p>
   </div>
   <div class='ocr_carea' id='block_1_15' title="bbox 1137 933 1649 1012">
    <p class='ocr_par' dir='ltr' id='par_1_20' title="bbox 1137 933 1649 1012">
     <span class='ocr_line' id='line_1_70' title="bbox 1230 933 1550 966; baseline 0 -6"><span class='ocrx_word' id='word_1_312' title='bbox 1230 934 1366 960; x_wconf 81' lang='lat' dir='ltr'><strong>Clemens</strong></span> <span class='ocrx_word' id='word_1_313' title='bbox 1388 934 1468 966; x_wconf 78' lang='lat' dir='ltr'><strong>Papa</strong></span> <span class='ocrx_word' id='word_1_314' title='bbox 1487 933 1550 965; x_wconf 81' lang='lat' dir='ltr'><strong>xt1.</strong></span> 
     </span>
     <span class='ocr_line' id='line_1_71' title="bbox 1137 977 1649 1012; baseline -0.004 -7"><span class='ocrx_word' id='word_1_315' title='bbox 1137 979 1172 1006; x_wconf 87' lang='lat' dir='ltr'><strong>ad</strong></span> <span class='ocrx_word' id='word_1_316' title='bbox 1194 981 1373 1012; x_wconf 80' lang='lat' dir='ltr'><strong>perpetuam</strong></span> <span class='ocrx_word' id='word_1_317' title='bbox 1395 978 1441 1005; x_wconf 79' lang='lat' dir='ltr'><strong>rei</strong></span> <span class='ocrx_word' id='word_1_318' title='bbox 1461 977 1649 1004; x_wconf 84' lang='lat' dir='ltr'><strong>memoriam.</strong></span> 
     </span>
    </p>
   </div>
   <div class='ocr_carea' id='block_1_16' title="bbox 1024 1047 1967 2645">
    <p class='ocr_par' dir='ltr' id='par_1_21' title="bbox 1024 1047 1960 2165">
     <span class='ocr_line' id='line_1_72' title="bbox 1067 1047 1959 1093; baseline -0.006 -11"><span class='ocrx_word' id='word_1_319' title='bbox 1067 1051 1082 1093; x_wconf 66' lang='grc' dir='ltr'><strong>ἓ</strong></span> <span class='ocrx_word' id='word_1_320' title='bbox 1108 1049 1138 1082; x_wconf 83' lang='grc'><strong>1.</strong></span> <span class='ocrx_word' id='word_1_321' title='bbox 1166 1050 1252 1082; x_wconf 78' lang='lat' dir='ltr'><strong>Alias</strong></span> <span class='ocrx_word' id='word_1_322' title='bbox 1279 1048 1382 1082; x_wconf 83' lang='lat' dir='ltr'><strong>felicis</strong></span> <span class='ocrx_word' id='word_1_323' title='bbox 1408 1047 1642 1081; x_wconf 76' lang='lat' dir='ltr'><strong>recordationis</strong></span> <span class='ocrx_word' id='word_1_324' title='bbox 1669 1047 1765 1080; x_wconf 83' lang='lat' dir='ltr'><strong>Bene·</strong></span> <span class='ocrx_word' id='word_1_325' title='bbox 1808 1057 1959 1083; x_wconf 51' lang='lat' dir='ltr'><strong>indulgenus-1</strong></span> 
     </span>
     <span class='ocr_line' id='line_1_73' title="bbox 1024 1084 1960 1144; baseline -0.005 -9"><span class='ocrx_word' id='word_1_326' title='bbox 1024 1103 1130 1136; x_wconf 80' lang='lat' dir='ltr'><strong>dictus</strong></span> <span class='ocrx_word' id='word_1_327' title='bbox 1158 1102 1216 1134; x_wconf 75' lang='lat' dir='ltr'><strong>Pr.</strong></span> <span class='ocrx_word' id='word_1_328' title='bbox 1247 1101 1332 1141; x_wconf 75' lang='lat' dir='ltr'><strong>Xlll,</strong></span> <span class='ocrx_word' id='word_1_329' title='bbox 1365 1102 1599 1144; x_wconf 75' lang='lat' dir='ltr'><strong>praedecessor</strong></span> <span class='ocrx_word' id='word_1_330' title='bbox 1624 1105 1736 1132; x_wconf 83' lang='lat' dir='ltr'><strong>noster</strong></span> <span class='ocrx_word' id='word_1_331' title='bbox 1756 1084 1960 1139; x_wconf 47' lang='lat' dir='ltr'><strong>‚il‘f&#39;istlussni&#39;iplssii</strong></span> 
     </span>
     <span class='ocr_line' id='line_1_74' title="bbox 1024 1137 1960 1197; baseline -0.005 -7"><span class='ocrx_word' id='word_1_332' title='bbox 1024 1157 1173 1191; x_wconf 84' lang='lat' dir='ltr'><strong>omnibus</strong></span> <span class='ocrx_word' id='word_1_333' title='bbox 1200 1162 1229 1189; x_wconf 86' lang='lat' dir='ltr'><strong>et</strong></span> <span class='ocrx_word' id='word_1_334' title='bbox 1257 1155 1394 1197; x_wconf 72' lang='lat' dir='ltr'><strong>singulis</strong></span> <span class='ocrx_word' id='word_1_335' title='bbox 1417 1155 1543 1187; x_wconf 82' lang='lat' dir='ltr'><strong>clericis</strong></span> <span class='ocrx_word' id='word_1_336' title='bbox 1563 1153 1765 1196; x_wconf 72' lang='lat' dir='ltr'><strong>regularibus</strong></span> <span class='ocrx_word' id='word_1_337' title='bbox 1777 1137 1960 1193; x_wconf 50' lang='lat' dir='ltr'><strong>{Zilss&#39;sslss&#39;llzffi&#39;ffl</strong></span> 
     </span>
     <span class='ocr_line' id='line_1_75' title="bbox 1024 1191 1960 1253; baseline -0.006 -10"><span class='ocrx_word' id='word_1_338' title='bbox 1024 1209 1290 1253; x_wconf 79' lang='lat' dir='ltr'><strong>Congregationis</strong></span> <span class='ocrx_word' id='word_1_339' title='bbox 1303 1208 1403 1241; x_wconf 87' lang='lat' dir='ltr'><strong>sancti</strong></span> <span class='ocrx_word' id='word_1_340' title='bbox 1417 1208 1504 1240; x_wconf 81' lang='lat' dir='ltr'><strong>Pauli</strong></span> <span class='ocrx_word' id='word_1_341' title='bbox 1520 1206 1674 1240; x_wconf 85' lang='lat' dir='ltr'><strong>Decollati</strong></span> <span class='ocrx_word' id='word_1_342' title='bbox 1692 1206 1765 1239; x_wconf 84' lang='lat' dir='ltr'><strong>Bar·</strong></span> <span class='ocrx_word' id='word_1_343' title='bbox 1776 1191 1885 1238; x_wconf 31' lang='lat' dir='ltr'><strong>{iiiiii-{3¹¹¹</strong></span> <span class='ocrx_word' id='word_1_344' title='bbox 1910 1191 1960 1211; x_wconf 40' lang='grc' dir='ltr'><strong>ΒΨ</strong></span> 
     </span>
     <span class='ocr_line' id='line_1_76' title="bbox 1025 1261 1766 1305; baseline -0.007 -8"><span class='ocrx_word' id='word_1_345' title='bbox 1025 1264 1209 1297; x_wconf 86' lang='lat' dir='ltr'><strong>nabitarum</strong></span> <span class='ocrx_word' id='word_1_346' title='bbox 1226 1267 1484 1305; x_wconf 87' lang='lat' dir='ltr'><strong>nuncupatorum</strong></span> <span class='ocrx_word' id='word_1_347' title='bbox 1503 1270 1576 1294; x_wconf 83' lang='lat' dir='ltr'><strong>vere</strong></span> <span class='ocrx_word' id='word_1_348' title='bbox 1595 1261 1766 1304; x_wconf 82' lang='lat' dir='ltr'><strong>poeniten-</strong></span> 
     </span>
     <span class='ocr_line' id='line_1_77' title="bbox 1027 1314 1766 1351; baseline -0.007 0"><span class='ocrx_word' id='word_1_349' title='bbox 1027 1319 1110 1351; x_wconf 90' lang='lat' dir='ltr'><strong>tibus</strong></span> <span class='ocrx_word' id='word_1_350' title='bbox 1137 1322 1168 1350; x_wconf 92' lang='lat' dir='ltr'><strong>et</strong></span> <span class='ocrx_word' id='word_1_351' title='bbox 1201 1316 1356 1350; x_wconf 75' lang='lat' dir='ltr'><strong>confessis</strong></span> <span class='ocrx_word' id='word_1_352' title='bbox 1375 1326 1410 1348; x_wconf 86' lang='lat' dir='ltr'><strong>ae</strong></span> <span class='ocrx_word' id='word_1_353' title='bbox 1427 1316 1517 1348; x_wconf 75' lang='lat' dir='ltr'><strong>sacra</strong></span> <span class='ocrx_word' id='word_1_354' title='bbox 1536 1314 1766 1348; x_wconf 86' lang='lat' dir='ltr'><strong>communione</strong></span> 
     </span>
     <span class='ocr_line' id='line_1_78' title="bbox 1026 1368 1766 1414; baseline -0.007 -10"><span class='ocrx_word' id='word_1_355' title='bbox 1026 1371 1168 1411; x_wconf 83' lang='lat' dir='ltr'><strong>resectis,</strong></span> <span class='ocrx_word' id='word_1_356' title='bbox 1185 1371 1238 1414; x_wconf 81' lang='lat' dir='ltr'><strong>qui</strong></span> <span class='ocrx_word' id='word_1_357' title='bbox 1265 1370 1406 1413; x_wconf 83' lang='lat' dir='ltr'><strong>aliquam</strong></span> <span class='ocrx_word' id='word_1_358' title='bbox 1434 1380 1469 1402; x_wconf 79' lang='lat' dir='ltr'><strong>ex</strong></span> <span class='ocrx_word' id='word_1_359' title='bbox 1498 1368 1645 1401; x_wconf 87' lang='lat' dir='ltr'><strong>ecclesiis</strong></span> <span class='ocrx_word' id='word_1_360' title='bbox 1663 1368 1766 1400; x_wconf 85' lang='lat' dir='ltr'><strong>dictae</strong></span> 
     </span>
     <span class='ocr_line' id='line_1_79' title="bbox 1026 1421 1768 1467; baseline -0.008 -9"><span class='ocrx_word' id='word_1_361' title='bbox 1026 1423 1294 1467; x_wconf 74' lang='lat' dir='ltr'><strong>Congregationis</strong></span> <span class='ocrx_word' id='word_1_362' title='bbox 1323 1423 1519 1466; x_wconf 83' lang='lat' dir='ltr'><strong>ubicumque</strong></span> <span class='ocrx_word' id='word_1_363' title='bbox 1557 1421 1768 1455; x_wconf 71' lang='lat' dir='ltr'><strong>existentibus</strong></span> 
     </span>
     <span class='ocr_line' id='line_1_80' title="bbox 1027 1474 1768 1518; baseline -0.007 -7"><span class='ocrx_word' id='word_1_364' title='bbox 1027 1478 1077 1512; x_wconf 90' lang='lat' dir='ltr'><strong>die</strong></span> <span class='ocrx_word' id='word_1_365' title='bbox 1105 1478 1185 1511; x_wconf 87' lang='lat' dir='ltr'><strong>sesto</strong></span> <span class='ocrx_word' id='word_1_366' title='bbox 1211 1476 1241 1510; x_wconf 88' lang='lat' dir='ltr'><strong>S.</strong></span> <span class='ocrx_word' id='word_1_367' title='bbox 1266 1476 1429 1509; x_wconf 85' lang='lat' dir='ltr'><strong>Francisci</strong></span> <span class='ocrx_word' id='word_1_368' title='bbox 1460 1475 1571 1509; x_wconf 81' lang='lat' dir='ltr'><strong>Salesii</strong></span> <span class='ocrx_word' id='word_1_369' title='bbox 1604 1486 1620 1508; x_wconf 88' lang='lat' dir='ltr'><strong>a</strong></span> <span class='ocrx_word' id='word_1_370' title='bbox 1655 1474 1768 1518; x_wconf 88' lang='lat' dir='ltr'><strong>primis</strong></span> 
     </span>
     <span class='ocr_line' id='line_1_81' title="bbox 1027 1528 1766 1575; baseline -0.007 -10"><span class='ocrx_word' id='word_1_371' title='bbox 1027 1532 1172 1575; x_wconf 88' lang='lat' dir='ltr'><strong>vesperis</strong></span> <span class='ocrx_word' id='word_1_372' title='bbox 1197 1541 1298 1573; x_wconf 84' lang='lat' dir='ltr'><strong>usque</strong></span> <span class='ocrx_word' id='word_1_373' title='bbox 1325 1531 1363 1563; x_wconf 91' lang='lat' dir='ltr'><strong>ad</strong></span> <span class='ocrx_word' id='word_1_374' title='bbox 1401 1540 1549 1563; x_wconf 86' lang='lat' dir='ltr'><strong>occasum</strong></span> <span class='ocrx_word' id='word_1_375' title='bbox 1586 1529 1665 1562; x_wconf 83' lang='lat' dir='ltr'><strong>solis</strong></span> <span class='ocrx_word' id='word_1_376' title='bbox 1702 1528 1766 1561; x_wconf 91' lang='lat' dir='ltr'><strong>diei</strong></span> 
     </span>
     <span class='ocr_line' id='line_1_82' title="bbox 1029 1581 1768 1626; baseline -0.007 -8"><span class='ocrx_word' id='word_1_377' title='bbox 1029 1584 1213 1619; x_wconf 86' lang='lat' dir='ltr'><strong>huiusmodi</strong></span> <span class='ocrx_word' id='word_1_378' title='bbox 1239 1584 1373 1626; x_wconf 78' lang='lat' dir='ltr'><strong>singulis</strong></span> <span class='ocrx_word' id='word_1_379' title='bbox 1399 1583 1491 1616; x_wconf 79' lang='lat' dir='ltr'><strong>annis</strong></span> <span class='ocrx_word' id='word_1_380' title='bbox 1513 1583 1628 1615; x_wconf 84' lang='lat' dir='ltr'><strong>devote</strong></span> <span class='ocrx_word' id='word_1_381' title='bbox 1647 1581 1768 1614; x_wconf 87' lang='lat' dir='ltr'><strong>visitas-</strong></span> 
     </span>
     <span class='ocr_line' id='line_1_83' title="bbox 1028 1634 1767 1681; baseline -0.008 -9"><span class='ocrx_word' id='word_1_382' title='bbox 1028 1645 1111 1679; x_wconf 87' lang='lat' dir='ltr'><strong>sent,</strong></span> <span class='ocrx_word' id='word_1_383' title='bbox 1132 1644 1164 1671; x_wconf 78' lang='lat' dir='ltr'><strong>ct</strong></span> <span class='ocrx_word' id='word_1_384' title='bbox 1177 1638 1219 1670; x_wconf 92' lang='lat' dir='ltr'><strong>ibi</strong></span> <span class='ocrx_word' id='word_1_385' title='bbox 1240 1648 1297 1681; x_wconf 88' lang='lat' dir='ltr'><strong>pro</strong></span> <span class='ocrx_word' id='word_1_386' title='bbox 1315 1637 1567 1670; x_wconf 85' lang='lat' dir='ltr'><strong>christianorum</strong></span> <span class='ocrx_word' id='word_1_387' title='bbox 1584 1634 1767 1678; x_wconf 78' lang='lat' dir='ltr'><strong>principum</strong></span> 
     </span>
     <span class='ocr_line' id='line_1_84' title="bbox 1028 1688 1768 1732; baseline -0.007 -7"><span class='ocrx_word' id='word_1_388' title='bbox 1028 1691 1218 1730; x_wconf 78' lang='lat' dir='ltr'><strong>concordia,</strong></span> <span class='ocrx_word' id='word_1_389' title='bbox 1254 1691 1425 1723; x_wconf 81' lang='lat' dir='ltr'><strong>haeresum</strong></span> <span class='ocrx_word' id='word_1_390' title='bbox 1459 1688 1698 1732; x_wconf 82' lang='lat' dir='ltr'><strong>extirpatione,</strong></span> <span class='ocrx_word' id='word_1_391' title='bbox 1733 1698 1768 1720; x_wconf 87' lang='lat' dir='ltr'><strong>ac</strong></span> 
     </span>
     <span class='ocr_line' id='line_1_85' title="bbox 1027 1742 1767 1786; baseline -0.008 -7"><span class='ocrx_word' id='word_1_392' title='bbox 1027 1745 1108 1779; x_wconf 83' lang='lat' dir='ltr'>S.M.</span> <span class='ocrx_word' id='word_1_393' title='bbox 1121 1745 1155 1777; x_wconf 83' lang='lat' dir='ltr'><strong>E.</strong></span> <span class='ocrx_word' id='word_1_394' title='bbox 1177 1743 1370 1777; x_wconf 82' lang='lat' dir='ltr'><strong>exaltatione</strong></span> <span class='ocrx_word' id='word_1_395' title='bbox 1386 1743 1454 1786; x_wconf 89' lang='lat' dir='ltr'><strong>pias</strong></span> <span class='ocrx_word' id='word_1_396' title='bbox 1473 1743 1510 1775; x_wconf 74' lang='lat' dir='ltr'><strong>ai]</strong></span> <span class='ocrx_word' id='word_1_397' title='bbox 1538 1742 1637 1775; x_wconf 88' lang='lat' dir='ltr'><strong>Deum</strong></span> <span class='ocrx_word' id='word_1_398' title='bbox 1652 1752 1767 1785; x_wconf 73' lang='lat' dir='ltr'><strong>preces</strong></span> 
     </span>
     <span class='ocr_line' id='line_1_86' title="bbox 1028 1795 1770 1841; baseline -0.007 -9"><span class='ocrx_word' id='word_1_399' title='bbox 1028 1798 1221 1839; x_wconf 70' lang='lat' dir='ltr'><strong>ell&#39;uderint,</strong></span> <span class='ocrx_word' id='word_1_400' title='bbox 1249 1796 1426 1841; x_wconf 85' lang='lat' dir='ltr'><strong>plenariam</strong></span> <span class='ocrx_word' id='word_1_401' title='bbox 1454 1795 1598 1828; x_wconf 89' lang='lat' dir='ltr'><strong>omnium</strong></span> <span class='ocrx_word' id='word_1_402' title='bbox 1625 1800 1770 1838; x_wconf 81' lang='lat' dir='ltr'><strong>peccato-</strong></span> 
     </span>
     <span class='ocr_line' id='line_1_87' title="bbox 1029 1848 1770 1893; baseline -0.007 -8"><span class='ocrx_word' id='word_1_403' title='bbox 1029 1864 1098 1885; x_wconf 90' lang='lat' dir='ltr'><strong>rum</strong></span> <span class='ocrx_word' id='word_1_404' title='bbox 1125 1862 1260 1885; x_wconf 89' lang='lat' dir='ltr'><strong>suorum</strong></span> <span class='ocrx_word' id='word_1_405' title='bbox 1289 1850 1522 1893; x_wconf 76' lang='lat' dir='ltr'><strong>indulgentiam</strong></span> <span class='ocrx_word' id='word_1_406' title='bbox 1549 1855 1580 1881; x_wconf 85' lang='lat' dir='ltr'><strong>et</strong></span> <span class='ocrx_word' id='word_1_407' title='bbox 1606 1848 1770 1882; x_wconf 80' lang='lat' dir='ltr'><strong>remissio-</strong></span> 
     </span>
     <span class='ocr_line' id='line_1_88' title="bbox 1028 1902 1769 1945; baseline -0.008 -6"><span class='ocrx_word' id='word_1_408' title='bbox 1028 1917 1101 1939; x_wconf 91' lang='lat' dir='ltr'><strong>nem</strong></span> <span class='ocrx_word' id='word_1_409' title='bbox 1129 1905 1381 1938; x_wconf 84' lang='lat' dir='ltr'><strong>misericorditer</strong></span> <span class='ocrx_word' id='word_1_410' title='bbox 1406 1903 1438 1935; x_wconf 94' lang='lat' dir='ltr'><strong>in</strong></span> <span class='ocrx_word' id='word_1_411' title='bbox 1457 1903 1591 1936; x_wconf 86' lang='lat' dir='ltr'><strong>Domino</strong></span> <span class='ocrx_word' id='word_1_412' title='bbox 1609 1902 1769 1945; x_wconf 74' lang='lat' dir='ltr'><strong>perpetuo</strong></span> 
     </span>
     <span class='ocr_line' id='line_1_89' title="bbox 1028 1955 1772 2002; baseline -0.008 -9"><span class='ocrx_word' id='word_1_413' title='bbox 1028 1960 1197 1999; x_wconf 82' lang='lat' dir='ltr'><strong>concessit,</strong></span> <span class='ocrx_word' id='word_1_414' title='bbox 1211 1964 1304 2002; x_wconf 87' lang='lat' dir='ltr'><strong>prout</strong></span> <span class='ocrx_word' id='word_1_415' title='bbox 1322 1958 1352 1990; x_wconf 94' lang='lat' dir='ltr'><strong>in</strong></span> <span class='ocrx_word' id='word_1_416' title='bbox 1373 1957 1488 1990; x_wconf 92' lang='lat' dir='ltr'><strong>litteris</strong></span> <span class='ocrx_word' id='word_1_417' title='bbox 1510 1956 1541 1988; x_wconf 91' lang='lat' dir='ltr'><strong>in</strong></span> <span class='ocrx_word' id='word_1_418' title='bbox 1561 1955 1655 1988; x_wconf 89' lang='lat' dir='ltr'><strong>simili</strong></span> <span class='ocrx_word' id='word_1_419' title='bbox 1670 1956 1772 1987; x_wconf 70' lang='lat' dir='ltr'><strong>fornia</strong></span> 
     </span>
     <span class='ocr_line' id='line_1_90' title="bbox 1029 2009 1771 2054; baseline -0.007 -8"><span class='ocrx_word' id='word_1_420' title='bbox 1029 2013 1138 2046; x_wconf 85' lang='lat' dir='ltr'><strong>Brevis</strong></span> <span class='ocrx_word' id='word_1_421' title='bbox 1165 2013 1216 2045; x_wconf 90' lang='lat' dir='ltr'><strong>die</strong></span> <span class='ocrx_word' id='word_1_422' title='bbox 1241 2022 1285 2045; x_wconf 80' lang='lat' dir='ltr'><strong>vu</strong></span> <span class='ocrx_word' id='word_1_423' title='bbox 1311 2010 1423 2054; x_wconf 87' lang='lat' dir='ltr'><strong>aprilis</strong></span> <span class='ocrx_word' id='word_1_424' title='bbox 1448 2018 1635 2043; x_wconf 73' lang='lat' dir='ltr'><strong>unccxxvui</strong></span> <span class='ocrx_word' id='word_1_425' title='bbox 1665 2009 1771 2052; x_wconf 89' lang='lat' dir='ltr'><strong>ponti-</strong></span> 
     </span>
     <span class='ocr_line' id='line_1_91' title="bbox 1029 2063 1769 2107; baseline -0.007 -8"><span class='ocrx_word' id='word_1_426' title='bbox 1029 2067 1140 2100; x_wconf 75' lang='lat' dir='ltr'><strong>ficatus</strong></span> <span class='ocrx_word' id='word_1_427' title='bbox 1167 2066 1214 2098; x_wconf 86' lang='lat' dir='ltr'><strong>sui</strong></span> <span class='ocrx_word' id='word_1_428' title='bbox 1252 2075 1335 2098; x_wconf 83' lang='lat' dir='ltr'><strong>anno</strong></span> <span class='ocrx_word' id='word_1_429' title='bbox 1373 2074 1403 2097; x_wconf 84' lang='lat' dir='ltr'><strong>iv</strong></span> <span class='ocrx_word' id='word_1_430' title='bbox 1435 2064 1575 2107; x_wconf 84' lang='lat' dir='ltr'><strong>desuper</strong></span> <span class='ocrx_word' id='word_1_431' title='bbox 1612 2063 1769 2106; x_wconf 71' lang='lat' dir='ltr'><strong>expeditis</strong></span> 
     </span>
     <span class='ocr_line' id='line_1_92' title="bbox 1030 2120 1374 2165; baseline -0.009 -11"><span class='ocrx_word' id='word_1_432' title='bbox 1030 2121 1156 2165; x_wconf 87' lang='lat' dir='ltr'><strong>plenius</strong></span> <span class='ocrx_word' id='word_1_433' title='bbox 1181 2120 1374 2152; x_wconf 86' lang='lat' dir='ltr'><strong>continetur.</strong></span> 
     </span>
    </p>

    <p class='ocr_par' dir='ltr' id='par_1_22' title="bbox 1030 2169 1967 2645">
     <span class='ocr_line' id='line_1_93' title="bbox 1075 2169 1966 2223; baseline -0.007 -17"><span class='ocrx_word' id='word_1_434' title='bbox 1075 2175 1089 2218; x_wconf 60' lang='grc' dir='ltr'>ᾗ</span> <span class='ocrx_word' id='word_1_435' title='bbox 1114 2174 1144 2206; x_wconf 70' lang='lat'><strong>2.</strong></span> <span class='ocrx_word' id='word_1_436' title='bbox 1179 2173 1269 2205; x_wconf 90' lang='lat' dir='ltr'><strong>Nunc</strong></span> <span class='ocrx_word' id='word_1_437' title='bbox 1295 2178 1400 2205; x_wconf 86' lang='lat' dir='ltr'><strong>autem</strong></span> <span class='ocrx_word' id='word_1_438' title='bbox 1428 2181 1501 2211; x_wconf 89' lang='lat' dir='ltr'><strong>uos,</strong></span> <span class='ocrx_word' id='word_1_439' title='bbox 1528 2171 1566 2203; x_wconf 88' lang='lat' dir='ltr'><strong>ad</strong></span> <span class='ocrx_word' id='word_1_440' title='bbox 1592 2169 1770 2212; x_wconf 74' lang='lat' dir='ltr'><strong>augendam</strong></span> <span class='ocrx_word' id='word_1_441' title='bbox 1783 2175 1966 2223; x_wconf 38' lang='lat' dir='ltr'><strong>wlffinlmfffflneess</strong></span> 
     </span>
     <span class='ocr_line' id='line_1_94' title="bbox 1030 2223 1967 2277; baseline -0.013 -18"><span class='ocrx_word' id='word_1_442' title='bbox 1030 2227 1173 2260; x_wconf 81' lang='lat' dir='ltr'><strong>fidelium</strong></span> <span class='ocrx_word' id='word_1_443' title='bbox 1200 2226 1393 2268; x_wconf 82' lang='lat' dir='ltr'><strong>religionem</strong></span> <span class='ocrx_word' id='word_1_444' title='bbox 1420 2230 1450 2257; x_wconf 90' lang='lat' dir='ltr'><strong>et</strong></span> <span class='ocrx_word' id='word_1_445' title='bbox 1474 2224 1653 2256; x_wconf 87' lang='lat' dir='ltr'><strong>animarum</strong></span> <span class='ocrx_word' id='word_1_446' title='bbox 1691 2223 1967 2277; x_wconf 54' lang='lat' dir='ltr'><strong>5³¹¹¹·³;¹03¹g¹,2;³⁵⁰¹“¹·</strong></span> 
     </span>
     <span class='ocr_line' id='line_1_95' title="bbox 1032 2263 1891 2319; baseline -0.008 -6"><span class='ocrx_word' id='word_1_447' title='bbox 1032 2286 1096 2313; x_wconf 89' lang='lat' dir='ltr'><strong>tem</strong></span> <span class='ocrx_word' id='word_1_448' title='bbox 1123 2279 1317 2313; x_wconf 81' lang='lat' dir='ltr'><strong>caelestibus</strong></span> <span class='ocrx_word' id='word_1_449' title='bbox 1344 2278 1505 2311; x_wconf 84' lang='lat' dir='ltr'><strong>Ecclesiae</strong></span> <span class='ocrx_word' id='word_1_450' title='bbox 1533 2276 1693 2310; x_wconf 88' lang='lat' dir='ltr'><strong>thesauris</strong></span> <span class='ocrx_word' id='word_1_451' title='bbox 1717 2263 1807 2319; x_wconf 65' lang='lat' dir='ltr'><strong>pia⁸&#39;</strong></span> <span class='ocrx_word' id='word_1_452' title='bbox 1888 2271 1891 2277; x_wconf 86' lang='lat'>&#39;</span> 
     </span>
     <span class='ocr_line' id='line_1_96' title="bbox 1031 2329 1771 2374; baseline -0.009 -6"><span class='ocrx_word' id='word_1_453' title='bbox 1031 2335 1187 2368; x_wconf 82' lang='lat' dir='ltr'><strong>charitate</strong></span> <span class='ocrx_word' id='word_1_454' title='bbox 1208 2333 1333 2373; x_wconf 88' lang='lat' dir='ltr'><strong>intenti,</strong></span> <span class='ocrx_word' id='word_1_455' title='bbox 1353 2343 1389 2365; x_wconf 85' lang='lat' dir='ltr'><strong>ac</strong></span> <span class='ocrx_word' id='word_1_456' title='bbox 1406 2333 1444 2365; x_wconf 86' lang='lat' dir='ltr'><strong>‹lc</strong></span> <span class='ocrx_word' id='word_1_457' title='bbox 1463 2330 1696 2374; x_wconf 86' lang='lat' dir='ltr'><strong>omnipotentis</strong></span> <span class='ocrx_word' id='word_1_458' title='bbox 1715 2329 1771 2362; x_wconf 90' lang='lat' dir='ltr'><strong>Dei</strong></span> 
     </span>
     <span class='ocr_line' id='line_1_97' title="bbox 1032 2383 1771 2421; baseline -0.009 0"><span class='ocrx_word' id='word_1_459' title='bbox 1032 2387 1255 2421; x_wconf 75' lang='lat' dir='ltr'><strong>misericordia</strong></span> <span class='ocrx_word' id='word_1_460' title='bbox 1281 2393 1312 2419; x_wconf 89' lang='lat' dir='ltr'><strong>et</strong></span> <span class='ocrx_word' id='word_1_461' title='bbox 1338 2387 1505 2419; x_wconf 84' lang='lat' dir='ltr'><strong>beatorum</strong></span> <span class='ocrx_word' id='word_1_462' title='bbox 1532 2384 1616 2416; x_wconf 84' lang='lat' dir='ltr'><strong>Petri</strong></span> <span class='ocrx_word' id='word_1_463' title='bbox 1636 2389 1666 2416; x_wconf 87' lang='lat' dir='ltr'><strong>et</strong></span> <span class='ocrx_word' id='word_1_464' title='bbox 1683 2383 1771 2415; x_wconf 79' lang='lat' dir='ltr'><strong>Pauli</strong></span> 
     </span>
     <span class='ocr_line' id='line_1_98' title="bbox 1032 2435 1768 2485; baseline -0.011 -10"><span class='ocrx_word' id='word_1_465' title='bbox 1032 2442 1258 2485; x_wconf 84' lang='lat' dir='ltr'><strong>apostolorum</strong></span> <span class='ocrx_word' id='word_1_466' title='bbox 1296 2439 1365 2472; x_wconf 79' lang='lat' dir='ltr'><strong>cius</strong></span> <span class='ocrx_word' id='word_1_467' title='bbox 1406 2438 1594 2471; x_wconf 86' lang='lat' dir='ltr'><strong>auctoritate</strong></span> <span class='ocrx_word' id='word_1_468' title='bbox 1634 2435 1768 2475; x_wconf 78' lang='lat' dir='ltr'><strong>conlisi,</strong></span> 
     </span>
     <span class='ocr_line' id='line_1_99' title="bbox 1034 2489 1774 2537; baseline -0.011 -8"><span class='ocrx_word' id='word_1_469' title='bbox 1034 2506 1161 2529; x_wconf 85' lang='lat' dir='ltr'><strong>necnon</strong></span> <span class='ocrx_word' id='word_1_470' title='bbox 1189 2492 1484 2537; x_wconf 80' lang='lat' dir='ltr'><strong>supplicationibus</strong></span> <span class='ocrx_word' id='word_1_471' title='bbox 1510 2491 1619 2523; x_wconf 86' lang='lat' dir='ltr'><strong>dilecti</strong></span> <span class='ocrx_word' id='word_1_472' title='bbox 1645 2489 1701 2523; x_wconf 84' lang='lat' dir='ltr'><strong>lilii</strong></span> <span class='ocrx_word' id='word_1_473' title='bbox 1727 2489 1774 2522; x_wconf 92' lang='lat' dir='ltr'><strong>lo-</strong></span> 
     </span>
     <span class='ocr_line' id='line_1_100' title="bbox 1033 2542 1773 2590; baseline -0.009 -9"><span class='ocrx_word' id='word_1_474' title='bbox 1033 2549 1126 2581; x_wconf 87' lang='lat' dir='ltr'><strong>annis</strong></span> <span class='ocrx_word' id='word_1_475' title='bbox 1164 2547 1324 2590; x_wconf 82' lang='lat' dir='ltr'><strong>Baptistae</strong></span> <span class='ocrx_word' id='word_1_476' title='bbox 1361 2545 1514 2587; x_wconf 82' lang='lat' dir='ltr'><strong>Gropallo</strong></span> <span class='ocrx_word' id='word_1_477' title='bbox 1550 2542 1773 2587; x_wconf 79' lang='lat' dir='ltr'><strong>procuratoris</strong></span> 
     </span>
     <span class='ocr_line' id='line_1_101' title="bbox 1034 2596 1774 2645; baseline -0.008 -10"><span class='ocrx_word' id='word_1_478' title='bbox 1034 2601 1199 2645; x_wconf 81' lang='lat' dir='ltr'><strong>generalis</strong></span> <span class='ocrx_word' id='word_1_479' title='bbox 1234 2599 1380 2633; x_wconf 83' lang='lat' dir='ltr'><strong>eiusdem</strong></span> <span class='ocrx_word' id='word_1_480' title='bbox 1415 2596 1685 2641; x_wconf 76' lang='lat' dir='ltr'><strong>Congregationis</strong></span> <span class='ocrx_word' id='word_1_481' title='bbox 1718 2606 1774 2630; x_wconf 89' lang='lat' dir='ltr'><strong>no-</strong></span> 
     </span>
    </p>
   </div>
  </div>
 </body>
</html>
