<?xml version="1.0" encoding="UTF-8"?>
<!DOCTYPE html PUBLIC "-//W3C//DTD XHTML 1.0 Transitional//EN"
    "http://www.w3.org/TR/xhtml1/DTD/xhtml1-transitional.dtd">
<html xmlns="http://www.w3.org/1999/xhtml" xml:lang="en" lang="en">
 <head>
  <title>
</title>
<meta http-equiv="Content-Type" content="text/html;charset=utf-8" />
  <meta name='ocr-system' content='tesseract 3.04.00' />
  <meta name='ocr-capabilities' content='ocr_page ocr_carea ocr_par ocr_line ocrx_word'/>
</head>
<body>
  <div class='ocr_page' id='page_1' title='image "./bullarumdiplomat24cath_0359.png"; bbox 0 0 2232 3178; ppageno 0'>
   <div class='ocr_carea' id='block_1_1' title="bbox 21 183 964 2911">
    <p class='ocr_par' dir='ltr' id='par_1_1' title="bbox 35 183 964 1603">
     <span class='ocr_line' id='line_1_1' title="bbox 35 183 217 216; baseline -0.038 1"><span class='ocrx_word' id='word_1_1' title='bbox 35 189 85 216; x_wconf 76' lang='grc' dir='ltr'><strong>Αιι.</strong></span> <span class='ocrx_word' id='word_1_2' title='bbox 104 185 134 214; x_wconf 85' lang='lat' dir='ltr'>C.</span> <span class='ocrx_word' id='word_1_3' title='bbox 151 183 217 212; x_wconf 84' lang='lat'><strong>1738</strong></span> 
     </span>
     <span class='ocr_line' id='line_1_2' title="bbox 223 227 963 271; baseline -0.004 -8"><span class='ocrx_word' id='word_1_4' title='bbox 223 229 393 263; x_wconf 84' lang='lat' dir='ltr'>clesiastici</span> <span class='ocrx_word' id='word_1_5' title='bbox 419 228 531 271; x_wconf 83' lang='lat' dir='ltr'>quavis</span> <span class='ocrx_word' id='word_1_6' title='bbox 556 227 745 260; x_wconf 85' lang='lat' dir='ltr'>auctoritate</span> <span class='ocrx_word' id='word_1_7' title='bbox 764 227 882 266; x_wconf 87' lang='lat' dir='ltr'>collati,</span> <span class='ocrx_word' id='word_1_8' title='bbox 904 238 963 260; x_wconf 89' lang='lat' dir='ltr'>res-</span> 
     </span>
     <span class='ocr_line' id='line_1_3' title="bbox 221 281 963 326; baseline -0.003 -11"><span class='ocrx_word' id='word_1_9' title='bbox 221 283 343 326; x_wconf 83' lang='lat' dir='ltr'>pective</span> <span class='ocrx_word' id='word_1_10' title='bbox 367 287 480 315; x_wconf 87' lang='lat' dir='ltr'>vacent</span> <span class='ocrx_word' id='word_1_11' title='bbox 504 291 559 314; x_wconf 87' lang='lat' dir='ltr'>seu</span> <span class='ocrx_word' id='word_1_12' title='bbox 585 286 692 321; x_wconf 85' lang='lat' dir='ltr'>vacet,</span> <span class='ocrx_word' id='word_1_13' title='bbox 722 281 845 314; x_wconf 85' lang='lat' dir='ltr'>etiamsi</span> <span class='ocrx_word' id='word_1_14' title='bbox 877 285 963 313; x_wconf 88' lang='lat' dir='ltr'>tanto</span> 
     </span>
     <span class='ocr_line' id='line_1_4' title="bbox 223 335 962 378; baseline -0.001 -10"><span class='ocrx_word' id='word_1_15' title='bbox 223 341 367 378; x_wconf 87' lang='lat' dir='ltr'>tempore</span> <span class='ocrx_word' id='word_1_16' title='bbox 392 335 574 367; x_wconf 83' lang='lat' dir='ltr'>vacaverint</span> <span class='ocrx_word' id='word_1_17' title='bbox 599 346 653 368; x_wconf 91' lang='lat' dir='ltr'>seu</span> <span class='ocrx_word' id='word_1_18' title='bbox 679 335 849 374; x_wconf 85' lang='lat' dir='ltr'>vacaverit,</span> <span class='ocrx_word' id='word_1_19' title='bbox 877 335 962 378; x_wconf 89' lang='lat' dir='ltr'>quod</span> 
     </span>
     <span class='ocr_line' id='line_1_5' title="bbox 222 388 964 427; baseline -0.003 -6"><span class='ocrx_word' id='word_1_20' title='bbox 222 399 334 421; x_wconf 91' lang='lat' dir='ltr'>eorum</span> <span class='ocrx_word' id='word_1_21' title='bbox 362 399 418 421; x_wconf 89' lang='lat' dir='ltr'>seu</span> <span class='ocrx_word' id='word_1_22' title='bbox 452 388 521 420; x_wconf 84' lang='lat' dir='ltr'>eius</span> <span class='ocrx_word' id='word_1_23' title='bbox 555 389 694 427; x_wconf 76' lang='lat' dir='ltr'>collatio,</span> <span class='ocrx_word' id='word_1_24' title='bbox 722 388 809 420; x_wconf 76' lang='lat' dir='ltr'>iuxta</span> <span class='ocrx_word' id='word_1_25' title='bbox 836 389 964 423; x_wconf 85' lang='lat' dir='ltr'>Latera-</span> 
     </span>
     <span class='ocr_line' id='line_1_6' title="bbox 222 441 961 484; baseline -0.003 -9"><span class='ocrx_word' id='word_1_26' title='bbox 222 441 333 475; x_wconf 86' lang='lat' dir='ltr'>nensis</span> <span class='ocrx_word' id='word_1_27' title='bbox 358 446 476 474; x_wconf 87' lang='lat' dir='ltr'>statuta</span> <span class='ocrx_word' id='word_1_28' title='bbox 497 441 643 480; x_wconf 89' lang='lat' dir='ltr'>Concilii,</span> <span class='ocrx_word' id='word_1_29' title='bbox 668 442 706 474; x_wconf 82' lang='lat' dir='ltr'>ad</span> <span class='ocrx_word' id='word_1_30' title='bbox 729 441 844 474; x_wconf 84' lang='lat' dir='ltr'>Sedem</span> <span class='ocrx_word' id='word_1_31' title='bbox 872 442 961 484; x_wconf 70' lang='lat' dir='ltr'>Apo·</span> 
     </span>
     <span class='ocr_line' id='line_1_7' title="bbox 220 494 964 536; baseline -0.001 -10"><span class='ocrx_word' id='word_1_32' title='bbox 220 495 366 527; x_wconf 89' lang='lat' dir='ltr'>stolieam</span> <span class='ocrx_word' id='word_1_33' title='bbox 393 494 593 536; x_wconf 75' lang='lat' dir='ltr'>praedictam</span> <span class='ocrx_word' id='word_1_34' title='bbox 632 494 775 536; x_wconf 80' lang='lat' dir='ltr'>legitime</span> <span class='ocrx_word' id='word_1_35' title='bbox 814 494 964 526; x_wconf 85' lang='lat' dir='ltr'>devoluta</span> 
     </span>
     <span class='ocr_line' id='line_1_8' title="bbox 221 547 964 590; baseline -0.001 -10"><span class='ocrx_word' id='word_1_36' title='bbox 221 547 356 586; x_wconf 80' lang='lat' dir='ltr'>existat,</span> <span class='ocrx_word' id='word_1_37' title='bbox 382 547 539 590; x_wconf 76' lang='lat' dir='ltr'>ipsaeque</span> <span class='ocrx_word' id='word_1_38' title='bbox 566 547 739 589; x_wconf 72' lang='lat' dir='ltr'>dignitates</span> <span class='ocrx_word' id='word_1_39' title='bbox 764 557 892 579; x_wconf 79' lang='lat' dir='ltr'>necnon</span> <span class='ocrx_word' id='word_1_40' title='bbox 919 558 964 579; x_wconf 90' lang='lat' dir='ltr'>ca-</span> 
     </span>
     <span class='ocr_line' id='line_1_9' title="bbox 220 600 962 644; baseline -0.001 -11"><span class='ocrx_word' id='word_1_41' title='bbox 220 600 390 633; x_wconf 86' lang='lat' dir='ltr'>nonicatus</span> <span class='ocrx_word' id='word_1_42' title='bbox 408 607 439 633; x_wconf 84' lang='lat' dir='ltr'>et</span> <span class='ocrx_word' id='word_1_43' title='bbox 456 601 673 644; x_wconf 84' lang='lat' dir='ltr'>praebendae,</span> <span class='ocrx_word' id='word_1_44' title='bbox 699 611 735 633; x_wconf 91' lang='lat' dir='ltr'>ac</span> <span class='ocrx_word' id='word_1_45' title='bbox 753 600 962 632; x_wconf 70' lang='lat' dir='ltr'>canonicatus</span> 
     </span>
     <span class='ocr_line' id='line_1_10' title="bbox 221 651 963 694; baseline -0.003 -9"><span class='ocrx_word' id='word_1_46' title='bbox 221 662 291 685; x_wconf 89' lang='lat' dir='ltr'>cum</span> <span class='ocrx_word' id='word_1_47' title='bbox 318 651 451 684; x_wconf 77' lang='lat' dir='ltr'>dimidia</span> <span class='ocrx_word' id='word_1_48' title='bbox 476 651 676 694; x_wconf 80' lang='lat' dir='ltr'>praebenda,</span> <span class='ocrx_word' id='word_1_49' title='bbox 695 662 748 684; x_wconf 86' lang='lat' dir='ltr'>seu</span> <span class='ocrx_word' id='word_1_50' title='bbox 769 651 894 684; x_wconf 88' lang='lat' dir='ltr'>dimidii</span> <span class='ocrx_word' id='word_1_51' title='bbox 913 662 963 683; x_wconf 92' lang='lat' dir='ltr'>ca—</span> 
     </span>
     <span class='ocr_line' id='line_1_11' title="bbox 221 705 963 748; baseline -0.003 -10"><span class='ocrx_word' id='word_1_52' title='bbox 221 705 391 738; x_wconf 86' lang='lat' dir='ltr'>nonicatus</span> <span class='ocrx_word' id='word_1_53' title='bbox 418 711 448 738; x_wconf 87' lang='lat' dir='ltr'>et</span> <span class='ocrx_word' id='word_1_54' title='bbox 474 705 624 737; x_wconf 80' lang='lat' dir='ltr'>dimidiae</span> <span class='ocrx_word' id='word_1_55' title='bbox 650 705 854 748; x_wconf 69' lang='lat' dir='ltr'>praebendae</span> <span class='ocrx_word' id='word_1_56' title='bbox 872 715 963 748; x_wconf 81' lang='lat' dir='ltr'>prae-</span> 
     </span>
     <span class='ocr_line' id='line_1_12' title="bbox 221 758 961 801; baseline -0.001 -10"><span class='ocrx_word' id='word_1_57' title='bbox 221 759 295 799; x_wconf 82' lang='lat' dir='ltr'>sati,</span> <span class='ocrx_word' id='word_1_58' title='bbox 322 769 356 791; x_wconf 86' lang='lat' dir='ltr'>ac</span> <span class='ocrx_word' id='word_1_59' title='bbox 393 758 521 791; x_wconf 87' lang='lat' dir='ltr'>illarum</span> <span class='ocrx_word' id='word_1_60' title='bbox 561 759 726 801; x_wconf 86' lang='lat' dir='ltr'>quaelibet</span> <span class='ocrx_word' id='word_1_61' title='bbox 762 765 793 791; x_wconf 88' lang='lat' dir='ltr'>et</span> <span class='ocrx_word' id='word_1_62' title='bbox 830 758 961 791; x_wconf 86' lang='lat' dir='ltr'>illorum</span> 
     </span>
     <span class='ocr_line' id='line_1_13' title="bbox 221 812 963 855; baseline 0 -11"><span class='ocrx_word' id='word_1_63' title='bbox 221 812 358 855; x_wconf 79' lang='lat' dir='ltr'>quilibet</span> <span class='ocrx_word' id='word_1_64' title='bbox 390 812 594 855; x_wconf 72' lang='lat' dir='ltr'>dispositioni</span> <span class='ocrx_word' id='word_1_65' title='bbox 616 812 817 854; x_wconf 87' lang='lat' dir='ltr'>apostolicae</span> <span class='ocrx_word' id='word_1_66' title='bbox 844 812 963 855; x_wconf 88' lang='lat' dir='ltr'>specia-</span> 
     </span>
     <span class='ocr_line' id='line_1_14' title="bbox 222 865 963 907; baseline -0.003 -8"><span class='ocrx_word' id='word_1_67' title='bbox 222 866 297 899; x_wconf 89' lang='lat' dir='ltr'>liter</span> <span class='ocrx_word' id='word_1_68' title='bbox 322 866 371 898; x_wconf 86' lang='lat' dir='ltr'>vel</span> <span class='ocrx_word' id='word_1_69' title='bbox 394 865 472 897; x_wconf 76' lang='lat' dir='ltr'>alias</span> <span class='ocrx_word' id='word_1_70' title='bbox 498 865 694 907; x_wconf 71' lang='lat' dir='ltr'>generaliter</span> <span class='ocrx_word' id='word_1_71' title='bbox 720 871 899 898; x_wconf 77' lang='lat' dir='ltr'>reservatae</span> <span class='ocrx_word' id='word_1_72' title='bbox 933 872 963 898; x_wconf 86' lang='lat' dir='ltr'>et</span> 
     </span>
     <span class='ocr_line' id='line_1_15' title="bbox 224 919 964 958; baseline -0.001 -7"><span class='ocrx_word' id='word_1_73' title='bbox 224 919 390 958; x_wconf 87' lang='lat' dir='ltr'>reservati,</span> <span class='ocrx_word' id='word_1_74' title='bbox 411 930 446 951; x_wconf 83' lang='lat' dir='ltr'>ac</span> <span class='ocrx_word' id='word_1_75' title='bbox 465 924 628 951; x_wconf 84' lang='lat' dir='ltr'>reservata</span> <span class='ocrx_word' id='word_1_76' title='bbox 646 924 678 951; x_wconf 86' lang='lat' dir='ltr'>et</span> <span class='ocrx_word' id='word_1_77' title='bbox 695 924 878 951; x_wconf 81' lang='lat' dir='ltr'>reservatus</span> <span class='ocrx_word' id='word_1_78' title='bbox 904 919 964 952; x_wconf 74' lang='lat' dir='ltr'>exi-</span> 
     </span>
     <span class='ocr_line' id='line_1_16' title="bbox 222 972 961 1015; baseline -0.003 -9"><span class='ocrx_word' id='word_1_79' title='bbox 222 978 304 1006; x_wconf 86' lang='lat' dir='ltr'>stant</span> <span class='ocrx_word' id='word_1_80' title='bbox 323 977 355 1006; x_wconf 82' lang='lat' dir='ltr'>et.</span> <span class='ocrx_word' id='word_1_81' title='bbox 379 972 503 1012; x_wconf 80' lang='lat' dir='ltr'>existat,</span> <span class='ocrx_word' id='word_1_82' title='bbox 522 976 551 1006; x_wconf 85' lang='lat' dir='ltr'>et</span> <span class='ocrx_word' id='word_1_83' title='bbox 575 983 674 1015; x_wconf 89' lang='lat' dir='ltr'>super</span> <span class='ocrx_word' id='word_1_84' title='bbox 700 972 745 1005; x_wconf 89' lang='lat' dir='ltr'>eis</span> <span class='ocrx_word' id='word_1_85' title='bbox 771 983 825 1005; x_wconf 80' lang='lat' dir='ltr'>seu</span> <span class='ocrx_word' id='word_1_86' title='bbox 852 983 961 1005; x_wconf 86' lang='lat' dir='ltr'>earum</span> 
     </span>
     <span class='ocr_line' id='line_1_17' title="bbox 220 1026 961 1069; baseline 0 -10"><span class='ocrx_word' id='word_1_87' title='bbox 220 1026 328 1069; x_wconf 79' lang='lat' dir='ltr'>aliqua</span> <span class='ocrx_word' id='word_1_88' title='bbox 353 1027 402 1059; x_wconf 86' lang='lat' dir='ltr'>vel</span> <span class='ocrx_word' id='word_1_89' title='bbox 429 1037 540 1059; x_wconf 89' lang='lat' dir='ltr'>eorum</span> <span class='ocrx_word' id='word_1_90' title='bbox 578 1026 685 1069; x_wconf 91' lang='lat' dir='ltr'>aliquo</span> <span class='ocrx_word' id='word_1_91' title='bbox 720 1026 803 1058; x_wconf 86' lang='lat' dir='ltr'>inter</span> <span class='ocrx_word' id='word_1_92' title='bbox 836 1026 961 1069; x_wconf 89' lang='lat' dir='ltr'>aliquos</span> 
     </span>
     <span class='ocr_line' id='line_1_18' title="bbox 221 1079 963 1122; baseline 0.001 -11"><span class='ocrx_word' id='word_1_93' title='bbox 221 1079 271 1119; x_wconf 88' lang='lat' dir='ltr'>lis,</span> <span class='ocrx_word' id='word_1_94' title='bbox 300 1079 389 1112; x_wconf 90' lang='lat' dir='ltr'>cuius</span> <span class='ocrx_word' id='word_1_95' title='bbox 411 1085 529 1112; x_wconf 87' lang='lat' dir='ltr'>statum</span> <span class='ocrx_word' id='word_1_96' title='bbox 548 1079 643 1112; x_wconf 87' lang='lat' dir='ltr'>etiam</span> <span class='ocrx_word' id='word_1_97' title='bbox 662 1079 888 1122; x_wconf 85' lang='lat' dir='ltr'>praesentibus</span> <span class='ocrx_word' id='word_1_98' title='bbox 906 1080 963 1112; x_wconf 88' lang='lat' dir='ltr'>ha-</span> 
     </span>
     <span class='ocr_line' id='line_1_19' title="bbox 220 1133 962 1176; baseline 0 -11"><span class='ocrx_word' id='word_1_99' title='bbox 220 1133 289 1166; x_wconf 87' lang='lat' dir='ltr'>beri</span> <span class='ocrx_word' id='word_1_100' title='bbox 314 1133 462 1165; x_wconf 89' lang='lat' dir='ltr'>volumus</span> <span class='ocrx_word' id='word_1_101' title='bbox 481 1143 540 1175; x_wconf 89' lang='lat' dir='ltr'>pro</span> <span class='ocrx_word' id='word_1_102' title='bbox 560 1143 724 1176; x_wconf 82' lang='lat' dir='ltr'>expresso,</span> <span class='ocrx_word' id='word_1_103' title='bbox 750 1134 889 1175; x_wconf 79' lang='lat' dir='ltr'>pendeat</span> <span class='ocrx_word' id='word_1_104' title='bbox 916 1133 962 1165; x_wconf 90' lang='lat' dir='ltr'>in-</span> 
     </span>
     <span class='ocr_line' id='line_1_20' title="bbox 221 1185 963 1228; baseline 0.001 -10"><span class='ocrx_word' id='word_1_105' title='bbox 221 1185 341 1224; x_wconf 79' lang='lat' dir='ltr'>decisa,</span> <span class='ocrx_word' id='word_1_106' title='bbox 363 1185 540 1218; x_wconf 90' lang='lat' dir='ltr'>dummodo</span> <span class='ocrx_word' id='word_1_107' title='bbox 561 1191 665 1218; x_wconf 86' lang='lat' dir='ltr'>tamen</span> <span class='ocrx_word' id='word_1_108' title='bbox 692 1186 905 1228; x_wconf 81' lang='lat' dir='ltr'>dignitatibus</span> <span class='ocrx_word' id='word_1_109' title='bbox 933 1192 963 1219; x_wconf 91' lang='lat' dir='ltr'>et</span> 
     </span>
     <span class='ocr_line' id='line_1_21' title="bbox 221 1238 962 1282; baseline 0 -10"><span class='ocrx_word' id='word_1_110' title='bbox 221 1238 467 1272; x_wconf 82' lang='lat' dir='ltr'>canonicatibus</span> <span class='ocrx_word' id='word_1_111' title='bbox 508 1244 540 1271; x_wconf 86' lang='lat' dir='ltr'>et</span> <span class='ocrx_word' id='word_1_112' title='bbox 578 1239 796 1282; x_wconf 82' lang='lat' dir='ltr'>praebendis,</span> <span class='ocrx_word' id='word_1_113' title='bbox 835 1251 962 1273; x_wconf 83' lang='lat' dir='ltr'>necnon</span> 
     </span>
     <span class='ocr_line' id='line_1_22' title="bbox 221 1293 960 1335; baseline 0.001 -10"><span class='ocrx_word' id='word_1_114' title='bbox 221 1293 464 1326; x_wconf 86' lang='lat' dir='ltr'>canonicatibus</span> <span class='ocrx_word' id='word_1_115' title='bbox 490 1304 563 1325; x_wconf 88' lang='lat' dir='ltr'>cum</span> <span class='ocrx_word' id='word_1_116' title='bbox 597 1293 732 1326; x_wconf 80' lang='lat' dir='ltr'>ditnidia</span> <span class='ocrx_word' id='word_1_117' title='bbox 763 1294 960 1335; x_wconf 80' lang='lat' dir='ltr'>praebenda,</span> 
     </span>
     <span class='ocr_line' id='line_1_23' title="bbox 221 1346 960 1379; baseline -0.001 0"><span class='ocrx_word' id='word_1_118' title='bbox 221 1357 276 1379; x_wconf 90' lang='lat' dir='ltr'>seu</span> <span class='ocrx_word' id='word_1_119' title='bbox 303 1346 446 1379; x_wconf 84' lang='lat' dir='ltr'>dimidiis</span> <span class='ocrx_word' id='word_1_120' title='bbox 479 1346 722 1379; x_wconf 84' lang='lat' dir='ltr'>canonicatibus</span> <span class='ocrx_word' id='word_1_121' title='bbox 755 1351 785 1379; x_wconf 89' lang='lat' dir='ltr'>et</span> <span class='ocrx_word' id='word_1_122' title='bbox 818 1346 960 1379; x_wconf 80' lang='lat' dir='ltr'>dimidiis</span> 
     </span>
     <span class='ocr_line' id='line_1_24' title="bbox 219 1400 961 1443; baseline 0.001 -11"><span class='ocrx_word' id='word_1_123' title='bbox 219 1400 417 1443; x_wconf 86' lang='lat' dir='ltr'>praebendis</span> <span class='ocrx_word' id='word_1_124' title='bbox 442 1400 632 1443; x_wconf 83' lang='lat' dir='ltr'>praedietis,</span> <span class='ocrx_word' id='word_1_125' title='bbox 661 1400 798 1443; x_wconf 85' lang='lat' dir='ltr'>illasque</span> <span class='ocrx_word' id='word_1_126' title='bbox 832 1405 863 1433; x_wconf 84' lang='lat' dir='ltr'>et</span> <span class='ocrx_word' id='word_1_127' title='bbox 888 1400 961 1433; x_wconf 86' lang='lat' dir='ltr'>illos</span> 
     </span>
     <span class='ocr_line' id='line_1_25' title="bbox 220 1453 960 1496; baseline 0.001 -11"><span class='ocrx_word' id='word_1_128' title='bbox 220 1463 281 1496; x_wconf 89' lang='lat' dir='ltr'>pro</span> <span class='ocrx_word' id='word_1_129' title='bbox 319 1459 464 1496; x_wconf 89' lang='lat' dir='ltr'>tempore</span> <span class='ocrx_word' id='word_1_130' title='bbox 501 1453 681 1496; x_wconf 80' lang='lat' dir='ltr'>respective</span> <span class='ocrx_word' id='word_1_131' title='bbox 719 1453 960 1493; x_wconf 85' lang='lat' dir='ltr'>obtinentibus,</span> 
     </span>
     <span class='ocr_line' id='line_1_26' title="bbox 220 1506 962 1550; baseline 0.001 -12"><span class='ocrx_word' id='word_1_132' title='bbox 220 1507 332 1546; x_wconf 85' lang='lat' dir='ltr'>nulla,</span> <span class='ocrx_word' id='word_1_133' title='bbox 358 1506 420 1539; x_wconf 83' lang='lat' dir='ltr'>nisi</span> <span class='ocrx_word' id='word_1_134' title='bbox 458 1518 495 1539; x_wconf 85' lang='lat' dir='ltr'>ea</span> <span class='ocrx_word' id='word_1_135' title='bbox 528 1518 609 1550; x_wconf 88' lang='lat' dir='ltr'>quae</span> <span class='ocrx_word' id='word_1_136' title='bbox 637 1517 697 1550; x_wconf 89' lang='lat' dir='ltr'>per</span> <span class='ocrx_word' id='word_1_137' title='bbox 721 1507 856 1540; x_wconf 86' lang='lat' dir='ltr'>vicarios</span> <span class='ocrx_word' id='word_1_138' title='bbox 893 1518 962 1550; x_wconf 89' lang='lat' dir='ltr'>per-</span> 
     </span>
     <span class='ocr_line' id='line_1_27' title="bbox 221 1560 963 1603; baseline 0.001 -11"><span class='ocrx_word' id='word_1_139' title='bbox 221 1565 338 1603; x_wconf 88' lang='lat' dir='ltr'>petuos</span> <span class='ocrx_word' id='word_1_140' title='bbox 367 1561 511 1593; x_wconf 75' lang='lat' dir='ltr'>exerceri</span> <span class='ocrx_word' id='word_1_141' title='bbox 546 1561 651 1600; x_wconf 89' lang='lat' dir='ltr'>solet,</span> <span class='ocrx_word' id='word_1_142' title='bbox 679 1572 757 1593; x_wconf 88' lang='lat' dir='ltr'>cura</span> <span class='ocrx_word' id='word_1_143' title='bbox 795 1560 963 1593; x_wconf 85' lang='lat' dir='ltr'>immineat</span> 
     </span>
    </p>

    <p class='ocr_par' dir='ltr' id='par_1_2' title="bbox 197 1613 963 1763">
     <span class='ocr_line' id='line_1_28' title="bbox 197 1613 963 1657; baseline 0.001 -11"><span class='ocrx_word' id='word_1_144' title='bbox 197 1647 200 1650; x_wconf 16' lang='grc' dir='ltr'><em>Α</em></span> <span class='ocrx_word' id='word_1_145' title='bbox 221 1613 399 1646; x_wconf 85' lang='lat' dir='ltr'>animarum</span> <span class='ocrx_word' id='word_1_146' title='bbox 415 1641 423 1654; x_wconf 91' lang='lat'>,</span> <span class='ocrx_word' id='word_1_147' title='bbox 452 1614 633 1657; x_wconf 73' lang='lat' dir='ltr'>apostolica</span> <span class='ocrx_word' id='word_1_148' title='bbox 657 1614 847 1647; x_wconf 58' lang='lat' dir='ltr'>auctoritati¹</span> <span class='ocrx_word' id='word_1_149' title='bbox 874 1625 963 1657; x_wconf 86' lang='lat' dir='ltr'>prae-</span> 
     </span>
     <span class='ocr_line' id='line_1_29' title="bbox 222 1667 963 1711; baseline 0.001 -12"><span class='ocrx_word' id='word_1_150' title='bbox 222 1667 314 1708; x_wconf 77' lang='lat' dir='ltr'>dicta,</span> <span class='ocrx_word' id='word_1_151' title='bbox 340 1667 501 1711; x_wconf 80' lang='lat' dir='ltr'>perpetuo</span> <span class='ocrx_word' id='word_1_152' title='bbox 528 1678 725 1711; x_wconf 80' lang='lat' dir='ltr'>separamus,</span> <span class='ocrx_word' id='word_1_153' title='bbox 753 1667 963 1700; x_wconf 86' lang='lat' dir='ltr'>dismembra-</span> 
     </span>
     <span class='ocr_line' id='line_1_30' title="bbox 222 1721 584 1763; baseline 0.006 -11"><span class='ocrx_word' id='word_1_154' title='bbox 222 1730 292 1753; x_wconf 89' lang='lat' dir='ltr'>mus</span> <span class='ocrx_word' id='word_1_155' title='bbox 315 1725 347 1753; x_wconf 90' lang='lat' dir='ltr'>et</span> <span class='ocrx_word' id='word_1_156' title='bbox 371 1721 584 1763; x_wconf 76' lang='lat' dir='ltr'>seiungimus.</span> 
     </span>
    </p>

    <p class='ocr_par' dir='ltr' id='par_1_3' title="bbox 56 1773 961 1818">
     <span class='ocr_line' id='line_1_31' title="bbox 56 1773 961 1818; baseline 0 -11"><span class='ocrx_word' id='word_1_157' title='bbox 56 1785 211 1817; x_wconf 52' lang='lat' dir='ltr'>oemambratto</span> <span class='ocrx_word' id='word_1_158' title='bbox 266 1774 280 1817; x_wconf 68' lang='grc' dir='ltr'>,ξ</span> <span class='ocrx_word' id='word_1_159' title='bbox 305 1773 336 1807; x_wconf 79' lang='grc'>4.</span> <span class='ocrx_word' id='word_1_160' title='bbox 366 1774 409 1808; x_wconf 79' lang='lat' dir='ltr'>Ac</span> <span class='ocrx_word' id='word_1_161' title='bbox 443 1785 555 1808; x_wconf 85' lang='lat' dir='ltr'>omnes</span> <span class='ocrx_word' id='word_1_162' title='bbox 581 1780 611 1808; x_wconf 87' lang='lat' dir='ltr'>et</span> <span class='ocrx_word' id='word_1_163' title='bbox 637 1775 784 1818; x_wconf 83' lang='lat' dir='ltr'>singulos</span> <span class='ocrx_word' id='word_1_164' title='bbox 818 1775 961 1808; x_wconf 90' lang='lat' dir='ltr'>omnium</span> 
     </span>
    </p>

    <p class='ocr_par' dir='ltr' id='par_1_4' title="bbox 36 1815 962 1871">
     <span class='ocr_line' id='line_1_32' title="bbox 36 1815 962 1871; baseline 0 -11"><span class='ocrx_word' id='word_1_165' title='bbox 36 1815 120 1869; x_wconf 56' lang='lat'>23:33«,</span> <span class='ocrx_word' id='word_1_166' title='bbox 143 1815 253 1869; x_wconf 49' lang='lat' dir='ltr'>r‘tssssfflet</span> <span class='ocrx_word' id='word_1_167' title='bbox 270 1826 475 1870; x_wconf 81' lang='lat' dir='ltr'>singulorum</span> <span class='ocrx_word' id='word_1_168' title='bbox 494 1829 675 1871; x_wconf 81' lang='lat' dir='ltr'>respective</span> <span class='ocrx_word' id='word_1_169' title='bbox 694 1829 870 1868; x_wconf 80' lang='lat' dir='ltr'>fructuum,</span> <span class='ocrx_word' id='word_1_170' title='bbox 890 1828 962 1861; x_wconf 88' lang='lat' dir='ltr'>red·</span> 
     </span>
    </p>

    <p class='ocr_par' dir='ltr' id='par_1_5' title="bbox 36 1867 960 1924">
     <span class='ocr_line' id='line_1_33' title="bbox 36 1867 960 1924; baseline -0.001 -11"><span class='ocrx_word' id='word_1_171' title='bbox 36 1869 88 1914; x_wconf 57' lang='lat'>51²3*</span> <span class='ocrx_word' id='word_1_172' title='bbox 119 1867 348 1913; x_wconf 75' lang='lat' dir='ltr'>³¹¹¹&#39;¹¹⁰³&#39;dituum</span> <span class='ocrx_word' id='word_1_173' title='bbox 382 1886 415 1914; x_wconf 87' lang='lat' dir='ltr'>et</span> <span class='ocrx_word' id='word_1_174' title='bbox 448 1887 662 1924; x_wconf 75' lang='lat' dir='ltr'>proventuum</span> <span class='ocrx_word' id='word_1_175' title='bbox 699 1892 716 1913; x_wconf 84' lang='lat' dir='ltr'>a</span> <span class='ocrx_word' id='word_1_176' title='bbox 751 1880 960 1924; x_wconf 81' lang='lat' dir='ltr'>patriarchali</span> 
     </span>
    </p>

    <p class='ocr_par' dir='ltr' id='par_1_6' title="bbox 21 1933 960 1989">
     <span class='ocr_line' id='line_1_34' title="bbox 21 1933 960 1989; baseline -0.001 -22"><span class='ocrx_word' id='word_1_177' title='bbox 21 1966 26 1989; x_wconf 46' lang='grc' dir='ltr'>ι</span> <span class='ocrx_word' id='word_1_178' title='bbox 222 1933 468 1977; x_wconf 75' lang='lat' dir='ltr'>Ulyssiponensi</span> <span class='ocrx_word' id='word_1_179' title='bbox 495 1935 702 1974; x_wconf 86' lang='lat' dir='ltr'>occidentali,</span> <span class='ocrx_word' id='word_1_180' title='bbox 730 1945 765 1967; x_wconf 88' lang='lat' dir='ltr'>ac</span> <span class='ocrx_word' id='word_1_181' title='bbox 796 1934 960 1977; x_wconf 80' lang='lat' dir='ltr'>archiepi-</span> 
     </span>
    </p>

    <p class='ocr_par' dir='ltr' id='par_1_7' title="bbox 21 1987 962 2622">
     <span class='ocr_line' id='line_1_35' title="bbox 21 1987 960 2032; baseline 0.001 -13"><span class='ocrx_word' id='word_1_182' title='bbox 21 1990 25 2015; x_wconf 83' lang='lat' dir='ltr'>t</span> <span class='ocrx_word' id='word_1_183' title='bbox 221 1987 407 2030; x_wconf 82' lang='lat' dir='ltr'>scopalibus</span> <span class='ocrx_word' id='word_1_184' title='bbox 450 1993 482 2020; x_wconf 89' lang='lat' dir='ltr'>et</span> <span class='ocrx_word' id='word_1_185' title='bbox 525 1988 769 2032; x_wconf 83' lang='lat' dir='ltr'>episcopalibus</span> <span class='ocrx_word' id='word_1_186' title='bbox 813 1987 960 2020; x_wconf 85' lang='lat' dir='ltr'>ecclesiis</span> 
     </span>
     <span class='ocr_line' id='line_1_36' title="bbox 221 2041 962 2085; baseline 0 -12"><span class='ocrx_word' id='word_1_187' title='bbox 221 2041 418 2083; x_wconf 84' lang='lat' dir='ltr'>praedictis,</span> <span class='ocrx_word' id='word_1_188' title='bbox 445 2051 574 2075; x_wconf 87' lang='lat' dir='ltr'>necnon</span> <span class='ocrx_word' id='word_1_189' title='bbox 599 2053 636 2075; x_wconf 84' lang='lat' dir='ltr'>ex</span> <span class='ocrx_word' id='word_1_190' title='bbox 675 2042 890 2085; x_wconf 79' lang='lat' dir='ltr'>dignitatibus</span> <span class='ocrx_word' id='word_1_191' title='bbox 927 2052 962 2074; x_wconf 90' lang='lat' dir='ltr'>ac</span> 
     </span>
     <span class='ocr_line' id='line_1_37' title="bbox 222 2094 960 2139; baseline -0.001 -12"><span class='ocrx_word' id='word_1_192' title='bbox 222 2094 466 2127; x_wconf 83' lang='lat' dir='ltr'>canonicatibus</span> <span class='ocrx_word' id='word_1_193' title='bbox 508 2101 540 2128; x_wconf 88' lang='lat' dir='ltr'>et</span> <span class='ocrx_word' id='word_1_194' title='bbox 574 2095 793 2139; x_wconf 87' lang='lat' dir='ltr'>praebendis,</span> <span class='ocrx_word' id='word_1_195' title='bbox 830 2104 960 2127; x_wconf 85' lang='lat' dir='ltr'>necnon</span> 
     </span>
     <span class='ocr_line' id='line_1_38' title="bbox 222 2148 960 2191; baseline -0.001 -11"><span class='ocrx_word' id='word_1_196' title='bbox 222 2150 468 2182; x_wconf 86' lang='lat' dir='ltr'>canonicatibus</span> <span class='ocrx_word' id='word_1_197' title='bbox 498 2160 568 2182; x_wconf 86' lang='lat' dir='ltr'>cum</span> <span class='ocrx_word' id='word_1_198' title='bbox 599 2149 732 2182; x_wconf 80' lang='lat' dir='ltr'>dimidia</span> <span class='ocrx_word' id='word_1_199' title='bbox 761 2148 960 2191; x_wconf 81' lang='lat' dir='ltr'>praebenda,</span> 
     </span>
     <span class='ocr_line' id='line_1_39' title="bbox 222 2202 961 2238; baseline -0.003 -3"><span class='ocrx_word' id='word_1_200' title='bbox 222 2212 280 2236; x_wconf 87' lang='lat' dir='ltr'>seu</span> <span class='ocrx_word' id='word_1_201' title='bbox 320 2204 462 2237; x_wconf 83' lang='lat' dir='ltr'>dimidiis</span> <span class='ocrx_word' id='word_1_202' title='bbox 503 2203 748 2238; x_wconf 87' lang='lat' dir='ltr'>canonicatibus</span> <span class='ocrx_word' id='word_1_203' title='bbox 791 2207 822 2234; x_wconf 92' lang='lat' dir='ltr'>et</span> <span class='ocrx_word' id='word_1_204' title='bbox 861 2202 961 2234; x_wconf 90' lang='lat' dir='ltr'>dimi-</span> 
     </span>
     <span class='ocr_line' id='line_1_40' title="bbox 223 2255 960 2301; baseline -0.003 -12"><span class='ocrx_word' id='word_1_205' title='bbox 223 2257 283 2290; x_wconf 91' lang='lat' dir='ltr'>diis</span> <span class='ocrx_word' id='word_1_206' title='bbox 309 2258 524 2301; x_wconf 76' lang='lat' dir='ltr'>praebendis,</span> <span class='ocrx_word' id='word_1_207' title='bbox 551 2257 675 2290; x_wconf 86' lang='lat' dir='ltr'>tertiam</span> <span class='ocrx_word' id='word_1_208' title='bbox 710 2261 742 2289; x_wconf 89' lang='lat' dir='ltr'>ct</span> <span class='ocrx_word' id='word_1_209' title='bbox 775 2255 960 2295; x_wconf 85' lang='lat' dir='ltr'>dimidiam,</span> 
     </span>
     <span class='ocr_line' id='line_1_41' title="bbox 221 2310 959 2355; baseline -0.004 -10"><span class='ocrx_word' id='word_1_210' title='bbox 221 2321 258 2344; x_wconf 81' lang='lat' dir='ltr'>ac</span> <span class='ocrx_word' id='word_1_211' title='bbox 293 2316 356 2345; x_wconf 89' lang='lat' dir='ltr'>tres</span> <span class='ocrx_word' id='word_1_212' title='bbox 393 2323 430 2345; x_wconf 77' lang='lat' dir='ltr'>ex</span> <span class='ocrx_word' id='word_1_213' title='bbox 466 2317 603 2355; x_wconf 87' lang='lat' dir='ltr'>quatuor</span> <span class='ocrx_word' id='word_1_214' title='bbox 636 2310 816 2353; x_wconf 82' lang='lat' dir='ltr'>respective</span> <span class='ocrx_word' id='word_1_215' title='bbox 850 2314 959 2352; x_wconf 61' lang='lat' dir='ltr'>piat‘tes</span> 
     </span>
     <span class='ocr_line' id='line_1_42' title="bbox 220 2362 959 2409; baseline -0.005 -11"><span class='ocrx_word' id='word_1_216' title='bbox 220 2365 424 2409; x_wconf 87' lang='lat' dir='ltr'>praedictas,</span> <span class='ocrx_word' id='word_1_217' title='bbox 448 2375 575 2398; x_wconf 87' lang='lat' dir='ltr'>necnon</span> <span class='ocrx_word' id='word_1_218' title='bbox 603 2374 716 2397; x_wconf 87' lang='lat' dir='ltr'>omnes</span> <span class='ocrx_word' id='word_1_219' title='bbox 749 2368 780 2396; x_wconf 89' lang='lat' dir='ltr'>et</span> <span class='ocrx_word' id='word_1_220' title='bbox 813 2362 959 2404; x_wconf 80' lang='lat' dir='ltr'>singulos</span> 
     </span>
     <span class='ocr_line' id='line_1_43' title="bbox 221 2415 961 2461; baseline -0.005 -10"><span class='ocrx_word' id='word_1_221' title='bbox 221 2418 355 2458; x_wconf 77' lang='lat' dir='ltr'>fructus,</span> <span class='ocrx_word' id='word_1_222' title='bbox 381 2419 527 2451; x_wconf 88' lang='lat' dir='ltr'>redditus</span> <span class='ocrx_word' id='word_1_223' title='bbox 553 2424 584 2451; x_wconf 89' lang='lat' dir='ltr'>et</span> <span class='ocrx_word' id='word_1_224' title='bbox 608 2422 782 2461; x_wconf 87' lang='lat' dir='ltr'>proventus</span> <span class='ocrx_word' id='word_1_225' title='bbox 819 2417 857 2448; x_wconf 91' lang='lat' dir='ltr'>ab</span> <span class='ocrx_word' id='word_1_226' title='bbox 891 2415 961 2448; x_wconf 93' lang='lat' dir='ltr'>ulti-</span> 
     </span>
     <span class='ocr_line' id='line_1_44' title="bbox 222 2470 961 2514; baseline -0.003 -10"><span class='ocrx_word' id='word_1_227' title='bbox 222 2471 371 2505; x_wconf 89' lang='lat' dir='ltr'>modictis</span> <span class='ocrx_word' id='word_1_228' title='bbox 396 2472 508 2505; x_wconf 89' lang='lat' dir='ltr'>decem</span> <span class='ocrx_word' id='word_1_229' title='bbox 531 2471 752 2514; x_wconf 79' lang='lat' dir='ltr'>dignitatibus,</span> <span class='ocrx_word' id='word_1_230' title='bbox 771 2474 805 2501; x_wconf 92' lang='lat' dir='ltr'>ut</span> <span class='ocrx_word' id='word_1_231' title='bbox 822 2470 961 2512; x_wconf 86' lang='lat' dir='ltr'>praeser-</span> 
     </span>
     <span class='ocr_line' id='line_1_45' title="bbox 223 2522 961 2567; baseline -0.005 -9"><span class='ocrx_word' id='word_1_232' title='bbox 223 2528 282 2565; x_wconf 79' lang='lat' dir='ltr'>tur,</span> <span class='ocrx_word' id='word_1_233' title='bbox 308 2525 571 2565; x_wconf 70' lang='lat' dir='ltr'>dismembiatas,</span> <span class='ocrx_word' id='word_1_234' title='bbox 603 2529 768 2567; x_wconf 83' lang='lat' dir='ltr'>separatas</span> <span class='ocrx_word' id='word_1_235' title='bbox 794 2528 825 2555; x_wconf 88' lang='lat' dir='ltr'>et</span> <span class='ocrx_word' id='word_1_236' title='bbox 857 2522 961 2555; x_wconf 89' lang='lat' dir='ltr'>seiun-</span> 
     </span>
     <span class='ocr_line' id='line_1_46' title="bbox 224 2575 959 2622; baseline -0.004 -10"><span class='ocrx_word' id='word_1_237' title='bbox 224 2585 298 2621; x_wconf 82' lang='lat' dir='ltr'>ctas,</span> <span class='ocrx_word' id='word_1_238' title='bbox 323 2589 358 2612; x_wconf 87' lang='lat' dir='ltr'>ac</span> <span class='ocrx_word' id='word_1_239' title='bbox 390 2578 572 2622; x_wconf 78' lang='lat' dir='ltr'>respective</span> <span class='ocrx_word' id='word_1_240' title='bbox 605 2581 781 2620; x_wconf 85' lang='lat' dir='ltr'>separatos,</span> <span class='ocrx_word' id='word_1_241' title='bbox 811 2575 959 2610; x_wconf 84' lang='lat' dir='ltr'>dismem-</span> 
     </span>
    </p>

    <p class='ocr_par' dir='ltr' id='par_1_8' title="bbox 25 2764 28 2777">
     <span class='ocr_line' id='line_1_47' title="bbox 25 2764 28 2777; baseline 0 0"><span class='ocrx_word' id='word_1_242' title='bbox 25 2764 28 2777; x_wconf 86' lang='lat' dir='ltr'>t</span> 
     </span>
    </p>

    <p class='ocr_par' dir='ltr' id='par_1_9' title="bbox 24 2881 27 2892">
     <span class='ocr_line' id='line_1_48' title="bbox 24 2881 27 2892; baseline 0 0"><span class='ocrx_word' id='word_1_243' title='bbox 24 2881 27 2892; x_wconf 49' lang='lat' dir='ltr'>t</span> 
     </span>
    </p>

    <p class='ocr_par' dir='ltr' id='par_1_10' title="bbox 25 2899 27 2911">
     <span class='ocr_line' id='line_1_49' title="bbox 25 2899 27 2911; baseline 0 0"><span class='ocrx_word' id='word_1_244' title='bbox 25 2899 27 2911; x_wconf 82' lang='grc'><strong>.</strong></span> 
     </span>
    </p>
   </div>
   <div class='ocr_carea' id='block_1_2' title="bbox 24 2999 29 3058">
    <p class='ocr_par' dir='ltr' id='par_1_11' title="bbox 24 2999 29 3058">
     <span class='ocr_line' id='line_1_50' title="bbox 24 2999 29 3058; baseline 0 0"><span class='ocrx_word' id='word_1_245' title='bbox 24 2999 29 3058; x_wconf 82' lang='lat' dir='ltr'>l</span> 
     </span>
    </p>
   </div>
   <div class='ocr_carea' id='block_1_3' title="bbox 851 178 1134 202">
    <p class='ocr_par' dir='ltr' id='par_1_12' title="bbox 851 178 1134 202">
     <span class='ocr_line' id='line_1_51' title="bbox 851 178 1134 202; baseline 0 0"><span class='ocrx_word' id='word_1_246' title='bbox 851 178 992 202; x_wconf 75' lang='lat' dir='ltr'>CLEMENS</span> <span class='ocrx_word' id='word_1_247' title='bbox 1017 178 1061 202; x_wconf 78' lang='grc' dir='ltr'>ΧΠ</span> <span class='ocrx_word' id='word_1_248' title='bbox 1085 179 1134 202; x_wconf 86' lang='grc' dir='ltr'>ΡΡ.</span> 
     </span>
    </p>
   </div>
   <div class='ocr_carea' id='block_1_4' title="bbox 981 228 987 2445">
    <p class='ocr_par' dir='ltr' id='par_1_13' title="bbox 981 228 987 2445">
     <span class='ocr_line' id='line_1_52' title="bbox 981 228 987 2445; baseline 0 0"><span class='ocrx_word' id='word_1_249' title='bbox 981 228 987 2445; x_wconf 95' lang='lat' dir='ltr'> </span> 
     </span>
    </p>
   </div>
   <div class='ocr_carea' id='block_1_5' title="bbox 1005 226 1750 2558">
    <p class='ocr_par' dir='ltr' id='par_1_14' title="bbox 1005 226 1750 2558">
     <span class='ocr_line' id='line_1_53' title="bbox 1008 226 1749 268; baseline -0.003 -10"><span class='ocrx_word' id='word_1_250' title='bbox 1008 227 1119 259; x_wconf 85' lang='lat' dir='ltr'>bratos</span> <span class='ocrx_word' id='word_1_251' title='bbox 1152 232 1184 259; x_wconf 89' lang='lat' dir='ltr'>et</span> <span class='ocrx_word' id='word_1_252' title='bbox 1208 227 1384 266; x_wconf 75' lang='lat' dir='ltr'>seiunctos,</span> <span class='ocrx_word' id='word_1_253' title='bbox 1414 226 1446 258; x_wconf 92' lang='lat' dir='ltr'>in</span> <span class='ocrx_word' id='word_1_254' title='bbox 1471 226 1584 268; x_wconf 78' lang='lat' dir='ltr'>viginti</span> <span class='ocrx_word' id='word_1_255' title='bbox 1610 231 1749 268; x_wconf 87' lang='lat' dir='ltr'>quatuor</span> 
     </span>
     <span class='ocr_line' id='line_1_54' title="bbox 1007 279 1748 322; baseline -0.003 -10"><span class='ocrx_word' id='word_1_256' title='bbox 1007 280 1174 322; x_wconf 85' lang='lat' dir='ltr'>portiones</span> <span class='ocrx_word' id='word_1_257' title='bbox 1211 280 1362 322; x_wconf 80' lang='lat' dir='ltr'>aequales</span> <span class='ocrx_word' id='word_1_258' title='bbox 1402 279 1519 319; x_wconf 83' lang='lat' dir='ltr'>dividi,</span> <span class='ocrx_word' id='word_1_259' title='bbox 1548 290 1666 322; x_wconf 81' lang='lat' dir='ltr'>easque</span> <span class='ocrx_word' id='word_1_260' title='bbox 1702 279 1748 311; x_wconf 84' lang='lat' dir='ltr'>sic</span> 
     </span>
     <span class='ocr_line' id='line_1_55' title="bbox 1008 333 1747 375; baseline -0.003 -10"><span class='ocrx_word' id='word_1_261' title='bbox 1008 333 1139 372; x_wconf 80' lang='lat' dir='ltr'>divisas,</span> <span class='ocrx_word' id='word_1_262' title='bbox 1159 333 1190 365; x_wconf 92' lang='lat' dir='ltr'>in</span> <span class='ocrx_word' id='word_1_263' title='bbox 1209 344 1318 366; x_wconf 85' lang='lat' dir='ltr'>earum</span> <span class='ocrx_word' id='word_1_264' title='bbox 1338 333 1516 375; x_wconf 79' lang='lat' dir='ltr'>respective</span> <span class='ocrx_word' id='word_1_265' title='bbox 1535 333 1747 369; x_wconf 82' lang='lat' dir='ltr'>naturalibus,</span> 
     </span>
     <span class='ocr_line' id='line_1_56' title="bbox 1008 386 1750 425; baseline 0.001 -8"><span class='ocrx_word' id='word_1_266' title='bbox 1008 386 1252 418; x_wconf 86' lang='lat' dir='ltr'>industrialibus</span> <span class='ocrx_word' id='word_1_267' title='bbox 1271 392 1301 418; x_wconf 89' lang='lat' dir='ltr'>et</span> <span class='ocrx_word' id='word_1_268' title='bbox 1319 387 1469 419; x_wconf 85' lang='lat' dir='ltr'>civilibus</span> <span class='ocrx_word' id='word_1_269' title='bbox 1490 387 1657 425; x_wconf 78' lang='lat' dir='ltr'>fructibus,</span> <span class='ocrx_word' id='word_1_270' title='bbox 1676 387 1750 418; x_wconf 92' lang='lat' dir='ltr'>red-</span> 
     </span>
     <span class='ocr_line' id='line_1_57' title="bbox 1009 439 1746 483; baseline 0 -12"><span class='ocrx_word' id='word_1_271' title='bbox 1009 439 1126 471; x_wconf 85' lang='lat' dir='ltr'>ditibus</span> <span class='ocrx_word' id='word_1_272' title='bbox 1145 444 1176 471; x_wconf 87' lang='lat' dir='ltr'>et</span> <span class='ocrx_word' id='word_1_273' title='bbox 1192 440 1403 482; x_wconf 84' lang='lat' dir='ltr'>proventibus</span> <span class='ocrx_word' id='word_1_274' title='bbox 1421 440 1584 482; x_wconf 73' lang='lat' dir='ltr'>praefatis,</span> <span class='ocrx_word' id='word_1_275' title='bbox 1604 439 1746 483; x_wconf 82' lang='lat' dir='ltr'>persolvi</span> 
     </span>
     <span class='ocr_line' id='line_1_58' title="bbox 1009 492 1748 535; baseline 0 -12"><span class='ocrx_word' id='word_1_276' title='bbox 1009 492 1129 524; x_wconf 82' lang='lat' dir='ltr'>debere</span> <span class='ocrx_word' id='word_1_277' title='bbox 1148 493 1293 524; x_wconf 86' lang='lat' dir='ltr'>volumus</span> <span class='ocrx_word' id='word_1_278' title='bbox 1317 498 1347 523; x_wconf 88' lang='lat' dir='ltr'>et</span> <span class='ocrx_word' id='word_1_279' title='bbox 1365 493 1553 533; x_wconf 87' lang='lat' dir='ltr'>statuimus;</span> <span class='ocrx_word' id='word_1_280' title='bbox 1573 492 1685 535; x_wconf 82' lang='lat' dir='ltr'>eisque</span> <span class='ocrx_word' id='word_1_281' title='bbox 1704 492 1748 525; x_wconf 84' lang='lat' dir='ltr'>sic</span> 
     </span>
     <span class='ocr_line' id='line_1_59' title="bbox 1009 545 1746 588; baseline 0 -11"><span class='ocrx_word' id='word_1_282' title='bbox 1009 545 1118 577; x_wconf 85' lang='lat' dir='ltr'>divisis</span> <span class='ocrx_word' id='word_1_283' title='bbox 1137 551 1168 577; x_wconf 87' lang='lat' dir='ltr'>et</span> <span class='ocrx_word' id='word_1_284' title='bbox 1182 545 1321 587; x_wconf 86' lang='lat' dir='ltr'>persolvi</span> <span class='ocrx_word' id='word_1_285' title='bbox 1339 545 1467 584; x_wconf 80' lang='lat' dir='ltr'>debitis,</span> <span class='ocrx_word' id='word_1_286' title='bbox 1481 556 1746 588; x_wconf 86' lang='lat' dir='ltr'>unamquamque</span> 
     </span>
     <span class='ocr_line' id='line_1_60' title="bbox 1008 598 1746 642; baseline -0.001 -12"><span class='ocrx_word' id='word_1_287' title='bbox 1008 609 1044 630; x_wconf 66' lang='lat' dir='ltr'>ev</span> <span class='ocrx_word' id='word_1_288' title='bbox 1070 598 1276 640; x_wconf 86' lang='lat' dir='ltr'>portionibus</span> <span class='ocrx_word' id='word_1_289' title='bbox 1295 598 1482 631; x_wconf 81' lang='lat' dir='ltr'>huiusmodi</span> <span class='ocrx_word' id='word_1_290' title='bbox 1510 599 1685 642; x_wconf 86' lang='lat' dir='ltr'>unicuique</span> <span class='ocrx_word' id='word_1_291' title='bbox 1710 609 1746 631; x_wconf 85' lang='lat' dir='ltr'>ex</span> 
     </span>
     <span class='ocr_line' id='line_1_61' title="bbox 1009 651 1748 694; baseline 0 -11"><span class='ocrx_word' id='word_1_292' title='bbox 1009 651 1229 693; x_wconf 75' lang='lat' dir='ltr'>dignitatibus,</span> <span class='ocrx_word' id='word_1_293' title='bbox 1256 662 1292 682; x_wconf 86' lang='lat' dir='ltr'>ac</span> <span class='ocrx_word' id='word_1_294' title='bbox 1319 651 1492 694; x_wconf 85' lang='lat' dir='ltr'>unicuique</span> <span class='ocrx_word' id='word_1_295' title='bbox 1520 662 1555 683; x_wconf 73' lang='lat' dir='ltr'>cx</span> <span class='ocrx_word' id='word_1_296' title='bbox 1583 651 1748 684; x_wconf 88' lang='lat' dir='ltr'>canonicis</span> 
     </span>
     <span class='ocr_line' id='line_1_62' title="bbox 1009 704 1750 748; baseline 0.001 -12"><span class='ocrx_word' id='word_1_297' title='bbox 1009 705 1236 748; x_wconf 77' lang='lat' dir='ltr'>patriarchalis</span> <span class='ocrx_word' id='word_1_298' title='bbox 1252 704 1409 737; x_wconf 85' lang='lat' dir='ltr'>ecclesiae</span> <span class='ocrx_word' id='word_1_299' title='bbox 1425 704 1685 748; x_wconf 60' lang='lat' dir='ltr'>L‘lvssiponensis</span> <span class='ocrx_word' id='word_1_300' title='bbox 1701 715 1750 737; x_wconf 86' lang='lat' dir='ltr'>oc-</span> 
     </span>
     <span class='ocr_line' id='line_1_63' title="bbox 1009 757 1748 800; baseline -0.001 -10"><span class='ocrx_word' id='word_1_301' title='bbox 1009 758 1178 790; x_wconf 88' lang='lat' dir='ltr'>cidentalis</span> <span class='ocrx_word' id='word_1_302' title='bbox 1207 757 1370 800; x_wconf 80' lang='lat' dir='ltr'>praefatae</span> <span class='ocrx_word' id='word_1_303' title='bbox 1408 758 1504 800; x_wconf 83' lang='lat' dir='ltr'>(cum</span> <span class='ocrx_word' id='word_1_304' title='bbox 1542 758 1603 789; x_wconf 85' lang='lat' dir='ltr'>boc</span> <span class='ocrx_word' id='word_1_305' title='bbox 1642 763 1748 790; x_wconf 90' lang='lat' dir='ltr'>tamen</span> 
     </span>
     <span class='ocr_line' id='line_1_64' title="bbox 1008 811 1750 854; baseline -0.001 -11"><span class='ocrx_word' id='word_1_306' title='bbox 1008 812 1094 854; x_wconf 86' lang='lat' dir='ltr'>quod</span> <span class='ocrx_word' id='word_1_307' title='bbox 1116 811 1302 853; x_wconf 85' lang='lat' dir='ltr'>patriarcba</span> <span class='ocrx_word' id='word_1_308' title='bbox 1320 811 1583 854; x_wconf 68' lang='lat' dir='ltr'>Ulyssiponensis</span> <span class='ocrx_word' id='word_1_309' title='bbox 1603 811 1750 843; x_wconf 86' lang='lat' dir='ltr'>occiden-</span> 
     </span>
     <span class='ocr_line' id='line_1_65' title="bbox 1009 865 1748 908; baseline -0.001 -11"><span class='ocrx_word' id='word_1_310' title='bbox 1009 866 1080 898; x_wconf 84' lang='lat' dir='ltr'>talis</span> <span class='ocrx_word' id='word_1_311' title='bbox 1101 875 1160 908; x_wconf 87' lang='lat' dir='ltr'>pro</span> <span class='ocrx_word' id='word_1_312' title='bbox 1188 870 1331 906; x_wconf 84' lang='lat' dir='ltr'>tempore</span> <span class='ocrx_word' id='word_1_313' title='bbox 1350 865 1503 904; x_wconf 76' lang='lat' dir='ltr'>existens,</span> <span class='ocrx_word' id='word_1_314' title='bbox 1522 875 1592 896; x_wconf 88' lang='lat' dir='ltr'>cum</span> <span class='ocrx_word' id='word_1_315' title='bbox 1611 865 1748 897; x_wconf 83' lang='lat' dir='ltr'>consilio</span> 
     </span>
     <span class='ocr_line' id='line_1_66' title="bbox 1008 918 1750 961; baseline -0.003 -9"><span class='ocrx_word' id='word_1_316' title='bbox 1008 925 1035 952; x_wconf 87' lang='lat' dir='ltr'>et</span> <span class='ocrx_word' id='word_1_317' title='bbox 1057 929 1217 951; x_wconf 83' lang='lat' dir='ltr'>consensu</span> <span class='ocrx_word' id='word_1_318' title='bbox 1237 918 1372 960; x_wconf 82' lang='lat' dir='ltr'>praefati</span> <span class='ocrx_word' id='word_1_319' title='bbox 1392 918 1522 950; x_wconf 88' lang='lat' dir='ltr'>Ioannis</span> <span class='ocrx_word' id='word_1_320' title='bbox 1540 918 1633 960; x_wconf 75' lang='lat' dir='ltr'>regis,</span> <span class='ocrx_word' id='word_1_321' title='bbox 1651 929 1750 961; x_wconf 86' lang='lat' dir='ltr'>super</span> 
     </span>
     <span class='ocr_line' id='line_1_67' title="bbox 1008 971 1748 1015; baseline -0.003 -10"><span class='ocrx_word' id='word_1_322' title='bbox 1008 973 1101 1005; x_wconf 75' lang='lat' dir='ltr'>tertia</span> <span class='ocrx_word' id='word_1_323' title='bbox 1117 977 1208 1015; x_wconf 88' lang='lat' dir='ltr'>parte</span> <span class='ocrx_word' id='word_1_324' title='bbox 1228 972 1399 1010; x_wconf 79' lang='lat' dir='ltr'>fructuum,</span> <span class='ocrx_word' id='word_1_325' title='bbox 1417 971 1604 1004; x_wconf 84' lang='lat' dir='ltr'>reddituum</span> <span class='ocrx_word' id='word_1_326' title='bbox 1626 978 1657 1003; x_wconf 91' lang='lat' dir='ltr'>et</span> <span class='ocrx_word' id='word_1_327' title='bbox 1675 983 1748 1015; x_wconf 92' lang='lat' dir='ltr'>pro-</span> 
     </span>
     <span class='ocr_line' id='line_1_68' title="bbox 1006 1025 1749 1068; baseline -0.003 -9"><span class='ocrx_word' id='word_1_328' title='bbox 1006 1031 1160 1059; x_wconf 83' lang='lat' dir='ltr'>ventuum</span> <span class='ocrx_word' id='word_1_329' title='bbox 1178 1036 1194 1057; x_wconf 84' lang='lat' dir='ltr'>a</span> <span class='ocrx_word' id='word_1_330' title='bbox 1212 1025 1420 1068; x_wconf 83' lang='lat' dir='ltr'>patriarchali</span> <span class='ocrx_word' id='word_1_331' title='bbox 1436 1025 1681 1068; x_wconf 68' lang='lat' dir='ltr'>I&#39;lyssiponensi</span> <span class='ocrx_word' id='word_1_332' title='bbox 1697 1035 1749 1057; x_wconf 84' lang='lat' dir='ltr'>oc-</span> 
     </span>
     <span class='ocr_line' id='line_1_69' title="bbox 1007 1078 1749 1121; baseline -0.004 -9"><span class='ocrx_word' id='word_1_333' title='bbox 1007 1080 1171 1116; x_wconf 82' lang='lat' dir='ltr'>cidentali,</span> <span class='ocrx_word' id='word_1_334' title='bbox 1198 1089 1232 1110; x_wconf 89' lang='lat' dir='ltr'>ac</span> <span class='ocrx_word' id='word_1_335' title='bbox 1257 1078 1592 1121; x_wconf 79' lang='lat' dir='ltr'>archiepiscopalilnts</span> <span class='ocrx_word' id='word_1_336' title='bbox 1627 1083 1658 1110; x_wconf 90' lang='lat' dir='ltr'>et</span> <span class='ocrx_word' id='word_1_337' title='bbox 1683 1078 1749 1120; x_wconf 88' lang='lat' dir='ltr'>epi-</span> 
     </span>
     <span class='ocr_line' id='line_1_70' title="bbox 1007 1130 1745 1175; baseline -0.003 -11"><span class='ocrx_word' id='word_1_338' title='bbox 1007 1132 1189 1175; x_wconf 85' lang='lat' dir='ltr'>scopalibus</span> <span class='ocrx_word' id='word_1_339' title='bbox 1208 1130 1354 1163; x_wconf 86' lang='lat' dir='ltr'>ecclesiis</span> <span class='ocrx_word' id='word_1_340' title='bbox 1371 1131 1534 1173; x_wconf 74' lang='lat' dir='ltr'>praefatis,</span> <span class='ocrx_word' id='word_1_341' title='bbox 1550 1141 1566 1162; x_wconf 91' lang='lat' dir='ltr'>a</span> <span class='ocrx_word' id='word_1_342' title='bbox 1580 1131 1673 1163; x_wconf 91' lang='lat' dir='ltr'>nobis</span> <span class='ocrx_word' id='word_1_343' title='bbox 1689 1131 1745 1168; x_wconf 77' lang='lat' dir='ltr'>sic,</span> 
     </span>
     <span class='ocr_line' id='line_1_71' title="bbox 1009 1183 1743 1227; baseline -0.001 -11"><span class='ocrx_word' id='word_1_344' title='bbox 1009 1190 1042 1217; x_wconf 90' lang='lat' dir='ltr'>ut</span> <span class='ocrx_word' id='word_1_345' title='bbox 1081 1184 1286 1227; x_wconf 79' lang='lat' dir='ltr'>praefertur,</span> <span class='ocrx_word' id='word_1_346' title='bbox 1324 1183 1553 1215; x_wconf 81' lang='lat' dir='ltr'>dismembrata</span> <span class='ocrx_word' id='word_1_347' title='bbox 1589 1183 1743 1225; x_wconf 64' lang='grc' dir='ltr'>ριάεΐτιῑίι,</span> 
     </span>
     <span class='ocr_line' id='line_1_72' title="bbox 1007 1235 1748 1279; baseline -0.003 -10"><span class='ocrx_word' id='word_1_348' title='bbox 1007 1248 1115 1277; x_wconf 88' lang='lat' dir='ltr'>unam,</span> <span class='ocrx_word' id='word_1_349' title='bbox 1144 1247 1241 1279; x_wconf 87' lang='lat' dir='ltr'>super</span> <span class='ocrx_word' id='word_1_350' title='bbox 1269 1236 1363 1268; x_wconf 76' lang='lat' dir='ltr'>tertia</span> <span class='ocrx_word' id='word_1_351' title='bbox 1388 1246 1465 1268; x_wconf 85' lang='lat' dir='ltr'>vero</span> <span class='ocrx_word' id='word_1_352' title='bbox 1492 1246 1528 1267; x_wconf 88' lang='lat' dir='ltr'>ac</span> <span class='ocrx_word' id='word_1_353' title='bbox 1554 1235 1689 1268; x_wconf 73' lang='lat' dir='ltr'>dimidia</span> <span class='ocrx_word' id='word_1_354' title='bbox 1714 1245 1748 1267; x_wconf 87' lang='lat' dir='ltr'>ac</span> 
     </span>
     <span class='ocr_line' id='line_1_73' title="bbox 1008 1289 1750 1333; baseline -0.005 -9"><span class='ocrx_word' id='word_1_355' title='bbox 1008 1291 1111 1324; x_wconf 83' lang='lat' dir='ltr'>tribus</span> <span class='ocrx_word' id='word_1_356' title='bbox 1137 1302 1174 1323; x_wconf 82' lang='lat' dir='ltr'>ex</span> <span class='ocrx_word' id='word_1_357' title='bbox 1201 1296 1338 1333; x_wconf 86' lang='lat' dir='ltr'>quatuor</span> <span class='ocrx_word' id='word_1_358' title='bbox 1362 1289 1541 1332; x_wconf 83' lang='lat' dir='ltr'>respective</span> <span class='ocrx_word' id='word_1_359' title='bbox 1561 1289 1706 1332; x_wconf 87' lang='lat' dir='ltr'>partibus</span> <span class='ocrx_word' id='word_1_360' title='bbox 1733 1300 1750 1321; x_wconf 90' lang='lat' dir='ltr'>a</span> 
     </span>
     <span class='ocr_line' id='line_1_74' title="bbox 1007 1343 1748 1387; baseline -0.004 -10"><span class='ocrx_word' id='word_1_361' title='bbox 1007 1345 1201 1387; x_wconf 78' lang='lat' dir='ltr'>dignitatum</span> <span class='ocrx_word' id='word_1_362' title='bbox 1228 1349 1259 1376; x_wconf 89' lang='lat' dir='ltr'>et</span> <span class='ocrx_word' id='word_1_363' title='bbox 1277 1343 1525 1376; x_wconf 85' lang='lat' dir='ltr'>canonicatuum</span> <span class='ocrx_word' id='word_1_364' title='bbox 1545 1349 1575 1375; x_wconf 94' lang='lat' dir='ltr'>et</span> <span class='ocrx_word' id='word_1_365' title='bbox 1593 1343 1748 1385; x_wconf 88' lang='lat' dir='ltr'>praeben-</span> 
     </span>
     <span class='ocr_line' id='line_1_75' title="bbox 1007 1395 1746 1438; baseline -0.005 -7"><span class='ocrx_word' id='word_1_366' title='bbox 1007 1399 1128 1438; x_wconf 88' lang='lat' dir='ltr'>darum,</span> <span class='ocrx_word' id='word_1_367' title='bbox 1154 1407 1283 1430; x_wconf 87' lang='lat' dir='ltr'>necnon</span> <span class='ocrx_word' id='word_1_368' title='bbox 1309 1397 1560 1429; x_wconf 84' lang='lat' dir='ltr'>canonicatuum</span> <span class='ocrx_word' id='word_1_369' title='bbox 1598 1406 1669 1428; x_wconf 90' lang='lat' dir='ltr'>cum</span> <span class='ocrx_word' id='word_1_370' title='bbox 1696 1395 1746 1428; x_wconf 90' lang='lat' dir='ltr'>di-</span> 
     </span>
     <span class='ocr_line' id='line_1_76' title="bbox 1007 1450 1748 1496; baseline -0.007 -10"><span class='ocrx_word' id='word_1_371' title='bbox 1007 1453 1103 1486; x_wconf 73' lang='lat' dir='ltr'>midia</span> <span class='ocrx_word' id='word_1_372' title='bbox 1131 1453 1339 1496; x_wconf 77' lang='lat' dir='ltr'>praebenda,</span> <span class='ocrx_word' id='word_1_373' title='bbox 1366 1462 1423 1484; x_wconf 86' lang='lat' dir='ltr'>seu</span> <span class='ocrx_word' id='word_1_374' title='bbox 1462 1450 1672 1484; x_wconf 88' lang='lat' dir='ltr'>dimidiorum</span> <span class='ocrx_word' id='word_1_375' title='bbox 1699 1460 1748 1482; x_wconf 89' lang='lat' dir='ltr'>ca-</span> 
     </span>
     <span class='ocr_line' id='line_1_77' title="bbox 1007 1503 1748 1546; baseline -0.005 -7"><span class='ocrx_word' id='word_1_376' title='bbox 1007 1506 1215 1539; x_wconf 85' lang='lat' dir='ltr'>nonicatuum</span> <span class='ocrx_word' id='word_1_377' title='bbox 1251 1511 1281 1538; x_wconf 88' lang='lat' dir='ltr'>et</span> <span class='ocrx_word' id='word_1_378' title='bbox 1316 1504 1522 1538; x_wconf 88' lang='lat' dir='ltr'>dimidiarum</span> <span class='ocrx_word' id='word_1_379' title='bbox 1550 1503 1748 1546; x_wconf 87' lang='lat' dir='ltr'>praebenda-</span> 
     </span>
     <span class='ocr_line' id='line_1_78' title="bbox 1006 1556 1747 1597; baseline -0.005 -6"><span class='ocrx_word' id='word_1_380' title='bbox 1006 1570 1099 1597; x_wconf 87' lang='lat' dir='ltr'>rum,</span> <span class='ocrx_word' id='word_1_381' title='bbox 1147 1568 1275 1591; x_wconf 88' lang='lat' dir='ltr'>necnon</span> <span class='ocrx_word' id='word_1_382' title='bbox 1314 1556 1590 1589; x_wconf 84' lang='lat' dir='ltr'>ultimodictarum</span> <span class='ocrx_word' id='word_1_383' title='bbox 1633 1556 1747 1588; x_wconf 86' lang='lat' dir='ltr'>decem</span> 
     </span>
     <span class='ocr_line' id='line_1_79' title="bbox 1007 1609 1750 1655; baseline -0.005 -11"><span class='ocrx_word' id='word_1_384' title='bbox 1007 1613 1199 1655; x_wconf 75' lang='lat' dir='ltr'>dignitatum</span> <span class='ocrx_word' id='word_1_385' title='bbox 1224 1610 1401 1654; x_wconf 84' lang='lat' dir='ltr'>respective</span> <span class='ocrx_word' id='word_1_386' title='bbox 1429 1609 1597 1650; x_wconf 82' lang='lat' dir='ltr'>fructibus,</span> <span class='ocrx_word' id='word_1_387' title='bbox 1617 1609 1750 1642; x_wconf 91' lang='lat' dir='ltr'>redditi-</span> 
     </span>
     <span class='ocr_line' id='line_1_80' title="bbox 1006 1662 1747 1708; baseline -0.004 -10"><span class='ocrx_word' id='word_1_388' title='bbox 1006 1666 1065 1699; x_wconf 91' lang='lat' dir='ltr'>bus</span> <span class='ocrx_word' id='word_1_389' title='bbox 1101 1671 1133 1698; x_wconf 89' lang='lat' dir='ltr'>et</span> <span class='ocrx_word' id='word_1_390' title='bbox 1169 1664 1380 1708; x_wconf 89' lang='lat' dir='ltr'>proventibus</span> <span class='ocrx_word' id='word_1_391' title='bbox 1415 1663 1569 1707; x_wconf 76' lang='lat' dir='ltr'>praefatis</span> <span class='ocrx_word' id='word_1_392' title='bbox 1601 1674 1618 1696; x_wconf 86' lang='lat' dir='ltr'>a</span> <span class='ocrx_word' id='word_1_393' title='bbox 1652 1662 1747 1695; x_wconf 90' lang='lat' dir='ltr'>nobis</span> 
     </span>
     <span class='ocr_line' id='line_1_81' title="bbox 1006 1717 1747 1763; baseline -0.005 -11"><span class='ocrx_word' id='word_1_394' title='bbox 1006 1730 1065 1763; x_wconf 90' lang='lat' dir='ltr'>per</span> <span class='ocrx_word' id='word_1_395' title='bbox 1089 1724 1291 1762; x_wconf 84' lang='lat' dir='ltr'>praesentes,</span> <span class='ocrx_word' id='word_1_396' title='bbox 1317 1723 1351 1750; x_wconf 93' lang='lat' dir='ltr'>ut</span> <span class='ocrx_word' id='word_1_397' title='bbox 1375 1718 1569 1760; x_wconf 75' lang='lat' dir='ltr'>praefertur,</span> <span class='ocrx_word' id='word_1_398' title='bbox 1597 1717 1747 1749; x_wconf 87' lang='lat' dir='ltr'>dismem-</span> 
     </span>
     <span class='ocr_line' id='line_1_82' title="bbox 1006 1770 1748 1815; baseline -0.005 -10"><span class='ocrx_word' id='word_1_399' title='bbox 1006 1773 1105 1806; x_wconf 89' lang='lat' dir='ltr'>bratis</span> <span class='ocrx_word' id='word_1_400' title='bbox 1131 1771 1308 1815; x_wconf 81' lang='lat' dir='ltr'>praefatis,</span> <span class='ocrx_word' id='word_1_401' title='bbox 1335 1781 1370 1803; x_wconf 86' lang='lat' dir='ltr'>ac</span> <span class='ocrx_word' id='word_1_402' title='bbox 1396 1770 1605 1813; x_wconf 80' lang='lat' dir='ltr'>dignitatibus</span> <span class='ocrx_word' id='word_1_403' title='bbox 1631 1780 1666 1802; x_wconf 88' lang='lat' dir='ltr'>ac</span> <span class='ocrx_word' id='word_1_404' title='bbox 1699 1780 1748 1802; x_wconf 85' lang='lat' dir='ltr'>ca-</span> 
     </span>
     <span class='ocr_line' id='line_1_83' title="bbox 1006 1823 1747 1868; baseline -0.005 -9"><span class='ocrx_word' id='word_1_405' title='bbox 1006 1826 1210 1859; x_wconf 89' lang='lat' dir='ltr'>nonicatibus</span> <span class='ocrx_word' id='word_1_406' title='bbox 1229 1831 1259 1858; x_wconf 86' lang='lat' dir='ltr'>et</span> <span class='ocrx_word' id='word_1_407' title='bbox 1276 1824 1473 1868; x_wconf 87' lang='lat' dir='ltr'>praebendis</span> <span class='ocrx_word' id='word_1_408' title='bbox 1493 1824 1596 1856; x_wconf 85' lang='lat' dir='ltr'>dietae</span> <span class='ocrx_word' id='word_1_409' title='bbox 1615 1823 1747 1866; x_wconf 88' lang='lat' dir='ltr'>patriar-</span> 
     </span>
     <span class='ocr_line' id='line_1_84' title="bbox 1005 1876 1747 1921; baseline -0.005 -9"><span class='ocrx_word' id='word_1_410' title='bbox 1005 1879 1107 1912; x_wconf 86' lang='lat' dir='ltr'>cbalis</span> <span class='ocrx_word' id='word_1_411' title='bbox 1133 1878 1289 1911; x_wconf 86' lang='lat' dir='ltr'>eeclesiae</span> <span class='ocrx_word' id='word_1_412' title='bbox 1306 1877 1568 1921; x_wconf 69' lang='lat' dir='ltr'>Ulyssiponensis</span> <span class='ocrx_word' id='word_1_413' title='bbox 1595 1876 1747 1909; x_wconf 86' lang='lat' dir='ltr'>occiden-</span> 
     </span>
     <span class='ocr_line' id='line_1_85' title="bbox 1007 1930 1746 1974; baseline -0.007 -8"><span class='ocrx_word' id='word_1_414' title='bbox 1007 1934 1078 1966; x_wconf 89' lang='lat' dir='ltr'>talis</span> <span class='ocrx_word' id='word_1_415' title='bbox 1097 1944 1113 1965; x_wconf 90' lang='lat' dir='ltr'>a</span> <span class='ocrx_word' id='word_1_416' title='bbox 1128 1932 1221 1965; x_wconf 89' lang='lat' dir='ltr'>nobis</span> <span class='ocrx_word' id='word_1_417' title='bbox 1237 1938 1269 1964; x_wconf 86' lang='lat' dir='ltr'>ut</span> <span class='ocrx_word' id='word_1_418' title='bbox 1284 1932 1366 1964; x_wconf 76' lang='lat' dir='ltr'>infra</span> <span class='ocrx_word' id='word_1_419' title='bbox 1381 1930 1595 1974; x_wconf 84' lang='lat' dir='ltr'>applicandis,</span> <span class='ocrx_word' id='word_1_420' title='bbox 1612 1930 1746 1962; x_wconf 87' lang='lat' dir='ltr'>alteram</span> 
     </span>
     <span class='ocr_line' id='line_1_86' title="bbox 1005 1982 1747 2028; baseline -0.008 -8"><span class='ocrx_word' id='word_1_421' title='bbox 1005 1987 1195 2020; x_wconf 87' lang='lat' dir='ltr'>eorumdem</span> <span class='ocrx_word' id='word_1_422' title='bbox 1230 1984 1407 2028; x_wconf 86' lang='lat' dir='ltr'>respective</span> <span class='ocrx_word' id='word_1_423' title='bbox 1439 1984 1612 2022; x_wconf 80' lang='lat' dir='ltr'>fructuum,</span> <span class='ocrx_word' id='word_1_424' title='bbox 1639 1982 1747 2015; x_wconf 86' lang='lat' dir='ltr'>reddi-</span> 
     </span>
     <span class='ocr_line' id='line_1_87' title="bbox 1007 2035 1745 2082; baseline -0.008 -9"><span class='ocrx_word' id='word_1_425' title='bbox 1007 2046 1095 2073; x_wconf 89' lang='lat' dir='ltr'>tuum</span> <span class='ocrx_word' id='word_1_426' title='bbox 1121 2045 1153 2072; x_wconf 92' lang='lat' dir='ltr'>et</span> <span class='ocrx_word' id='word_1_427' title='bbox 1178 2043 1393 2082; x_wconf 88' lang='lat' dir='ltr'>proventuum</span> <span class='ocrx_word' id='word_1_428' title='bbox 1413 2042 1527 2081; x_wconf 88' lang='lat' dir='ltr'>quotas</span> <span class='ocrx_word' id='word_1_429' title='bbox 1545 2037 1657 2069; x_wconf 81' lang='lat' dir='ltr'>loanni</span> <span class='ocrx_word' id='word_1_430' title='bbox 1675 2035 1745 2078; x_wconf 81' lang='lat' dir='ltr'>regi</span> 
     </span>
     <span class='ocr_line' id='line_1_88' title="bbox 1005 2089 1747 2137; baseline -0.008 -11"><span class='ocrx_word' id='word_1_431' title='bbox 1005 2104 1041 2127; x_wconf 91' lang='lat' dir='ltr'>ac</span> <span class='ocrx_word' id='word_1_432' title='bbox 1058 2093 1264 2137; x_wconf 85' lang='lat' dir='ltr'>patriarchae</span> <span class='ocrx_word' id='word_1_433' title='bbox 1284 2091 1437 2134; x_wconf 71' lang='lat' dir='ltr'>praefatis</span> <span class='ocrx_word' id='word_1_434' title='bbox 1455 2090 1636 2128; x_wconf 86' lang='lat' dir='ltr'>bencvisas‚</span> <span class='ocrx_word' id='word_1_435' title='bbox 1661 2089 1747 2121; x_wconf 89' lang='lat' dir='ltr'>dum-</span> 
     </span>
     <span class='ocr_line' id='line_1_89' title="bbox 1005 2143 1746 2188; baseline -0.008 -8"><span class='ocrx_word' id='word_1_436' title='bbox 1005 2148 1103 2180; x_wconf 89' lang='lat' dir='ltr'>modo</span> <span class='ocrx_word' id='word_1_437' title='bbox 1130 2152 1237 2179; x_wconf 86' lang='lat' dir='ltr'>tamen</span> <span class='ocrx_word' id='word_1_438' title='bbox 1270 2145 1487 2188; x_wconf 87' lang='lat' dir='ltr'>primodicta,</span> <span class='ocrx_word' id='word_1_439' title='bbox 1523 2143 1698 2181; x_wconf 84' lang='lat' dir='ltr'>videlicet,</span> <span class='ocrx_word' id='word_1_440' title='bbox 1730 2152 1746 2174; x_wconf 87' lang='lat' dir='ltr'>a</span> 
     </span>
     <span class='ocr_line' id='line_1_90' title="bbox 1005 2195 1747 2244; baseline -0.009 -11"><span class='ocrx_word' id='word_1_441' title='bbox 1005 2199 1213 2244; x_wconf 88' lang='lat' dir='ltr'>patriarchali</span> <span class='ocrx_word' id='word_1_442' title='bbox 1233 2197 1474 2241; x_wconf 82' lang='lat' dir='ltr'>Ulyssiponensi</span> <span class='ocrx_word' id='word_1_443' title='bbox 1501 2195 1692 2229; x_wconf 88' lang='lat' dir='ltr'>occidentali</span> <span class='ocrx_word' id='word_1_444' title='bbox 1712 2205 1747 2227; x_wconf 83' lang='lat' dir='ltr'>ac</span> 
     </span>
     <span class='ocr_line' id='line_1_91' title="bbox 1006 2249 1747 2296; baseline -0.011 -9"><span class='ocrx_word' id='word_1_445' title='bbox 1006 2252 1345 2296; x_wconf 83' lang='lat' dir='ltr'>archiepiscopalibus</span> <span class='ocrx_word' id='word_1_446' title='bbox 1372 2257 1401 2283; x_wconf 84' lang='lat' dir='ltr'>et</span> <span class='ocrx_word' id='word_1_447' title='bbox 1429 2249 1671 2293; x_wconf 83' lang='lat' dir='ltr'>episcopalibus</span> <span class='ocrx_word' id='word_1_448' title='bbox 1699 2258 1747 2279; x_wconf 90' lang='lat' dir='ltr'>ec-</span> 
     </span>
     <span class='ocr_line' id='line_1_92' title="bbox 1005 2300 1743 2349; baseline -0.012 -9"><span class='ocrx_word' id='word_1_449' title='bbox 1005 2307 1110 2340; x_wconf 87' lang='lat' dir='ltr'>clesiis</span> <span class='ocrx_word' id='word_1_450' title='bbox 1129 2305 1282 2349; x_wconf 77' lang='lat' dir='ltr'>praefatis</span> <span class='ocrx_word' id='word_1_451' title='bbox 1310 2310 1464 2347; x_wconf 87' lang='lat' dir='ltr'>quartam,</span> <span class='ocrx_word' id='word_1_452' title='bbox 1494 2300 1743 2335; x_wconf 76' lang='lat' dir='ltr'>secnndodicta¹</span> 
     </span>
     <span class='ocr_line' id='line_1_93' title="bbox 1005 2356 1747 2402; baseline -0.011 -9"><span class='ocrx_word' id='word_1_453' title='bbox 1005 2371 1081 2393; x_wconf 85' lang='lat' dir='ltr'>vcro</span> <span class='ocrx_word' id='word_1_454' title='bbox 1101 2364 1216 2402; x_wconf 87' lang='lat' dir='ltr'>quotae</span> <span class='ocrx_word' id='word_1_455' title='bbox 1239 2357 1435 2395; x_wconf 85' lang='lat' dir='ltr'>huiusmodi,</span> <span class='ocrx_word' id='word_1_456' title='bbox 1455 2362 1489 2387; x_wconf 91' lang='lat' dir='ltr'>ut</span> <span class='ocrx_word' id='word_1_457' title='bbox 1508 2356 1589 2387; x_wconf 76' lang='lat' dir='ltr'>inl&#39;ra</span> <span class='ocrx_word' id='word_1_458' title='bbox 1607 2360 1747 2387; x_wconf 85' lang='lat' dir='ltr'>statuen-</span> 
     </span>
     <span class='ocr_line' id='line_1_94' title="bbox 1006 2409 1747 2454; baseline -0.011 -8"><span class='ocrx_word' id='word_1_459' title='bbox 1006 2415 1083 2453; x_wconf 83' lang='lat' dir='ltr'>dae,</span> <span class='ocrx_word' id='word_1_460' title='bbox 1107 2419 1171 2445; x_wconf 89' lang='lat' dir='ltr'>tres</span> <span class='ocrx_word' id='word_1_461' title='bbox 1196 2416 1326 2454; x_wconf 84' lang='lat' dir='ltr'>quartas</span> <span class='ocrx_word' id='word_1_462' title='bbox 1352 2421 1368 2442; x_wconf 87' lang='lat' dir='ltr'>a</span> <span class='ocrx_word' id='word_1_463' title='bbox 1393 2409 1603 2451; x_wconf 80' lang='lat' dir='ltr'>dignitatibus</span> <span class='ocrx_word' id='word_1_464' title='bbox 1637 2418 1672 2439; x_wconf 85' lang='lat' dir='ltr'>ac</span> <span class='ocrx_word' id='word_1_465' title='bbox 1698 2418 1747 2440; x_wconf 83' lang='lat' dir='ltr'>ea-</span> 
     </span>
     <span class='ocr_line' id='line_1_95' title="bbox 1005 2462 1745 2506; baseline -0.009 -7"><span class='ocrx_word' id='word_1_466' title='bbox 1005 2466 1210 2500; x_wconf 78' lang='lat' dir='ltr'>nonicatibus</span> <span class='ocrx_word' id='word_1_467' title='bbox 1239 2470 1270 2497; x_wconf 86' lang='lat' dir='ltr'>et</span> <span class='ocrx_word' id='word_1_468' title='bbox 1302 2462 1498 2506; x_wconf 80' lang='lat' dir='ltr'>praebendIs</span> <span class='ocrx_word' id='word_1_469' title='bbox 1531 2471 1657 2493; x_wconf 89' lang='lat' dir='ltr'>necnon</span> <span class='ocrx_word' id='word_1_470' title='bbox 1695 2471 1745 2493; x_wconf 87' lang='lat' dir='ltr'>ca-</span> 
     </span>
     <span class='ocr_line' id='line_1_96' title="bbox 1005 2514 1745 2558; baseline -0.011 -5"><span class='ocrx_word' id='word_1_471' title='bbox 1005 2519 1209 2553; x_wconf 82' lang='lat' dir='ltr'>nonicatibus</span> <span class='ocrx_word' id='word_1_472' title='bbox 1229 2528 1298 2550; x_wconf 90' lang='lat' dir='ltr'>cum</span> <span class='ocrx_word' id='word_1_473' title='bbox 1325 2515 1455 2548; x_wconf 78' lang='lat' dir='ltr'>dimidia</span> <span class='ocrx_word' id='word_1_474' title='bbox 1481 2514 1666 2558; x_wconf 83' lang='lat' dir='ltr'>praebenda</span> <span class='ocrx_word' id='word_1_475' title='bbox 1690 2524 1745 2546; x_wconf 85' lang='lat' dir='ltr'>seu</span> 
     </span>
    </p>
   </div>
   <div class='ocr_carea' id='block_1_6' title="bbox 1044 2576 1691 2614">
    <p class='ocr_par' dir='ltr' id='par_1_15' title="bbox 1044 2576 1691 2614">
     <span class='ocr_line' id='line_1_97' title="bbox 1044 2576 1691 2614; baseline -0.011 -4"><span class='ocrx_word' id='word_1_476' title='bbox 1044 2584 1051 2610; x_wconf 86' lang='lat' dir='ltr'>l</span> <span class='ocrx_word' id='word_1_477' title='bbox 1077 2581 1146 2610; x_wconf 83' lang='lat' dir='ltr'>Edit.</span> <span class='ocrx_word' id='word_1_478' title='bbox 1169 2580 1247 2608; x_wconf 80' lang='lat' dir='ltr'>Maia.</span> <span class='ocrx_word' id='word_1_479' title='bbox 1269 2579 1333 2614; x_wconf 80' lang='lat' dir='ltr'>tegit</span> <span class='ocrx_word' id='word_1_480' title='bbox 1354 2578 1570 2606; x_wconf 69' lang='lat' dir='ltr'>secumloctictac</span> <span class='ocrx_word' id='word_1_481' title='bbox 1590 2577 1627 2612; x_wconf 76' lang='lat' dir='ltr'>(a.</span> <span class='ocrx_word' id='word_1_482' title='bbox 1645 2576 1691 2611; x_wconf 84' lang='grc' dir='ltr'>τ.).</span> 
     </span>
    </p>
   </div>
   <div class='ocr_carea' id='block_1_7' title="bbox 1649 167 1946 202">
    <p class='ocr_par' dir='ltr' id='par_1_16' title="bbox 1649 167 1946 202">
     <span class='ocr_line' id='line_1_98' title="bbox 1649 167 1946 202; baseline 0.007 -2"><span class='ocrx_word' id='word_1_483' title='bbox 1649 167 1714 201; x_wconf 67' lang='lat'>5325</span> <span class='ocrx_word' id='word_1_484' title='bbox 1760 176 1809 202; x_wconf 78' lang='lat' dir='ltr'>An.</span> <span class='ocrx_word' id='word_1_485' title='bbox 1831 175 1860 202; x_wconf 83' lang='lat' dir='ltr'>c.</span> <span class='ocrx_word' id='word_1_486' title='bbox 1881 175 1946 202; x_wconf 66' lang='lat'><strong>4738</strong></span> 
     </span>
    </p>
   </div>
  </div>
 </body>
</html>
