2232 3178
255 202 302 227 Aa.
324 200 353 227 c.
375 199 441 227 1740
487 190 551 223 618

325 2453 372 2473 Cae.
390 2452 413 2472 X.

307 2480 335 2498 Du
359 2480 384 2498 iis

280 2507 316 2526 ab<
323 2506 391 2525 ervari

450 248 540 278 ullum
564 247 760 278 ministerium
783 254 898 276 sacrum
918 243 1066 283 publicum
1082 242 1188 272 obeant

451 298 484 327 ad
518 297 674 336 populum,
698 295 761 325 sine
789 294 929 334 expressa
962 293 1024 322 eius
1053 291 1186 321 licentia.

489 354 526 375 iv.
546 345 713 384 EpiscopOS‚
730 342 964 381 chorepiscopos,
990 339 1188 379 archipresby-

451 399 526 424 teros
540 399 567 423 et
584 393 736 432 parochos,
751 399 909 429 omnesque
926 394 984 419 tam
1002 388 1186 418 reverendis-

451 443 515 472 simi
538 441 646 471 domini
670 440 853 479 patriarchae
877 447 963 478 quam
987 437 1116 476 episcopi
1143 445 1188 466 or-

451 491 557 520 dinarii
579 489 792 519 ecclesiasticos
815 488 978 524 ministros,
1003 495 1059 525 quo
1081 494 1132 524 par
1147 489 1190 514 est

452 541 560 569 honore
584 540 808 577 prosequantur.
828 536 859 565 ln
883 544 984 564 eorum
1002 534 1105 563 officiis
1127 542 1190 562 sese

453 598 487 617 ne
511 587 704 623 immisceant,
728 595 799 615 neve
822 593 934 614 sacram
958 583 1046 612 ullam
1065 582 1189 612 functio-

453 646 517 666 nem
540 645 604 666 cuin
635 634 834 665 saecularibus
862 634 906 663 vel
935 642 1002 671 erga
1027 631 1191 661 saeculares

452 688 617 721 exerceant,
642 683 697 713 nisi
714 683 795 712 iussu
813 681 942 721 episcopi
959 685 987 710 et
1007 679 1191 718 beneplacito

454 734 656 774 parochorum.
687 732 790 762 Curam
822 731 987 761 animarum
1019 732 1191 768 perpetuam

454 782 589 813 monachi
611 791 647 811 ne
669 785 781 819 gerant,
805 789 900 818 neque
922 779 1009 808 etiam
1026 778 1061 807 ad
1079 782 1193 816 tempus

453 831 631 869 civitatibus,
655 830 718 860 sine
741 829 861 859 licentia
883 826 1121 858 reverendissimi
1144 826 1194 855 do-

456 881 527 910 mini
551 879 736 919 patriarchae
768 882 796 907 et
819 876 948 916 episcopi
970 875 1130 905 ordinarii:
1164 875 1192 903 in

456 930 536 969 pagis
560 938 639 965 vero,
663 937 696 957 ac
719 926 890 966 praesertim
915 925 943 954 in
960 923 1033 953 locis
1049 927 1194 952 monaste-

456 979 500 1008 rio
523 977 678 1015 contiguis,
697 980 830 1015 possunt,
847 974 869 1003 si
887 974 1041 1012 episcopus
1058 971 1192 1009 voluerit,

455 1028 490 1057 ad
513 1032 628 1065 tempus
651 1025 785 1064 supplere
808 1023 971 1052 absentiam
989 1021 1033 1050 vel
1050 1021 1194 1050 defectum

457 1075 662 1115 parochorum,
688 1076 870 1102 sacramenta
890 1070 1053 1099 necessaria
1071 1069 1196 1098 admini-

457 1123 586 1160 strando,
610 1120 807 1151 concionando
824 1124 852 1149 et
867 1119 1032 1148 catecheses
1051 1117 1194 1146 faciendo.

498 1183 523 1201 v.
542 1170 691 1207 Quomodo
707 1174 804 1199 autem
825 1167 960 1197 monachi
977 1175 1042 1196 cum
1060 1165 1197 1205 principi-

458 1222 511 1251 bus
524 1225 552 1250 et
569 1218 758 1259 potestatibus
774 1217 882 1246 saeculi
898 1226 928 1245 se
945 1224 1046 1253 gerere
1060 1215 1195 1248 debeant,

458 1274 556 1300 monet
589 1267 743 1307 Apostolus
760 1291 767 1303 ,
793 1265 950 1306 inquiens:
977 1264 1073 1294 Omnis
1105 1265 1197 1293 αηὶιηα

456 1318 634 1358 potestatibus
655 1315 858 1345 sublimioribus
880 1314 986 1343 subdita
1009 1316 1063 1347 sit,
1084 1322 1134 1341 non
1158 1323 1199 1341 so-

460 1368 518 1397 lam
538 1371 650 1405 propter
672 1366 752 1399 iram,
775 1364 819 1392 sed
838 1363 917 1392 etiam
933 1367 1047 1401 propter
1061 1362 1198 1391 conscien-

460 1418 539 1450 tiam·
563 1424 610 1444 nee
632 1418 738 1443 lantum
761 1413 835 1441 bonis
857 1416 881 1440 et
904 1412 1036 1448 modestis,
1058 1411 1103 1440 sed
1117 1413 1199 1440 etiam

460 1464 586 1503 dyscolis.
621 1462 752 1492 Reddere
775 1464 871 1490 autem
906 1459 1041 1489 iubemur
1064 1458 1200 1489 omnibus

461 1513 569 1550 debita,
593 1513 637 1542 cui
659 1512 802 1544 tributum,
827 1510 982 1538 tributum:
1005 1510 1051 1538 eui
1074 1509 1199 1547 vectigal,

461 1561 590 1599 zeectigial:
613 1560 659 1589 cui
680 1562 815 1591 honorem,
840 1559 976 1586 timorem.-
999 1557 1044 1585 συί
1061 1557 1199 1594 honorem,

463 1612 601 1640 honorem.
626 1609 655 1638 Si
679 1618 765 1648 quem
789 1608 877 1645 igitur
906 1607 1071 1646 principum
1101 1615 1202 1636 saecu-

462 1660 566 1689 larium
589 1657 745 1696 contigerit
777 1657 812 1686 ad
835 1660 933 1685 nostra
958 1654 1136 1684 monasteria
1159 1654 1202 1684 di-

463 1712 589 1743 vertere,
614 1706 740 1735 maxime
762 1704 786 1734 si
809 1704 904 1733 fidelis
926 1703 1026 1741 fuerit,
1051 1702 1130 1732 omni
1154 1703 1203 1731 ho-

464 1766 534 1787 nore
556 1756 638 1786 illum
663 1757 890 1794 prosequantur.
915 1752 946 1782 ln
966 1752 1091 1789 negotiis
1108 1756 1203 1781 tamen

465 1809 632 1843 magnatum
657 1811 841 1842 nequaquam
874 1810 904 1830 se
937 1801 1088 1838 ingerant:
1121 1800 1205 1830 Nemo

465 1855 537 1883 enim
558 1853 684 1882 militans
707 1851 761 1881 Deo
775 1874 782 1887 ,
806 1850 932 1889 implicat
954 1860 981 1878 se
1005 1850 1119 1887 neyotiz's
1147 1859 1206 1878 sae-

464 1902 622 1936 culm·t'b1‹s‚·
646 1909 740 1939 neque
763 1908 864 1929 eorum
892 1898 972 1927 aulas
995 1898 1204 1937 frequentent,

465 1955 514 1981 aut
536 1950 679 1980 amicitias
701 1948 842 1984 ambiant,
868 1947 1021 1986 multoque
1044 1947 1141 1976 minus
1158 1955 1205 1977 eo-

466 2010 530 2031 rum
563 2000 653 2039 opera
684 2002 733 2028 aut
766 1997 929 2037 patrocinio
951 1996 1093 2026 adversus
1116 1996 1206 2026 eccle-

467 2048 597 2078 siasticas
631 2050 786 2086 potestates
820 2049 952 2075 utantur.
981 2044 1010 2075 Si
1039 2045 1109 2084 quid
1139 2053 1206 2074 vero

468 2106 532 2128 cum
556 2097 614 2126 illis
636 2096 711 2125 circa
733 2095 807 2124 bona
828 2093 999 2133 temporalia
1017 2093 1207 2123 monasterio-

469 2156 534 2175 rum
558 2145 701 2184 agendum
725 2147 773 2173 aut
795 2143 996 2181 trasigendum
1019 2142 1097 2178 erit,
1122 2142 1149 2172 id
1173 2141 1207 2171 ab

468 2194 571 2224 abbate
593 2198 642 2224 aut
664 2201 823 2223 oeconomo
846 2192 887 2221 sic
911 2192 971 2229 fiat,
995 2195 1027 2220 ut
1049 2191 1204 2229 religiosae

469 2242 644 2272 humilitatis
676 2250 826 2279 nunquam
862 2240 1065 2270 obliviscatur.
1101 2240 1208 2270 Curent

469 2292 606 2331 denique,
630 2294 770 2329 quantum
794 2289 857 2318 fieri
880 2289 997 2328 poterit,
1014 2292 1046 2318 ut
1062 2292 1206 2318 monaste-

470 2341 581 2370 riorum
602 2339 684 2369 fundi
708 2338 964 2378 possessionesque
995 2346 1010 2367 a
1033 2336 1150 2367 tributis
1183 2342 1210 2366 et

472 2388 664 2426 vectigalibus
687 2387 832 2416 immunes
855 2385 924 2415 sint.

511 2446 528 2466 1.
551 2437 620 2467 Cum
644 2436 730 2465 huius
752 2435 869 2473 regulae
891 2433 958 2463 finis
992 2433 1029 2463 sit
1059 2433 1211 2473 spirituale

407 2483 617 2524 ‘vjffiauxilium
651 2484 887 2520 monachorum,
911 2482 998 2512 abbas
1026 2491 1212 2522 summopere

279 2533 329 2552 '³⁴³⁰‘
347 2532 452 2556 ¹¹¹⁰X³ss⁴ffi
475 2537 585 2570 caveat,
609 2542 645 2563 ne
669 2532 737 2562 vitio
760 2541 812 2562 suo
835 2531 935 2561 eadem
958 2530 1098 2561 fratribus
1116 2531 1213 2569 gravis

280 2559 305 2578 da
329 2559 355 2577 ab
381 2558 421 2576 :ibh

426 2558 463 2577 all*

280 2583 462 2606 misetreauemia
475 2586 502 2613 et
526 2581 708 2613 intoleranda
731 2581 802 2620 fiat,
827 2584 914 2621 atque
937 2579 972 2610 ab
995 2580 1057 2610 eius
1079 2579 1213 2610 observa-

1030 193 1210 219 BULLARIUM
1234 193 1388 217 ROMANUM
1975 192 2024 218 An.
2045 192 2074 219 C.
2094 193 2160 222 ¹740

1231 241 1310 271 tione
1333 239 1472 280 paulatim
1495 243 1674 276 avertantur,
1699 248 1884 279 cummagno
1901 241 2158 287 sua-{ifflgsssschffsw

1231 298 1296 319 rum
1319 289 1485 319 animarum
1511 293 1598 328 atque
1631 288 1748 319 Ordinis
1780 289 1965 319 detrimento.
1978 294 2030 315 tiae-
2053 273 2158 290 conscien-

1231 339 1262 368 ln
1297 339 1351 368 hoc
1385 337 1506 377 proinde
1528 347 1596 367 casu
1618 346 1649 367 se
1671 340 1783 376 patrem
1806 337 1966 374 exhibeat,

1232 388 1302 417 adeo
1324 391 1355 417 ut
1377 387 1536 416 monachus
1558 386 1592 416 ad
1615 386 1710 425 ipsum
1739 395 1805 416 cum
1829 386 1910 416 filiali
1935 387 1968 416 fi-

1232 437 1318 466 ducia
1342 445 1495 466 recurrere
1517 439 1678 465 assuescat.

1272 495 1301 515 ιι.
1326 485 1387 514 Non
1411 488 1454 514 est
1483 484 1631 522 cogendus
1659 483 1818 513 monachus
1850 487 1881 514 ut
1903 494 1973 515 con-

1233 533 1385 563 scientiam
1408 541 1490 562 suam
1513 532 1610 562 abbati
1632 532 1743 571 aperiat.
1765 532 1793 561 in
1823 532 1859 562 iis
1884 533 1972 563 rebus

1233 583 1268 612 dc
1290 582 1396 621 quibus
1418 581 1567 610 confessus
1589 585 1633 610 est
1655 584 1704 610 aut
1726 581 1859 610 confiteri
1888 581 1974 612 debet

1234 630 1309 669 apud
1326 629 1518 659 sacerdotem.
1535 628 1639 658 Omnia
1655 633 1768 667 autem,
1786 638 1859 668 quae
1875 629 1973 660 abbati

1234 679 1264 708 in
1287 679 1341 708 hac
1364 678 1485 708 materia
1507 678 1685 715 revelantur,
1702 678 1847 716 intelligat
1862 688 1894 708 ea
1915 678 1974 709 sibi

1235 727 1288 757 sub
1301 731 1412 756 secreto
1425 725 1551 755 naturali
1567 726 1661 763 dicta;
1681 726 1758 766 quod
1775 730 1870 757 tamen
1886 727 1921 757 de
1936 727 1974 756 iis

1236 776 1385 805 dumtaxat
1419 775 1641 812 intelligendum
1664 778 1732 813 est,
1758 784 1831 814 quae
1853 775 1919 816 quis
1940 776 1975 807 de

1236 835 1266 855 se
1287 825 1352 864 ipso
1374 825 1494 864 suisque
1515 823 1676 854 defectibus
1697 828 1747 854 aut
1764 825 1975 855 tentationibus

1237 875 1334 905 abbati
1357 875 1461 914 aperit:
1485 883 1559 913 quae
1582 873 1659 903 enirn
1682 873 1716 903 de
1739 873 1804 903 aliis
1825 874 1976 904 monachis

1238 923 1418 960 denunciat,
1442 932 1474 953 ea
1508 922 1562 952 sub
1595 926 1742 952 secretum
1765 931 1823 952 non
1847 922 1975 962 cadunt,

1239 973 1292 1002 nisi
1316 972 1408 1012 quoad
1432 980 1585 1010 personam
1608 970 1824 1001 denunciantis.

1278 1030 1318 1050 111.
1338 1021 1396 1050 Hoc
1412 1024 1557 1050 secretum
1581 1019 1670 1049 abbas
1685 1019 1854 1049 cautissime
1870 1023 1976 1057 servet,

1239 1079 1292 1099 nec
1316 1070 1402 1099 faeiat
1424 1069 1583 1108 quidquam
1606 1078 1641 1098 ex
1657 1068 1762 1098 notitia
1777 1068 1844 1098 inde
1866 1068 1977 1106 habita,

1239 1119 1332 1158 quoad
1355 1128 1401 1148 res
1423 1117 1645 1154 denunciantis,
1669 1117 1726 1147 nisi
1749 1126 1917 1156 expressam
1942 1116 1978 1146 ab

1240 1167 1339 1197 eodem
1359 1166 1492 1196 habuerit
1514 1166 1693 1196 facultatem.
1717 1165 1748 1195 Si
1763 1166 1829 1205 quis
1845 1175 1913 1196 vero
1928 1166 1981 1196 hu-

1240 1217 1285 1246 ius
1308 1215 1412 1245 secreti
1435 1215 1519 1244 fidem
1543 1214 1645 1253 quovis
1667 1215 1751 1244 modo
1774 1214 1896 1253 fregisse
1915 1224 1981 1245 con-

1242 1264 1333 1294 victus
1356 1264 1465 1299 fuerit,
1489 1263 1684 1293 denuncietur
1707 1262 1804 1292 abbati
1826 1263 1979 1301 generali,

1242 1313 1291 1352 qui
1307 1313 1527 1352 delinquentem
1544 1320 1644 1341 severe
1661 1311 1773 1351 puniet.
1798 1311 1871 1341 Hinc
1893 1311 1981 1342 abbas

1243 1362 1286 1391 vel
1303 1362 1467 1401 praefectus
1483 1370 1579 1391 rerum
1597 1360 1795 1400 spiritualium
1811 1364 1932 1398 satagat,
1950 1364 1982 1391 ut

1243 1411 1346 1440 fratres
1369 1410 1535 1447 intelligant
1558 1418 1665 1449 poenas
1679 1409 1832 1447 impositas
1848 1408 1982 1439 fractioni

1243 1458 1382 1499 praedicti
1405 1458 1504 1497 sigilli,
1527 1462 1559 1488 ut
1582 1458 1650 1488 inde
1673 1461 1781 1488 metum
1804 1466 1920 1487 omnem
1933 1457 1983 1488 de-

1244 1512 1363 1548 ponant,
1386 1512 1414 1537 et
1435 1507 1469 1536 ad
1493 1516 1577 1537 usum
1599 1506 1686 1537 huius
1711 1506 1808 1546 praxis
1824 1507 1984 1547 promptio-

1244 1567 1291 1588 res
1312 1557 1486 1587 reddantur.

1284 1615 1322 1636 1v.
1346 1606 1378 1636 In
1400 1605 1567 1636 domesticis
1597 1604 1851 1635 exhortationibus
1878 1604 1914 1635 ab
1936 1604 1986 1635 ab·

1245 1655 1312 1686 bate
1334 1655 1499 1685 inculcetur
1529 1658 1584 1683 tam
1618 1657 1738 1684 sanctus
1770 1658 1798 1683 et
1830 1653 1986 1684 laudabilis

1246 1714 1307 1734 mos
1331 1713 1346 1734 a
1369 1703 1477 1734 sanctis
1500 1702 1633 1743 patribus
1655 1702 1763 1733 nostris
1786 1702 1934 1741 inductus,
1957 1706 1986 1733 et

1246 1753 1373 1783 alumnis
1405 1752 1466 1782 suis
1499 1752 1625 1781 maxime
1653 1751 1883 1781 commendatus.
1914 1751 1986 1781 Item

1247 1802 1311 1832 eius
1342 1801 1500 1834 necessitas
1534 1805 1563 1830 et
1594 1800 1727 1838 utilitas,
1757 1809 1815 1830 non
1836 1800 1929 1830 solum
1952 1800 1988 1830 ad

1248 1850 1416 1890 privatum,
1447 1849 1495 1880 sed
1518 1849 1605 1879 etiam
1634 1849 1669 1879 ad
1696 1858 1850 1879 commune
1878 1848 1987 1879 bonum

1248 1898 1399 1938 spirituale
1421 1898 1602 1928 ostendatur.

1288 1956 1315 1976 v.
1340 1947 1547 1987 Unusquisque
1569 1946 1661 1985 igitur
1683 1947 1790 1985 magna
1814 1955 1881 1976 cum
1911 1946 1989 1986 puri-

1250 2000 1308 2026 tate
1331 1996 1385 2026 sub
1408 1995 1505 2034 sigillo
1527 1995 1634 2025 secreti
1662 1995 1822 2034 naturalis,
1847 1999 1896 2026 aut
1918 2005 1988 2035 qua-

1249 2054 1374 2083 cumque
1397 2044 1509 2074 ratione
1532 2044 1558 2073 ei
1581 2044 1735 2083 placuerit,
1753 2047 1842 2074 totam
1860 2044 1988 2074 animam

1250 2102 1331 2122 suam
1355 2092 1452 2122 abbati
1479 2093 1661 2122 manifestam
1694 2093 1803 2131 faciat,
1833 2093 1990 2132 aperiendo

1250 2141 1378 2170 defectus
1401 2150 1480 2179 suos,
1504 2150 1552 2170 eos
1576 2141 1748 2180 praesertim
1769 2141 1876 2181 quibus
1898 2142 1990 2180 magis

1251 2194 1399 2228 gravatur.
1434 2189 1510 2225 Quos
1538 2199 1606 2219 vero
1636 2190 1666 2219 in
1699 2189 1839 2220 fratribus
1861 2190 1922 2220 suis
1943 2190 1992 2220 de-

1252 2239 1438 2278 prehenderit
1460 2239 1606 2277 defectus,
1630 2239 1723 2269 eidem
1746 2238 1843 2268 abbati
1864 2239 1990 2278 revelet,

1252 2292 1281 2317 ut
1303 2297 1464 2326 congruum
1488 2288 1649 2318 remedium
1673 2292 1775 2327 aptare
1798 2287 1900 2327 possit.

1291 2346 1329 2366 νι.
1347 2337 1446 2376 Capita
1462 2341 1572 2374 autem,
1589 2336 1696 2375 quibus
1715 2336 1912 2366 conscientiae
1927 2344 1995 2376 pro-

1254 2386 1335 2425 priae
1366 2386 1438 2415 ratio
1466 2385 1612 2416 reddenda
1635 2385 1711 2421 erit,
1735 2384 1806 2414 haee
1828 2385 1887 2414 fere
1909 2389 1992 2422 sunt3

1254 2445 1288 2464 ex
1311 2434 1417 2474 quibus
1433 2443 1499 2464 cum
1518 2443 1549 2463 ea
1571 2433 1707 2463 retulerit
1724 2442 1798 2472 quae
1820 2432 1855 2462 ad
1878 2433 1994 2472 plenam

1255 2483 1300 2513 sui
1319 2483 1585 2513 manifestationem
1604 2481 1725 2512 dicenda
1744 2481 1899 2521 putaverit,
1917 2485 1995 2520 petat

1256 2531 1291 2561 ab
1314 2531 1431 2570 abbate,
1452 2535 1483 2561 ut
1505 2540 1535 2560 se
1558 2530 1653 2570 ipsum
1675 2528 1881 2567 interrogando
1903 2529 1993 2566 iuvet,

1257 2589 1290 2610 ae
1322 2580 1471 2620 suppleat,
1494 2579 1519 2610 si
1550 2579 1620 2619 quid
1641 2587 1704 2610 esse
1725 2577 1834 2609 iudicet
1860 2577 1937 2619 quod
1959 2577 1995 2609 ad
