2232 3178
298 228 346 255 An.
363 227 477 255 (3.1738
523 219 586 252 318

329 1452 423 1473 Clemens
438 1452 474 1473 th

292 1482 383 1499 erectam
411 1486 422 1498 a
450 1485 472 1499 se

300 1508 354 1530 pati-i
411 1507 464 1525 alem

291 1532 358 1552 eccles
413 1533 473 1552 duta-

292 1560 320 1577 vit
335 1565 358 1577 rx
411 1566 472 1578 mem-

291 1586 387 1605 bratwne
412 1591 472 1611 quai·-

291 1613 324 1629 tak·
345 1614 409 1637 partts
432 1612 472 1632 siu-

290 1640 359 1657 ctuum
392 1640 473 1658 cetera-

291 1669 335 1683 ruiu
372 1665 472 1685 ecetesia-

290 1696 342 1711 rum.

489 275 611 310 rerum¹
629 277 767 309 sublime
794 286 912 309 nomen
931 277 969 309 ad
989 276 1085 309 divini
1104 277 1227 309 servitii

489 330 625 372 gloriam
653 329 906 372 erigendamque
928 330 966 362 ad
994 330 1121 363 beatam
1150 330 1227 363 Sion

488 382 684 425 populorum
710 392 842 414 suorum
876 382 1083 415 devotionem
1110 394 1225 426 perso-

488 445 587 474 nare,
622 441 653 467 et
686 435 717 466 in
749 435 817 468 cius
850 436 1058 478 patriarchali
1091 437 1228 469 ccclesia

488 487 728 530 Ulyssiponensi
750 488 960 528 occidentali,
985 489 1132 522 caelestis
1153 490 1228 522 hea-

489 545 592 573 torum
611 540 725 573 civium
744 541 833 573 aulae
852 541 1026 583 imaginem
1052 542 1227 575 exhibente

489 593 519 625 in
543 593 646 633 terris,
665 604 822 636 personas
849 594 963 627 divinis
988 596 1157 638 ohsequiis
1182 596 1228 627 iu-

488 646 571 688 giter
596 646 778 679 insistentes
804 657 863 690 pro
893 657 1002 680 earum
1028 648 1136 680 debita
1160 660 1227 681 ma-

487 700 688 739 nutentione‚
713 705 745 732 et
768 706 865 743 prout
885 700 1111 743 patriarchalis
1129 702 1228 734 eccle-

487 752 553 785 siae
579 752 763 795 praedictae
789 755 931 796 postulat
957 755 1108 797 dignitas,
1135 755 1227 788 novis

488 805 694 839 facultatilms
727 806 907 849 annuisque
943 808 1122 840 redditibus
1143 819 1228 841 com-

486 859 615 899 muniri,
637 859 748 902 eisque
775 860 820 892 sic
844 861 1061 901 communitis,
1082 861 1227 894 caelestis

487 913 578 945 aulae
605 923 640 945 ac
665 912 835 945 beatorum
854 913 968 946 civium
989 914 1226 956 praedictorum

488 966 519 997 in
545 966 755 1008 patriarchali
783 967 920 999 ecclesia
954 967 1139 1001 huiusmodi
1166 968 1227 1001 sibi

486 1019 684 1061 populisque
710 1019 773 1051 suis
800 1020 986 1053 elucescere
1013 1021 1225 1061 maiestatem,

487 1070 641 1114 piissimis
668 1082 704 1104 ac
725 1082 798 1104 vere
817 1071 1006 1105 fidelissimo
1027 1084 1101 1115 rege
1121 1073 1227 1115 dignis

488 1129 619 1166 exoptat
643 1124 829 1165 affectibus,
847 1126 884 1158 ad
905 1126 1072 1159 desideria
1090 1138 1145 1159 sua
1170 1128 1228 1159 hu-

486 1176 625 1210 iusmodi
646 1177 844 1220 apostolicae
866 1178 1069 1212 liberalitatis
1096 1185 1226 1213 nostrae

486 1235 594 1273 partes
613 1231 833 1263 favorabiliter
851 1231 1103 1275 interponimus,
1121 1239 1225 1276 prout,

486 1284 630 1326 pensatis
646 1284 879 1317 desideriorum
896 1286 1135 1328 praedictorum
1152 1298 1227 1330 erga

487 1337 584 1370 divini
618 1338 739 1370 servitii
775 1339 925 1371 decorem
950 1340 1084 1379 meritis,
1111 1342 1142 1372 in
1168 1341 1228 1374 Do-

485 1390 573 1424 mino
594 1391 810 1434 conspicimus
837 1393 1012 1425 salubriter
1037 1394 1202 1436 expedire.

529 1444 544 1486 5
570 1443 601 1476 1.
637 1445 723 1477 Alias
755 1445 916 1488 siquidem
944 1446 1045 1479 felicis
1075 1448 1228 1480 reeorda-

485 1496 581 1529 tionis
616 1496 764 1530 Clemens
801 1498 887 1541 Papa
917 1499 955 1531 xl
996 1500 1227 1542 praedecessor

484 1554 611 1587 noster,
654 1556 826 1592 postquam
868 1551 936 1593 ipse
977 1551 1225 1593 patriarchalem

485 1603 653 1636 ecclesiam
674 1603 963 1647 Ulyssiponensem
990 1605 1225 1639 occidentalem

484 1656 523 1688 ab
549 1666 586 1689 eo
609 1662 748 1689 erectam
775 1662 806 1689 et
831 1657 1018 1697 institutam,
1036 1658 1076 1690 ob
1094 1669 1225 1692 suorum

484 1709 624 1752 insignia
650 1710 850 1750 meritorum,
878 1711 1011 1753 copioso
1037 1711 1225 1754 privilegio-

484 1772 556 1794 rum
573 1767 604 1795 et
619 1762 821 1795 indultorum
841 1774 878 1796 ac
895 1763 1028 1796 aliarum
1050 1764 1225 1806 gratiarum

484 1815 665 1858 apostolica
690 1815 881 1849 auctoritate
907 1827 1134 1850 concessorum
1159 1818 1227 1851 the-

484 1878 581 1901 sauro
608 1868 777 1909 ditaverat,
798 1874 832 1901 ut
856 1870 888 1902 in
912 1872 949 1902 ea
973 1870 1152 1903 divinarum
1179 1881 1227 1904 re-

483 1932 554 1954 rum
580 1923 685 1955 cultus
705 1933 762 1955 suo
781 1933 910 1966 quoque
929 1934 987 1966 par
1004 1930 1089 1956 esset
1105 1924 1224 1964 decori,

483 1975 689 2019 eiusdemque
714 1976 941 2019 patriarchalis
968 1978 1104 2010 ecclesia
1125 1977 1225 2021 Ulys-

483 2028 669 2071 siponensis
704 2029 916 2063 occidentalis
949 2031 1125 2070 fructibus,
1152 2031 1225 2064 red-

484 2081 603 2114 ditibus
630 2087 661 2115 et
685 2083 895 2125 proventibus
914 2083 1153 2123 ecclesiasticis,
1167 2095 1225 2127 per

483 2144 563 2178 quos
586 2135 771 2177 dignitates,
795 2136 942 2169 canonici
969 2142 1000 2168 et
1024 2136 1222 2177 beneficiati,

484 2187 651 2231 ceterique
678 2188 782 2222 dictae
808 2190 1034 2231 patriarchalis
1067 2190 1224 2223 ecclesiae

483 2240 744 2285 Ulysspionensis
774 2243 986 2276 occidentalis
1023 2244 1160 2276 ministri
1191 2255 1224 2277 se

484 2294 641 2327 decenter
661 2300 838 2328 sustentare
863 2297 1018 2336 valerent,
1045 2307 1121 2329 suus
1146 2308 1225 2340 quo-

483 2357 545 2390 que
565 2347 672 2389 fulgor
690 2349 891 2380 elucesceret
910 2354 941 2381 et
960 2349 1119 2388 maiestas,
1137 2355 1225 2382 motu

484 2400 554 2432 eius
580 2400 714 2443 proprio
734 2412 751 2433 a
769 2402 932 2444 praedicta
957 2403 1169 2445 patriarchali
1188 2403 1226 2436 U·

483 2454 703 2497 lyssiponensi
725 2455 919 2488 occidentali
945 2466 981 2488 ac
1005 2456 1226 2499 archiepisco-

484 2507 611 2550 palibus
637 2512 667 2540 et
692 2507 932 2551 episcopalibus
955 2509 987 2541 in
1005 2509 1224 2551 Portugalliae

521 2579 531 2605 1
554 2577 680 2613 Syntaxin
707 2587 765 2614 seq.
793 2578 979 2614 redintegrare
1006 2579 1166 2607 dimittimus
1188 2580 1226 2607 le-

485 2621 551 2650 ctori
570 2622 636 2657 scio,
658 2630 712 2650 non
732 2623 805 2650 enim
825 2624 961 2658 potuimus
983 2624 1023 2659 (R.
1038 2625 1088 2660 Ἥ),

1076 228 1254 252 BULLARIUM
1280 229 1432 253 BOMANUM

1272 282 1303 311 et
1341 277 1569 319 Algarbiorum
1609 278 1718 320 regnis
1759 276 2009 310 consistentibus

1271 330 1416 363 ecclesiis
1436 336 1581 373 quartam
1600 336 1724 373 partem
1743 330 1930 362 earumdem
1950 330 2011 361 fru-

1271 388 1390 421 ctuum,
1408 383 1594 415 reddituum
1621 389 1652 415 et
1676 388 1891 426 proventuum
1917 387 2010 414 natu-

1272 436 1395 474 ralium,
1423 436 1661 469 industrialium
1682 441 1713 468 et
1733 435 1888 475 civilium,
1915 445 2006 468 sum-

1271 500 1352 521 mam
1381 489 1513 531 triginta
1532 489 1627 521 trium
1646 488 1783 521 millium
1806 493 1932 521 centum
1951 488 2009 520 tri-

1271 542 1357 583 ginta
1374 547 1496 585 septem
1523 542 1712 574 ducatorum
1733 542 1801 574 auri
1819 541 1858 574 de
1876 540 2011 575 Camerti

1271 595 1539 633 constituentem,
1566 594 1811 627 dismembravit
1836 599 1865 626 et
1886 604 2011 637 separa-

1271 647 1331 687 vit;
1359 653 1390 680 et
1427 658 1461 680 ex
1499 649 1703 688 cantoratus,
1729 647 1782 690 qui
1809 648 1847 680 ad
1880 652 2010 680 centum

1271 701 1507 743 quinquaginta
1544 706 1692 744 quatuor,
1728 700 1850 734 tertiam
1885 706 2009 743 partem

1272 764 1395 793 eorum,
1415 754 1565 787 videlicet
1583 754 1822 797 quinquaginta
1842 764 1953 794 unum,
1972 764 2011 786 ex

1273 808 1494 840 thesaurariae
1531 808 1659 840 maioris
1696 813 1916 850 nuncupatae,
1955 807 2010 850 qui

1272 861 1367 894 etiam
1393 862 1431 894 ad
1453 867 1580 894 centum
1602 861 1836 905 quinquaginta
1861 866 2010 904 quatuor,

1273 914 1398 947 tertiam
1426 920 1549 957 partem
1584 924 1718 954 eorum,
1743 914 1892 947 videlicet
1917 914 2012 958 quin-

1272 967 1424 1009 quaginta
1440 977 1547 1006 nuum,
1564 978 1600 1000 ex
1616 966 1841 1000 scholasticae*
1858 966 2011 1010 respecti-

1272 1031 1307 1053 ve
1333 1020 1621 1064 dignitatum,.qi1i
1647 1021 1796 1053 similiter
1821 1021 1859 1053 ad
1881 1025 2011 1054 centurn

1272 1073 1508 1116 quinquaginta
1545 1080 1695 1116 quatuor,
1725 1074 1851 1106 tertiam
1884 1078 2010 1117 partem

1273 1137 1395 1165 eorum,
1414 1126 1564 1159 videlicet
1585 1127 1820 1170 qninquaginta
1841 1137 1955 1167 unum,
1975 1137 2011 1159 ac

1272 1190 1308 1212 ex
1335 1180 1522 1222 quindecim
1541 1180 1787 1212 canonicatuum
1807 1185 1837 1212 et
1854 1180 2013 1222 praeben-

1272 1231 1384 1263 darum
1410 1230 1583 1263 saecularis
1609 1236 1639 1263 et
1665 1231 1773 1263 forsan
1799 1230 1934 1272 insignis
1952 1231 2013 1263 col·

1272 1284 1410 1326 legiatae
1437 1284 1591 1316 ecclesiae
1609 1284 1640 1316 S.
1660 1283 1776 1316 Mariae
1795 1283 1834 1316 de
1852 1284 2012 1316 Alcacova

1270 1337 1382 1379 oppidi
1402 1337 1440 1369 de
1455 1336 1622 1369 Santarem
1641 1336 1903 1380 Ulyssiponensis
1926 1335 2012 1369 occi-

1271 1390 1409 1423 dentalis
1447 1390 1629 1429 dioecesis,
1656 1390 1730 1433 qui,
1757 1390 1908 1423 videlicet
1932 1400 2012 1432 quo-

1271 1444 1422 1476 rumlibet
1440 1455 1562 1482 eorum,
1578 1444 1615 1476 ad
1631 1449 1760 1476 centum
1775 1443 2012 1486 qninquaginta

1272 1503 1425 1540 quatuor,
1453 1502 1485 1530 et
1517 1497 1648 1530 insimul
1681 1497 1719 1529 ad
1753 1496 1802 1529 bis
1833 1496 1920 1529 mille
1940 1501 2014 1528 tre-

1271 1556 1382 1583 centos
1407 1551 1528 1590 decem,
1556 1550 1680 1583 tertiam
1706 1556 1829 1593 partem
1854 1549 2010 1582 uniuscu-

1271 1604 1385 1647 iusque
1423 1615 1550 1643 eorum,
1589 1603 1737 1637 videlicet
1773 1602 2011 1646 quinquaginta

1270 1668 1370 1689 unum
1397 1668 1454 1700 pro
1480 1657 1647 1700 quolibet,
1676 1662 1706 1690 et
1731 1657 1861 1690 insimul
1887 1655 2012 1699 septin-

1271 1716 1383 1753 gentos
1407 1711 1573 1753 sexaginta
1599 1711 1762 1754 quinque;
1790 1721 1826 1744 ac
1853 1722 1889 1744 ex
1922 1709 2012 1754 prio-

1271 1766 1366 1805 ratus,
1393 1764 1446 1808 qui
1471 1764 1510 1797 ad
1538 1769 1699 1798 trecentos
1736 1764 1899 1807 octoginta
1935 1774 2013 1807 qua-

1270 1822 1365 1857 tuor,
1407 1823 1546 1861 quatuor
1584 1828 1687 1850 nonas
1728 1823 1839 1861 partes
1870 1828 2010 1858 eorum,

1271 1870 1420 1904 videlicet
1445 1871 1611 1914 sexaginta
1636 1881 1765 1913 novem,
1786 1876 1817 1904 et
1842 1881 1879 1903 ex
1905 1871 2012 1904 arehi-

1270 1925 1532 1968 presbyteratus,
1559 1925 1611 1967 qui
1645 1925 1838 1958 adreentum
1873 1925 2013 1968 quadra-

1269 1979 1358 2021 ginta
1394 1979 1495 2018 dnos,
1531 1984 1677 2021 quartam
1715 1983 1840 2022 partem
1874 1988 2012 2019 eorum,

1269 2032 1417 2065 videlicet
1443 2032 1576 2074 triginta
1597 2032 1761 2074 quinque,
1778 2037 1810 2064 et
1827 2041 1863 2064 ex
1882 2031 2014 2064 thesau-

1270 2083 1373 2116 rariae
1399 2083 1495 2116 etiam
1522 2083 1701 2126 respective
1730 2082 1935 2126 dignitatum,
1957 2082 2012 2127 qui

1269 2137 1308 2169 ad
1333 2136 1600 2180 quadringentos,
1620 2141 1760 2179 quatuor
1783 2146 1884 2169 nonas
1903 2141 2011 2180 partes

1269 2200 1392 2230 eorum,
1406 2190 1560 2222 videlicet
1574 2195 1702 2222 centum
1717 2190 2011 2233 septuagintaocto;

1268 2254 1305 2276 ac
1330 2253 1365 2276 ex
1393 2243 1487 2276 trium
1513 2243 1764 2276 canonicatuum
1789 2249 1821 2276 et
1849 2244 2013 2287 praeben-

1269 2297 1383 2330 darum
1410 2297 1506 2330 etiam
1532 2298 1705 2330 saecularis
1743 2303 1774 2330 et
1800 2297 1910 2330 forsan
1936 2297 2013 2330 insi-

1268 2350 1340 2391 gnis
1388 2350 1579 2390 collegiatae
1620 2350 1776 2383 ecclesiae
1817 2349 1930 2394 oppidi
1972 2350 2012 2383 de

1270 2403 1434 2436 Barcellos
1461 2403 1694 2436 Braeharensis
1721 2403 1879 2436 dioecesis
1904 2413 2014 2446 respe-

1269 2456 1348 2490 ctive
1375 2457 1543 2497 fructibus,
1570 2457 1752 2490 redditibus
1785 2462 1816 2490 et
1849 2456 2014 2500 proventi-

1269 2510 1340 2550 bus,
1361 2510 1425 2553 qui,
1445 2510 1597 2543 videlicet
1621 2510 1796 2543 cuiuslibet
1819 2520 1949 2551 eorum,
1974 2509 2013 2543 ad

1269 2569 1400 2597 centum
1419 2563 1551 2605 triginta
1569 2568 1707 2606 septem,
1725 2568 1756 2597 et
1780 2563 1910 2596 insimul
1936 2572 2014 2607 qua-

1305 2627 1314 2652 t
1339 2625 1385 2652 Vel
1404 2625 1591 2653 scholastriae
1614 2628 1644 2652 ut
1663 2628 1761 2660 postea
1780 2624 1879 2660 legitur
1898 2626 1937 2660 (n.
1955 2626 2005 2660 T.).

2013 228 2064 255 An.
2086 228 2115 256 C.
2135 230 2198 260 1738
2223 266 2228 270 .
