2232 3178
0 197 48 223 Αιι.
68 193 95 219 C.
114 189 179 217 ¹738

809 184 953 208 CLEMENS
979 184 1023 207 ΧΠ
1047 184 1096 207 PP.

185 235 292 280 palatii
318 245 486 268 causarum
520 234 742 273 auditoribus,
770 243 836 266 non
862 233 924 265 atli-

185 286 297 329 ciant¹‚
316 288 501 331 iudicesque
520 287 657 321 civitatis
675 288 924 319 Beneventanae

186 341 432 374 inhibitionibus
466 341 607 373 iudicum
632 340 726 372 Urbis
759 345 789 371 et
823 339 925 371 dicto-

186 405 255 427 rum
281 395 389 428 curiae
415 394 567 427 Camerae
590 392 793 436 Apostolieae
811 402 847 424 ac
870 402 924 434 pa-

186 448 253 480 latii
273 447 440 491 apostolici
459 448 642 480 auditorum
661 456 778 490 parere
798 455 861 477 non
881 449 926 476 te-

185 507 343 540 neantur,
371 511 473 544 neque
501 500 647 534 censuris
673 505 703 532 et
738 498 854 542 poenis
893 498 925 529 111

185 554 265 598 ipsis
290 554 541 586 inhibitionibus
568 552 773 586 comminatis
798 552 848 584 vel
881 551 926 583 in-

186 606 280 640 flictis
306 606 411 646 affici,
436 607 485 640 vel
512 606 620 649 aliquo
646 605 741 638 modo
756 603 927 646 adstringi,

188 661 237 693 vel
264 660 353 699 alias,
372 670 412 692 ne
434 660 465 692 in
492 660 596 692 causis
622 669 729 691 coram
758 657 833 700 ipsis
851 667 928 699 pen-

188 712 340 745 dentibus
365 713 546 756 procedant
568 739 575 752 ,
602 711 755 755 impediri
790 711 839 742 vel
872 720 925 742 re-

186 766 305 799 morari
331 767 484 810 possint,
512 766 574 798 nisi
601 765 848 798 commissiones
879 774 925 796 es·
950 799 952 802 ,

186 824 258 852 sent
282 820 427 862 signatae
454 830 549 852 manu
584 821 692 852 nostra
717 819 766 850 vel
792 816 928 849 Romani

187 872 351 906 Pontificis
377 883 437 916 pro
465 879 610 916 tempore
636 871 827 910 existentis,
853 881 930 913 apo-

187 926 299 960 stoliea
325 926 528 967 auctoritate,
552 931 666 959 tenore
691 925 927 968 praesentium,

189 980 409 1024 approbamus
435 985 467 1012 et
492 979 733 1018 confirmamus,
762 988 797 1010 ac
817 987 930 1010 omnes

188 1039 221 1066 et
253 1033 399 1076 singulos
432 1039 493 1066 tam
530 1033 608 1065 iuris
635 1043 728 1075 quam
763 1031 836 1064 sacti
876 1030 930 1063 de-

190 1088 314 1127 sectus,
341 1087 364 1119 si
403 1087 455 1130 qui
494 1087 634 1130 desuper
667 1085 928 1123 intervenerint,

188 1142 392 1185 supplemus.
428 1140 559 1173 Necnon
595 1140 716 1172 eisdem
754 1138 932 1171 communi-

190 1194 244 1227 tati
270 1200 301 1227 et
325 1194 515 1227 hominibus
543 1194 573 1226 in
601 1193 693 1226 dictis
721 1193 868 1230 casibus,
897 1192 929 1224 in

188 1247 303 1291 quibus
321 1247 476 1290 vigesima
493 1247 654 1279 dumtaxat
673 1257 747 1290 pars
769 1247 930 1278 bonorum

189 1301 393 1335 confiscanda
426 1301 510 1340 erit,
540 1301 647 1344 quod,
676 1301 748 1332 data
780 1299 931 1332 cautione

189 1355 306 1388 idonea
332 1355 371 1387 ad
397 1355 539 1387 savorem
576 1353 642 1386 fisci
680 1363 739 1397 pro
777 1353 931 1395 vigesima

189 1414 279 1452 parte
306 1408 504 1447 huiusmodi,
523 1418 604 1451 quae
627 1407 664 1439 ad
685 1417 768 1445 eum,
787 1405 818 1438 in
838 1416 932 1438 even-

190 1467 254 1494 tum
272 1461 555 1495 condemnationis
577 1460 634 1499 rei,
650 1465 823 1503 spectaret,
845 1459 931 1492 bona

190 1515 352 1559 descripta
377 1520 409 1548 et
434 1514 645 1547 inventariata
671 1514 701 1546 iu
729 1514 826 1547 domo
854 1514 932 1546 eius-

190 1569 262 1602 dem
288 1569 334 1601 rei
361 1579 419 1612 per
444 1568 556 1601 fiscum
584 1567 724 1611 relinqui
763 1568 929 1607 debeant;

190 1632 254 1665 quo
279 1632 355 1655 vero
382 1622 420 1655 ad
448 1621 616 1655 cautiones
650 1622 689 1654 de
726 1632 791 1654 nou
825 1620 932 1654 otl'en—

191 1675 309 1715 dendo,
335 1675 374 1708 ad
400 1686 479 1719 quas
504 1680 657 1719 parentes
683 1679 713 1708 et
738 1675 933 1717 consangui-

190 1729 243 1762 nei
258 1734 290 1762 et
303 1729 413 1762 affines
432 1729 655 1772 delinquentis
670 1739 772 1772 usque
787 1729 825 1761 ad
841 1739 933 1771 quar-

191 1787 257 1816 tum
283 1782 418 1825 gradum
449 1782 720 1825 adstringuntur,
761 1783 847 1825 quod
885 1782 931 1814 illi

191 1837 425 1880 consanguinei
447 1842 478 1870 et
495 1837 617 1877 affines,
636 1838 688 1880 qui
712 1837 933 1880 exceptionis²

192 1890 232 1923 de
257 1889 326 1923 iure
353 1890 412 1922 sibi
439 1890 477 1922 ad
504 1890 605 1923 dictas
638 1890 803 1922 cautiones
829 1890 933 1922 exclu-

193 1943 314 1977 dendas
338 1949 524 1986 competere
550 1943 755 1983 adduxerint,
785 1944 824 1976 ad
848 1943 933 1987 ipsas

193 1996 357 2029 cautiones
395 1997 627 2039 praestandum
669 1996 826 2038 adstringi
868 2007 933 2030 non

193 2049 344 2092 possint,
370 2049 432 2081 nisi
468 2055 563 2092 prout
590 2050 629 2082 de
665 2049 754 2089 iure;
794 2050 933 2093 denique

194 2103 279 2146 quod
305 2103 337 2135 in
363 2102 583 2135 bannimentis
608 2103 816 2146 generalibus
849 2103 935 2136 circa

194 2155 317 2188 Statum
348 2155 609 2205 Ecclesiasticum
643 2157 724 2189 dicta
757 2157 936 2189 communi-

196 2213 242 2242 tas
260 2220 325 2242 non
343 2214 515 2242 censeatur
533 2210 783 2253 comprehensa,
804 2210 863 2242 nisi
884 2221 936 2243 ex-

194 2272 306 2306 presse
333 2263 427 2295 fuerit
451 2262 642 2302 nominata,
669 2263 848 2306 apostolica
882 2274 937 2296 au-

195 2316 342 2349 ctoritate
368 2321 399 2348 et
426 2321 538 2348 tenore
564 2316 758 2359 praedictis,
786 2317 936 2350 concedi-

195 2378 264 2402 mus
283 2374 314 2401 et
330 2368 550 2411 indulgemus.
568 2368 794 2410 Decernentes,
807 2369 935 2402 easdem

195 2426 382 2464 praesentes
407 2421 533 2454 litteras
559 2421 681 2454 validas
699 2421 818 2461 ‚sirmas
849 2427 879 2454 et
897 2422 938 2454 et*-

194 2484 286 2508 caces
321 2476 459 2508 existere
485 2480 517 2508 et
540 2476 630 2516 sore,
656 2475 814 2518 dictisque
841 2486 937 2518 expo-

231 2548 243 2572 1
266 2545 295 2573 Ni
315 2545 445 2573 malueris
465 2545 610 2581 legendum
630 2546 755 2580 officiam!
775 2548 814 2581 (a.
837 2546 885 2582 T.).

230 2590 246 2616 ἓ
266 2590 365 2618 Forsan
385 2592 562 2627 exceptiones
581 2593 623 2626 (n.
646 2592 697 2627 T.)-

1610 170 1669 205 37t

971 232 1120 264 uentibus
1151 231 1340 274 plenissime
1373 230 1563 273 suffragari,
1600 229 1710 273 sicque

969 296 1028 328 per
1054 295 1277 328 quoscumque
1311 284 1434 317 iudices
1461 283 1645 316 ordinarios
1682 288 1712 314 et

970 339 1158 380 delegatos,
1186 341 1281 370 etiam
1312 347 1477 370 causarum
1500 336 1611 380 palatii
1639 346 1713 378 apo-

969 391 1073 424 stolici
1100 391 1274 431 auditores,
1296 390 1429 423 iudicari
1457 396 1488 423 et
1513 388 1638 421 definiri
1660 389 1712 421 de-

969 444 1045 476 bere
1065 471 1072 482 ,
1099 455 1134 476 ac
1161 444 1284 476 irritum
1305 449 1335 476 et
1355 444 1449 476 inane
1468 443 1492 476 si
1511 453 1602 475 secus
1617 452 1714 485 super

970 497 1020 529 his
1060 508 1077 529 a
1114 507 1305 540 quoquam,
1343 496 1454 539 quavis
1492 495 1714 534 auctoritate,

971 552 1113 583 scienter
1137 552 1186 583 vel
1220 551 1436 593 ignoranter,
1469 549 1644 591 eontigerit
1668 554 1714 581 at-

973 604 1102 637 tentari.
1120 603 1187 636 Non
1206 604 1411 636 obstantibus
1427 602 1715 641 constitutionibus

972 661 1000 689 et
1023 656 1282 689 ordinationibus
1308 656 1560 699 apostolicis,‘ac
1585 654 1716 697 quibus<

973 710 1017 742 vis
1049 709 1270 742 bannimentis
1304 715 1334 741 et
1366 708 1478 741 edictis
1506 708 1715 750 generalibus

974 763 1160 795 huiusmodi
1181 789 1188 802 ‚
1231 761 1448 804 omnibusque
1483 761 1547 793 illis
1577 771 1657 805 quae
1683 761 1715 792 in

974 817 1067 849 dictis
1103 816 1218 849 litteris
1255 815 1498 858 praedictorum
1528 819 1717 847 nostrorum

974 869 1263 913 praedecessorum
1290 878 1444 901 concessa
1469 872 1544 899 sunt
1569 877 1634 900 non
1661 867 1718 899 ob-

974 930 1077 964 stare,
1105 923 1288 966 ceterisque
1314 922 1485 955 contrariis
1511 921 1716 965 quibuscum-

975 988 1037 1021 qlle
1064 991 1094 1010 »-

1723 180 1769 204 λη.
1793 178 1820 204 C.
1842 178 1905 205 1738

1008 1041 1107 1067 Datum
1124 1040 1236 1073 Romae,
1254 1039 1325 1075 apud
1342 1040 1367 1066 S.
1384 1039 1493 1066 Mariam
1511 1038 1650 1070 Maiorem,
1667 1038 1718 1066 sub

974 1086 1074 1112 annulo
1096 1085 1258 1119 piscatoris,
1280 1085 1323 1112 die
1343 1092 1350 1111 1
1370 1085 1429 1111 iulii
1449 1090 1601 1117 arnoxxmv,
1630 1083 1719 1118 ponti-

976 1132 1067 1157 ficatus
1088 1131 1173 1157 nostri
1195 1138 1266 1156 auno
1288 1136 1324 1156 xl.
1346 1145 1379 1149 —-
1399 1129 1431 1156 M.
1454 1131 1482 1156 Α.
1506 1129 1662 1156 altannus.

1019 1195 1035 1235 ξ
1060 1193 1092 1226 ⁶2.
1120 1193 1196 1226 Cum
1224 1198 1344 1232 autem,
1371 1192 1455 1224 sieut
1478 1202 1539 1235 pro
1561 1197 1657 1234 parte⁴
1672 1191 1718 1223 di·
1729 1196 1912 1243 Beneffiiii'mss?

975 1254 1098 1281 ctorum
1126 1247 1293 1279 hominum
1316 1252 1347 1279 et
1366 1245 1602 1279 communitatis
1622 1244 1716 1277 nobis
1729 1235 1913 1303 ssZiiii.-.¹.'.2³svi''⁰fiss{

976 1312 1081 1345 nuper
1106 1301 1287 1344 expositum
1314 1300 1393 1339 suit,
1420 1299 1481 1342 ipsi
1515 1298 1780 1342 praemissa,t12a
1797 1305 1912 1326 elementu-

976 1366 1039 1398 quo
1063 1354 1186 1386 firmius
1212 1353 1389 1385 subsistant
1415 1358 1447 1385 et
1471 1357 1642 1385 serventur
1667 1362 1719 1384 ex-

975 1409 1086 1448 actius,
1103 1408 1299 1451 apostolicae
1314 1405 1570 1440 confirmationis
1587 1412 1717 1438 nostrae

976 1463 1094 1495 robore
1121 1460 1317 1494 communiri
1350 1470 1554 1503 summopere
1592 1459 1718 1491 deside-

976 1522 1067 1549 rent:
1096 1526 1163 1554 nos,
1183 1514 1357 1558 specialem
1383 1513 1461 1556 ipsis
1478 1513 1843 1565 exponentibusmessnnuu
1859 1519 1913 1540 Pon-

976 1569 1109 1612 gratiam
1137 1569 1240 1601 facere
1266 1569 1434 1606 volentes,
1461 1572 1489 1599 et
1516 1576 1628 1599 eorum
1653 1566 1718 1598 sin-

976 1624 1106 1666 gulares
1132 1632 1289 1665 personas
1314 1632 1331 1653 a
1349 1620 1516 1664 quibusvis
1537 1629 1719 1652 excommu-

977 1676 1169 1716 nicationis,
1205 1674 1427 1718 suspensionis
1465 1679 1496 1707 et
1528 1672 1718 1711 interdicti,

976 1730 1115 1773 aliisque
1135 1727 1361 1762 ecclesiasticis
1376 1727 1558 1767 sententiis,
1573 1725 1718 1759 censuris

977 1788 1007 1816 et
1032 1783 1160 1826 poeuis,
1189 1793 1204 1814 a
1231 1781 1300 1814 iure
1317 1782 1367 1814 vel
1386 1781 1424 1813 ab
1443 1780 1588 1821 bomine,
1608 1779 1719 1823 quavis

976 1837 1145 1870 occasione
1171 1836 1220 1868 vel
1246 1837 1340 1868 causa
1356 1834 1442 1875 latis,
1463 1834 1487 1867 si
1507 1834 1624 1876 quibus
1642 1843 1721 1876 quo-

977 1891 1155 1924 modolibet
1168 1889 1341 1922 innodatae
1356 1888 1508 1927 existunt,
1520 1888 1559 1920 ad
1572 1886 1720 1920 effectum

977 1943 1199 1988 praesentium
1233 1943 1399 1975 dumtaxat
1431 1941 1719 1984 consequendum,

978 1999 1092 2031 barum
1108 1998 1191 2030 serie
1203 1997 1410 2030 absolventes
1427 2001 1458 2029 et
1474 1996 1636 2028 absolutas
1653 1994 1721 2027 fore

978 2056 1173 2090 censentes,
1203 2048 1492 2093 supplicationibus
1518 2059 1630 2081 corum
1665 2058 1723 2080 no-

979 2104 1065 2137 mine
1090 2104 1182 2137 nobis
1208 2113 1307 2146 super
1330 2103 1390 2135 boc
1416 2102 1584 2135 humiliter
1609 2111 1723 2145 porre-

979 2159 1036 2190 ctis
1058 2157 1216 2196 inclinati,
1238 2157 1458 2200 praeinsertas
1486 2155 1605 2188 Urbani
1635 2165 1723 2198 prae-

979 2210 1158 2244 decessoris
1183 2210 1318 2249 litteras,
1344 2210 1516 2253 omniaque
1542 2215 1573 2242 et
1594 2209 1722 2251 singula

980 2264 1011 2296 111
1039 2264 1084 2296 eis
1112 2268 1264 2296 contenta
1284 2268 1315 2296 et
1338 2273 1505 2306 expressa,
1530 2263 1722 2295 auctoritate

980 2317 1169 2360 apostolica,
1203 2321 1316 2349 tenore
1349 2316 1580 2358 praesentium,
1609 2325 1724 2358 perpe-

981 2376 1034 2403 tuo
1050 2370 1268 2413 approbamus
1288 2374 1318 2402 et
1336 2369 1573 2408 confirmamus,
1591 2368 1721 2412 illisque

980 2423 1176 2456 ii‘iviolabilis
1208 2422 1404 2466 apostolicae
1438 2422 1596 2454 firmitatis
1623 2422 1722 2454 robur

981 2476 1160 2510 adiicimus.
1187 2476 1224 2508 Et
1255 2482 1290 2508 ut
1320 2480 1437 2508 statuta
1471 2475 1655 2507 huiusmodi
1682 2476 1721 2508 ad

980 2541 1120 2573 unguem
1150 2530 1257 2573 quoad
1277 2529 1360 2561 lianc
1378 2534 1502 2571 partem
1521 2529 1553 2561 in
1572 2528 1722 2562 omnibus

981 2583 1215 2623 observentur,
1241 2582 1407 2616 statuimus
1433 2587 1461 2614 et
1489 2587 1647 2625 perpetuo
1675 2592 1722 2614 or-
