2232 3178
39 257 64 278 n.
78 247 108 276 G.
129 245 194 273 1738

832 239 975 264 CLEMENS
1001 239 1047 263 xu
1071 239 1122 263 PP.

204 296 235 324 ut
256 293 291 323 de
305 292 380 323 facto
403 292 534 322 habitum
557 291 679 331 recipiat
701 291 730 321 in
754 291 838 321 domo
861 289 942 320 novi—
962 290 965 316 l

204 344 301 373 tiatus.
319 342 417 373 Solum
434 346 530 372 autem
547 341 719 381 recipiatur,
737 340 785 380 qui
801 339 941 369 maiorem

203 396 313 432 partem
346 391 552 429 suffragiorum
587 390 707 430 capituli
741 387 965 419 conventualis:

204 440 350 471 habuerit.

242 498 279 519 iv.
305 489 408 519 Nullus
440 488 476 518 ad
499 488 621 518 chorum
644 487 805 526 recipiatur
822 509 829 523 ‚
854 485 942 515 immo
964 503 965 508 ,

203 547 256 568 nec
280 547 329 576 per
357 537 596 576 approbationem
627 536 801 574 disponatur
833 534 965 575 absque,

203 586 324 616 licentia
345 586 375 615 in
398 585 515 624 scriptis
539 584 629 624 patris
652 583 850 623 provincialis,
875 583 943 612 Pro-

204 634 336 664 vincialis
359 643 426 663 vero
449 643 512 663 eam
529 632 686 663 concedere
705 632 809 671 poterit
828 630 942 670 quando

203 683 283 713 locus
306 683 453 712 vacaverit
474 683 552 712 iuxta
571 690 724 711 numerum
742 680 943 719 praescriben-

202 780 283 810 nenti
306 779 404 810 futuro
427 779 565 815 triennio;
591 787 676 818 quem
700 785 869 813 numerum,
887 776 943 806 nisi

202 828 237 859 de
259 828 378 858 licentia.
401 827 562 866 superioris
584 826 728 865 generalis
752 830 780 855 et
803 826 945 864 expressa

203 886 254 917 pro
271 876 398 916 qualibet
416 876 490 914 vice,
510 875 699 915 provincialis
716 875 870 904 excedere¹
887 882 942 903 non

203 925 305 965 possit,
323 924 376 955 suh
393 926 488 965 poenit
511 924 686 964 privationis
710 923 776 953 talis
799 922 945 952 facultatis

203 974 237 1005 ad
255 974 374 1004 triennii
392 974 496 1003 tinem:
517 973 588 1002 alias
606 972 765 1012 provincia,
785 972 859 1002 ultra
877 981 944 1001 con-

203 1028 343 1053 ventuum
367 1023 464 1059 vires,
489 1021 662 1060 religiosos,
687 1031 759 1060 quos
783 1025 946 1050 sustentare

203 1082 259 1104 non
278 1077 384 1112 posset,
403 1082 454 1111 pro
469 1071 591 1101 arbitrio
609 1071 797 1110 provincialis
814 1069 944 1105 liaberet,

203 1122 232 1153 in
251 1121 462 1162 praeiudicium
480 1120 624 1159 regularis
640 1119 855 1157 observantiae,
873 1128 946 1158 <luae

204 1170 369 1210 paupertati
402 1169 581 1208 religiosae,
606 1178 664 1198 non
688 1177 756 1198 vero
779 1167 946 1197 necessitati

204 1219 366 1249 innittitur.

244 1276 272 1297 v.
296 1267 353 1296 Nec
375 1266 482 1296 fratres
504 1266 570 1296 laici
593 1265 656 1295 sine
680 1265 799 1295 licenti-:t
817 1264 947 1304 superio-

204 1316 246 1346 ris
267 1316 423 1354 generalis,
442 1325 528 1355 quam
551 1315 692 1345 concedet
715 1315 849 1344 consulto
867 1314 947 1353 prius

205 1369 286 1405 patre
315 1364 486 1404 provinciali
519 1364 597 1393 illius
628 1363 795 1403 provinciae
826 1362 875 1392 uhi
905 1368 948 1392 est

205 1414 307 1443 domus
329 1413 358 1442 in
381 1422 437 1452 qua
460 1412 621 1452 recipiendi
644 1417 729 1449 sunt,
754 1415 782 1441 et
806 1411 852 1441 isti
877 1420 945 1449 gau-

206 1462 293 1493 deant
316 1462 433 1499 integra
456 1462 623 1492 valetudine
653 1466 681 1492 et
713 1461 824 1491 viribus
847 1461 880 1490 ad
905 1461 945 1490 la-

205 1511 304 1542 horem
328 1511 530 1550 corporalem,
554 1511 582 1540 in
607 1521 664 1550 quo
687 1511 799 1541 ratione
823 1510 866 1540 sui
889 1514 946 1539 sta-

205 1565 252 1591 tus
277 1561 386 1590 versari
405 1565 433 1590 et
452 1562 586 1590 exerceri
602 1560 722 1598 debent,
739 1560 863 1599 ideoque
880 1564 947 1589 ante

205 1611 402 1649 receptionem
422 1609 556 1648 capiatur
572 1609 752 1648 experientia
772 1619 821 1647 per
837 1609 948 1647 aliquot

206 1660 267 1691 dies
299 1660 334 1690 de
369 1660 590 1699 perseverantia
622 1660 651 1689 in
675 1659 839 1695 vocatione,
863 1663 890 1688 et
913 1659 947 1688 de

207 1709 300 1739 salute
316 1718 349 1738 ac
366 1708 485 1738 viribus
501 1709 558 1738 Nec
575 1708 755 1748 recipiantur
778 1708 827 1747 qui
851 1708 947 1745 legere

207 1758 360 1794 nesciant,
384 1757 493 1796 quippe
523 1757 673 1787 dissonum
699 1757 825 1795 videtur,
846 1761 874 1786 et
893 1760 946 1793 est,

207 1806 282 1847 quod
299 1806 427 1844 religiosi
446 1806 517 1835 nillil
535 1806 687 1845 spirituale
704 1806 799 1844 legere
819 1805 946 1844 possint;

207 1864 261 1885 nec
283 1855 455 1885 admittendi
479 1859 545 1884 sunt
564 1855 613 1893 qui
637 1855 738 1884 saltem
763 1854 949 1884 mediocriter

208 1913 267 1934 non
289 1902 441 1940 scribant,
466 1903 494 1932 hi
517 1903 596 1932 enim
619 1903 773 1942 incapaces
797 1906 884 1932 erunt
907 1903 948 1932 os-

209 1952 340 1982 ficiorum
374 1961 443 1981 suae
478 1952 666 1991 professionis
702 1962 775 1991 quae
812 1952 949 1990 indigent

208 2001 558 2041 scriptura.·Praeterea‚
583 2001 638 2030 nisi
663 2001 781 2040 praevia
799 2001 950 2039 dispensa-

210 2050 287 2080 tione
310 2050 471 2088 superioris
492 2050 638 2088 generalis
662 2049 753 2089 petit-a
778 2060 792 2079 a
816 2049 950 2079 definito-

210 2099 253 2129 rio
283 2098 466 2138 provinciae,
491 2107 547 2128 non
571 2098 731 2137 recipiatur
761 2098 867 2137 aliquis
900 2099 948 2137 qui

209 2157 345 2178 exercere
361 2157 418 2177 non
434 2148 523 2187 possit
538 2147 655 2186 aliquod
671 2147 798 2177 officium
817 2148 950 2177 manuale

210 2206 248 2226 ex
281 2196 459 2226 mechanicis
488 2196 523 2226 ad
553 2205 637 2226 usum
668 2197 872 2235 religiosorum
907 2196 950 2225 vel

211 2245 368 2276 utilitatem
391 2249 587 2275 conventuum
611 2245 868 2280 deservientibus,
902 2250 952 2275 aut

211 2295 260 2334 qui
283 2294 384 2324 saltem
408 2303 464 2323 non
485 2294 522 2323 sit
541 2293 678 2332 agricola.
697 2294 754 2323 Nec
772 2294 867 2333 plures
886 2294 951 2323 laici

212 2343 414 2380 admittantur,
438 2342 493 2372 nisi
517 2342 603 2381 quos²
622 2342 780 2381 prudenter
804 2343 951 2373 iudicave-

212 2391 270 2422 rint
292 2391 458 2430 superiores
480 2391 662 2420 necessarios
686 2400 748 2420 esse
765 2400 816 2430 pro
833 2392 952 2421 servitio

212 2440 372 2479 religionis.

252 2497 290 2518 vi.
314 2488 390 2518 Laici
415 2492 555 2528 perpetuo
571 2492 744 2518 conservent
760 2497 877 2525 nomen,
897 2493 954 2519 sta-

214 2542 274 2568 tum
297 2542 325 2568 et
348 2538 543 2568 ministerium
568 2538 720 2575 laicorum,
739 2548 791 2567 nec
809 2538 866 2568 ullo
885 2542 955 2568 tem-

251 2599 259 2624 1
284 2596 354 2623 Edit.
377 2597 460 2623 Maia.
482 2597 547 2631 tegit
566 2598 698 2623 accedere
717 2600 756 2627 (R.
773 2597 821 2629 Τ.).

247 2642 264 2668 2
284 2640 355 2668 Edit.
376 2641 460 2668 Main.
481 2640 546 2675 legit
567 2641 640 2675 quod
661 2649 710 2676 pro
731 2649 801 2676 quos
822 2642 858 2677 (a.
879 2642 927 2676 Τ.).

986 297 1054 328 pore
1077 287 1111 317 ad
1135 287 1311 318 clericorum
1335 290 1441 317 statum
1465 286 1666 317 admittantur.
1696 286 1728 316 Et

985 338 1153 377 superiores
1176 337 1420 367 contrafacientes
1435 360 1442 373 ,
1469 337 1642 376 privationis
1665 336 1728 366 osti-

986 387 1095 415 ciorum
1120 391 1147 416 et
1170 386 1249 416 vocis
1272 386 1383 416 activae
1407 390 1435 415 et
1458 386 1588 425 passivae
1605 394 1727 424 poenam

986 435 1150 471 incurrant,
1172 439 1256 473 prout
1279 434 1381 464 statuit
1404 434 1432 464 in
1457 434 1657 472 motuproprio
1676 433 1729 463 Or-

986 483 1046 512 dini
1080 487 1179 512 nostro
1214 492 1353 513 concesso
1389 482 1481 512 filicis
1518 482 1729 512 recordationis

987 531 1092 561 Paulus
1117 532 1191 570 Papa
1209 531 1242 568 V,
1257 532 1303 561 die
1318 541 1374 561 xvu
1390 531 1517 570 augusti,
1537 541 1612 560 anno
1626 539 1727 569 sinaxi,

986 581 1090 620 incipit
1113 580 1316 620 Circumspecta
1339 582 1416 611 Sedis
1448 581 1642 618 ;1[ιοε[οῖίο(ιε’,’
1676 590 1730 610 nec

987 630 1045 660 illis
1068 640 1196 669 unquam
1221 631 1398 660 concedatur
1422 640 1525 660 corona
1541 653 1548 665 ‚
1572 639 1624 659 nec
1653 630 1730 660 litte-

964 672 966 721 1
987 689 1085 709 rarum
1103 680 1209 714 studia,
1227 680 1281 710 sub
1299 682 1388 719 poena
1407 679 1578 719 privationis
1594 679 1683 708 osticii
1702 682 1730 708 et

203 731 271 761 dum
294 731 323 760 in
346 731 473 770 capitulo
497 729 680 769 provinciali,
706 729 749 758 vel
774 738 824 767 pro
848 727 944 757 immi-
964 725 966 740 '¹

988 729 1066 758 vocis
1088 729 1200 758 activae
1225 733 1253 758 et
1277 729 1407 768 passivae
1428 738 1478 768 per
1493 728 1665 758 sexennium
1683 737 1730 757 su-

988 777 1095 816 periori
1120 778 1363 807 contravenienti.

1027 834 1076 855 vu.
1100 826 1143 855 Ad
1167 825 1299 855 habitum
1322 825 1420 855 donati
1444 835 1494 855 seu
1518 824 1607 855 oblati
1631 825 1729 854 nullus

988 874 1147 913 recipiatur
1178 874 1242 903 sine
1276 874 1485 913 approbatione
1519 874 1638 913 capituli
1663 883 1732 903 con-

990 923 1144 959 ventualis,
1169 928 1196 953 et
1219 922 1338 952 obtenta
1361 923 1478 953 licentia
1502 923 1593 962 patris
1616 923 1731 962 provin-

989 971 1089 1009 cialis3
1115 976 1141 1001 et
1165 972 1213 1011 qui
1238 971 1398 1011 recipiendi
1422 976 1511 1010 sunt,
1537 971 1661 1001 habeant
1684 980 1729 1000 ae·

991 1021 1058 1050 tatis
1080 1021 1180 1049 saltem
1199 1020 1301 1058 viginti
1315 1030 1407 1049 annos
1434 1024 1461 1050 et
1479 1021 1615 1059 amplius,
1630 1024 1657 1049 et
1673 1028 1730 1049 non

991 1069 1130 1099 excedant
1149 1069 1332 1107 trigesimum
1350 1069 1524 1106 secundum,
1546 1069 1732 1108 polleantque

990 1119 1106 1156 integra
1129 1118 1223 1147 salute
1246 1122 1273 1147 et
1297 1117 1408 1147 virIbus
1431 1118 1465 1147 ad
1482 1117 1612 1147 laborem
1631 1127 1733 1157 corpo-

991 1167 1079 1196 ralem
1103 1167 1132 1196 in
1157 1176 1214 1206 quo
1236 1170 1304 1196 sunt
1326 1166 1493 1196 exercendi.
1517 1166 1612 1196 Semel
1636 1171 1733 1195 autem

991 1217 1113 1255 recepti,
1139 1226 1195 1245 non
1219 1215 1407 1255 expellantur
1429 1215 1492 1244 sine
1515 1225 1660 1245 consensu
1685 1225 1732 1254 pa-

992 1265 1045 1294 tris
1069 1265 1195 1294 ministri
1219 1268 1246 1294 et
1269 1263 1515 1293 consiliariorum.
1545 1263 1603 1293 Nec
1636 1263 1734 1293 donati

991 1314 1172 1352 recipiantur
1195 1313 1229 1342 ad
1254 1312 1385 1342 habitum
1409 1313 1564 1351 laicorum,
1588 1313 1644 1342 nisi
1668 1317 1733 1352 post

992 1363 1151 1392 triennium
1174 1362 1394 1401 experientiae,
1418 1366 1446 1391 et
1482 1361 1525 1390 illi
1549 1365 1661 1391 tantum
1685 1361 1736 1401 qui

991 1412 1062 1441 alias
1085 1411 1178 1450 recipi
1202 1415 1320 1450 possent
1343 1411 1422 1440 iuxta
1445 1411 1520 1440 dicta
1545 1420 1626 1440 num.
1653 1421 1678 1440 v.
1697 1411 1736 1440 De

991 1470 1092 1490 eorum
1115 1460 1288 1490 educatione
1310 1464 1392 1489 curet
1416 1464 1498 1498 pater
1520 1460 1647 1489 vicarius
1669 1469 1737 1490 con-

992 1514 1094 1539 ventus
1118 1509 1160 1538 vel
1184 1509 1311 1546 collegii,
1336 1513 1363 1538 et
1380 1518 1529 1548 uunquam
1548 1510 1736 1548 permittatur

992 1568 1006 1587 e
1029 1558 1114 1587 domo
1137 1558 1219 1587 exire
1252 1562 1318 1587 ante
1342 1558 1489 1597 expletum
1523 1558 1737 1597 (piatlrimestre

993 1611 1057 1646 post
1081 1616 1181 1636 eorum
1205 1607 1402 1646 receptionem
1426 1607 1459 1636 ad
1485 1607 1627 1636 habitum.
1648 1608 1738 1637 Prae·

992 1656 1061 1685 dicti
1085 1665 1142 1685 non
1168 1660 1287 1685 utantur
1310 1656 1416 1692 tineis,
1442 1666 1494 1685 nec
1518 1656 1735 1686 calceamentis.

993 1704 1175 1734 Concurrant
1197 1705 1231 1734 ad
1254 1705 1416 1734 orationem
1441 1705 1609 1741 mentalem,
1627 1705 1661 1735 ad
1679 1715 1738 1734 ma-

995 1754 1121 1783 tutinum
1145 1758 1307 1792 cantatum,
1332 1754 1366 1783 ad
1391 1754 1636 1792 flagellationem,
1660 1764 1739 1784 corn-

995 1803 1162 1832 munioncm
1187 1803 1425 1841 communitatis,
1450 1808 1478 1832 et
1500 1803 1534 1832 ad
1558 1803 1737 1834 exhortatio<

994 1861 1059 1881 nem
1076 1852 1271 1891 spiritualem,
1288 1861 1361 1891 quae
1380 1852 1535 1882 dominicis
1552 1852 1655 1882 diebus
1673 1853 1737 1882 lieri

993 1901 1076 1939 solet,
1101 1900 1150 1930 ubi
1173 1910 1274 1930 eorum
1297 1901 1426 1930 desectus
1449 1905 1515 1930 ante
1533 1901 1738 1939 religiosorum

994 1950 1094 1989 culpas
1119 1959 1132 1979 a
1157 1949 1282 1979 zelatore
1315 1950 1359 1979 vel
1383 1949 1514 1989 praeside
1550 1950 1740 1980 advertantur

994 2009 1027 2028 ac
1050 1999 1246 2037 corrigantur,
1268 2003 1295 2028 et
1317 2000 1415 2028 statim
1439 2008 1453 2028 a
1477 1999 1604 2038 capitulo
1620 2004 1735 2029 exeant.

994 2047 1093 2078 Officia
1118 2047 1234 2077 tabulae
1258 2048 1349 2085 illius,
1366 2048 1441 2077 sicut
1460 2053 1487 2077 et
1504 2048 1589 2077 laici¹
1613 2048 1737 2086 singulis

997 2097 1188 2127 hebdomadis
1210 2096 1437 2130 distribuantur,
1455 2101 1494 2133 et,
1512 2106 1576 2126 cum
1597 2096 1735 2134 obierint,

995 2146 1136 2176 suneralia
1160 2149 1187 2175 et
1210 2146 1304 2175 officia
1328 2146 1398 2175 siant
1421 2156 1471 2185 pro
1494 2146 1535 2176 eis
1552 2146 1628 2176 sicut
1644 2150 1669 2175 et
1687 2156 1738 2186 pro

997 2196 1124 2226 novitiis.

1035 2256 1054 2274 1.
1080 2245 1179 2274 Patres
1202 2244 1328 2274 ministri
1352 2244 1503 2274 domorum
1522 2244 1679 2274 novitiatus
1696 2244 1738 2274 ni-

997 2293 1036 2323 hil
1060 2293 1210 2333 pertinens
1233 2294 1266 2322 ad
1290 2293 1416 2323 novitios
1454 2294 1497 2323 vcl
1518 2294 1647 2332 ipsorum
1664 2293 1739 2323 dire-

996 2343 1122 2372 ctionem
1156 2342 1276 2372 iubeant
1308 2342 1351 2371 vel
1382 2343 1540 2381 disponant
1572 2342 1739 2372 inconsulto

997 2392 1138 2429 magistro
1160 2391 1290 2421 illorum.
1316 2391 1456 2420 I'oterunt
1480 2395 1574 2420 tamen
1591 2415 1598 2429 ,
1623 2391 1739 2430 quaudo

998 2441 1152 2476 voluerint,
1178 2449 1227 2469 eos
1250 2440 1408 2470 affabiliter
1430 2440 1646 2469 comuninicare
1663 2440 1738 2470 circa

997 2490 1190 2519 directionem
1213 2489 1383 2519 interiorem
1406 2494 1434 2518 et
1458 2490 1617 2527 protectum
1641 2499 1737 2528 suum,

998 2539 1155 2569 dummodo
1178 2538 1205 2568 id
1230 2539 1277 2567 liat
1302 2548 1358 2567 uuo
1381 2538 1425 2568 vel
1444 2538 1558 2567 duobus
1574 2537 1675 2568 diebus
1692 2539 1740 2569 de-

998 2587 1113 2623 stinatis
1137 2596 1188 2626 pro
1210 2586 1358 2616 omnibus.

1036 2642 1045 2668 1
1070 2642 1171 2668 Forsan
1193 2640 1271 2675 illis,
1291 2641 1364 2668 sicat
1384 2643 1409 2667 et
1431 2640 1513 2668 laicis
1532 2646 1571 2676 tu.
1588 2642 1637 2677 T.)-

1627 227 1691 262 479
1740 236 1789 263 an.
1811 237 1839 263 c.
1861 236 1926 263 1738

1765 2289 1794 2310 Dc
1807 2276 1933 2310 educatione

1748 2322 1784 2337 noi
1791 2318 1836 2336 uim
1843 2322 1884 2336 um.
