2232 3178
0 1341 10 2073 --—--,—.————-——-

33 235 86 262 An.
103 232 130 260 C.
155 232 222 259 ¹736

224 284 273 317 est,
295 279 335 308 sic
356 288 390 308 ev
410 283 507 317 pacto,
531 283 555 307 et
582 280 724 308 accedente
751 278 867 308 Sanctae
889 278 966 308 Sedis

223 337 374 362 consensu,
398 331 426 357 et
447 327 524 366 quod
553 327 630 357 idem
660 327 835 357 servandum
869 326 907 356 sit
936 327 988 366 5¹¹1

225 375 360 405 omnibus
378 375 535 414 praedictis
557 376 673 405 casibus
689 379 718 405 et
740 376 774 405 de
797 375 966 414 apostolicis

223 424 365 454 Brevibus
401 433 490 463 super
525 425 744 464 dispensatione
779 425 884 454 aetatis
921 424 964 453 vel

223 478 388 512 temporum
411 473 588 503 interstitiis.

263 531 300 551 iv.
324 521 405 557 Quod
429 521 670 561 archiepiscopus
701 526 728 551 et
750 521 964 551 commendata-

223 571 284 600 rius
306 570 427 610 eiusque
450 580 637 601 successores
660 571 782 610 praefati
809 579 965 609 quoscum-

223 629 279 658 que
301 628 463 649 concursus
486 619 520 649 ad
545 619 727 658 parochiales
749 619 887 649 ecclesias
920 628 965 648 ce-

223 673 343 707 teraque
366 668 508 698 beneficia
531 673 631 697 curata
664 668 794 697 indicere
827 672 855 697 et
881 667 965 697 insti-

223 722 305 748 tuere
321 718 433 757 possint
455 722 483 747 et
506 718 632 754 valeant,
650 717 757 756 quibus
773 716 964 746 concursibus

222 769 249 795 et
281 765 515 796 institutionibus
550 765 693 805 Iosephus
725 765 964 804 archiepiscopus

222 813 343 853 eiusque
375 823 561 844 successores
594 815 718 854 praefati
752 823 782 844 se
817 823 964 853 opponere

222 863 343 892 minime
366 863 492 893 valeant.

261 921 289 942 v.
307 911 388 947 Quod
410 912 434 941 si
457 912 574 942 litterae
597 911 775 952 apostolicae
798 915 826 942 et
848 911 966 951 dispen—

221 961 349 991 sationes
376 961 608 991 matrimoniales
637 971 689 1001 pro
717 961 844 991 subditis
874 961 966 991 archi-

222 1009 354 1049 episcopi
376 1013 403 1039 et
426 1009 668 1040 commendatarii
699 1009 792 1039 eidem
823 1009 966 1048 archiepi-

221 1067 309 1097 scopo
331 1062 360 1088 et
382 1067 435 1098 pro
458 1062 590 1098 tempore
613 1058 751 1088 existenti
771 1058 841 1088 dicti
865 1067 966 1087 mona-

220 1107 303 1137 sterii
327 1107 576 1137 commendatario
600 1107 729 1137 directae
752 1106 873 1145 fuerint,
896 1111 965 1137 tunc

220 1155 256 1185 ab
279 1165 312 1185 eo
335 1156 443 1195 exequi
461 1155 599 1193 debeant,
617 1159 644 1185 et
667 1155 781 1185 nullum
804 1165 819 1185 a
842 1155 965 1194 Iosepho

220 1204 442 1244 archiepiscopo
465 1205 586 1244 eiusque
609 1203 831 1234 successoribus
852 1204 965 1243 praefa-

220 1254 257 1284 tis
278 1254 521 1293 impedimentum
547 1253 590 1283 vel
614 1253 799 1283 obstaculum
823 1254 885 1283 sieri
903 1263 965 1292 pos—

220 1303 272 1340 sit;
296 1307 324 1333 et
346 1312 361 1332 e
383 1307 499 1340 contra,
517 1303 541 1332 si
557 1312 595 1332 ex
617 1302 718 1342 aliqua
735 1302 858 1342 speciali
875 1303 965 1332 causa

220 1361 273 1392 pro
296 1356 425 1391 tempore
448 1351 589 1381 existenti
611 1351 835 1391 archiepiscopo
859 1351 965 1381 Messa-

220 1401 305 1432 nensi
328 1401 363 1431 ab
386 1401 490 1431 eadem
506 1400 579 1431 Sede
596 1400 726 1430 directae
743 1401 871 1436 suerint,
895 1404 965 1430 tunc

219 1449 256 1480 ab
279 1450 382 1480 eodem
409 1449 631 1490 archiepiscopo
663 1449 844 1479 Messanensi
876 1449 963 1479 etiam

220 1499 328 1540 exequi
351 1499 496 1534 debeant,
520 1503 549 1529 et
571 1499 650 1529 nulla
682 1507 734 1538 per
757 1508 808 1538 pro
833 1502 964 1538 tempore

219 1549 394 1579 existentem
422 1548 596 1578 monasterii
625 1548 747 1588 praefati
776 1547 964 1578 commenda-

219 1599 296 1629 rium
319 1598 384 1628 fieri
407 1598 498 1638 possit
519 1597 675 1637 oppositio.

260 1656 298 1677 vi.
321 1647 420 1683 Quoad
443 1646 675 1685 recognitionem
692 1651 719 1676 et
734 1646 963 1676 declarationem

219 1696 417 1728 immunitatis
440 1705 491 1736 pro
514 1695 752 1734 confugientibus
774 1696 808 1725 ad
825 1695 964 1725 ecclesias

220 1747 315 1777 eidem
338 1745 516 1775 monasterio
539 1744 699 1783 subiectas,
724 1744 801 1783 qnod
824 1744 964 1783 Iosephus

219 1800 249 1826 et
264 1805 315 1835 pro
331 1799 464 1834 tempore
480 1794 640 1824 existentes
659 1793 874 1833 archiepiscopi
891 1793 964 1823 Mes-

220 1853 359 1874 sanenses
383 1843 513 1873 iudicare
536 1842 663 1873 debeant
685 1852 721 1872 an
750 1842 911 1879 confugiant
934 1841 962 1871 in

220 1893 352 1924 ecclesiis
384 1892 551 1922 huiusmodi
584 1893 769 1922 immunitate
796 1891 963 1921 huiusmodi

219 1944 366 1982 gaudeant
402 1943 445 1972 vel
478 1951 535 1972 non
551 1965 558 1979 ‚
582 1945 611 1971 et
633 1941 693 1971 sint
714 1941 888 1971 extrahendi
918 1941 963 1970 vel

220 1991 396 2023 restituendi
431 1991 564 2021 ecclesiis
605 1990 682 2020 dicto
720 1989 897 2019 monasterio
933 1993 964 2019 ut

221 2042 384 2082 praefertur
406 2040 565 2077 subiectis;
588 2039 697 2070 Silvius
724 2039 963 2078 archiepiscopus

221 2100 289 2121 vero
307 2094 335 2120 et
351 2099 401 2130 pro
418 2094 549 2129 tempore
571 2088 731 2118 existentes
754 2087 824 2118 dicti
849 2096 964 2117 monas-

222 2140 287 2171 terii
303 2139 545 2170 commendatarii
562 2138 744 2177 confugiatos
764 2137 931 2168 huiusmodi
948 2146 962 2166 a

221 2189 350 2229 propriis
371 2188 504 2218 ecclesiis
527 2188 690 2225 extrahere,
713 2191 740 2217 et
762 2187 792 2216 in
816 2187 877 2216 suis
899 2196 962 2215 car-

221 2238 338 2268 ceribus
360 2238 394 2267 ad
418 2237 641 2276 dispositionem
665 2246 717 2276 pro
747 2240 878 2275 tempore
903 2236 963 2266 exi-

221 2287 324 2318 stentis
352 2286 565 2325 archiepiscopi
588 2286 783 2316 Messanensis
802 2285 960 2322 custodire,

222 2345 347 2376 eumque
375 2336 520 2366 mediante
542 2335 669 2375 epistola
684 2335 838 2365 certiorem
854 2335 960 2373 facere,

221 2385 294 2415 infra
319 2384 475 2414 terminum
496 2388 623 2423 quatuor
655 2384 784 2421 dierum,
809 2383 844 2413 de
866 2387 963 2413 extra-

221 2435 318 2464 ctione
340 2438 368 2464 et
391 2433 560 2463 detentione
582 2433 743 2471 confugiati
767 2432 946 2462 huiusmodi.

261 2491 310 2513 vn.
338 2482 418 2518 Quod
449 2486 633 2522 praeservata
663 2481 866 2519 intelligantur
894 2481 962 2511 hinc

220 2533 288 2563 inde
310 2532 407 2563 omnia
430 2532 494 2562 iura
518 2535 655 2570 respectu
676 2535 840 2560 ceterarum
863 2540 960 2561 rerum

221 2581 251 2612 in
274 2580 421 2621 praesenti
444 2580 603 2610 concordia
618 2589 669 2609 seu
687 2579 885 2610 transactione
902 2589 960 2610 non

221 2630 511 2670 comprehensarum.

327 2689 405 2718 Butt.
421 2688 507 2717 Rom.
522 2704 554 2708 -—
577 2688 638 2717 Vol.
657 2687 760 2715 XXIV.
912 2686 945 2713 15

848 229 990 254 cremans
1017 230 1061 254 xn
1086 231 1136 254 PP.
1646 223 1659 255 ‘1
1673 222 1709 256 13

1051 287 1108 307 vin.
1133 279 1167 308 Et
1190 279 1306 309 demum
1325 284 1354 309 ut
1373 288 1435 319 pro,
1454 280 1555 310 maiori
1580 281 1752 319 praemisso-

1010 336 1075 356 rum
1105 327 1252 357 validitate
1275 332 1302 358 et
1324 329 1481 365 firmitate,
1510 329 1552 359 liti
1585 329 1750 360 huiusmodi

1010 376 1206 415 omnibusque
1229 380 1256 406 ct
1279 377 1514 417 quibuscumque
1531 379 1752 418 supplicationi—

1010 424 1080 460 hus,
1104 425 1228 464 aliisque
1256 427 1328 455 actis
1355 436 1447 466 usque
1476 427 1559 456 modo
1588 428 1655 456 hinc
1686 428 1752 457 inde

1008 473 1108 510 gestis,
1133 477 1160 503 et
1180 474 1338 514 unicuique
1361 485 1465 505 causae
1488 479 1515 505 et
1539 476 1599 505 litis
1623 476 1750 516 penden-

986 537 987 555 1
1009 522 1077 560 tiae,
1096 532 1183 562 super
1199 524 1407 563 suprascriptis
1431 525 1562 555 articulis
1587 530 1700 555 tantum
1724 531 1752 556 et

1008 571 1171 610 dumtaxat,
1196 573 1359 612 respective
1387 574 1489 603 cedere
1512 578 1539 603 et
1562 575 1749 611 renunciare,

985 655 987 660 .
1008 629 1097 658 seque
1120 622 1266 659 praesenti
1289 622 1462 651 concordiae
1485 632 1536 652 seu
1560 624 1750 653 transactioni

1009 677 1066 697 non
1090 669 1304 703 contradicere,
1330 679 1383 699 nec
1406 670 1547 700 adversus
1573 681 1636 700 eam
1667 672 1750 710 quid-

1008 726 1095 755 quam
1119 727 1280 756 opponere‚
1305 718 1354 748 sed
1377 718 1402 748 ei
1429 723 1505 748 stare
1527 724 1555 749 et
1583 720 1750 759 acquiesce-

1009 774 1050 802 re,
1074 770 1102 794 et
1125 765 1160 795 ab
1183 768 1218 795 ea
1233 776 1385 806 nunquam
1403 767 1565 797 reclamare
1583 768 1666 805 velle,
1686 778 1751 807 pro-

1009 813 1125 843 mittere
1149 813 1313 854 respective
1335 815 1461 845 debeant
1483 820 1511 845 et
1534 820 1701 846 teneantur:
1723 822 1751 847 et

1008 862 1080 892 alias
1095 887 1102 901 ‚
1127 868 1213 902 prout
1249 864 1278 894 in
1315 865 1512 895 instrumento
1547 865 1662 904 publico
1700 875 1750 896 seu

1008 912 1163 951 scripturis
1207 913 1332 953 publicis
1372 914 1496 954 desuper
1533 916 1663 945 confecto
1699 925 1750 946 seu

1009 961 1148 990 consectis
1171 962 1280 992 tenoris
1303 962 1464 1001 sequentis,
1490 963 1646 993 videlicet:

1053 1019 1065 1037 r(
1091 1009 1177 1048 Iesus,
1201 1010 1304 1045 Maria,
1330 1011 1435 1050 Ioseph.
1459 1011 1509 1041 Die
1533 1021 1599 1041 xxni
1622 1012 1748 1050 angusti,

1010 1066 1046 1087 vn
1078 1058 1266 1097 indictionis,
1290 1068 1456 1097 arnocxxrx,
1483 1069 1619 1100 praesens
1651 1070 1748 1090 coram

1009 1107 1104 1143 nobis,
1129 1112 1197 1144 etc.‚
1222 1108 1395 1146 Magnificus
1418 1109 1555 1139 Placidus
1571 1110 1662 1146 Arno,
1682 1120 1747 1149 pro-

1009 1161 1125 1186 curator
1149 1157 1255 1187 fiscalis
1279 1167 1400 1195 magnae
1424 1158 1532 1195 curiae,
1555 1159 1749 1198 archiepisco-

1010 1205 1066 1244 pali
1089 1205 1158 1235 sede
1181 1211 1302 1236 vacante
1319 1206 1405 1236 huius
1428 1207 1546 1245 nobilis,
1564 1207 1750 1238 fidelissimae

1009 1259 1036 1283 et
1058 1255 1235 1294 exemplaris
1258 1255 1340 1285 urbis
1356 1255 1504 1286 Messanae
1526 1257 1659 1292 M.N.C.‚
1677 1262 1748 1295 etc.,

1009 1303 1086 1332 dicto
1103 1303 1220 1333 nomine
1238 1308 1295 1333 tam
1313 1313 1365 1343 pro
1382 1307 1435 1334 sua
1448 1305 1748 1347 indemnitate‚quam

1009 1352 1145 1391 aliorum,
1170 1362 1294 1391 quorum
1317 1353 1452 1390 interest,
1476 1360 1591 1394 sponte,
1615 1359 1684 1393 etc.‚
1709 1356 1750 1386 vi-

1008 1410 1077 1439 gore
1101 1401 1262 1440 praesentis
1286 1401 1419 1432 exhibuit
1441 1412 1473 1432 ac
1496 1404 1579 1434 nobis
1612 1414 1749 1444 praesen-

1009 1451 1088 1488 tavit,
1107 1455 1193 1490 prout
1217 1451 1335 1481 exhibet
1357 1456 1384 1481 et
1408 1457 1584 1491 praesentat,
1601 1454 1750 1485 infrascri-

1009 1503 1088 1538 ptum
1116 1499 1260 1538 originale
1287 1499 1457 1530 alberanum
1486 1502 1629 1541 scriptum
1659 1513 1748 1534 manu

1007 1549 1104 1578 aliena
1140 1553 1169 1578 et
1206 1549 1403 1589 subscriptum
1444 1551 1578 1581 manibus
1620 1554 1747 1592 propriis

1007 1597 1153 1636 quondam
1199 1598 1391 1628 illustrissimi
1438 1605 1466 1630 et
1511 1602 1747 1633 reverendissimi

1008 1646 1037 1675 D.
1054 1646 1156 1685 Ioseph
1173 1646 1334 1685 Migliaccio
1350 1647 1560 1688 archiepiscopi
1576 1650 1643 1680 olim
1661 1651 1747 1682 huius

1008 1695 1106 1731 urbis,
1149 1700 1176 1725 et
1212 1696 1404 1731 illustrissimi
1442 1702 1470 1727 et
1507 1700 1746 1731 reverendissimi

1008 1745 1038 1773 D.
1063 1745 1146 1774 Silvii
1175 1745 1289 1775 Valenti
1322 1746 1465 1784 Gonzaga,
1500 1748 1746 1781 archimandritae

1008 1794 1096 1824 huius
1118 1795 1283 1834 praedictae
1314 1795 1412 1833 urbis,
1437 1806 1550 1827 necnon
1574 1801 1748 1829 reverendo-

1007 1853 1070 1873 rum
1095 1843 1207 1873 abhatis
1232 1844 1263 1873 D.
1282 1844 1495 1875 Bartholomaei
1519 1846 1661 1877 Dominici
1680 1848 1746 1878 Voci

1007 1898 1035 1923 et
1056 1893 1087 1923 lJ.
1112 1893 1214 1932 loseph
1237 1893 1314 1923 Coeli
1337 1894 1453 1923 testium
1478 1896 1691 1935 praesentium,
1717 1898 1745 1927 in

1007 1952 1064 1982 quo
1086 1942 1167 1972 adest
1189 1943 1298 1972 inserta
1321 1942 1505 1982 infrascripta
1536 1945 1647 1975 minuta
1674 1947 1747 1976 scri-

1008 1996 1054 2030 pta
1091 2001 1179 2020 manu
1216 1991 1313 2021 aliena
1345 1996 1373 2021 et
1406 1992 1519 2022 firmata
1553 1993 1582 2023 in
1616 1995 1746 2033 margine

1007 2041 1095 2070 calcis
1119 2049 1206 2070 manu
1230 2040 1350 2079 propria
1380 2040 1573 2071 illustrissimi
1607 2047 1635 2072 et
1667 2052 1747 2073 reve-

1008 2090 1175 2120 rendissimi
1208 2089 1307 2119 fratris
1340 2089 1442 2129 Ioseph
1473 2089 1561 2119 Maria
1590 2091 1747 2122 Perimezzi

1007 2139 1135 2178 episcopi
1152 2138 1336 2178 Oppidensis,
1354 2138 1382 2167 in
1400 2148 1454 2177 qua
1478 2138 1583 2169 adsunt
1606 2141 1746 2171 nonnulla

1008 2187 1105 2225 verba,
1124 2196 1228 2225 nempe
1251 2195 1340 2216 unum
1364 2186 1504 2216 lineatum
1528 2192 1555 2217 et
1576 2190 1746 2227 superaddi-

1008 2242 1080 2272 tum,
1104 2240 1132 2265 et
1156 2235 1210 2264 alia
1235 2235 1413 2271 acconeiata,
1438 2245 1560 2274 quorum
1586 2241 1668 2267 tenor
1689 2242 1743 2275 cst,

1007 2289 1039 2314 ut
1068 2284 1143 2314 infra
1167 2284 1311 2323 sequitur,
1335 2283 1492 2313 videlicet:
1519 2285 1611 2322 Iesus,
1637 2286 1742 2320 illaria,

1008 2335 1113 2374 loseph.
1138 2333 1219 2369 Cum,
1245 2342 1296 2372 pro
1320 2333 1498 2372 expellendis
1521 2334 1692 2364 differentiis
1715 2345 1744 2364 e-

1007 2384 1111 2414 mersis
1134 2383 1210 2413 inter
1233 2382 1464 2412 illustrissimum
1486 2387 1513 2412 et
1536 2384 1744 2413 reverendissi-

1007 2442 1085 2462 mum
1108 2432 1258 2462 dominum
1283 2431 1313 2460 l).
1338 2431 1441 2470 Ioseph
1463 2431 1623 2469 Migliaccio
1650 2433 1745 2462 archi-

1006 2482 1174 2521 episcopum
1209 2481 1420 2510 Messanenscni
1453 2490 1485 2508 ac
1514 2480 1743 2511 illustrissimum

1006 2535 1035 2560 et
1069 2529 1345 2560 reverendissimum
1379 2528 1527 2558 dominnm
1562 2529 1592 2558 1).
1621 2530 1742 2560 Silvium

1007 2579 1120 2609 Valenti
1160 2578 1291 2615 Gonzaga
1333 2577 1590 2606 archimandritam
1634 2579 1743 2617 pariter

1006 2628 1221 2659 Mcssanensem
1243 2626 1319 2657 circa
1343 2625 1484 2666 quosdam
1507 2626 1645 2658 articulos
1666 2627 1742 2659 infra

1755 233 1792 258 Au
1827 232 1854 259 C.
1881 233 1944 259 .ῖὲἒῦ

1783 1035 1942 1056 instrumentum

1760 1067 1824 1091 super
1839 1062 1878 1081 hoc
1895 1068 1943 1082 con·

1760 1090 1844 1109 tectum.
