2232 3178
31 219 80 246 Αιι.
97 218 126 244 C.
146 214 212 243 ¹738

67 592 206 620 &impensaiio

36 624 100 645 wan·
120 622 145 641 ,te
167 619 206 639 Va-

35 647 142 670 :concellus
170 651 206 672 pro

35 674 146 700 capell-tnta
181 672 206 692 de

36 701 116 727 “aph-3
126 715 131 723 ,
146 704 207 724 super

35 734 73 755 qua
93 729 153 746 etiam
176 731 207 745 ius

37 753 151 781 pari-innatus*
187 753 207 781 et

52 778 194 805 praesentandi

36 807 88 828 dieto
102 806 143 830 regi
158 810 208 825 con-

37 832 121 853 ceditur.

217 263 366 296 eumdem
397 262 682 305 arehiepiscopum
715 272 773 305 pro
807 266 952 303 tempore

217 315 405 348 existentem
431 315 603 358 privative,
630 315 772 348 extincto
807 314 877 345 iure
911 312 953 345 si-

216 368 395 407 multaneo,
421 367 508 410 quod
540 378 611 399 cum
645 368 759 400 eodem
793 365 955 408 archiepi-

217 432 317 464 scopo
342 420 519 463 capitulum
546 421 651 453 dictae
681 419 838 453 ecclesiae
865 419 955 461 Ulys-

217 473 401 516 siponensis
428 473 608 512 orientalis,
632 478 665 504 ut
690 473 884 516 praefertur,
903 482 956 504 ex—

217 526 366 565 ercebat,
398 525 615 569 imposterum
649 530 772 568 spectet
803 530 834 557 et
858 524 956 567 perti-

217 579 317 611 tineat
348 578 441 621 (eum
479 579 541 611 hoc
579 583 685 610 tamen
725 578 812 620 quod
851 576 955 610 dictus

217 631 353 664 loannes
387 642 464 669 rex,
493 642 531 664 ne
564 631 741 664 vicecomes
773 629 956 673 praedictus

217 695 274 727 pro
299 684 562 727 inrepatrouatuS
589 689 620 716 et
640 683 871 726 praesentandi
900 683 956 714 hu-

218 737 356 770 iusmodi
375 737 413 769 ad
429 737 631 780 praedictam
651 736 865 780 capellaniam
885 746 957 768 eum
978 749 980 754 ⁴

219 791 247 824 ei
274 791 408 823 annexis
434 790 625 822 canonicatu
646 795 678 822 et
706 789 892 832 praebenda
919 789 957 821 de

218 844 316 877 Masra
351 843 545 885 nuncupatis
585 842 788 885 praedietis,

218 898 341 940 busque
364 901 394 928 et
423 896 547 928 iuribus
576 895 613 928 ad
637 896 769 928 eosdem
797 895 960 938 pertinen-

220 951 317 990 tibus,
344 961 360 982 a
387 948 481 982 nobis
508 959 567 992 per
591 953 782 992 praesentes
808 953 842 980 ut
867 958 960 991 prae-

217 1002 320 1036 fertur
340 1003 497 1045 abrogato
523 1007 553 1034 et
578 1002 727 1041 extincto,
747 1001 879 1044 aliquod
907 1001 960 1034 de-

219 1056 406 1088 trimentum
425 1055 577 1098 patiatur,
595 1060 693 1097 prout
709 1065 744 1087 ex
760 1056 862 1097 aequa
883 1064 959 1086 suae

218 1109 328 1152 regiae
353 1108 559 1141 liberalitatis
585 1108 712 1140 ratione
739 1108 841 1141 teneri
868 1108 957 1146 vult,

219 1162 363 1195 Thomae
388 1160 569 1194 vicecomiti
593 1161 770 1204 praedicto,
788 1161 833 1193 uti
856 1160 960 1193 dietae

221 1216 334 1248 domus
357 1214 540 1258 possessori
559 1220 590 1247 et
609 1214 874 1251 administratori,
899 1224 960 1256 pro

222 1267 289 1300 eius
314 1277 331 1299 a
357 1266 451 1299 nobis
478 1272 513 1298 ut
537 1266 722 1309 praefertur
747 1267 904 1309 abrogato
932 1272 961 1299 et

223 1319 362 1353 extincto
378 1319 457 1358 iure,
473 1319 510 1351 ad
530 1319 608 1351 illud
627 1319 654 1351 ei
671 1319 961 1362 compensandum,

221 1373 306 1406 aliud
333 1373 379 1405 ius
401 1373 592 1415 patronatus
619 1378 649 1404 ct
674 1372 902 1415 praesentandi
922 1372 961 1404 ad

223 1426 303 1459 alios
320 1426 529 1458 canonicatus
553 1430 584 1458 et
605 1426 809 1468 praebendas
827 1426 962 1458 aliarum

222 1479 459 1513 cathedralium
496 1484 527 1511 ct
563 1479 808 1520 collegiatarum
852 1480 958 1511 eccle-

223 1533 362 1572 siarum,
388 1543 445 1565 seu
468 1533 529 1565 alia
555 1532 714 1565 beneficia
734 1533 961 1572 ecclesiastica,

223 1584 315 1629 quae¹
334 1586 372 1618 ad
398 1586 607 1624 Ioannem,et
633 1596 692 1628 pro
720 1591 864 1628 tempore
892 1585 958 1618 exi-

223 1638 363 1672 stentes⁹
381 1649 490 1681 regem
510 1638 703 1681 praefatum,
726 1640 777 1671 vel
803 1639 898 1671 etiam
924 1639 961 1670 ad

223 1692 332 1735 aliqua
363 1702 419 1724 seu
456 1692 581 1735 aliquas
607 1702 643 1724 ex
681 1692 882 1724 eommendis
907 1691 962 1724 Or-

224 1745 335 1778 dinum
360 1745 551 1778 militarium
587 1745 619 1777 in
654 1745 871 1787 Portugalliae
908 1756 964 1778 re—

224 1798 293 1841 gnis
329 1797 558 1837 existentium,
596 1803 627 1830 et
663 1808 800 1841 quorum
827 1797 963 1830 loannes

225 1857 255 1884 et
279 1862 338 1895 pro
369 1857 516 1894 tempore
548 1851 692 1883 existens
718 1861 773 1883 rex
800 1852 964 1894 praelatus

225 1905 424 1947 gubernator
449 1909 692 1947 perpetuusque
722 1903 965 1937 administrator

226 1958 343 1997 existit,
372 1958 420 1991 vel
446 1957 531 2001 ipsas
558 1958 774 1997 commendas,
803 1968 858 1990 seu
884 1958 964 1990 alios

226 2010 461 2044 ecclesiasticos
476 2016 529 2043 aut
554 2012 735 2043 saeculares
754 2021 878 2043 annuos
896 2011 965 2043 red-

227 2064 320 2104 ditus,
346 2064 452 2104 bona,
477 2063 548 2096 iura
573 2065 623 2096 vel
650 2064 806 2103 honores,
828 2063 882 2106 qui
915 2064 963 2096 vel

227 2127 308 2159 quae
340 2117 379 2149 ad
411 2116 540 2149 loannis
574 2121 605 2148 et
630 2126 689 2159 pro
722 2122 868 2159 tempore
893 2116 962 2148 exi-

227 2169 339 2201 stentis
365 2169 450 2212 regis
477 2170 609 2212 praefati
635 2170 878 2212 iuspatronatus
908 2180 964 2202 seu

227 2222 265 2254 ad
287 2221 373 2255 illius
395 2222 504 2264 regiae
531 2233 672 2256 coronae
698 2222 836 2255 liberam
863 2222 967 2265 dispo-

228 2274 376 2308 sitionem
401 2280 551 2318 spectant
575 2281 605 2308 et
630 2275 810 2318 pertinent,
838 2280 868 2308 et
896 2275 967 2318 qui-

228 2327 286 2361 bus
311 2328 450 2361 Thomas
466 2328 657 2368 ¹vicecomes
683 2328 856 2371 praefatus,
883 2328 968 2361 eius-

231 2391 291 2423 que
316 2390 549 2421 successores,
585 2381 623 2413 ad
650 2391 731 2424 quos
757 2381 876 2413 dietum
903 2381 968 2413 ius-

230 2436 417 2477 patronatus
434 2445 492 2477 pro
517 2440 661 2477 tempore
681 2439 827 2477 spectare
843 2434 968 2467 debuis-

267 2514 276 2538 1
302 2512 420 2539 Pessime
446 2512 510 2539 edit.
532 2511 609 2538 tttain.
632 2512 696 2547 legit
720 2513 796 2547 quod
821 2520 870 2547 pro
895 2522 969 2547 quae

230 2557 268 2583 acl
287 2560 325 2587 (a.
341 2560 389 2585 r).

265 2601 280 2630 2
300 2601 395 2638 Aptius
416 2601 474 2636 lege
495 2601 661 2628 existentem
682 2602 721 2635 (n.
740 2602 790 2635 r.).

841 211 983 236 CLEMENS
1009 212 1025 233 X
1033 211 1054 234 11
1079 211 1129 234 1³1¹.

1634 202 1698 236 343

996 265 1057 300 set,
1087 259 1210 303 perfrui
1235 265 1267 293 et
1292 261 1454 303 gaudere,
1480 261 1529 293 vel
1556 261 1735 303 respective

997 323 1053 345 eos
1079 317 1108 345 et
1126 323 1162 345 ea
1181 313 1211 345 in
1231 313 1381 356 proprios
1400 325 1475 346 usus
1493 319 1684 346 convertere
1703 313 1736 346 li-

975 392 976 397 ,
997 365 1074 397 bere
1093 371 1124 397 et
1149 365 1235 398 licite
1254 367 1390 405 valeant,
1406 366 1492 399 iuxta
1507 365 1735 399 rationabilem

998 423 1026 449 et
1053 428 1228 460 congruam
1255 419 1340 451 inter
1361 419 1481 451 dictum
1507 419 1661 451 loannem
1687 429 1737 450 re-

999 481 1069 513 gern
1090 482 1125 504 ac
1139 472 1293 504 Thomam
1314 472 1534 504 vicecomitem
1558 472 1736 515 praefatum

999 524 1203 556 statuendam
1222 525 1536 568 compensationem,
1555 535 1621 557 non
1640 530 1738 557 retar-

1000 577 1072 609 data
1091 582 1198 609 tamen
1225 578 1256 609 in
1282 578 1416 621 reliquis
1436 578 1621 610 carumdem
1644 588 1738 621 prae-

1000 629 1140 662 sentium
1168 631 1381 670 executione,
1409 641 1490 673 quae
1518 631 1618 670 illico,
1646 631 1737 662 nullo

1001 682 1144 725 desuper
1168 682 1279 716 habito
1305 693 1467 726 processu,
1488 683 1615 715 debitae
1636 693 1739 725 prom-

1001 740 1139 778 ptaeque
1166 736 1350 769 executioni
1377 736 1565 768 demandari
1584 736 1737 774 debeant,

979 805 980 822 2
1003 795 1097 830 prout
1110 799 1167 821 nos
1182 800 1319 821 exnunc
1336 800 1394 832 pro
1410 790 1610 822 demandatis
1625 789 1739 822 haberi

827 842 959 874 redditi·
979 837 981 844 ’

1004 845 1165 881 volumus,
1199 853 1262 875 non
1295 843 1497 875 obstantibus
1523 843 1561 876 ad
1588 841 1740 875 ell'ectum

1002 895 1256 938 praemissorum
1272 895 1436 938 quibusvis
1451 895 1622 928 contrariis
1643 895 1742 928 dieto-

1002 959 1072 980 rum
1083 948 1247 988 Ordinum,
1259 948 1352 981 etiam
1370 948 1552 980 iuramento
1566 953 1619 980 aut
1632 947 1743 980 confir-

1003 1001 1144 1034 matione
1171 1002 1350 1044 apostolica
1383 1003 1430 1034 vel
1458 1002 1567 1045 quavis
1594 1001 1742 1034 firmitate

1004 1054 1062 1086 alia
1089 1055 1259 1093 roboratis,
1278 1054 1414 1094 statutis,
1434 1055 1622 1097 privilegiis,
1642 1054 1745 1087 indul-

1004 1107 1043 1139 tis
1069 1113 1101 1139 et
1124 1107 1408 1140 constitutionibus
1436 1107 1531 1140 etiam
1556 1108 1743 1150 apostolicis

1004 1160 1041 1191 ad
1069 1160 1201 1192 eosdem
1219 1159 1356 1192 Ordines
1378 1160 1612 1203 spectantibus,
1633 1161 1742 1199 cedat,

1005 1213 1149 1255 assignet
1174 1223 1229 1245 seu
1256 1213 1424 1252 conset-1113
1452 1219 1481 1246 et
1507 1224 1564 1256 pro
1592 1224 1630 1246 eo
1659 1214 1744 1256 quod

1005 1267 1107 1298 dictus
1133 1266 1268 1298 loannes
1295 1276 1349 1298 rex
1380 1265 1535 1298 Ordinum
1561 1266 1745 1310 praedicto-

1005 1330 1075 1352 rum
1102 1319 1304 1361 gubernator
1334 1324 1366 1351 et
1390 1325 1569 1362 perpetuus
1603 1319 1743 1351 admini-

1006 1379 1125 1406 strator
1146 1378 1180 1405 ut
1204 1373 1390 1416 praesertur
1415 1373 1541 1412 existit,
1572 1373 1611 1405 ad
1634 1373 1696 1405 hoc
1715 1377 1748 1404 ut

1005 1427 1073 1470 ipse
1092 1426 1232 1469 aliquam
1259 1436 1294 1458 ex
1315 1425 1470 1458 dictorum
1489 1425 1644 1458 Ordinum
1661 1435 1749 1458 com-

1007 1480 1132 1512 mendis
1161 1490 1217 1512 seu
1244 1479 1351 1521 aliqua
1377 1479 1462 1510 bona
1480 1478 1586 1511 eidem
1604 1479 1748 1511 Thomae

1008 1533 1187 1566 vicecomiti
1226 1539 1259 1564 ut
1293 1533 1475 1575 praefertur
1500 1532 1640 1570 cedere,
1666 1532 1746 1564 assi-

1007 1596 1107 1628 gnare
1133 1596 1189 1618 seu
1216 1586 1365 1618 conferre
1393 1586 1505 1623 valeat,
1527 1585 1679 1617 eumdem
1702 1585 1749 1618 lo-

1007 1650 1124 1672 annem
1152 1650 1261 1681 regem
1289 1644 1320 1671 et
1346 1639 1601 1680 gubernatorem
1640 1649 1751 1681 perpe·

1007 1698 1165 1735 tuumque
1191 1691 1487 1724 administratorem
1507 1703 1523 1724 a
1545 1701 1750 1734 quocumque

1008 1745 1046 1777 de
1073 1756 1138 1778 non
1166 1745 1347 1777 alienandis
1382 1750 1444 1777 tam
1474 1744 1616 1777 eiusdem
1642 1744 1751 1787 regiae

1006 1808 1147 1830 coronae
1184 1808 1280 1840 quam
1317 1797 1473 1830 Ordinum
1510 1798 1751 1840 praedictorum

1007 1851 1189 1894 respective
1209 1851 1302 1884 bonis
1328 1855 1381 1883 aut
1406 1851 1485 1883 alias
1504 1850 1753 1893 quomodolibet

1008 1904 1047 1937 ab
1074 1915 1111 1937 eo
1138 1904 1316 1947 respective
1354 1903 1512 1946 praestito
1546 1904 1751 1943 iuramento,

1008 1963 1080 1991 voto
1118 1968 1172 1990 seu
1211 1957 1411 1997 obligatione
1451 1967 1679 1999 quacumque,
1714 1957 1753 1989 ad

1009 2010 1257 2053 praen‘iissorum
1273 2009 1431 2049 ellectum,
1450 2009 1629 2052 apostolica
1647 2015 1754 2043 aucto-

1009 2064 1104 2096 ritate
1130 2064 1276 2105 praefata
1298 2063 1493 2096 absolvimus
1513 2069 1543 2095 et
1560 2063 1750 2103 liberamus,

1010 2128 1045 2150 ac
1066 2128 1101 2149 ex
1124 2127 1209 2148 nune
1224 2117 1406 2149 absolutum
1432 2122 1460 2149 et
1488 2116 1661 2149 liberatum
1682 2127 1752 2150 esse

1010 2171 1158 2202 volumus
1186 2174 1216 2202 ct
1241 2170 1468 2209 declaramus3
1498 2175 1529 2202 et
1560 2170 1667 2212 quoad
1699 2180 1753 2212 ap-

1012 2223 1173 2266 probandi
1213 2223 1468 2265 nominaudique
1500 2223 1539 2256 ad
1576 2223 1751 2255 canonica-

1011 2282 1076 2308 tum
1108 2282 1139 2309 et
1166 2276 1385 2318 magistralem
1413 2286 1448 2308 ac
1474 2276 1700 2308 canonicatum
1723 2281 1754 2308 et

1011 2330 1210 2362 doctoralem
1230 2329 1409 2372 respective
1436 2335 1639 2371 nuncupatas
1666 2339 1755 2371 prae-

1010 2382 1159 2421 bendas,
1197 2382 1282 2424 qnod
1326 2381 1524 2413 universitati
1559 2382 1752 2423 praelatae,

1012 2444 1141 2467 necnon
1180 2434 1381 2477 percipiendi
1409 2440 1439 2466 et
1466 2433 1615 2475 exigendi
1654 2434 1755 2466 dimi-

1012 2488 1096 2519 diam
1121 2486 1341 2530 praebendam
1363 2497 1417 2518 seu
1445 2485 1596 2518 dimidios
1623 2486 1753 2527 fruetus,

1013 2540 1159 2573 redditus
1185 2543 1214 2572 et
1240 2544 1414 2581 proventus
1451 2539 1615 2581 praelatos
1646 2550 1757 2583 respe-

1013 2593 1094 2626 ctive
1121 2593 1190 2632 ius,
1217 2592 1304 2635 quod
1341 2592 1492 2624 tribunali
1518 2593 1662 2635 praelato
1683 2598 1755 2626 ante

1746 213 1796 236 An.
1814 212 1831 236 C
1868 210 1933 237 1738
