2232 3178
74 569 133 592 Aliud
161 568 219 589 iura-

42 600 128 620 mentum
143 595 168 615 ab
186 600 219 614 ar·

42 626 118 646 malote
158 627 217 647 prae·

42 649 140 672 nandum.

71 1680 127 1702 Duae
141 1683 223 1701 senten·

46 1708 86 1729 tiae
117 1709 224 1728 trameant

47 1740 121 1782 {gurm
144 1725 393 1758 mama-claramus
419 1724 451 1757 in
477 1724 652 1768 praedietis
687 1723 977 1767 depraedationum

837 187 978 212 CLEMENS
1002 187 1046 212 x11
1069 187 1117 212 PP.
1139 192 1147 198 ·

228 457 263 483 ut
286 461 384 494 supra
404 451 484 483 sacta
509 451 540 483 in
566 451 638 483 loco
664 450 865 484 onerationis
886 461 970 483 mer-

229 505 326 537 cium.

274 558 288 601 g
313 557 344 591 8.
372 557 491 591 Causae
525 567 601 591 vero
629 558 661 590 in
686 558 791 601 prima
817 556 972 590 instantia

229 621 247 643 a
272 610 399 643 dilectis
430 621 561 654 quoque
595 610 670 644 tiliis
707 610 897 652 magistratu
922 620 972 642 ar-

228 668 466 695 mamentorum
496 663 652 706 privative
677 663 716 696 ad
743 663 970 706 quodcumque

229 716 316 749 aliud
345 716 487 750 tribunal
513 716 638 749 insulae
654 716 832 750 Melitensis
853 715 972 749 exami-

227 774 368 809 nentur,
395 768 680 812 ordinationesque
715 774 746 802 et
782 774 900 801 statuta
933 769 970 801 ad

230 832 300 855 eam
327 832 395 855 rem
434 822 633 864 pertinentia
668 822 908 862 observentur,
942 827 973 854 et

227 875 424 919 praecipue,
449 875 535 918 quod
568 880 709 908 armator
732 875 970 917 navigationem

229 935 292 959 non
311 926 408 967 ineat,
424 926 483 958 nisi
501 926 589 969 prius
607 926 830 959 iusiurandum
848 926 887 958 de
905 937 971 959 non

229 978 468 1022 depraedandis
507 978 757 1011 christianortun
794 979 910 1018 bonis,
936 990 972 1011 ac

229 1031 380 1065 idoneam
395 1030 639 1064 fideiussionem
657 1031 872 1074 praestiterit3
889 1042 971 1075 quae

229 1084 394 1117 fideiussio
413 1084 606 1128 priusquam
625 1095 642 1116 a
663 1084 789 1118 notario
808 1085 973 1126 magistra-

230 1143 280 1170 tus
305 1137 441 1180 praefati
467 1138 555 1170 iuxta
591 1148 714 1170 morem
748 1139 971 1180 approbetur,

231 1190 383 1224 omnibus
402 1190 466 1223 illis
491 1190 695 1228 officialibus,
715 1190 769 1233 qui
796 1196 903 1223 cetera
925 1202 974 1223 ar-

230 1249 392 1277 matorum
429 1243 586 1287 requisita
622 1243 730 1276 solent
766 1244 974 1284 examinare,

230 1297 370 1342 proponi
397 1297 523 1336 debeat,
545 1302 580 1329 ut
601 1307 671 1329 eam
698 1296 793 1329 veluti
818 1307 916 1329 unum
937 1308 973 1329 ex

230 1350 397 1394 requisitis
423 1350 516 1383 valde
550 1349 743 1382 necessariis
779 1349 976 1392 dignoscant

232 1409 265 1437 et
289 1403 496 1447 approbent,
522 1413 589 1435 non
619 1408 726 1435 tamen
752 1413 866 1436 eorum
891 1403 976 1446 peri-

232 1457 316 1498 culo,
334 1467 444 1489 verum
462 1456 550 1489 iuxta
567 1456 786 1489 conscientiae
813 1457 975 1490 dictamen

233 1512 274 1544 ob
301 1510 456 1544 maiorem
494 1509 746 1543 christianorum
782 1510 977 1544 indemnita-

233 1570 297 1597 tem
324 1564 599 1607 securitatemque
615 1563 647 1596 in
673 1573 746 1596 casu
765 1562 902 1596 iniustae
925 1564 979 1596 de-

233 1616 467 1661 praedationis.

278 1672 293 1715 ἓ
319 1670 350 1704 9.
378 1671 423 1703 Ac
448 1670 583 1714 insuper
601 1670 685 1704 dicta
707 1670 898 1703 auctoritate
924 1670 979 1703 de-

235 1778 360 1819 causis,
391 1778 569 1811 secandum
607 1777 780 1821 hospitalis
817 1776 977 1820 praedicti

235 1837 353 1866 statuta
377 1837 408 1865 et
434 1831 604 1875 privilegia
636 1831 827 1864 auctoritate
853 1831 979 1874 praedi-

235 1887 283 1918 cta
309 1895 474 1925 concessa,
495 1885 573 1917 duas
591 1884 768 1917 sententias
795 1885 978 1917 conformes

236 1938 370 1972 omnino
396 1938 545 1971 sufficere
566 1948 625 1981 pro
652 1936 847 1971 etl'ormanda
874 1948 908 1970 re
930 1937 979 1970 iu-

237 1989 356 2032 dicatt⁴13
388 2002 452 2035 quo
480 1991 511 2023 in
538 2001 627 2031 casu,
654 2002 690 2024 ac
714 1991 746 2024 in
773 2001 978 2034 quocumque

236 2045 299 2079 alio
314 2045 367 2078 ubi
383 2046 464 2079 duae
483 2045 589 2077 adsint
603 2044 796 2084 sententiae,
814 2044 880 2078 sive
895 2055 981 2078 ema·

238 2104 332 2132 natae
357 2099 470 2132 ambae
493 2099 525 2131 in
547 2098 652 2131 insula
675 2098 856 2142 praedicta,
882 2108 946 2131 una
963 2109 979 2130 a

238 2153 428 2197 supradicto
454 2151 648 2195 magistratu
675 2157 706 2185 et
730 2153 833 2185 altera
858 2163 876 2185 a
901 2152 980 2185 dile-

237 2206 296 2239 ctis
313 2205 423 2238 itidem
439 2204 512 2237 tiliis
527 2204 681 2238 tribunali
697 2205 895 2246 audientiae,
913 2206 980 2239 sive

237 2259 382 2302 prolatae
408 2268 470 2290 una
497 2257 528 2289 in
555 2257 641 2290 dicto
669 2258 841 2297 tribunali,
871 2263 980 2291 cetera

238 2311 271 2344 in
297 2312 379 2344 alma
403 2309 489 2343 Urbe
514 2312 634 2349 nostra,
654 2311 779 2353 quoties
802 2321 818 2343 a
836 2321 979 2343 succum-

237 2365 336 2398 bente
363 2374 538 2407 gravamen
561 2364 693 2397 evidens
719 2364 918 2407 producatur
939 2364 980 2397 ob

239 2417 325 2462 quod
350 2417 499 2450 ulteriori
537 2417 750 2460 appellationi
776 2418 881 2450 locum
907 2428 979 2450 esse

240 2470 423 2510 contendat,
438 2469 567 2503 auditor
585 2476 695 2503 noster
713 2470 901 2503 citationem
919 2481 979 2513 pro

240 2521 400 2567 signanda
438 2523 665 2557 commissione
702 2534 766 2556 nou
806 2524 978 2566 expediet,

1649 179 1709 212 391
1759 188 1808 216 An.
1826 188 1854 216 C.
1879 188 1947 216 ¹738

1012 236 1125 270 haberi
1161 237 1284 280 possit;
1311 248 1374 281 qua
1407 237 1538 279 habita,
1564 237 1751 270 citationem

1013 295 1043 322 et
1068 290 1340 333 compulsoriales
1377 290 1547 333 expediat,
1573 301 1609 323 ac
1635 290 1753 323 deinde

1014 343 1209 375 transmissis
1235 344 1274 376 ad
1300 343 1419 376 [rbem
1438 343 1637 387 praedictam
1663 343 1753 384 actis,

1014 396 1196 438 perpendet
1214 407 1253 428 an
1283 396 1416 429 ulterior
1441 396 1617 439 appellatio
1643 396 1754 429 admit-

1015 448 1110 480 tenda
1146 450 1194 482 vel
1224 449 1341 492 quibus
1378 449 1530 482 clausulis
1569 449 1753 482 commissio

1015 501 1173 542 signanda
1198 501 1353 535 videatur.

1060 553 1074 596 ἑ
1099 553 1152 585 10.
1177 554 1210 586 In
1229 554 1332 586 causis
1356 560 1459 587 tamen
1480 546 1753 598 paranomentL
1767 567 1847 588 Causae
1861 573 1900 586 nnn
1917 573 1950 587 ox-

1016 605 1047 638 in
1064 607 1181 649 quibus
1207 607 1322 650 petitio
1348 607 1486 650 pretium
1512 613 1676 641 scutorum
1697 595 1950 641 t1¹e-i.i1d‹{⁰¹i3rr¹‡i.³=sss

1016 665 1185 692 centorum
1211 665 1361 694 monetae
1394 672 1547 695 romanae
1573 672 1638 694 non
1665 650 1950 695 exce-ttttffltf:·'.215313

1016 713 1090 754 dat,
1116 712 1141 745 si
1167 713 1297 746 auditor
1321 720 1433 746 noster
1463 715 1648 757 praedictus
1673 700 1951 748 com—iiiiii'sensffm'dk'

1015 766 1164 799 missioni
1184 767 1292 799 locum
1319 777 1389 799 esse
1415 767 1592 807 censuerit,
1609 778 1661 800 eas
1679 778 1757 800 sem·

1015 830 1074 863 per
1099 818 1196 852 iudici
1229 819 1261 851 in
1293 819 1397 852 insuta
1421 820 1581 853 Melitensi
1608 831 1759 853 commo—

1017 873 1099 905 ranti
1126 878 1156 905 et
1181 872 1327 916 partibus
1347 873 1478 906 minime
1498 880 1654 916 suspecto
1674 884 1760 906 com-

1016 926 1145 967 mittet,
1185 927 1381 970 interposito
1415 928 1548 960 decreto
1589 928 1676 970 quod
1710 927 1761 960 lit-

1018 986 1162 1014 terarum
1196 980 1450 1023 apostolicarum
1479 981 1663 1013 huiusmodi
1698 981 1760 1013 vim

1017 1033 1175 1073 habeant;
1195 1033 1227 1065 in
1254 1033 1292 1066 iis
1319 1039 1425 1066 autem
1444 1033 1560 1074 causis,
1579 1034 1617 1067 de
1640 1033 1760 1077 quibus

1017 1086 1164 1130 quaestio
1186 1086 1226 1119 sit
1251 1097 1290 1119 an
1312 1086 1427 1130 petitio
1446 1092 1611 1119 scutorum
1634 1091 1762 1119 trecen-

1019 1144 1122 1170 torum
1149 1148 1306 1170 summam
1344 1137 1478 1170 excedat
1510 1147 1569 1169 nec
1602 1147 1664 1176 ne,
1693 1137 1761 1180 ipse

1017 1191 1144 1223 auditor
1169 1196 1290 1229 noster,
1310 1195 1409 1233 prout
1435 1190 1576 1223 iustitiae
1603 1190 1683 1223 ratio
1709 1201 1762 1223 ex-

1018 1255 1152 1287 poscere
1177 1244 1354 1284 videbitur,
1380 1244 1548 1277 iudicabit.

1063 1296 1077 1339 §
1097 1296 1150 1328 11.
1174 1296 1400 1335 Decernentes,
1421 1296 1549 1329 easdem
1572 1300 1761 1339 praesentes
1784 1337 1787 1338 ⁷
1809 1309 1955 1329 emesenum

1019 1350 1143 1383 litteras
1180 1354 1211 1382 et
1235 1349 1266 1381 in
1293 1349 1339 1381 eis
1366 1354 1518 1382 contenta
1536 1336 1957 1393 quaecumque{2¹3325‘u'ZtE'3ii

1019 1403 1132 1443 firma,
1170 1403 1276 1436 valida
1308 1408 1339 1436 et
1372 1403 1514 1435 efficacia
1552 1403 1693 1435 existere
1731 1392 1851 1436 etfflffiffl'

1020 1456 1099 1495 sore,
1117 1466 1259 1499 suosque
1286 1456 1452 1499 plenarios
1471 1462 1503 1489 et
1523 1456 1667 1499 integros
1687 1455 1762 1489 esl'e-

1020 1514 1089 1542 ctus
1115 1509 1224 1542 sortiri
1252 1515 1283 1541 et
1311 1509 1475 1549 obtinere,
1495 1520 1531 1541 ac
1557 1509 1595 1541 ab
1614 1509 1696 1549 illis,
1724 1509 1763 1542 ad

1021 1573 1103 1605 quos
1128 1567 1253 1605 spectat
1278 1568 1309 1594 et
1334 1572 1393 1605 pro
1421 1567 1571 1604 tempore
1610 1562 1763 1605 quando-

1021 1626 1162 1659 cumque
1187 1615 1362 1658 spectabit,
1398 1615 1429 1647 in
1462 1615 1611 1647 omnibus
1644 1620 1675 1647 et
1706 1625 1764 1658 per

1022 1669 1132 1701 omnia
1156 1668 1390 1702 inviolabiliter
1426 1674 1455 1701 ct
1482 1668 1677 1701 inconcusse
1710 1668 1766 1701 ob-

1022 1722 1144 1755 servari
1166 1727 1196 1754 et
1223 1722 1414 1765 adimpleri,
1439 1722 1550 1765 sicque
1577 1727 1608 1755 et
1625 1732 1690 1755 non
1709 1722 1767 1755 ali-

1023 1781 1070 1808 tcr
1096 1775 1128 1807 in
1154 1775 1340 1818 praemissis
1366 1775 1506 1815 censeri,
1524 1780 1622 1818 atque
1639 1775 1683 1807 ita
1707 1785 1767 1818 per

1022 1839 1245 1872 quoscumque
1265 1829 1388 1862 iudices
1408 1829 1595 1862 ordinarios
1622 1835 1653 1861 et
1680 1829 1768 1862 dele-

1022 1885 1124 1924 gatos,
1142 1882 1238 1914 etiam
1265 1892 1435 1914 causarum
1460 1882 1571 1925 palatii
1589 1882 1764 1925 apostolici

1023 1935 1198 1974 auditores,
1218 1946 1255 1968 ac
1275 1935 1307 1968 S.
1331 1935 1368 1967 R.
1396 1935 1430 1968 E.
1458 1935 1651 1975 cardinales,
1670 1935 1765 1968 etiam

999 2012 1001 2027 ,-
1024 1989 1062 2021 de
1088 1989 1191 2021 latere
1216 1990 1356 2031 legatos,
1384 1994 1415 2022 et
1440 1989 1545 2022 dictae
1570 1989 1662 2022 Sedis
1684 1999 1767 2021 nun-

1023 2042 1099 2081 cios,
1115 2042 1260 2084 aliosque
1276 2042 1441 2085 quoslibet
1458 2052 1660 2085 quacumque
1679 2052 1768 2086 prae-

1024 2095 1205 2128 eminentia
1223 2100 1254 2128 et
1272 2101 1434 2138 potestate
1460 2096 1631 2138 fungentes
1649 2102 1679 2129 et
1698 2096 1768 2128 sun-

1024 2154 1135 2181 cturos
1154 2175 1160 2189 ,
1185 2148 1309 2181 sublata
1343 2148 1388 2181 eis
1421 2154 1452 2182 et
1488 2159 1599 2182 eorum
1635 2149 1768 2182 cuilibet

1025 2202 1137 2245 quavis
1156 2202 1253 2234 aliter
1277 2201 1441 2235 iudicandi
1469 2208 1500 2235 et
1525 2202 1766 2245 interpretandi

1025 2255 1177 2288 facultate
1203 2260 1235 2288 ct
1261 2255 1462 2295 auctoritate,
1479 2255 1612 2288 iudicari
1639 2261 1670 2288 et
1691 2254 1769 2288 defi-

1024 2308 1087 2340 niri
1114 2308 1247 2349 debere,
1277 2320 1313 2342 ac
1339 2309 1467 2341 irritum
1494 2313 1525 2341 et
1549 2307 1647 2341 inane
1673 2307 1768 2351 quid-

1024 2362 1102 2405 quid
1127 2372 1220 2395 seeus
1240 2372 1340 2405 super
1365 2361 1414 2395 liis
1432 2373 1449 2394 a
1469 2372 1640 2404 quoquam,
1658 2361 1768 2404 quavis

1024 2416 1224 2456 auctoritate,
1244 2415 1386 2448 scienter
1406 2415 1454 2447 vel
1472 2415 1668 2457 ignoranter,
1694 2425 1767 2448 con-

1024 2469 1133 2512 tigerit
1155 2469 1321 2502 attentari.

1067 2523 1082 2565 ἓ
1107 2522 1160 2555 19..
1180 2522 1251 2555 Non
1270 2521 1477 2555 obstantibus
1497 2522 1698 2565 praemissis,
1716 2533 1764 2563 ac,

1848 2530 1962 2554 tterogatio

1780 2558 1860 2577 contra·
1868 2561 1894 2577 toi
1901 2562 1943 2577 um.

39 195 85 223 An.
100 192 129 220 C.
147 189 213 219 1738

227 237 402 281 pertinere,
428 237 615 281 nullamque
642 237 785 270 fraudem
807 237 854 269 vel
874 237 967 269 simu-

227 291 382 325 lationem
408 290 549 330 subesse,
568 295 602 323 ut
627 290 701 324 inde
727 290 822 323 iudex
848 301 969 333 cogno-

227 354 317 377 scere
343 343 459 386 possit,
486 354 524 376 an
551 344 764 376 iuramentum
791 353 968 376 consonum

228 397 269 429 sit
290 397 339 430 vel
361 397 528 429 dissonum
549 408 565 429 a
592 396 842 429 denunciatione
865 397 969 428 iurata

13 2301 18 2613 i
239 2577 302 2610 nisi
328 2587 400 2610 cum
420 2576 595 2610 vehemens
614 2576 652 2610 de
670 2576 823 2610 iniustitia
840 2577 980 2620 suspicio
1024 2582 1183 2621 quatenus
1199 2587 1280 2620 opus
1300 2576 1352 2618 sit,
1371 2578 1482 2609 nostra
1501 2581 1531 2609 et
1547 2575 1766 2610 Cancellariac

15 2617 19 2687 l

16 2718 19 2747 Ι

17 2766 19 2780 Ι
