<?xml version="1.0" encoding="UTF-8"?>
<!DOCTYPE html PUBLIC "-//W3C//DTD XHTML 1.0 Transitional//EN"
    "http://www.w3.org/TR/xhtml1/DTD/xhtml1-transitional.dtd">
<html xmlns="http://www.w3.org/1999/xhtml" xml:lang="en" lang="en">
 <head>
  <title>
</title>
<meta http-equiv="Content-Type" content="text/html;charset=utf-8" />
  <meta name='ocr-system' content='tesseract 3.04.00' />
  <meta name='ocr-capabilities' content='ocr_page ocr_carea ocr_par ocr_line ocrx_word'/>
</head>
<body>
  <div class='ocr_page' id='page_1' title='image "./bullarumdiplomat24cath_0216.png"; bbox 0 0 2232 3178; ppageno 0'>
   <div class='ocr_carea' id='block_1_1' title="bbox 257 206 1194 2529">
    <p class='ocr_par' dir='ltr' id='par_1_1' title="bbox 257 206 1194 2529">
     <span class='ocr_line' id='line_1_1' title="bbox 257 206 557 245; baseline -0.01 -2"><span class='ocrx_word' id='word_1_1' title='bbox 257 218 306 243; x_wconf 70' lang='lat' dir='ltr'>An.</span> <span class='ocrx_word' id='word_1_2' title='bbox 325 217 355 245; x_wconf 80' lang='lat' dir='ltr'>c,</span> <span class='ocrx_word' id='word_1_3' title='bbox 381 215 448 242; x_wconf 75' lang='lat'>1736</span> <span class='ocrx_word' id='word_1_4' title='bbox 495 206 557 240; x_wconf 63' lang='lat'>1892</span> 
     </span>
     <span class='ocr_line' id='line_1_2' title="bbox 452 264 1191 294; baseline 0 -1"><span class='ocrx_word' id='word_1_5' title='bbox 452 265 538 293; x_wconf 86' lang='lat' dir='ltr'>etiam</span> <span class='ocrx_word' id='word_1_6' title='bbox 561 264 595 293; x_wconf 84' lang='lat' dir='ltr'>de</span> <span class='ocrx_word' id='word_1_7' title='bbox 618 265 739 294; x_wconf 85' lang='lat' dir='ltr'>consilio</span> <span class='ocrx_word' id='word_1_8' title='bbox 758 269 786 294; x_wconf 90' lang='lat' dir='ltr'>et</span> <span class='ocrx_word' id='word_1_9' title='bbox 806 268 868 294; x_wconf 82' lang='lat' dir='ltr'>voto</span> <span class='ocrx_word' id='word_1_10' title='bbox 892 264 1191 294; x_wconf 82' lang='lat' dir='ltr'>eminentissimorum</span> 
     </span>
     <span class='ocr_line' id='line_1_3' title="bbox 451 312 1190 343; baseline 0 -2"><span class='ocrx_word' id='word_1_11' title='bbox 451 316 479 341; x_wconf 89' lang='lat' dir='ltr'>et</span> <span class='ocrx_word' id='word_1_12' title='bbox 502 313 812 342; x_wconf 82' lang='lat' dir='ltr'>reverendissimorum</span> <span class='ocrx_word' id='word_1_13' title='bbox 837 312 1023 342; x_wconf 86' lang='lat' dir='ltr'>dominorum</span> <span class='ocrx_word' id='word_1_14' title='bbox 1045 312 1074 343; x_wconf 87' lang='lat' dir='ltr'>S.</span> <span class='ocrx_word' id='word_1_15' title='bbox 1100 313 1134 342; x_wconf 82' lang='lat' dir='ltr'>R.</span> <span class='ocrx_word' id='word_1_16' title='bbox 1158 312 1190 341; x_wconf 87' lang='lat' dir='ltr'>E.</span> 
     </span>
     <span class='ocr_line' id='line_1_4' title="bbox 451 360 1192 399; baseline -0.003 -9"><span class='ocrx_word' id='word_1_17' title='bbox 451 361 644 390; x_wconf 78' lang='lat' dir='ltr'>cardinalium</span> <span class='ocrx_word' id='word_1_18' title='bbox 668 360 891 398; x_wconf 80' lang='lat' dir='ltr'>Congregationi</span> <span class='ocrx_word' id='word_1_19' title='bbox 926 361 960 390; x_wconf 87' lang='lat' dir='ltr'>de</span> <span class='ocrx_word' id='word_1_20' title='bbox 994 360 1063 390; x_wconf 87' lang='lat' dir='ltr'>Fide</span> <span class='ocrx_word' id='word_1_21' title='bbox 1086 360 1192 399; x_wconf 86' lang='lat' dir='ltr'>Propa-</span> 
     </span>
     <span class='ocr_line' id='line_1_5' title="bbox 451 408 1193 448; baseline -0.001 -11"><span class='ocrx_word' id='word_1_22' title='bbox 451 409 546 446; x_wconf 69' lang='lat' dir='ltr'>ganda</span> <span class='ocrx_word' id='word_1_23' title='bbox 569 408 826 448; x_wconf 86' lang='lat' dir='ltr'>praepositorum,</span> <span class='ocrx_word' id='word_1_24' title='bbox 861 408 995 438; x_wconf 90' lang='lat' dir='ltr'>omnibus</span> <span class='ocrx_word' id='word_1_25' title='bbox 1018 413 1045 438; x_wconf 91' lang='lat' dir='ltr'>et</span> <span class='ocrx_word' id='word_1_26' title='bbox 1074 408 1193 447; x_wconf 81' lang='lat' dir='ltr'>quibus-</span> 
     </span>
     <span class='ocr_line' id='line_1_6' title="bbox 451 456 1193 496; baseline 0 -10"><span class='ocrx_word' id='word_1_27' title='bbox 451 466 576 496; x_wconf 89' lang='lat' dir='ltr'>cumque</span> <span class='ocrx_word' id='word_1_28' title='bbox 599 457 627 487; x_wconf 81' lang='lat' dir='ltr'>S.</span> <span class='ocrx_word' id='word_1_29' title='bbox 653 457 686 486; x_wconf 74' lang='lat' dir='ltr'>P..</span> <span class='ocrx_word' id='word_1_30' title='bbox 712 456 742 486; x_wconf 85' lang='lat' dir='ltr'>E.</span> <span class='ocrx_word' id='word_1_31' title='bbox 769 457 967 486; x_wconf 77' lang='lat' dir='ltr'>cardinalibus</span> <span class='ocrx_word' id='word_1_32' title='bbox 996 467 1010 486; x_wconf 85' lang='lat' dir='ltr'>a</span> <span class='ocrx_word' id='word_1_33' title='bbox 1038 457 1129 487; x_wconf 90' lang='lat' dir='ltr'>latere</span> <span class='ocrx_word' id='word_1_34' title='bbox 1151 457 1193 486; x_wconf 90' lang='lat' dir='ltr'>le-</span> 
     </span>
     <span class='ocr_line' id='line_1_7' title="bbox 451 504 1193 543; baseline 0.001 -10"><span class='ocrx_word' id='word_1_35' title='bbox 451 505 536 542; x_wconf 75' lang='lat' dir='ltr'>gatis,</span> <span class='ocrx_word' id='word_1_36' title='bbox 561 504 671 534; x_wconf 89' lang='lat' dir='ltr'>nuntiis</span> <span class='ocrx_word' id='word_1_37' title='bbox 694 504 870 543; x_wconf 85' lang='lat' dir='ltr'>apostolicis,</span> <span class='ocrx_word' id='word_1_38' title='bbox 895 505 1079 543; x_wconf 86' lang='lat' dir='ltr'>patriarchis,</span> <span class='ocrx_word' id='word_1_39' title='bbox 1098 505 1193 535; x_wconf 87' lang='lat' dir='ltr'>archi-</span> 
     </span>
     <span class='ocr_line' id='line_1_8' title="bbox 451 553 1192 593; baseline 0.003 -12"><span class='ocrx_word' id='word_1_40' title='bbox 451 553 605 592; x_wconf 83' lang='lat' dir='ltr'>episcopis,</span> <span class='ocrx_word' id='word_1_41' title='bbox 630 553 874 592; x_wconf 74' lang='lat' dir='ltr'>metropolitanis,</span> <span class='ocrx_word' id='word_1_42' title='bbox 899 553 1057 593; x_wconf 89' lang='lat' dir='ltr'>episcopis,</span> <span class='ocrx_word' id='word_1_43' title='bbox 1081 553 1192 583; x_wconf 90' lang='lat' dir='ltr'>abbati-</span> 
     </span>
     <span class='ocr_line' id='line_1_9' title="bbox 450 601 1192 640; baseline 0.003 -10"><span class='ocrx_word' id='word_1_44' title='bbox 450 601 514 638; x_wconf 88' lang='lat' dir='ltr'>bus,</span> <span class='ocrx_word' id='word_1_45' title='bbox 533 601 697 640; x_wconf 84' lang='lat' dir='ltr'>ceterisque</span> <span class='ocrx_word' id='word_1_46' title='bbox 716 601 853 631; x_wconf 91' lang='lat' dir='ltr'>omnibus</span> <span class='ocrx_word' id='word_1_47' title='bbox 875 601 1039 632; x_wconf 87' lang='lat' dir='ltr'>Ordinariis</span> <span class='ocrx_word' id='word_1_48' title='bbox 1061 602 1095 632; x_wconf 91' lang='lat' dir='ltr'>de</span> <span class='ocrx_word' id='word_1_49' title='bbox 1115 606 1192 631; x_wconf 91' lang='lat' dir='ltr'>utro-</span> 
     </span>
     <span class='ocr_line' id='line_1_10' title="bbox 450 650 1190 688; baseline 0.001 -10"><span class='ocrx_word' id='word_1_50' title='bbox 450 659 505 688; x_wconf 89' lang='lat' dir='ltr'>que</span> <span class='ocrx_word' id='word_1_51' title='bbox 518 650 595 679; x_wconf 86' lang='lat' dir='ltr'>clero</span> <span class='ocrx_word' id='word_1_52' title='bbox 609 650 751 679; x_wconf 88' lang='lat' dir='ltr'>saeculari</span> <span class='ocrx_word' id='word_1_53' title='bbox 765 655 792 679; x_wconf 90' lang='lat' dir='ltr'>et</span> <span class='ocrx_word' id='word_1_54' title='bbox 805 651 945 688; x_wconf 74' lang='lat' dir='ltr'>regulari,</span> <span class='ocrx_word' id='word_1_55' title='bbox 961 651 1190 681; x_wconf 85' lang='lat' dir='ltr'>ecclesiasticam</span> 
     </span>
     <span class='ocr_line' id='line_1_11' title="bbox 449 698 1190 738; baseline 0.001 -11"><span class='ocrx_word' id='word_1_56' title='bbox 449 698 681 728; x_wconf 87' lang='lat' dir='ltr'>iurisdictionem</span> <span class='ocrx_word' id='word_1_57' title='bbox 705 702 763 727; x_wconf 91' lang='lat' dir='ltr'>tam</span> <span class='ocrx_word' id='word_1_58' title='bbox 788 699 965 728; x_wconf 79' lang='lat' dir='ltr'>ordinariam</span> <span class='ocrx_word' id='word_1_59' title='bbox 996 709 1082 738; x_wconf 85' lang='lat' dir='ltr'>quam</span> <span class='ocrx_word' id='word_1_60' title='bbox 1113 699 1190 729; x_wconf 88' lang='lat' dir='ltr'>dele-</span> 
     </span>
     <span class='ocr_line' id='line_1_12' title="bbox 449 746 1192 783; baseline 0.003 -8"><span class='ocrx_word' id='word_1_61' title='bbox 449 750 543 783; x_wconf 82' lang='lat' dir='ltr'>gatam</span> <span class='ocrx_word' id='word_1_62' title='bbox 567 746 596 775; x_wconf 92' lang='lat' dir='ltr'>in</span> <span class='ocrx_word' id='word_1_63' title='bbox 624 746 877 776; x_wconf 90' lang='lat' dir='ltr'>iurisdictionibus</span> <span class='ocrx_word' id='word_1_64' title='bbox 911 747 971 777; x_wconf 92' lang='lat' dir='ltr'>sive</span> <span class='ocrx_word' id='word_1_65' title='bbox 994 748 1054 777; x_wconf 90' lang='lat' dir='ltr'>suis</span> <span class='ocrx_word' id='word_1_66' title='bbox 1077 747 1192 777; x_wconf 87' lang='lat' dir='ltr'>dioece-</span> 
     </span>
     <span class='ocr_line' id='line_1_13' title="bbox 449 793 1191 833; baseline 0.004 -11"><span class='ocrx_word' id='word_1_67' title='bbox 449 793 530 823; x_wconf 87' lang='lat' dir='ltr'>sibus</span> <span class='ocrx_word' id='word_1_68' title='bbox 567 795 728 833; x_wconf 67' lang='lat' dir='ltr'>respective</span> <span class='ocrx_word' id='word_1_69' title='bbox 764 795 982 833; x_wconf 77' lang='lat' dir='ltr'>exercentibus,</span> <span class='ocrx_word' id='word_1_70' title='bbox 1020 795 1049 825; x_wconf 91' lang='lat' dir='ltr'>in</span> <span class='ocrx_word' id='word_1_71' title='bbox 1084 796 1191 826; x_wconf 81' lang='lat' dir='ltr'>virtute</span> 
     </span>
     <span class='ocr_line' id='line_1_14' title="bbox 449 842 1189 882; baseline 0.003 -11"><span class='ocrx_word' id='word_1_72' title='bbox 449 846 565 871; x_wconf 86' lang='lat' dir='ltr'>sanctae</span> <span class='ocrx_word' id='word_1_73' title='bbox 587 842 770 873; x_wconf 89' lang='lat' dir='ltr'>obedientiae</span> <span class='ocrx_word' id='word_1_74' title='bbox 793 843 920 881; x_wconf 79' lang='lat' dir='ltr'>iuiuugit</span> <span class='ocrx_word' id='word_1_75' title='bbox 950 847 1036 882; x_wconf 89' lang='lat' dir='ltr'>atque</span> <span class='ocrx_word' id='word_1_76' title='bbox 1065 843 1189 882; x_wconf 75' lang='lat' dir='ltr'>inhibet,</span> 
     </span>
     <span class='ocr_line' id='line_1_15' title="bbox 448 891 1190 931; baseline 0.003 -11"><span class='ocrx_word' id='word_1_77' title='bbox 448 900 484 920; x_wconf 92' lang='lat' dir='ltr'>ne</span> <span class='ocrx_word' id='word_1_78' title='bbox 506 891 541 920; x_wconf 89' lang='lat' dir='ltr'>de</span> <span class='ocrx_word' id='word_1_79' title='bbox 564 895 693 921; x_wconf 77' lang='lat' dir='ltr'>ceterum</span> <span class='ocrx_word' id='word_1_80' title='bbox 717 892 966 931; x_wconf 88' lang='lat' dir='ltr'>quibsuscumque</span> <span class='ocrx_word' id='word_1_81' title='bbox 989 892 1108 923; x_wconf 83' lang='lat' dir='ltr'>Graecis</span> <span class='ocrx_word' id='word_1_82' title='bbox 1132 897 1190 922; x_wconf 91' lang='lat' dir='ltr'>tam</span> 
     </span>
     <span class='ocr_line' id='line_1_16' title="bbox 447 939 1192 979; baseline 0.004 -11"><span class='ocrx_word' id='word_1_83' title='bbox 447 939 648 970; x_wconf 79' lang='lat' dir='ltr'>saecularIbus</span> <span class='ocrx_word' id='word_1_84' title='bbox 671 950 758 979; x_wconf 80' lang='lat' dir='ltr'>quarn</span> <span class='ocrx_word' id='word_1_85' title='bbox 782 941 1005 977; x_wconf 77' lang='lat' dir='ltr'>ecelesiasticis,</span> <span class='ocrx_word' id='word_1_86' title='bbox 1036 941 1123 970; x_wconf 83' lang='lat' dir='ltr'>etiam</span> <span class='ocrx_word' id='word_1_87' title='bbox 1148 950 1192 971; x_wconf 90' lang='lat' dir='ltr'>re-</span> 
     </span>
     <span class='ocr_line' id='line_1_17' title="bbox 448 988 1191 1028; baseline 0.003 -11"><span class='ocrx_word' id='word_1_88' title='bbox 448 988 610 1026; x_wconf 79' lang='lat' dir='ltr'>gularibus,</span> <span class='ocrx_word' id='word_1_89' title='bbox 648 998 834 1028; x_wconf 87' lang='lat' dir='ltr'>quacumque</span> <span class='ocrx_word' id='word_1_90' title='bbox 867 990 1020 1027; x_wconf 76' lang='lat' dir='ltr'>dignitate,</span> <span class='ocrx_word' id='word_1_91' title='bbox 1058 990 1191 1028; x_wconf 83' lang='lat' dir='ltr'>quamvis</span> 
     </span>
     <span class='ocr_line' id='line_1_18' title="bbox 448 1037 1189 1078; baseline 0.001 -11"><span class='ocrx_word' id='word_1_92' title='bbox 448 1037 585 1067; x_wconf 79' lang='lat' dir='ltr'>abbatiali</span> <span class='ocrx_word' id='word_1_93' title='bbox 618 1047 670 1067; x_wconf 87' lang='lat' dir='ltr'>seu</span> <span class='ocrx_word' id='word_1_94' title='bbox 702 1038 985 1075; x_wconf 85' lang='lat' dir='ltr'>archimandritiali,</span> <span class='ocrx_word' id='word_1_95' title='bbox 1018 1039 1189 1078; x_wconf 83' lang='lat' dir='ltr'>episcopali,</span> 
     </span>
     <span class='ocr_line' id='line_1_19' title="bbox 448 1085 1191 1126; baseline 0.003 -12"><span class='ocrx_word' id='word_1_96' title='bbox 448 1085 673 1124; x_wconf 79' lang='lat' dir='ltr'>metropolitica,</span> <span class='ocrx_word' id='word_1_97' title='bbox 698 1086 941 1126; x_wconf 84' lang='lat' dir='ltr'>archiepiscopali</span> <span class='ocrx_word' id='word_1_98' title='bbox 974 1086 1035 1116; x_wconf 88' lang='lat' dir='ltr'>sive</span> <span class='ocrx_word' id='word_1_99' title='bbox 1065 1087 1191 1126; x_wconf 86' lang='lat' dir='ltr'>patriar-</span> 
     </span>
     <span class='ocr_line' id='line_1_20' title="bbox 448 1134 1191 1174; baseline 0.003 -11"><span class='ocrx_word' id='word_1_100' title='bbox 448 1134 524 1164; x_wconf 84' lang='lat' dir='ltr'>chali</span> <span class='ocrx_word' id='word_1_101' title='bbox 553 1134 742 1172; x_wconf 81' lang='lat' dir='ltr'>fulgentibuS,</span> <span class='ocrx_word' id='word_1_102' title='bbox 772 1135 858 1165; x_wconf 89' lang='lat' dir='ltr'>tacite</span> <span class='ocrx_word' id='word_1_103' title='bbox 890 1135 935 1164; x_wconf 81' lang='lat' dir='ltr'>vel</span> <span class='ocrx_word' id='word_1_104' title='bbox 968 1145 1105 1174; x_wconf 79' lang='lat' dir='ltr'>expresse</span> <span class='ocrx_word' id='word_1_105' title='bbox 1138 1136 1191 1165; x_wconf 91' lang='lat' dir='ltr'>sub</span> 
     </span>
     <span class='ocr_line' id='line_1_21' title="bbox 448 1184 1191 1223; baseline 0.003 -12"><span class='ocrx_word' id='word_1_106' title='bbox 448 1191 623 1222; x_wconf 87' lang='lat' dir='ltr'>quocunque</span> <span class='ocrx_word' id='word_1_107' title='bbox 662 1187 815 1222; x_wconf 78' lang='lat' dir='ltr'>praetextu</span> <span class='ocrx_word' id='word_1_108' title='bbox 849 1184 1020 1222; x_wconf 80' lang='lat' dir='ltr'>permittant</span> <span class='ocrx_word' id='word_1_109' title='bbox 1053 1185 1191 1223; x_wconf 81' lang='lat' dir='ltr'>pecunias</span> 
     </span>
     <span class='ocr_line' id='line_1_22' title="bbox 448 1232 1192 1271; baseline 0.004 -11"><span class='ocrx_word' id='word_1_110' title='bbox 448 1235 636 1270; x_wconf 84' lang='lat' dir='ltr'>quaestuare,</span> <span class='ocrx_word' id='word_1_111' title='bbox 661 1232 705 1261; x_wconf 87' lang='lat' dir='ltr'>vel</span> <span class='ocrx_word' id='word_1_112' title='bbox 728 1232 832 1271; x_wconf 91' lang='lat' dir='ltr'>quovis</span> <span class='ocrx_word' id='word_1_113' title='bbox 862 1233 918 1262; x_wconf 92' lang='lat' dir='ltr'>alio</span> <span class='ocrx_word' id='word_1_114' title='bbox 952 1233 1038 1263; x_wconf 88' lang='lat' dir='ltr'>modo</span> <span class='ocrx_word' id='word_1_115' title='bbox 1068 1233 1192 1263; x_wconf 87' lang='lat' dir='ltr'>eleemo-</span> 
     </span>
     <span class='ocr_line' id='line_1_23' title="bbox 448 1280 1190 1320; baseline 0.003 -11"><span class='ocrx_word' id='word_1_116' title='bbox 448 1290 535 1319; x_wconf 70' lang='lat' dir='ltr'>synas</span> <span class='ocrx_word' id='word_1_117' title='bbox 558 1290 572 1309; x_wconf 83' lang='lat' dir='ltr'>a</span> <span class='ocrx_word' id='word_1_118' title='bbox 596 1280 732 1310; x_wconf 82' lang='lat' dir='ltr'>fidelibus</span> <span class='ocrx_word' id='word_1_119' title='bbox 756 1286 873 1320; x_wconf 86' lang='lat' dir='ltr'>petere,</span> <span class='ocrx_word' id='word_1_120' title='bbox 897 1282 1011 1311; x_wconf 89' lang='lat' dir='ltr'>etiamsi</span> <span class='ocrx_word' id='word_1_121' title='bbox 1034 1281 1068 1311; x_wconf 86' lang='lat' dir='ltr'>de</span> <span class='ocrx_word' id='word_1_122' title='bbox 1092 1291 1190 1311; x_wconf 91' lang='lat' dir='ltr'>eorum</span> 
     </span>
     <span class='ocr_line' id='line_1_24' title="bbox 449 1328 1190 1369; baseline 0.003 -12"><span class='ocrx_word' id='word_1_123' title='bbox 449 1328 556 1358; x_wconf 91' lang='lat' dir='ltr'>unione</span> <span class='ocrx_word' id='word_1_124' title='bbox 573 1338 637 1358; x_wconf 89' lang='lat' dir='ltr'>cum</span> <span class='ocrx_word' id='word_1_125' title='bbox 656 1329 783 1358; x_wconf 72' lang='lat' dir='ltr'>Ecclesia</span> <span class='ocrx_word' id='word_1_126' title='bbox 797 1330 896 1359; x_wconf 77' lang='lat' dir='ltr'>Latina</span> <span class='ocrx_word' id='word_1_127' title='bbox 911 1339 962 1369; x_wconf 90' lang='lat' dir='ltr'>per</span> <span class='ocrx_word' id='word_1_128' title='bbox 978 1330 1190 1360; x_wconf 85' lang='lat' dir='ltr'>abiurationem</span> 
     </span>
     <span class='ocr_line' id='line_1_25' title="bbox 447 1376 1191 1417; baseline 0.003 -12"><span class='ocrx_word' id='word_1_129' title='bbox 447 1376 613 1406; x_wconf 82' lang='lat' dir='ltr'>schismatis</span> <span class='ocrx_word' id='word_1_130' title='bbox 635 1381 663 1406; x_wconf 90' lang='lat' dir='ltr'>et</span> <span class='ocrx_word' id='word_1_131' title='bbox 691 1377 758 1406; x_wconf 87' lang='lat' dir='ltr'>fidei</span> <span class='ocrx_word' id='word_1_132' title='bbox 790 1377 950 1407; x_wconf 81' lang='lat' dir='ltr'>catholicae</span> <span class='ocrx_word' id='word_1_133' title='bbox 980 1378 1191 1417; x_wconf 76' lang='lat' dir='ltr'>professionem</span> 
     </span>
     <span class='ocr_line' id='line_1_26' title="bbox 448 1424 1191 1466; baseline 0.004 -13"><span class='ocrx_word' id='word_1_134' title='bbox 448 1424 478 1454; x_wconf 92' lang='lat' dir='ltr'>in</span> <span class='ocrx_word' id='word_1_135' title='bbox 514 1424 649 1454; x_wconf 90' lang='lat' dir='ltr'>manibus</span> <span class='ocrx_word' id='word_1_136' title='bbox 678 1425 883 1465; x_wconf 87' lang='lat' dir='ltr'>episcoporum</span> <span class='ocrx_word' id='word_1_137' title='bbox 914 1427 958 1456; x_wconf 89' lang='lat' dir='ltr'>vel</span> <span class='ocrx_word' id='word_1_138' title='bbox 982 1427 1191 1466; x_wconf 85' lang='lat' dir='ltr'>inquisitorum</span> 
     </span>
     <span class='ocr_line' id='line_1_27' title="bbox 448 1473 1190 1513; baseline 0.004 -11"><span class='ocrx_word' id='word_1_139' title='bbox 448 1478 548 1503; x_wconf 89' lang='lat' dir='ltr'>contra</span> <span class='ocrx_word' id='word_1_140' title='bbox 573 1473 748 1503; x_wconf 84' lang='lat' dir='ltr'>haereticam</span> <span class='ocrx_word' id='word_1_141' title='bbox 773 1475 947 1513; x_wconf 86' lang='lat' dir='ltr'>pravitatem</span> <span class='ocrx_word' id='word_1_142' title='bbox 974 1475 1080 1505; x_wconf 87' lang='lat' dir='ltr'>litteris</span> <span class='ocrx_word' id='word_1_143' title='bbox 1110 1477 1190 1506; x_wconf 86' lang='lat' dir='ltr'>testi-</span> 
     </span>
     <span class='ocr_line' id='line_1_28' title="bbox 448 1522 1192 1564; baseline 0.004 -13"><span class='ocrx_word' id='word_1_144' title='bbox 448 1522 626 1552; x_wconf 85' lang='lat' dir='ltr'>monialibus</span> <span class='ocrx_word' id='word_1_145' title='bbox 642 1522 806 1561; x_wconf 80' lang='lat' dir='ltr'>docuerint,</span> <span class='ocrx_word' id='word_1_146' title='bbox 824 1523 867 1553; x_wconf 93' lang='lat' dir='ltr'>vel</span> <span class='ocrx_word' id='word_1_147' title='bbox 885 1533 937 1563; x_wconf 89' lang='lat' dir='ltr'>per</span> <span class='ocrx_word' id='word_1_148' title='bbox 952 1524 1024 1554; x_wconf 89' lang='lat' dir='ltr'>alios</span> <span class='ocrx_word' id='word_1_149' title='bbox 1040 1525 1192 1564; x_wconf 82' lang='lat' dir='ltr'>episcopos</span> 
     </span>
     <span class='ocr_line' id='line_1_29' title="bbox 448 1571 1193 1612; baseline 0.004 -12"><span class='ocrx_word' id='word_1_150' title='bbox 448 1575 477 1600; x_wconf 87' lang='lat' dir='ltr'>et</span> <span class='ocrx_word' id='word_1_151' title='bbox 499 1571 628 1601; x_wconf 89' lang='lat' dir='ltr'>locorum</span> <span class='ocrx_word' id='word_1_152' title='bbox 652 1571 822 1602; x_wconf 88' lang='lat' dir='ltr'>Ordiuarios</span> <span class='ocrx_word' id='word_1_153' title='bbox 838 1572 943 1602; x_wconf 90' lang='lat' dir='ltr'>similis</span> <span class='ocrx_word' id='word_1_154' title='bbox 959 1574 1193 1612; x_wconf 79' lang='lat' dir='ltr'>quaestuatIOnis</span> 
     </span>
     <span class='ocr_line' id='line_1_30' title="bbox 449 1620 1190 1660; baseline 0.003 -10"><span class='ocrx_word' id='word_1_155' title='bbox 449 1620 600 1650; x_wconf 80' lang='lat' dir='ltr'>facultates</span> <span class='ocrx_word' id='word_1_156' title='bbox 617 1620 645 1650; x_wconf 91' lang='lat' dir='ltr'>in</span> <span class='ocrx_word' id='word_1_157' title='bbox 662 1620 780 1660; x_wconf 88' lang='lat' dir='ltr'>scriptis</span> <span class='ocrx_word' id='word_1_158' title='bbox 795 1622 973 1660; x_wconf 83' lang='lat' dir='ltr'>acceperint,</span> <span class='ocrx_word' id='word_1_159' title='bbox 992 1622 1035 1651; x_wconf 84' lang='lat' dir='ltr'>vel</span> <span class='ocrx_word' id='word_1_160' title='bbox 1053 1623 1086 1652; x_wconf 89' lang='lat' dir='ltr'>ad</span> <span class='ocrx_word' id='word_1_161' title='bbox 1106 1623 1190 1652; x_wconf 81' lang='lat' dir='ltr'>fidem</span> 
     </span>
     <span class='ocr_line' id='line_1_31' title="bbox 448 1669 1191 1702; baseline 0.004 -3"><span class='ocrx_word' id='word_1_162' title='bbox 448 1669 482 1699; x_wconf 90' lang='lat' dir='ltr'>de</span> <span class='ocrx_word' id='word_1_163' title='bbox 504 1679 579 1700; x_wconf 90' lang='lat' dir='ltr'>novo</span> <span class='ocrx_word' id='word_1_164' title='bbox 601 1670 758 1700; x_wconf 84' lang='lat' dir='ltr'>conversi¹</span> <span class='ocrx_word' id='word_1_165' title='bbox 788 1671 911 1700; x_wconf 87' lang='lat' dir='ltr'>aliorum</span> <span class='ocrx_word' id='word_1_166' title='bbox 935 1671 1191 1702; x_wconf 86' lang='lat' dir='ltr'>schismaticorum</span> 
     </span>
     <span class='ocr_line' id='line_1_32' title="bbox 448 1718 1191 1759; baseline 0.004 -11"><span class='ocrx_word' id='word_1_167' title='bbox 448 1718 521 1748; x_wconf 87' lang='lat' dir='ltr'>iram</span> <span class='ocrx_word' id='word_1_168' title='bbox 545 1722 573 1748; x_wconf 88' lang='lat' dir='ltr'>et</span> <span class='ocrx_word' id='word_1_169' title='bbox 595 1718 719 1748; x_wconf 83' lang='lat' dir='ltr'>insidias</span> <span class='ocrx_word' id='word_1_170' title='bbox 742 1719 870 1758; x_wconf 71' lang='lat' dir='ltr'>effugere</span> <span class='ocrx_word' id='word_1_171' title='bbox 895 1720 991 1750; x_wconf 87' lang='lat' dir='ltr'>conati</span> <span class='ocrx_word' id='word_1_172' title='bbox 1007 1721 1078 1759; x_wconf 89' lang='lat' dir='ltr'>sint,</span> <span class='ocrx_word' id='word_1_173' title='bbox 1097 1722 1140 1751; x_wconf 84' lang='lat' dir='ltr'>vel</span> <span class='ocrx_word' id='word_1_174' title='bbox 1157 1722 1191 1751; x_wconf 92' lang='lat' dir='ltr'>ad</span> 
     </span>
     <span class='ocr_line' id='line_1_33' title="bbox 448 1766 1192 1807; baseline 0.005 -11"><span class='ocrx_word' id='word_1_175' title='bbox 448 1766 584 1797; x_wconf 56' lang='lat' dir='ltr'>effectum</span> <span class='ocrx_word' id='word_1_176' title='bbox 608 1768 763 1807; x_wconf 86' lang='lat' dir='ltr'>reparandi</span> <span class='ocrx_word' id='word_1_177' title='bbox 787 1769 927 1798; x_wconf 84' lang='lat' dir='ltr'>ecclesias</span> <span class='ocrx_word' id='word_1_178' title='bbox 955 1769 991 1799; x_wconf 91' lang='lat' dir='ltr'>ab</span> <span class='ocrx_word' id='word_1_179' title='bbox 1021 1770 1192 1800; x_wconf 75' lang='lat' dir='ltr'>infidelibus</span> 
     </span>
     <span class='ocr_line' id='line_1_34' title="bbox 449 1815 1193 1857; baseline 0.004 -12"><span class='ocrx_word' id='word_1_180' title='bbox 449 1815 579 1853; x_wconf 77' lang='lat' dir='ltr'>dirutas3</span> <span class='ocrx_word' id='word_1_181' title='bbox 597 1821 625 1846; x_wconf 89' lang='lat' dir='ltr'>et</span> <span class='ocrx_word' id='word_1_182' title='bbox 641 1826 698 1846; x_wconf 91' lang='lat' dir='ltr'>non</span> <span class='ocrx_word' id='word_1_183' title='bbox 716 1816 902 1847; x_wconf 79' lang='lat' dir='ltr'>obstantibus</span> <span class='ocrx_word' id='word_1_184' title='bbox 924 1818 989 1847; x_wconf 91' lang='lat' dir='ltr'>aliis</span> <span class='ocrx_word' id='word_1_185' title='bbox 1005 1818 1193 1857; x_wconf 79' lang='lat' dir='ltr'>quibuscum-</span> 
     </span>
     <span class='ocr_line' id='line_1_35' title="bbox 449 1865 1193 1907; baseline 0.003 -11"><span class='ocrx_word' id='word_1_186' title='bbox 449 1874 505 1904; x_wconf 84' lang='lat' dir='ltr'>quc</span> <span class='ocrx_word' id='word_1_187' title='bbox 529 1865 730 1904; x_wconf 80' lang='lat' dir='ltr'>praetextibus</span> <span class='ocrx_word' id='word_1_188' title='bbox 763 1871 790 1896; x_wconf 92' lang='lat' dir='ltr'>et</span> <span class='ocrx_word' id='word_1_189' title='bbox 826 1867 943 1896; x_wconf 83' lang='lat' dir='ltr'>causis:</span> <span class='ocrx_word' id='word_1_190' title='bbox 979 1867 1067 1897; x_wconf 90' lang='lat' dir='ltr'>immo</span> <span class='ocrx_word' id='word_1_191' title='bbox 1095 1868 1193 1907; x_wconf 87' lang='lat' dir='ltr'>potius</span> 
     </span>
     <span class='ocr_line' id='line_1_36' title="bbox 451 1914 1194 1956; baseline 0.004 -12"><span class='ocrx_word' id='word_1_192' title='bbox 451 1923 552 1944; x_wconf 78' lang='lat' dir='ltr'>ornnes</span> <span class='ocrx_word' id='word_1_193' title='bbox 575 1918 603 1944; x_wconf 88' lang='lat' dir='ltr'>et</span> <span class='ocrx_word' id='word_1_194' title='bbox 626 1914 757 1953; x_wconf 76' lang='lat' dir='ltr'>singulas</span> <span class='ocrx_word' id='word_1_195' title='bbox 773 1915 886 1945; x_wconf 85' lang='lat' dir='ltr'>litteras</span> <span class='ocrx_word' id='word_1_196' title='bbox 902 1916 1066 1954; x_wconf 81' lang='lat' dir='ltr'>patcntales</span> <span class='ocrx_word' id='word_1_197' title='bbox 1085 1926 1098 1946; x_wconf 90' lang='lat' dir='ltr'>a</span> <span class='ocrx_word' id='word_1_198' title='bbox 1123 1927 1194 1956; x_wconf 86' lang='lat' dir='ltr'>quo-</span> 
     </span>
     <span class='ocr_line' id='line_1_37' title="bbox 450 1963 1191 2004; baseline 0.005 -12"><span class='ocrx_word' id='word_1_199' title='bbox 450 1972 575 2002; x_wconf 86' lang='lat' dir='ltr'>cumque</span> <span class='ocrx_word' id='word_1_200' title='bbox 600 1963 744 2002; x_wconf 83' lang='lat' dir='ltr'>praesule,</span> <span class='ocrx_word' id='word_1_201' title='bbox 762 1964 847 1993; x_wconf 80' lang='lat' dir='ltr'>etiam</span> <span class='ocrx_word' id='word_1_202' title='bbox 864 1964 983 2003; x_wconf 87' lang='lat' dir='ltr'>speciali</span> <span class='ocrx_word' id='word_1_203' title='bbox 1003 1966 1071 1995; x_wconf 74' lang='lat' dir='ltr'>nota</span> <span class='ocrx_word' id='word_1_204' title='bbox 1093 1966 1191 2004; x_wconf 70' lang='lat' dir='ltr'>digno,</span> 
     </span>
     <span class='ocr_line' id='line_1_38' title="bbox 449 2011 1193 2044; baseline 0.004 -3"><span class='ocrx_word' id='word_1_205' title='bbox 449 2015 478 2041; x_wconf 91' lang='lat' dir='ltr'>et</span> <span class='ocrx_word' id='word_1_206' title='bbox 500 2021 515 2041; x_wconf 89' lang='lat' dir='ltr'>a</span> <span class='ocrx_word' id='word_1_207' title='bbox 538 2011 737 2042; x_wconf 88' lang='lat' dir='ltr'>tribunalibus</span> <span class='ocrx_word' id='word_1_208' title='bbox 759 2013 861 2043; x_wconf 85' lang='lat' dir='ltr'>Curiae</span> <span class='ocrx_word' id='word_1_209' title='bbox 885 2013 1033 2043; x_wconf 79' lang='lat' dir='ltr'>Romanae</span> <span class='ocrx_word' id='word_1_210' title='bbox 1067 2018 1095 2044; x_wconf 90' lang='lat' dir='ltr'>et</span> <span class='ocrx_word' id='word_1_211' title='bbox 1117 2016 1193 2044; x_wconf 84' lang='lat' dir='ltr'>eius-</span> 
     </span>
     <span class='ocr_line' id='line_1_39' title="bbox 449 2059 1193 2102; baseline 0.004 -13"><span class='ocrx_word' id='word_1_212' title='bbox 449 2059 515 2089; x_wconf 88' lang='lat' dir='ltr'>dem</span> <span class='ocrx_word' id='word_1_213' title='bbox 537 2069 636 2090; x_wconf 87' lang='lat' dir='ltr'>sacrae</span> <span class='ocrx_word' id='word_1_214' title='bbox 658 2060 898 2099; x_wconf 79' lang='lat' dir='ltr'>Congregaticnis</span> <span class='ocrx_word' id='word_1_215' title='bbox 932 2062 967 2091; x_wconf 90' lang='lat' dir='ltr'>de</span> <span class='ocrx_word' id='word_1_216' title='bbox 996 2062 1064 2092; x_wconf 83' lang='lat' dir='ltr'>Fide</span> <span class='ocrx_word' id='word_1_217' title='bbox 1088 2063 1193 2102; x_wconf 76' lang='lat' dir='ltr'>Propa-</span> 
     </span>
     <span class='ocr_line' id='line_1_40' title="bbox 450 2108 1192 2149; baseline 0.004 -12"><span class='ocrx_word' id='word_1_218' title='bbox 450 2108 544 2146; x_wconf 84' lang='lat' dir='ltr'>ganda</span> <span class='ocrx_word' id='word_1_219' title='bbox 568 2108 738 2148; x_wconf 89' lang='lat' dir='ltr'>(dummodo</span> <span class='ocrx_word' id='word_1_220' title='bbox 761 2109 905 2139; x_wconf 89' lang='lat' dir='ltr'>contentis</span> <span class='ocrx_word' id='word_1_221' title='bbox 928 2110 956 2139; x_wconf 92' lang='lat' dir='ltr'>in</span> <span class='ocrx_word' id='word_1_222' title='bbox 975 2111 1120 2149; x_wconf 85' lang='lat' dir='ltr'>praesenti</span> <span class='ocrx_word' id='word_1_223' title='bbox 1144 2111 1192 2141; x_wconf 92' lang='lat' dir='ltr'>de-</span> 
     </span>
     <span class='ocr_line' id='line_1_41' title="bbox 450 2157 1193 2197; baseline 0.004 -10"><span class='ocrx_word' id='word_1_224' title='bbox 450 2161 529 2187; x_wconf 86' lang='lat' dir='ltr'>creto</span> <span class='ocrx_word' id='word_1_225' title='bbox 553 2157 719 2196; x_wconf 82' lang='lat' dir='ltr'>specialiter</span> <span class='ocrx_word' id='word_1_226' title='bbox 742 2161 769 2187; x_wconf 89' lang='lat' dir='ltr'>et</span> <span class='ocrx_word' id='word_1_227' title='bbox 792 2167 930 2197; x_wconf 84' lang='lat' dir='ltr'>expresse</span> <span class='ocrx_word' id='word_1_228' title='bbox 953 2168 1009 2189; x_wconf 91' lang='lat' dir='ltr'>non</span> <span class='ocrx_word' id='word_1_229' title='bbox 1034 2159 1122 2189; x_wconf 88' lang='lat' dir='ltr'>fuerit</span> <span class='ocrx_word' id='word_1_230' title='bbox 1144 2160 1193 2190; x_wconf 90' lang='lat' dir='ltr'>de-</span> 
     </span>
     <span class='ocr_line' id='line_1_42' title="bbox 450 2207 1192 2246; baseline 0.003 -10"><span class='ocrx_word' id='word_1_231' title='bbox 450 2210 583 2244; x_wconf 85' lang='lat' dir='ltr'>rogatum</span> <span class='ocrx_word' id='word_1_232' title='bbox 608 2215 674 2235; x_wconf 87' lang='lat' dir='ltr'>cum</span> <span class='ocrx_word' id='word_1_233' title='bbox 699 2207 852 2245; x_wconf 85' lang='lat' dir='ltr'>posteriori</span> <span class='ocrx_word' id='word_1_234' title='bbox 875 2207 967 2246; x_wconf 70' lang='lat' dir='ltr'>data),</span> <span class='ocrx_word' id='word_1_235' title='bbox 988 2207 1084 2237; x_wconf 88' lang='lat' dir='ltr'>statim</span> <span class='ocrx_word' id='word_1_236' title='bbox 1108 2217 1140 2238; x_wconf 94' lang='lat' dir='ltr'>ac</span> <span class='ocrx_word' id='word_1_237' title='bbox 1164 2209 1192 2238; x_wconf 89' lang='lat' dir='ltr'>iu</span> 
     </span>
     <span class='ocr_line' id='line_1_43' title="bbox 451 2254 1193 2294; baseline 0.001 -10"><span class='ocrx_word' id='word_1_238' title='bbox 451 2263 552 2284; x_wconf 90' lang='lat' dir='ltr'>eorum</span> <span class='ocrx_word' id='word_1_239' title='bbox 569 2254 791 2285; x_wconf 90' lang='lat' dir='ltr'>Ordinariorum</span> <span class='ocrx_word' id='word_1_240' title='bbox 815 2264 919 2285; x_wconf 87' lang='lat' dir='ltr'>manus</span> <span class='ocrx_word' id='word_1_241' title='bbox 943 2256 1141 2294; x_wconf 82' lang='lat' dir='ltr'>pervenerint,</span> <span class='ocrx_word' id='word_1_242' title='bbox 1159 2256 1193 2286; x_wconf 83' lang='lat' dir='ltr'>ad</span> 
     </span>
     <span class='ocr_line' id='line_1_44' title="bbox 451 2303 1192 2343; baseline 0.003 -11"><span class='ocrx_word' id='word_1_243' title='bbox 451 2312 563 2333; x_wconf 83' lang='lat' dir='ltr'>sacram</span> <span class='ocrx_word' id='word_1_244' title='bbox 580 2303 615 2333; x_wconf 90' lang='lat' dir='ltr'>de</span> <span class='ocrx_word' id='word_1_245' title='bbox 631 2303 700 2333; x_wconf 81' lang='lat' dir='ltr'>Fide</span> <span class='ocrx_word' id='word_1_246' title='bbox 723 2303 915 2343; x_wconf 72' lang='lat' dir='ltr'>Propaganda</span> <span class='ocrx_word' id='word_1_247' title='bbox 931 2304 1192 2343; x_wconf 81' lang='lat' dir='ltr'>Congregationem</span> 
     </span>
     <span class='ocr_line' id='line_1_45' title="bbox 450 2352 1191 2392; baseline 0.001 -10"><span class='ocrx_word' id='word_1_248' title='bbox 450 2352 660 2382; x_wconf 82' lang='lat' dir='ltr'>transmittant.</span> <span class='ocrx_word' id='word_1_249' title='bbox 692 2352 724 2382; x_wconf 84' lang='lat' dir='ltr'>Et</span> <span class='ocrx_word' id='word_1_250' title='bbox 755 2362 791 2382; x_wconf 91' lang='lat' dir='ltr'>ne</span> <span class='ocrx_word' id='word_1_251' title='bbox 826 2356 928 2382; x_wconf 83' lang='lat' dir='ltr'>contra</span> <span class='ocrx_word' id='word_1_252' title='bbox 963 2353 1191 2392; x_wconf 88' lang='lat' dir='ltr'>praemissorum</span> 
     </span>
     <span class='ocr_line' id='line_1_46' title="bbox 452 2400 1192 2440; baseline 0.001 -10"><span class='ocrx_word' id='word_1_253' title='bbox 452 2400 583 2430; x_wconf 90' lang='lat' dir='ltr'>omnium</span> <span class='ocrx_word' id='word_1_254' title='bbox 607 2400 822 2430; x_wconf 83' lang='lat' dir='ltr'>observantiam</span> <span class='ocrx_word' id='word_1_255' title='bbox 840 2401 959 2439; x_wconf 78' lang='lat' dir='ltr'>allegari</span> <span class='ocrx_word' id='word_1_256' title='bbox 976 2401 1068 2440; x_wconf 88' lang='lat' dir='ltr'>possit</span> <span class='ocrx_word' id='word_1_257' title='bbox 1087 2402 1192 2431; x_wconf 89' lang='lat' dir='ltr'>futuris</span> 
     </span>
     <span class='ocr_line' id='line_1_47' title="bbox 451 2448 1192 2488; baseline 0.001 -10"><span class='ocrx_word' id='word_1_258' title='bbox 451 2448 632 2488; x_wconf 86' lang='lat' dir='ltr'>temporibus</span> <span class='ocrx_word' id='word_1_259' title='bbox 654 2448 831 2487; x_wconf 76' lang='lat' dir='ltr'>ignorantia,</span> <span class='ocrx_word' id='word_1_260' title='bbox 856 2449 956 2479; x_wconf 84' lang='lat' dir='ltr'>eadem</span> <span class='ocrx_word' id='word_1_261' title='bbox 973 2449 1120 2480; x_wconf 82' lang='lat' dir='ltr'>Sanctitas</span> <span class='ocrx_word' id='word_1_262' title='bbox 1136 2450 1192 2480; x_wconf 87' lang='lat' dir='ltr'>Sua</span> 
     </span>
     <span class='ocr_line' id='line_1_48' title="bbox 450 2497 1192 2529; baseline 0 -1"><span class='ocrx_word' id='word_1_263' title='bbox 450 2497 486 2528; x_wconf 89' lang='lat' dir='ltr'>de</span> <span class='ocrx_word' id='word_1_264' title='bbox 508 2498 629 2528; x_wconf 90' lang='lat' dir='ltr'>consilio</span> <span class='ocrx_word' id='word_1_265' title='bbox 652 2497 821 2528; x_wconf 88' lang='lat' dir='ltr'>eorumdem</span> <span class='ocrx_word' id='word_1_266' title='bbox 844 2497 872 2529; x_wconf 83' lang='lat' dir='ltr'>S.</span> <span class='ocrx_word' id='word_1_267' title='bbox 889 2500 925 2527; x_wconf 86' lang='lat' dir='ltr'>R.</span> <span class='ocrx_word' id='word_1_268' title='bbox 943 2498 975 2528; x_wconf 86' lang='lat' dir='ltr'>E.</span> <span class='ocrx_word' id='word_1_269' title='bbox 1000 2498 1192 2528; x_wconf 80' lang='lat' dir='ltr'>cardinalium</span> 
     </span>
    </p>
   </div>
   <div class='ocr_carea' id='block_1_2' title="bbox 453 2564 1192 2647">
    <p class='ocr_par' dir='ltr' id='par_1_2' title="bbox 453 2564 1192 2647">
     <span class='ocr_line' id='line_1_49' title="bbox 489 2564 1192 2602; baseline 0.001 -12"><span class='ocrx_word' id='word_1_270' title='bbox 489 2565 498 2591; x_wconf 85' lang='grc'>1</span> <span class='ocrx_word' id='word_1_271' title='bbox 523 2564 594 2591; x_wconf 82' lang='lat' dir='ltr'>Male</span> <span class='ocrx_word' id='word_1_272' title='bbox 616 2565 682 2593; x_wconf 87' lang='lat' dir='ltr'>edit.</span> <span class='ocrx_word' id='word_1_273' title='bbox 709 2565 789 2594; x_wconf 64' lang='grc' dir='ltr'>Μαίη.</span> <span class='ocrx_word' id='word_1_274' title='bbox 816 2564 881 2602; x_wconf 73' lang='lat' dir='ltr'>legit</span> <span class='ocrx_word' id='word_1_275' title='bbox 900 2565 1028 2594; x_wconf 74' lang='lat' dir='ltr'>converti</span> <span class='ocrx_word' id='word_1_276' title='bbox 1056 2573 1103 2602; x_wconf 86' lang='lat' dir='ltr'>pro</span> <span class='ocrx_word' id='word_1_277' title='bbox 1125 2573 1192 2593; x_wconf 84' lang='lat' dir='ltr'>con-</span> 
     </span>
     <span class='ocr_line' id='line_1_50' title="bbox 453 2608 648 2647; baseline -0.015 -7"><span class='ocrx_word' id='word_1_278' title='bbox 453 2608 527 2640; x_wconf 76' lang='lat' dir='ltr'>versi</span> <span class='ocrx_word' id='word_1_279' title='bbox 545 2612 582 2646; x_wconf 69' lang='lat' dir='ltr'>(a.</span> <span class='ocrx_word' id='word_1_280' title='bbox 599 2610 648 2647; x_wconf 66' lang='lat' dir='ltr'>r).</span> 
     </span>
    </p>
   </div>
   <div class='ocr_carea' id='block_1_3' title="bbox 1039 216 1405 240">
    <p class='ocr_par' dir='ltr' id='par_1_3' title="bbox 1039 216 1405 240">
     <span class='ocr_line' id='line_1_51' title="bbox 1039 216 1405 240; baseline 0.003 -1"><span class='ocrx_word' id='word_1_281' title='bbox 1039 216 1222 240; x_wconf 72' lang='lat' dir='ltr'>nULLAtuUM</span> <span class='ocrx_word' id='word_1_282' title='bbox 1248 216 1405 240; x_wconf 71' lang='lat' dir='ltr'><strong>ROMANUM</strong></span> 
     </span>
    </p>
   </div>
   <div class='ocr_carea' id='block_1_4' title="bbox 1213 301 1215 861">
    <p class='ocr_par' dir='ltr' id='par_1_4' title="bbox 1213 301 1215 861">
     <span class='ocr_line' id='line_1_52' title="bbox 1213 301 1215 861; baseline 0 0"><span class='ocrx_word' id='word_1_283' title='bbox 1213 301 1215 861; x_wconf 95' lang='lat' dir='ltr'> </span> 
     </span>
    </p>
   </div>
   <div class='ocr_carea' id='block_1_5' title="bbox 1234 217 2168 2591">
    <p class='ocr_par' dir='ltr' id='par_1_5' title="bbox 1234 217 2165 731">
     <span class='ocr_line' id='line_1_53' title="bbox 1987 217 2165 246; baseline 0.022 -4"><span class='ocrx_word' id='word_1_284' title='bbox 1987 218 2035 243; x_wconf 78' lang='lat' dir='ltr'>An.</span> <span class='ocrx_word' id='word_1_285' title='bbox 2049 218 2077 243; x_wconf 86' lang='lat' dir='ltr'>G.</span> <span class='ocrx_word' id='word_1_286' title='bbox 2103 217 2165 246; x_wconf 72' lang='lat' dir='ltr'>173ss</span> 
     </span>
     <span class='ocr_line' id='line_1_54' title="bbox 1235 264 1975 303; baseline 0.004 -10"><span class='ocrx_word' id='word_1_287' title='bbox 1235 264 1337 302; x_wconf 88' lang='lat' dir='ltr'>voluit,</span> <span class='ocrx_word' id='word_1_288' title='bbox 1367 269 1397 294; x_wconf 91' lang='lat' dir='ltr'>ut</span> <span class='ocrx_word' id='word_1_289' title='bbox 1426 265 1493 294; x_wconf 90' lang='lat' dir='ltr'>huic</span> <span class='ocrx_word' id='word_1_290' title='bbox 1520 265 1649 303; x_wconf 85' lang='lat' dir='ltr'>decreto,</span> <span class='ocrx_word' id='word_1_291' title='bbox 1677 270 1727 295; x_wconf 92' lang='lat' dir='ltr'>aut</span> <span class='ocrx_word' id='word_1_292' title='bbox 1753 265 1841 296; x_wconf 87' lang='lat' dir='ltr'>etiam</span> <span class='ocrx_word' id='word_1_293' title='bbox 1869 266 1975 296; x_wconf 89' lang='lat' dir='ltr'>litteris</span> 
     </span>
     <span class='ocr_line' id='line_1_55' title="bbox 1235 312 1974 354; baseline 0.004 -13"><span class='ocrx_word' id='word_1_294' title='bbox 1235 312 1268 342; x_wconf 88' lang='lat' dir='ltr'>ad</span> <span class='ocrx_word' id='word_1_295' title='bbox 1289 313 1351 342; x_wconf 89' lang='lat' dir='ltr'>eius</span> <span class='ocrx_word' id='word_1_296' title='bbox 1379 313 1500 343; x_wconf 82' lang='lat' dir='ltr'>formam</span> <span class='ocrx_word' id='word_1_297' title='bbox 1530 314 1671 352; x_wconf 82' lang='lat' dir='ltr'>expeditis</span> <span class='ocrx_word' id='word_1_298' title='bbox 1698 324 1748 345; x_wconf 90' lang='lat' dir='ltr'>seu</span> <span class='ocrx_word' id='word_1_299' title='bbox 1774 314 1974 354; x_wconf 85' lang='lat' dir='ltr'>expediendis,</span> 
     </span>
     <span class='ocr_line' id='line_1_56' title="bbox 1235 361 1977 401; baseline 0.003 -11"><span class='ocrx_word' id='word_1_300' title='bbox 1235 361 1296 391; x_wconf 88' lang='lat' dir='ltr'>sive</span> <span class='ocrx_word' id='word_1_301' title='bbox 1319 361 1437 401; x_wconf 79' lang='lat' dir='ltr'>scriptis</span> <span class='ocrx_word' id='word_1_302' title='bbox 1461 362 1521 391; x_wconf 88' lang='lat' dir='ltr'>sive</span> <span class='ocrx_word' id='word_1_303' title='bbox 1543 362 1706 401; x_wconf 83' lang='lat' dir='ltr'>impressis,</span> <span class='ocrx_word' id='word_1_304' title='bbox 1726 363 1761 392; x_wconf 85' lang='lat' dir='ltr'>ab</span> <span class='ocrx_word' id='word_1_305' title='bbox 1784 362 1912 392; x_wconf 87' lang='lat' dir='ltr'>eiusdem</span> <span class='ocrx_word' id='word_1_306' title='bbox 1936 367 1977 393; x_wconf 87' lang='lat' dir='ltr'>ta-</span> 
     </span>
     <span class='ocr_line' id='line_1_57' title="bbox 1236 410 1975 450; baseline 0.004 -12"><span class='ocrx_word' id='word_1_307' title='bbox 1236 419 1301 439; x_wconf 90' lang='lat' dir='ltr'>men</span> <span class='ocrx_word' id='word_1_308' title='bbox 1317 419 1416 439; x_wconf 87' lang='lat' dir='ltr'>sacrae</span> <span class='ocrx_word' id='word_1_309' title='bbox 1429 410 1669 448; x_wconf 75' lang='lat' dir='ltr'>Congregationis</span> <span class='ocrx_word' id='word_1_310' title='bbox 1683 412 1826 450; x_wconf 80' lang='lat' dir='ltr'>praefecto</span> <span class='ocrx_word' id='word_1_311' title='bbox 1842 411 1975 449; x_wconf 85' lang='lat' dir='ltr'>signatis,</span> 
     </span>
     <span class='ocr_line' id='line_1_58' title="bbox 1235 458 1976 497; baseline 0.003 -10"><span class='ocrx_word' id='word_1_312' title='bbox 1235 458 1390 497; x_wconf 81' lang='lat' dir='ltr'>sigilloque</span> <span class='ocrx_word' id='word_1_313' title='bbox 1412 459 1496 488; x_wconf 88' lang='lat' dir='ltr'>solito</span> <span class='ocrx_word' id='word_1_314' title='bbox 1520 459 1652 497; x_wconf 88' lang='lat' dir='ltr'>munitis,</span> <span class='ocrx_word' id='word_1_315' title='bbox 1678 459 1748 489; x_wconf 84' lang='lat' dir='ltr'>sides</span> <span class='ocrx_word' id='word_1_316' title='bbox 1770 460 1870 489; x_wconf 88' lang='lat' dir='ltr'>eadem</span> <span class='ocrx_word' id='word_1_317' title='bbox 1894 459 1976 490; x_wconf 85' lang='lat' dir='ltr'>adhi-</span> 
     </span>
     <span class='ocr_line' id='line_1_59' title="bbox 1235 506 1975 548; baseline 0.003 -12"><span class='ocrx_word' id='word_1_318' title='bbox 1235 506 1351 545; x_wconf 87' lang='lat' dir='ltr'>beatur,</span> <span class='ocrx_word' id='word_1_319' title='bbox 1369 517 1443 546; x_wconf 83' lang='lat' dir='ltr'>quae</span> <span class='ocrx_word' id='word_1_320' title='bbox 1460 507 1532 546; x_wconf 86' lang='lat' dir='ltr'>ipsis</span> <span class='ocrx_word' id='word_1_321' title='bbox 1548 507 1741 546; x_wconf 74' lang='lat' dir='ltr'>originalibus</span> <span class='ocrx_word' id='word_1_322' title='bbox 1757 512 1975 548; x_wconf 86' lang='lat' dir='ltr'>praestaretur:</span> 
     </span>
     <span class='ocr_line' id='line_1_60' title="bbox 1235 555 1977 596; baseline 0.004 -12"><span class='ocrx_word' id='word_1_323' title='bbox 1235 565 1292 585; x_wconf 93' lang='lat' dir='ltr'>non</span> <span class='ocrx_word' id='word_1_324' title='bbox 1316 555 1501 585; x_wconf 75' lang='lat' dir='ltr'>obstantibus</span> <span class='ocrx_word' id='word_1_325' title='bbox 1525 556 1772 596; x_wconf 84' lang='lat' dir='ltr'>quibuscumque.</span> <span class='ocrx_word' id='word_1_326' title='bbox 1796 557 1897 587; x_wconf 85' lang='lat' dir='ltr'>Datum</span> <span class='ocrx_word' id='word_1_327' title='bbox 1920 557 1977 587; x_wconf 80' lang='lat' dir='ltr'>Ro-</span> 
     </span>
     <span class='ocr_line' id='line_1_61' title="bbox 1234 602 1973 639; baseline 0.005 -9"><span class='ocrx_word' id='word_1_328' title='bbox 1234 611 1309 639; x_wconf 85' lang='lat' dir='ltr'>mae,</span> <span class='ocrx_word' id='word_1_329' title='bbox 1334 602 1379 631; x_wconf 89' lang='lat' dir='ltr'>die</span> <span class='ocrx_word' id='word_1_330' title='bbox 1402 611 1429 631; x_wconf 89' lang='lat' dir='ltr'>1v</span> <span class='ocrx_word' id='word_1_331' title='bbox 1452 603 1592 632; x_wconf 84' lang='lat' dir='ltr'>februarii</span> <span class='ocrx_word' id='word_1_332' title='bbox 1615 612 1783 634; x_wconf 76' lang='lat' dir='ltr'>MDCLxxvtt.</span> <span class='ocrx_word' id='word_1_333' title='bbox 1798 604 1880 634; x_wconf 88' lang='lat' dir='ltr'>-I‘.</span> <span class='ocrx_word' id='word_1_334' title='bbox 1894 603 1973 634; x_wconf 87' lang='lat' dir='ltr'>card.</span> 
     </span>
     <span class='ocr_line' id='line_1_62' title="bbox 1235 647 1976 688; baseline 0.004 -12"><span class='ocrx_word' id='word_1_335' title='bbox 1235 647 1274 676; x_wconf 68' lang='lat' dir='ltr'>nr.</span> <span class='ocrx_word' id='word_1_336' title='bbox 1296 648 1445 686; x_wconf 68' lang='lat' dir='ltr'>Amanus,</span> <span class='ocrx_word' id='word_1_337' title='bbox 1474 649 1651 687; x_wconf 83' lang='lat' dir='ltr'>praefectus.</span> <span class='ocrx_word' id='word_1_338' title='bbox 1686 649 1753 679; x_wconf 86' lang='lat' dir='ltr'>Loco</span> <span class='ocrx_word' id='word_1_339' title='bbox 1775 651 1793 687; x_wconf 60' lang='grc' dir='ltr'>ἦ·</span> <span class='ocrx_word' id='word_1_340' title='bbox 1817 649 1913 688; x_wconf 65' lang='lat' dir='ltr'>sigilli.</span> <span class='ocrx_word' id='word_1_341' title='bbox 1936 668 1976 672; x_wconf 97' lang='lat'><strong>—</strong></span> 
     </span>
     <span class='ocr_line' id='line_1_63' title="bbox 1235 694 1635 731; baseline 0.003 -7"><span class='ocrx_word' id='word_1_342' title='bbox 1235 694 1267 724; x_wconf 87' lang='lat' dir='ltr'>V.</span> <span class='ocrx_word' id='word_1_343' title='bbox 1293 696 1425 731; x_wconf 68' lang='lat' dir='ltr'>Orant-s,</span> <span class='ocrx_word' id='word_1_344' title='bbox 1449 695 1635 725; x_wconf 82' lang='lat' dir='ltr'>secretarius.</span> 
     </span>
    </p>

    <p class='ocr_par' dir='ltr' id='par_1_6' title="bbox 1235 743 2167 1582">
     <span class='ocr_line' id='line_1_64' title="bbox 1278 743 2167 799; baseline 0.003 -24"><span class='ocrx_word' id='word_1_345' title='bbox 1278 744 1292 786; x_wconf 66' lang='grc' dir='ltr'><strong>ἓ</strong></span> <span class='ocrx_word' id='word_1_346' title='bbox 1318 743 1348 776; x_wconf 74' lang='lat'>⁶2.</span> <span class='ocrx_word' id='word_1_347' title='bbox 1376 744 1419 775; x_wconf 83' lang='lat' dir='ltr'>Ac</span> <span class='ocrx_word' id='word_1_348' title='bbox 1444 745 1649 787; x_wconf 86' lang='lat' dir='ltr'>postmodum</span> <span class='ocrx_word' id='word_1_349' title='bbox 1688 745 1882 778; x_wconf 87' lang='lat' dir='ltr'>recolendae</span> <span class='ocrx_word' id='word_1_350' title='bbox 1908 749 2114 797; x_wconf 58' lang='lat' dir='ltr'>me‘03,¹i÷⁰f&#39;„²‚&#39;a⁰v&#39;li</span> <span class='ocrx_word' id='word_1_351' title='bbox 2128 751 2167 799; x_wconf 57' lang='grc' dir='ltr'><em>Ὗ</em></span> 
     </span>
     <span class='ocr_line' id='line_1_65' title="bbox 1235 789 2167 841; baseline 0.004 -13"><span class='ocrx_word' id='word_1_352' title='bbox 1235 796 1355 829; x_wconf 84' lang='lat' dir='ltr'>moriac</span> <span class='ocrx_word' id='word_1_353' title='bbox 1382 797 1564 830; x_wconf 82' lang='lat' dir='ltr'>Alexander</span> <span class='ocrx_word' id='word_1_354' title='bbox 1588 797 1675 841; x_wconf 84' lang='lat' dir='ltr'>Papa</span> <span class='ocrx_word' id='word_1_355' title='bbox 1694 798 1759 831; x_wconf 73' lang='lat' dir='ltr'>Vlll</span> <span class='ocrx_word' id='word_1_356' title='bbox 1784 798 1976 841; x_wconf 86' lang='lat' dir='ltr'>praedeces·</span> <span class='ocrx_word' id='word_1_357' title='bbox 1986 803 2087 824; x_wconf 63' lang='lat' dir='ltr'>¹vx-mdur</span> <span class='ocrx_word' id='word_1_358' title='bbox 2103 789 2167 826; x_wconf 50' lang='lat' dir='ltr'>VIM-¹</span> 
     </span>
     <span class='ocr_line' id='line_1_66' title="bbox 1235 849 1975 895; baseline 0.003 -13"><span class='ocrx_word' id='word_1_359' title='bbox 1235 859 1289 882; x_wconf 89' lang='lat' dir='ltr'>sor</span> <span class='ocrx_word' id='word_1_360' title='bbox 1315 849 1411 882; x_wconf 88' lang='lat' dir='ltr'>etiam</span> <span class='ocrx_word' id='word_1_361' title='bbox 1437 855 1570 891; x_wconf 87' lang='lat' dir='ltr'>noster,</span> <span class='ocrx_word' id='word_1_362' title='bbox 1596 850 1890 894; x_wconf 84' lang='lat' dir='ltr'>supplicationibus</span> <span class='ocrx_word' id='word_1_363' title='bbox 1916 862 1975 895; x_wconf 89' lang='lat' dir='ltr'>pro</span> 
     </span>
     <span class='ocr_line' id='line_1_67' title="bbox 1235 903 1977 946; baseline 0.004 -12"><span class='ocrx_word' id='word_1_364' title='bbox 1235 907 1326 945; x_wconf 86' lang='lat' dir='ltr'>parte</span> <span class='ocrx_word' id='word_1_365' title='bbox 1353 907 1428 935; x_wconf 82' lang='lat' dir='ltr'>tunc</span> <span class='ocrx_word' id='word_1_366' title='bbox 1461 903 1581 946; x_wconf 88' lang='lat' dir='ltr'>pariter</span> <span class='ocrx_word' id='word_1_367' title='bbox 1617 903 1785 937; x_wconf 78' lang='lat' dir='ltr'>existentis</span> <span class='ocrx_word' id='word_1_368' title='bbox 1821 904 1977 937; x_wconf 86' lang='lat' dir='ltr'>Bernardi</span> 
     </span>
     <span class='ocr_line' id='line_1_68' title="bbox 1235 955 1976 1000; baseline 0.004 -13"><span class='ocrx_word' id='word_1_369' title='bbox 1235 955 1365 998; x_wconf 82' lang='lat' dir='ltr'>Ioseplii</span> <span class='ocrx_word' id='word_1_370' title='bbox 1390 966 1407 989; x_wconf 89' lang='lat' dir='ltr'>a</span> <span class='ocrx_word' id='word_1_371' title='bbox 1432 955 1504 988; x_wconf 87' lang='lat' dir='ltr'>lesu</span> <span class='ocrx_word' id='word_1_372' title='bbox 1529 956 1649 996; x_wconf 84' lang='lat' dir='ltr'>Maria,</span> <span class='ocrx_word' id='word_1_373' title='bbox 1678 956 1786 990; x_wconf 85' lang='lat' dir='ltr'>fratris</span> <span class='ocrx_word' id='word_1_374' title='bbox 1824 967 1976 1000; x_wconf 83' lang='lat' dir='ltr'>expresse</span> 
     </span>
     <span class='ocr_line' id='line_1_69' title="bbox 1235 1007 1975 1051; baseline 0.003 -11"><span class='ocrx_word' id='word_1_375' title='bbox 1235 1008 1375 1051; x_wconf 88' lang='lat' dir='ltr'>professi</span> <span class='ocrx_word' id='word_1_376' title='bbox 1407 1007 1536 1041; x_wconf 88' lang='lat' dir='ltr'>Ordinis</span> <span class='ocrx_word' id='word_1_377' title='bbox 1569 1009 1728 1042; x_wconf 88' lang='lat' dir='ltr'>Minorum</span> <span class='ocrx_word' id='word_1_378' title='bbox 1754 1010 1785 1042; x_wconf 88' lang='lat' dir='ltr'>S.</span> <span class='ocrx_word' id='word_1_379' title='bbox 1812 1010 1975 1043; x_wconf 84' lang='lat' dir='ltr'>Francisci</span> 
     </span>
     <span class='ocr_line' id='line_1_70' title="bbox 1236 1061 1978 1105; baseline 0.003 -12"><span class='ocrx_word' id='word_1_380' title='bbox 1236 1061 1275 1093; x_wconf 87' lang='lat' dir='ltr'>de</span> <span class='ocrx_word' id='word_1_381' title='bbox 1300 1061 1513 1094; x_wconf 77' lang='lat' dir='ltr'>Observantia</span> <span class='ocrx_word' id='word_1_382' title='bbox 1535 1061 1793 1094; x_wconf 65' lang='lat' dir='ltr'>Reformatorem</span> <span class='ocrx_word' id='word_1_383' title='bbox 1811 1073 1978 1105; x_wconf 89' lang='lat' dir='ltr'>nuncupa-</span> 
     </span>
     <span class='ocr_line' id='line_1_71' title="bbox 1237 1114 1978 1159; baseline 0.001 -13"><span class='ocrx_word' id='word_1_384' title='bbox 1237 1119 1343 1147; x_wconf 87' lang='lat' dir='ltr'>torum</span> <span class='ocrx_word' id='word_1_385' title='bbox 1359 1141 1366 1154; x_wconf 89' lang='lat'>,</span> <span class='ocrx_word' id='word_1_386' title='bbox 1391 1125 1427 1147; x_wconf 89' lang='lat' dir='ltr'>ac</span> <span class='ocrx_word' id='word_1_387' title='bbox 1460 1114 1672 1159; x_wconf 85' lang='lat' dir='ltr'>commissarii</span> <span class='ocrx_word' id='word_1_388' title='bbox 1698 1120 1730 1147; x_wconf 88' lang='lat' dir='ltr'>et</span> <span class='ocrx_word' id='word_1_389' title='bbox 1754 1115 1978 1158; x_wconf 84' lang='lat' dir='ltr'>procuratoris</span> 
     </span>
     <span class='ocr_line' id='line_1_72' title="bbox 1235 1167 1975 1209; baseline 0.001 -10"><span class='ocrx_word' id='word_1_390' title='bbox 1235 1167 1398 1209; x_wconf 84' lang='lat' dir='ltr'>generalis</span> <span class='ocrx_word' id='word_1_391' title='bbox 1423 1167 1453 1198; x_wconf 93' lang='lat' dir='ltr'>in</span> <span class='ocrx_word' id='word_1_392' title='bbox 1481 1167 1626 1200; x_wconf 75' lang='lat' dir='ltr'>Romana</span> <span class='ocrx_word' id='word_1_393' title='bbox 1654 1167 1748 1200; x_wconf 79' lang='lat' dir='ltr'>Curia</span> <span class='ocrx_word' id='word_1_394' title='bbox 1778 1167 1975 1201; x_wconf 84' lang='lat' dir='ltr'>Terraesan-</span> 
     </span>
     <span class='ocr_line' id='line_1_73' title="bbox 1235 1220 1976 1264; baseline 0 -11"><span class='ocrx_word' id='word_1_395' title='bbox 1235 1226 1314 1259; x_wconf 84' lang='lat' dir='ltr'>ctae,</span> <span class='ocrx_word' id='word_1_396' title='bbox 1334 1220 1395 1252; x_wconf 83' lang='lat' dir='ltr'>sibi</span> <span class='ocrx_word' id='word_1_397' title='bbox 1415 1230 1512 1263; x_wconf 88' lang='lat' dir='ltr'>super</span> <span class='ocrx_word' id='word_1_398' title='bbox 1537 1220 1599 1253; x_wconf 91' lang='lat' dir='ltr'>hoc</span> <span class='ocrx_word' id='word_1_399' title='bbox 1624 1220 1792 1253; x_wconf 87' lang='lat' dir='ltr'>humiliter</span> <span class='ocrx_word' id='word_1_400' title='bbox 1816 1221 1976 1264; x_wconf 82' lang='lat' dir='ltr'>porrectis</span> 
     </span>
     <span class='ocr_line' id='line_1_74' title="bbox 1235 1273 1979 1316; baseline 0.003 -11"><span class='ocrx_word' id='word_1_401' title='bbox 1235 1273 1423 1313; x_wconf 85' lang='lat' dir='ltr'>inclinatus,</span> <span class='ocrx_word' id='word_1_402' title='bbox 1441 1284 1499 1316; x_wconf 90' lang='lat' dir='ltr'>per</span> <span class='ocrx_word' id='word_1_403' title='bbox 1520 1283 1593 1306; x_wconf 85' lang='lat' dir='ltr'>suas</span> <span class='ocrx_word' id='word_1_404' title='bbox 1614 1273 1646 1306; x_wconf 89' lang='lat' dir='ltr'>in</span> <span class='ocrx_word' id='word_1_405' title='bbox 1665 1274 1761 1306; x_wconf 89' lang='lat' dir='ltr'>simili</span> <span class='ocrx_word' id='word_1_406' title='bbox 1781 1274 1883 1307; x_wconf 78' lang='lat' dir='ltr'>forma</span> <span class='ocrx_word' id='word_1_407' title='bbox 1901 1274 1979 1308; x_wconf 90' lang='lat' dir='ltr'>Bre-</span> 
     </span>
     <span class='ocr_line' id='line_1_75' title="bbox 1235 1326 1977 1369; baseline 0.001 -11"><span class='ocrx_word' id='word_1_408' title='bbox 1235 1326 1280 1358; x_wconf 84' lang='lat' dir='ltr'>vis</span> <span class='ocrx_word' id='word_1_409' title='bbox 1297 1326 1349 1359; x_wconf 91' lang='lat' dir='ltr'>die</span> <span class='ocrx_word' id='word_1_410' title='bbox 1375 1336 1424 1359; x_wconf 77' lang='lat' dir='ltr'>xxi</span> <span class='ocrx_word' id='word_1_411' title='bbox 1450 1326 1592 1359; x_wconf 86' lang='lat' dir='ltr'>octobris</span> <span class='ocrx_word' id='word_1_412' title='bbox 1611 1336 1717 1360; x_wconf 79' lang='lat' dir='ltr'>uncxc</span> <span class='ocrx_word' id='word_1_413' title='bbox 1739 1326 1906 1369; x_wconf 79' lang='lat' dir='ltr'>expeditas</span> <span class='ocrx_word' id='word_1_414' title='bbox 1924 1326 1977 1359; x_wconf 92' lang='lat' dir='ltr'>lit-</span> 
     </span>
     <span class='ocr_line' id='line_1_76' title="bbox 1238 1379 1977 1413; baseline 0.003 -2"><span class='ocrx_word' id='word_1_415' title='bbox 1238 1383 1321 1411; x_wconf 88' lang='lat' dir='ltr'>teras</span> <span class='ocrx_word' id='word_1_416' title='bbox 1348 1379 1432 1411; x_wconf 88' lang='lat' dir='ltr'>idcm</span> <span class='ocrx_word' id='word_1_417' title='bbox 1460 1379 1625 1411; x_wconf 84' lang='lat' dir='ltr'>decretum</span> <span class='ocrx_word' id='word_1_418' title='bbox 1657 1384 1724 1412; x_wconf 91' lang='lat' dir='ltr'>toto</span> <span class='ocrx_word' id='word_1_419' title='bbox 1750 1379 1836 1412; x_wconf 90' lang='lat' dir='ltr'>illius</span> <span class='ocrx_word' id='word_1_420' title='bbox 1863 1385 1977 1413; x_wconf 89' lang='lat' dir='ltr'>tenore</span> 
     </span>
     <span class='ocr_line' id='line_1_77' title="bbox 1235 1432 1978 1476; baseline 0.001 -11"><span class='ocrx_word' id='word_1_421' title='bbox 1235 1432 1360 1465; x_wconf 89' lang='lat' dir='ltr'>inserto</span> <span class='ocrx_word' id='word_1_422' title='bbox 1394 1432 1586 1476; x_wconf 83' lang='lat' dir='ltr'>approbavit</span> <span class='ocrx_word' id='word_1_423' title='bbox 1620 1438 1651 1465; x_wconf 89' lang='lat' dir='ltr'>et</span> <span class='ocrx_word' id='word_1_424' title='bbox 1683 1432 1910 1474; x_wconf 84' lang='lat' dir='ltr'>confirmavit;</span> <span class='ocrx_word' id='word_1_425' title='bbox 1941 1444 1978 1466; x_wconf 85' lang='lat' dir='ltr'>ac</span> 
     </span>
     <span class='ocr_line' id='line_1_78' title="bbox 1235 1486 1976 1529; baseline 0.003 -11"><span class='ocrx_word' id='word_1_426' title='bbox 1235 1486 1323 1526; x_wconf 76' lang='lat' dir='ltr'>alias,</span> <span class='ocrx_word' id='word_1_427' title='bbox 1342 1491 1439 1529; x_wconf 88' lang='lat' dir='ltr'>prout</span> <span class='ocrx_word' id='word_1_428' title='bbox 1457 1486 1487 1518; x_wconf 91' lang='lat' dir='ltr'>in</span> <span class='ocrx_word' id='word_1_429' title='bbox 1510 1486 1684 1518; x_wconf 74' lang='lat' dir='ltr'>Alexandri</span> <span class='ocrx_word' id='word_1_430' title='bbox 1710 1486 1976 1529; x_wconf 83' lang='lat' dir='ltr'>praedecessoris</span> 
     </span>
     <span class='ocr_line' id='line_1_79' title="bbox 1236 1538 1912 1582; baseline 0.001 -11"><span class='ocrx_word' id='word_1_431' title='bbox 1236 1539 1353 1571; x_wconf 88' lang='lat' dir='ltr'>litteris</span> <span class='ocrx_word' id='word_1_432' title='bbox 1380 1538 1533 1582; x_wconf 84' lang='lat' dir='ltr'>praefatis</span> <span class='ocrx_word' id='word_1_433' title='bbox 1560 1538 1691 1572; x_wconf 84' lang='lat' dir='ltr'>uberius</span> <span class='ocrx_word' id='word_1_434' title='bbox 1715 1539 1912 1573; x_wconf 86' lang='lat' dir='ltr'>continetur.</span> 
     </span>
    </p>

    <p class='ocr_par' dir='ltr' id='par_1_7' title="bbox 1235 1591 2168 2591">
     <span class='ocr_line' id='line_1_80' title="bbox 1279 1591 2168 1644; baseline 0.002 -20"><span class='ocrx_word' id='word_1_435' title='bbox 1279 1592 1294 1634; x_wconf 57' lang='grc' dir='ltr'>ᾗ</span> <span class='ocrx_word' id='word_1_436' title='bbox 1318 1591 1350 1624; x_wconf 74' lang='lat'>3.</span> <span class='ocrx_word' id='word_1_437' title='bbox 1378 1591 1454 1625; x_wconf 86' lang='lat' dir='ltr'>Cum</span> <span class='ocrx_word' id='word_1_438' title='bbox 1473 1598 1578 1624; x_wconf 85' lang='lat' dir='ltr'>autem</span> <span class='ocrx_word' id='word_1_439' title='bbox 1597 1592 1635 1624; x_wconf 91' lang='lat' dir='ltr'>ad</span> <span class='ocrx_word' id='word_1_440' title='bbox 1654 1593 1853 1635; x_wconf 89' lang='lat' dir='ltr'>apostolatus</span> <span class='ocrx_word' id='word_1_441' title='bbox 1872 1592 1975 1626; x_wconf 86' lang='lat' dir='ltr'>nostri</span> <span class='ocrx_word' id='word_1_442' title='bbox 1986 1597 2097 1643; x_wconf 61' lang='lat' dir='ltr'>flmiffimm</span> <span class='ocrx_word' id='word_1_443' title='bbox 2121 1603 2168 1644; x_wconf 58' lang='lat'>{323</span> 
     </span>
     <span class='ocr_line' id='line_1_81' title="bbox 1236 1644 2102 1688; baseline 0.002 -11"><span class='ocrx_word' id='word_1_444' title='bbox 1236 1644 1380 1678; x_wconf 86' lang='lat' dir='ltr'>notitiam</span> <span class='ocrx_word' id='word_1_445' title='bbox 1408 1644 1619 1688; x_wconf 85' lang='lat' dir='ltr'>pervenerit,</span> <span class='ocrx_word' id='word_1_446' title='bbox 1646 1655 1711 1677; x_wconf 89' lang='lat' dir='ltr'>non</span> <span class='ocrx_word' id='word_1_447' title='bbox 1741 1645 1855 1679; x_wconf 86' lang='lat' dir='ltr'>deesse</span> <span class='ocrx_word' id='word_1_448' title='bbox 1885 1646 1974 1679; x_wconf 88' lang='lat' dir='ltr'>hisce</span> <span class='ocrx_word' id='word_1_449' title='bbox 1986 1650 2102 1672; x_wconf 68' lang='lat' dir='ltr'>mvffixlt·</span> 
     </span>
     <span class='ocr_line' id='line_1_82' title="bbox 1236 1697 1975 1740; baseline 0.003 -11"><span class='ocrx_word' id='word_1_450' title='bbox 1236 1697 1332 1730; x_wconf 87' lang='lat' dir='ltr'>etiam</span> <span class='ocrx_word' id='word_1_451' title='bbox 1360 1697 1561 1740; x_wconf 86' lang='lat' dir='ltr'>temporibus</span> <span class='ocrx_word' id='word_1_452' title='bbox 1578 1697 1716 1731; x_wconf 87' lang='lat' dir='ltr'>Graecos</span> <span class='ocrx_word' id='word_1_453' title='bbox 1741 1698 1975 1737; x_wconf 86' lang='lat' dir='ltr'>schismaticos,</span> 
     </span>
     <span class='ocr_line' id='line_1_83' title="bbox 1236 1750 1978 1794; baseline 0.004 -13"><span class='ocrx_word' id='word_1_454' title='bbox 1236 1751 1302 1794; x_wconf 87' lang='lat' dir='ltr'>qui,</span> <span class='ocrx_word' id='word_1_455' title='bbox 1321 1750 1467 1783; x_wconf 88' lang='lat' dir='ltr'>subdolis</span> <span class='ocrx_word' id='word_1_456' title='bbox 1493 1750 1615 1783; x_wconf 88' lang='lat' dir='ltr'>artibus</span> <span class='ocrx_word' id='word_1_457' title='bbox 1637 1761 1673 1784; x_wconf 90' lang='lat' dir='ltr'>ac</span> <span class='ocrx_word' id='word_1_458' title='bbox 1698 1751 1860 1784; x_wconf 84' lang='lat' dir='ltr'>ementitis</span> <span class='ocrx_word' id='word_1_459' title='bbox 1885 1761 1978 1794; x_wconf 83' lang='lat' dir='ltr'>prae-</span> 
     </span>
     <span class='ocr_line' id='line_1_84' title="bbox 1238 1802 1978 1847; baseline 0.001 -12"><span class='ocrx_word' id='word_1_460' title='bbox 1238 1803 1376 1837; x_wconf 75' lang='lat' dir='ltr'>textibus</span> <span class='ocrx_word' id='word_1_461' title='bbox 1391 1802 1652 1837; x_wconf 77' lang='lat' dir='ltr'>christifidelium</span> <span class='ocrx_word' id='word_1_462' title='bbox 1670 1804 1825 1847; x_wconf 87' lang='lat' dir='ltr'>pietatem</span> <span class='ocrx_word' id='word_1_463' title='bbox 1845 1804 1978 1836; x_wconf 83' lang='lat' dir='ltr'>circurn-</span> 
     </span>
     <span class='ocr_line' id='line_1_85' title="bbox 1235 1856 1977 1899; baseline 0 -10"><span class='ocrx_word' id='word_1_464' title='bbox 1235 1857 1414 1897; x_wconf 77' lang='lat' dir='ltr'>venientes,</span> <span class='ocrx_word' id='word_1_465' title='bbox 1432 1856 1463 1888; x_wconf 90' lang='lat' dir='ltr'>in</span> <span class='ocrx_word' id='word_1_466' title='bbox 1483 1856 1620 1889; x_wconf 86' lang='lat' dir='ltr'>diversis</span> <span class='ocrx_word' id='word_1_467' title='bbox 1646 1857 1814 1890; x_wconf 85' lang='lat' dir='ltr'>catholicis</span> <span class='ocrx_word' id='word_1_468' title='bbox 1831 1856 1977 1899; x_wconf 82' lang='lat' dir='ltr'>regioni-</span> 
     </span>
     <span class='ocr_line' id='line_1_86' title="bbox 1236 1910 1978 1954; baseline 0.001 -12"><span class='ocrx_word' id='word_1_469' title='bbox 1236 1911 1294 1943; x_wconf 89' lang='lat' dir='ltr'>bus</span> <span class='ocrx_word' id='word_1_470' title='bbox 1319 1910 1475 1953; x_wconf 85' lang='lat' dir='ltr'>pecunias</span> <span class='ocrx_word' id='word_1_471' title='bbox 1505 1916 1700 1954; x_wconf 83' lang='lat' dir='ltr'>quaestuare</span> <span class='ocrx_word' id='word_1_472' title='bbox 1720 1921 1778 1943; x_wconf 89' lang='lat' dir='ltr'>seu</span> <span class='ocrx_word' id='word_1_473' title='bbox 1796 1911 1978 1954; x_wconf 80' lang='lat' dir='ltr'>eleemosy-</span> 
     </span>
     <span class='ocr_line' id='line_1_87' title="bbox 1237 1963 1978 2007; baseline -0.001 -10"><span class='ocrx_word' id='word_1_474' title='bbox 1237 1974 1291 1997; x_wconf 88' lang='lat' dir='ltr'>nas</span> <span class='ocrx_word' id='word_1_475' title='bbox 1309 1964 1465 2006; x_wconf 79' lang='lat' dir='ltr'>colligere</span> <span class='ocrx_word' id='word_1_476' title='bbox 1491 1969 1713 2006; x_wconf 87' lang='lat' dir='ltr'>praesumunt,</span> <span class='ocrx_word' id='word_1_477' title='bbox 1733 1964 1837 2007; x_wconf 89' lang='lat' dir='ltr'>iisque</span> <span class='ocrx_word' id='word_1_478' title='bbox 1862 1963 1900 1996; x_wconf 88' lang='lat' dir='ltr'>ad</span> <span class='ocrx_word' id='word_1_479' title='bbox 1922 1973 1978 1997; x_wconf 90' lang='lat' dir='ltr'>eo-</span> 
     </span>
     <span class='ocr_line' id='line_1_88' title="bbox 1237 2017 1977 2060; baseline 0.001 -11"><span class='ocrx_word' id='word_1_480' title='bbox 1237 2027 1306 2050; x_wconf 86' lang='lat' dir='ltr'>rum</span> <span class='ocrx_word' id='word_1_481' title='bbox 1333 2017 1474 2050; x_wconf 87' lang='lat' dir='ltr'>schisma</span> <span class='ocrx_word' id='word_1_482' title='bbox 1499 2017 1757 2058; x_wconf 87' lang='lat' dir='ltr'>confovendum,</span> <span class='ocrx_word' id='word_1_483' title='bbox 1783 2027 1977 2060; x_wconf 88' lang='lat' dir='ltr'>erroresque</span> 
     </span>
     <span class='ocr_line' id='line_1_89' title="bbox 1237 2069 1975 2114; baseline -0.001 -11"><span class='ocrx_word' id='word_1_484' title='bbox 1237 2070 1432 2114; x_wconf 88' lang='lat' dir='ltr'>pertinacius</span> <span class='ocrx_word' id='word_1_485' title='bbox 1449 2070 1648 2110; x_wconf 88' lang='lat' dir='ltr'>retinendos,</span> <span class='ocrx_word' id='word_1_486' title='bbox 1667 2080 1796 2103; x_wconf 89' lang='lat' dir='ltr'>necnon</span> <span class='ocrx_word' id='word_1_487' title='bbox 1816 2070 1855 2103; x_wconf 88' lang='lat' dir='ltr'>ad</span> <span class='ocrx_word' id='word_1_488' title='bbox 1874 2069 1975 2113; x_wconf 90' lang='lat' dir='ltr'>ipsius</span> 
     </span>
     <span class='ocr_line' id='line_1_90' title="bbox 1236 2123 1978 2167; baseline -0.001 -10"><span class='ocrx_word' id='word_1_489' title='bbox 1236 2135 1329 2158; x_wconf 82' lang='lat' dir='ltr'>verae</span> <span class='ocrx_word' id='word_1_490' title='bbox 1344 2124 1417 2158; x_wconf 84' lang='lat' dir='ltr'>fidei</span> <span class='ocrx_word' id='word_1_491' title='bbox 1429 2129 1459 2157; x_wconf 90' lang='lat' dir='ltr'>et</span> <span class='ocrx_word' id='word_1_492' title='bbox 1468 2124 1703 2157; x_wconf 88' lang='lat' dir='ltr'>catholicorum</span> <span class='ocrx_word' id='word_1_493' title='bbox 1715 2123 1893 2167; x_wconf 90' lang='lat' dir='ltr'>perniciem</span> <span class='ocrx_word' id='word_1_494' title='bbox 1906 2133 1978 2156; x_wconf 90' lang='lat' dir='ltr'>con-</span> 
     </span>
     <span class='ocr_line' id='line_1_91' title="bbox 1238 2176 1978 2210; baseline -0.001 -1"><span class='ocrx_word' id='word_1_495' title='bbox 1238 2183 1284 2210; x_wconf 84' lang='lat' dir='ltr'>tra</span> <span class='ocrx_word' id='word_1_496' title='bbox 1309 2177 1498 2210; x_wconf 88' lang='lat' dir='ltr'>eorumdem</span> <span class='ocrx_word' id='word_1_497' title='bbox 1524 2176 1669 2210; x_wconf 83' lang='lat' dir='ltr'>fidelium</span> <span class='ocrx_word' id='word_1_498' title='bbox 1700 2182 1845 2210; x_wconf 90' lang='lat' dir='ltr'>mentem</span> <span class='ocrx_word' id='word_1_499' title='bbox 1869 2187 1906 2210; x_wconf 86' lang='lat' dir='ltr'>ac</span> <span class='ocrx_word' id='word_1_500' title='bbox 1930 2176 1978 2209; x_wconf 87' lang='lat' dir='ltr'>in-</span> 
     </span>
     <span class='ocr_line' id='line_1_92' title="bbox 1239 2228 1978 2272; baseline 0 -10"><span class='ocrx_word' id='word_1_501' title='bbox 1239 2229 1417 2262; x_wconf 89' lang='lat' dir='ltr'>tentionem</span> <span class='ocrx_word' id='word_1_502' title='bbox 1434 2229 1586 2272; x_wconf 85' lang='lat' dir='ltr'>nequiter</span> <span class='ocrx_word' id='word_1_503' title='bbox 1606 2230 1801 2262; x_wconf 85' lang='lat' dir='ltr'>abutuntur:</span> <span class='ocrx_word' id='word_1_504' title='bbox 1829 2228 1904 2262; x_wconf 88' lang='lat' dir='ltr'>binc</span> <span class='ocrx_word' id='word_1_505' title='bbox 1926 2233 1978 2262; x_wconf 84' lang='lat' dir='ltr'>est</span> 
     </span>
     <span class='ocr_line' id='line_1_93' title="bbox 1237 2282 1976 2326; baseline 0 -11"><span class='ocrx_word' id='word_1_506' title='bbox 1237 2283 1325 2326; x_wconf 87' lang='lat' dir='ltr'>quod</span> <span class='ocrx_word' id='word_1_507' title='bbox 1351 2293 1420 2323; x_wconf 90' lang='lat' dir='ltr'>nos,</span> <span class='ocrx_word' id='word_1_508' title='bbox 1445 2282 1582 2315; x_wconf 58' lang='lat' dir='ltr'>firn‘iiori</span> <span class='ocrx_word' id='word_1_509' title='bbox 1608 2282 1730 2316; x_wconf 89' lang='lat' dir='ltr'>decreti</span> <span class='ocrx_word' id='word_1_510' title='bbox 1747 2287 1779 2316; x_wconf 88' lang='lat' dir='ltr'>et</span> <span class='ocrx_word' id='word_1_511' title='bbox 1795 2282 1976 2316; x_wconf 87' lang='lat' dir='ltr'>litterarum</span> 
     </span>
     <span class='ocr_line' id='line_1_94' title="bbox 1237 2334 1976 2378; baseline 0 -10"><span class='ocrx_word' id='word_1_512' title='bbox 1237 2335 1455 2378; x_wconf 86' lang='lat' dir='ltr'>praefatarum</span> <span class='ocrx_word' id='word_1_513' title='bbox 1480 2335 1659 2368; x_wconf 85' lang='lat' dir='ltr'>executioni</span> <span class='ocrx_word' id='word_1_514' title='bbox 1685 2341 1716 2368; x_wconf 84' lang='lat' dir='ltr'>et</span> <span class='ocrx_word' id='word_1_515' title='bbox 1738 2334 1976 2376; x_wconf 85' lang='lat' dir='ltr'>observationi,</span> 
     </span>
     <span class='ocr_line' id='line_1_95' title="bbox 1236 2387 1975 2432; baseline -0.001 -11"><span class='ocrx_word' id='word_1_516' title='bbox 1236 2393 1393 2432; x_wconf 86' lang='lat' dir='ltr'>quantum</span> <span class='ocrx_word' id='word_1_517' title='bbox 1411 2399 1482 2422; x_wconf 88' lang='lat' dir='ltr'>cum</span> <span class='ocrx_word' id='word_1_518' title='bbox 1500 2388 1636 2422; x_wconf 87' lang='lat' dir='ltr'>Domino</span> <span class='ocrx_word' id='word_1_519' title='bbox 1654 2399 1840 2432; x_wconf 86' lang='lat' dir='ltr'>possumus,</span> <span class='ocrx_word' id='word_1_520' title='bbox 1852 2387 1975 2432; x_wconf 89' lang='lat' dir='ltr'>prospi-</span> 
     </span>
     <span class='ocr_line' id='line_1_96' title="bbox 1236 2442 1975 2486; baseline 0.001 -12"><span class='ocrx_word' id='word_1_521' title='bbox 1236 2452 1322 2483; x_wconf 85' lang='lat' dir='ltr'>cere,</span> <span class='ocrx_word' id='word_1_522' title='bbox 1341 2442 1505 2486; x_wconf 89' lang='lat' dir='ltr'>simulque</span> <span class='ocrx_word' id='word_1_523' title='bbox 1527 2442 1695 2475; x_wconf 88' lang='lat' dir='ltr'>damnatas</span> <span class='ocrx_word' id='word_1_524' title='bbox 1713 2442 1975 2486; x_wconf 87' lang='lat' dir='ltr'>quaestuationes</span> 
     </span>
     <span class='ocr_line' id='line_1_97' title="bbox 1235 2494 1975 2539; baseline 0 -11"><span class='ocrx_word' id='word_1_525' title='bbox 1235 2505 1293 2528; x_wconf 90' lang='lat' dir='ltr'>seu</span> <span class='ocrx_word' id='word_1_526' title='bbox 1318 2496 1598 2539; x_wconf 82' lang='lat' dir='ltr'>eleemosynarum</span> <span class='ocrx_word' id='word_1_527' title='bbox 1616 2495 1770 2529; x_wconf 87' lang='lat' dir='ltr'>collectas</span> <span class='ocrx_word' id='word_1_528' title='bbox 1786 2494 1975 2529; x_wconf 89' lang='lat' dir='ltr'>huiusmodi</span> 
     </span>
     <span class='ocr_line' id='line_1_98' title="bbox 1236 2548 1975 2591; baseline 0.001 -11"><span class='ocrx_word' id='word_1_529' title='bbox 1236 2548 1395 2591; x_wconf 86' lang='lat' dir='ltr'>impedire</span> <span class='ocrx_word' id='word_1_530' title='bbox 1421 2558 1457 2590; x_wconf 85' lang='lat' dir='ltr'>ac</span> <span class='ocrx_word' id='word_1_531' title='bbox 1482 2548 1690 2591; x_wconf 90' lang='lat' dir='ltr'>proscribere</span> <span class='ocrx_word' id='word_1_532' title='bbox 1709 2548 1864 2590; x_wconf 85' lang='lat' dir='ltr'>volentes,</span> <span class='ocrx_word' id='word_1_533' title='bbox 1884 2553 1975 2582; x_wconf 85' lang='lat' dir='ltr'>motu</span> 
     </span>
    </p>
   </div>
   <div class='ocr_carea' id='block_1_6' title="bbox 1236 2602 1974 2647">
    <p class='ocr_par' dir='ltr' id='par_1_8' title="bbox 1236 2602 1974 2647">
     <span class='ocr_line' id='line_1_99' title="bbox 1236 2602 1974 2647; baseline 0.003 -12"><span class='ocrx_word' id='word_1_534' title='bbox 1236 2602 1383 2647; x_wconf 77' lang='lat' dir='ltr'>proprio,</span> <span class='ocrx_word' id='word_1_535' title='bbox 1405 2612 1441 2636; x_wconf 87' lang='lat' dir='ltr'>ac</span> <span class='ocrx_word' id='word_1_536' title='bbox 1462 2613 1499 2635; x_wconf 78' lang='lat' dir='ltr'>ex</span> <span class='ocrx_word' id='word_1_537' title='bbox 1524 2604 1611 2637; x_wconf 77' lang='lat' dir='ltr'>certa</span> <span class='ocrx_word' id='word_1_538' title='bbox 1636 2602 1769 2637; x_wconf 79' lang='lat' dir='ltr'>scientia</span> <span class='ocrx_word' id='word_1_539' title='bbox 1794 2605 1825 2637; x_wconf 89' lang='lat' dir='ltr'>et</span> <span class='ocrx_word' id='word_1_540' title='bbox 1848 2604 1974 2637; x_wconf 73' lang='lat' dir='ltr'>matura</span> 
     </span>
    </p>
   </div>
  </div>
 </body>
</html>
