2232 3178
11 675 16 830 t

10 836 15 981 t

7 987 13 1221 ³

3 1377 9 1571 t

2 1572 7 1753 1

0 1786 5 1991 3

46 195 139 226 An.'C.
162 193 230 222 1739

64 2111 176 2132 comensuz
188 2117 222 2133 ca-

45 2138 101 2164 pituli
119 2142 222 2159 monasio-

45 2165 69 2185 rti
77 2164 151 2185 But-ani
160 2171 223 2191 super

46 2191 162 2212 nin-tatiane
176 2193 221 2212 mis-

46 2217 105 2238 sionis
122 2219 141 2239 in
164 2219 223 2239 Bmz-

45 2249 98 2269 gara.

861 189 1002 214 CLEMENS
1028 189 1072 213 ΧΠ
1096 189 1146 214 Pr.

233 241 412 278 relevatum,
436 239 495 269 una
517 248 583 270 cum
607 239 753 270 refusione
782 247 977 279 expensarum

235 298 286 329 pro
307 288 454 318 erectione
476 288 579 318 domus
601 288 803 318 missionariae
819 288 975 325 factarum,

234 337 318 368 alteri
341 337 455 367 cuidam
478 336 623 372 missioni,
647 336 773 376 hospitio
790 336 834 366 vel
852 335 977 365 fabricae

234 386 400 425 religiosae,
424 386 502 416 intra
536 385 583 415 vel
617 390 699 415 extra
723 384 977 423 Salisburgensem

235 434 426 474 provinciam,
445 443 497 473 pro
513 433 599 464 libito
621 437 650 463 et
672 434 706 464 ad
729 434 870 473 placitum
887 433 978 472 patris

235 483 423 523 provincialis
445 492 496 513 seu
524 483 688 522 superioris
722 487 837 522 patrum
860 482 978 512 Franci-

235 541 393 562 scanorum
419 532 675 571 supranominatae
686 531 909 570 Argentinensis
927 540 978 561 seu

234 581 395 620 superioris
417 581 590 611 Germaniae
614 581 780 620 provinciae
797 590 830 610 eo
847 584 977 619 tempore
998 583 1000 608 t

234 629 406 667 existentis,
430 633 458 659 et
492 639 549 659 non
582 629 678 666 aliter,
702 629 844 668 applicari
875 628 978 659 debeat

235 678 279 708 vel
302 677 404 717 possit.

277 736 290 755 (1
314 726 350 757 Ut
373 731 471 756 autem
494 726 566 756 haec
593 735 656 756 mea
679 725 816 762 intentio,
834 725 976 762 fundatio,

234 779 262 805 et
284 775 369 805 unice
392 775 427 805 ad
449 779 638 813 augmentum
662 774 754 804 divini
776 774 896 805 honoris
921 775 978 804 col—

234 823 340 854 limans
363 824 515 863 dispositio
539 833 660 863 scopum
688 833 773 853 suum
807 827 977 863 exoptatum

234 881 269 902 ex
291 881 370 902 nunc
393 881 486 911 usque
512 872 542 902 in
570 876 710 911 perpetua
741 872 855 902 saecula
885 871 979 901 invio—

235 920 362 951 labiliter
391 921 539 960 attingat,
567 921 635 951 hinc
665 930 716 960 pro
748 921 878 961 quolibet
906 925 978 951 tem-

235 978 304 1008 pore
319 974 510 1007 regnaturum
530 969 696 1009 principem
720 969 927 1000 territorialem
946 979 978 1000 ac
999 980 1000 1009 ;

234 1017 385 1047 dominum
427 1018 689 1049 clementissimum
734 1019 838 1049 harum
880 1018 978 1057 vigore
998 1031 1000 1034 ·

235 1072 381 1107 tamquam
411 1067 489 1098 illius
517 1072 717 1106 executorem,
741 1068 977 1098 confirmatorem

233 1126 265 1146 ac
289 1120 481 1156 protectorem
512 1117 739 1147 submississime
762 1117 864 1147 invoco
888 1121 976 1157 atque
999 1143 1000 1147 ,

234 1175 332 1203 exoro,
352 1170 498 1206 quatenus
520 1166 591 1196 haec
614 1175 699 1196 causa
723 1166 772 1196 Dei
801 1167 882 1196 nullo
918 1176 976 1196 non

235 1220 365 1255 tempore
388 1215 588 1255 potentissime
610 1215 727 1246 suffulta
750 1216 788 1245 sit
810 1220 838 1245 et
862 1225 976 1255 perma-

233 1268 312 1294 neat.

277 1323 291 1341 11
314 1312 346 1342 111
363 1312 446 1342 0111115
459 1312 565 1342 seriem
581 1316 609 1342 et
626 1312 826 1343 irrevocabilis
843 1313 977 1343 volunta-

234 1362 270 1392 tis
284 1370 367 1391 meae
383 1360 581 1391 testimonium
595 1370 627 1391 ac
640 1360 820 1399 firmitatem,
835 1361 886 1391 has
902 1361 977 1391 litte-

233 1419 280 1439 ras
296 1409 416 1449 propria
436 1418 524 1439 manu
548 1409 727 1449 subscripsi,
745 1413 773 1439 et
796 1418 860 1440 meo
879 1410 976 1448 sigillo

233 1458 358 1497 munivi,
381 1462 410 1488 et
431 1458 504 1488 duos
527 1462 616 1488 testes
639 1467 690 1497 pro
719 1457 897 1488 simultanea
925 1468 977 1489 ex-

234 1506 383 1546 peditione
405 1506 534 1536 studiose
550 1506 662 1545 rogavi.
679 1506 784 1537 Actum
800 1507 974 1546 Salisburgi,

234 1556 264 1585 in
281 1555 403 1586 aedibus
418 1555 633 1594 Wengerianis,
648 1565 682 1585 ex
698 1556 819 1586 adverso
835 1557 976 1587 ecclesiae

234 1605 382 1645 quondam
406 1604 582 1644 parochialis
614 1604 697 1637 sitis.
722 1605 750 1634 in
774 1607 840 1635 mea
863 1605 977 1636 habita—

235 1654 313 1684 tione
329 1663 417 1693 supra
435 1658 494 1683 tres
509 1653 614 1690 scalas,
631 1663 645 1683 a
663 1658 792 1693 tempore
808 1655 976 1685 salutiferae

232 1703 400 1734 Nativitatis
423 1702 533 1733 Christi
561 1703 607 1732 die
632 1712 677 1733 xvr
700 1703 867 1733 novembris
898 1714 975 1735 anno

233 1760 400 1782 mcccxxxv.
426 1770 459 1773 —
484 1751 515 1781 L.
535 1750 563 1781 S.
582 1752 665 1781 ΑΝΝΛ
687 1752 836 1782 Tanai-:sni
855 1752 975 1783 (11101113Ἷ

232 1804 299 1830 11313
323 1800 582 1837 ΒΑῐ11111100111ῑῑ11Ν;
605 1800 638 1830 T.
662 1800 816 1831 51051111
840 1801 976 1831 11011151-

232 1858 289 1880 nns
306 1857 324 1879 Α
340 1849 478 1879 KAFLERN
495 1848 526 1878 S.
540 1848 645 1887 Cacrr,
662 1849 847 1880 consiliarius
863 1850 975 1880 aulicus

232 1902 261 1929 et
283 1897 410 1928 civitatis
432 1897 587 1936 syndicus,
612 1898 729 1928 nomine
758 1900 973 1937 procuratoris,

232 1947 265 1978 T.
281 1947 307 1978 S.
321 1946 452 1977 Mran'eL
464 1945 599 1976 nemra
612 1947 723 1985 consul,
741 1947 822 1977 testis
838 1953 973 1987 rogatus3

232 1996 265 2026 T.
282 1995 311 2027 S.
328 1995 464 2026 lemnus
487 1994 732 2026 Cumsropnosscs
755 1996 873 2026 Mazonc
892 2006 975 2027 sena-

233 2050 288 2084 tor,
313 2044 395 2075 testis
417 2056 444 2074 ».

273 2094 427 2125 Praeterea
450 2093 610 2134 saepedicti
633 2094 823 2134 provincialis
852 2098 879 2125 et
906 2105 975 2125 0011-

233 2147 338 2173 ventus
370 2141 453 2172 nobis
485 2142 647 2172 humillime
669 2148 880 2182 exposuerunt,
904 2153 975 2184 qua-

234 2191 302 2221 liter
324 2190 512 2229 venerabilis,
541 2191 664 2221 dilectus
698 2195 726 2221 et
759 2191 852 2221 fidelis
881 2193 976 2222 consi-

233 2239 336 2270 liarius
364 2243 464 2269 noster
485 2239 701 2270 ecclesiasticus
734 2240 856 2279 Marting
885 2240 974 2271 abbas

233 2288 355 2318 Michael
377 2287 497 2324 Buram,
521 2297 635 2317 necnon
660 2289 739 2327 prior
761 2293 789 2318 et
812 2294 975 2319 conventus

233 2337 353 2376 ibidem,
378 2345 552 2367 consensum
576 2336 611 2366 ab
639 2337 679 2367 eis
708 2337 820 2368 ratione
852 2338 974 2369 dominii

234 2387 338 2418 directi
360 2387 456 2417 debite
478 2387 640 2426 expetitum
659 2387 712 2417 sub
729 2388 817 2418 certis
833 2388 976 2419 honestis-

234 2444 290 2475 que
312 2435 531 2466 conditionibus
551 2436 762 2475 praestiterint,
779 2436 814 2466 ad
832 2436 973 2466 intentam

234 2485 352 2514 domum
376 2484 525 2514 missionis
548 2485 577 2514 in
599 2485 725 2524 quodam
750 2486 836 2516 fundo
857 2496 908 2525 per
924 2496 975 2517 no-

1021 238 1150 268 secturae
1192 242 1309 268 nostrae
1351 237 1586 268 Taxenbacensis
1626 237 1766 268 benevole

1022 287 1117 318 oblato
1142 287 1366 326 aedificandam,
1384 287 1426 317 uti
1448 287 1584 317 similiter
1604 287 1765 326 patentales

1021 337 1147 377 desuper
1170 337 1332 376 expeditae,
1358 341 1385 367 et
1416 337 1501 366 nobis
1532 337 1560 366 in
1590 336 1765 375 antigrapho

1022 385 1077 415 fide
1101 385 1190 423 digno
1214 385 1361 415 exhibitae
1391 385 1548 415 ostendunt
1580 385 1690 415 tenoris
1720 393 1763 414 se-

1021 434 1136 474 quentis
1151 444 1157 462 :

1064 493 1077 511 (1
1094 482 1151 512 Nos
1173 482 1327 519 Martinus,
1344 482 1394 512 Dei
1416 482 1512 520 gratia
1532 481 1619 511 abbas
1643 490 1764 511 venera-

1021 530 1089 560 bilis
1119 531 1259 561 ecclesiae
1283 536 1310 561 et
1334 531 1504 561 monasterii
1527 530 1647 560 Micha'e'l
1670 530 1764 560 Burae

1021 578 1138 609 Ordinis
1161 580 1254 609 sancti
1272 580 1361 619 patris
1378 579 1526 609 Benedicti
1549 579 1579 608 in
1601 578 1765 608 archidioe-

1021 627 1080 657 cesi
1112 627 1332 666 salisburgensi
1368 628 1489 665 situati,
1527 631 1608 666 pater
1640 627 1764 656 Ioannes

1022 676 1149 716 Baptista
1178 676 1356 706 Aichhamer
1389 686 1416 716 p.
1442 682 1462 706 t.
1489 676 1590 715 prior,
1613 678 1670 706 una
1696 685 1762 706 cum

1022 729 1081 755 toto
1104 729 1248 755 conventu
1271 725 1401 763 ibidem,
1436 726 1538 755 harum
1563 725 1687 761 virtute,
1711 734 1763 764 pro

1021 773 1128 810 nobis,
1161 773 1269 803 nostris
1302 772 1522 803 successoribus
1553 777 1582 802 et
1615 772 1762 811 ecclesia,

1021 822 1137 862 publice
1159 826 1259 852 notum
1293 822 1413 852 facimus
1446 821 1592 851 universis
1607 845 1614 859 ,
1638 830 1762 860 quorum

1022 871 1144 901 interest
1178 874 1204 900 et
1236 870 1342 910 quibus
1373 870 1448 900 scire
1479 869 1614 908 expedit,
1638 870 1764 908 qualiter

1022 919 1144 949 multum
1169 919 1364 949 reverendum
1388 923 1499 958 patrem
1520 918 1670 957 Benjamin
1694 927 1722 957 p.
1741 922 1761 947 t.

1022 968 1157 998 minister
1186 967 1375 1007 provincialis
1398 967 1520 997 fratrum
1543 967 1686 997 Minorum
1711 967 1764 996 Re-

1021 1018 1210 1047 collectorum
1236 1016 1395 1056 superioris
1418 1016 1607 1046 Alemanniae
1639 1015 1763 1055 supplici

1021 1065 1121 1096 libello
1151 1065 1234 1095 nobis
1262 1064 1452 1103 exposuerit,
1477 1073 1532 1103 qna
1562 1064 1675 1094 ratione
1707 1064 1764 1094 cel-

1022 1115 1137 1145 sissimo
1163 1124 1196 1143 30
1223 1113 1468 1144 reverendissimo
1497 1113 1621 1152 principi
1645 1113 1763 1143 domino

1022 1164 1141 1194 domino
1169 1167 1268 1193 nostro
1291 1162 1521 1193 clementissimo
1544 1163 1704 1203 placuerit,
1728 1163 1764 1193 ad

1023 1214 1254 1252 prosequendam
1287 1217 1316 1242 et
1347 1211 1509 1250 augendam
1542 1212 1712 1242 missionem
1734 1213 1763 1243 in

1021 1261 1154 1300 Binzgaia
1177 1261 1248 1301 ipsis
1264 1260 1432 1292 reverendis
1448 1260 1580 1300 patribus
1596 1261 1764 1292 Francisca-

1021 1311 1067 1341 nis
1082 1311 1247 1349 regularem
1264 1309 1382 1340 domum
1399 1313 1427 1339 et
1445 1310 1586 1349 capellam
1609 1310 1639 1340 in
1662 1310 1764 1341 eodem

1020 1360 1169 1398 districtu,
1193 1358 1243 1389 ubi
1266 1359 1363 1388 locum
1386 1358 1612 1389 necessitatibus
1635 1359 1695 1389 suis
1717 1369 1764 1390 ac-

1020 1410 1172 1440 comodum
1209 1408 1400 1447 invenerint,
1437 1408 1605 1449 ibidemque
1641 1409 1763 1440 fundum

1020 1459 1216 1498 obtinuerint,
1240 1458 1409 1497 erigendam
1431 1458 1602 1488 concedere.
1620 1458 1690 1489 Cum
1710 1459 1764 1489 ita-

1019 1519 1087 1548 que,
1112 1512 1198 1548 prout
1220 1508 1400 1547 accepimuS,
1424 1511 1594 1546 competens
1617 1508 1724 1538 fundus
1747 1518 1762 1538 a

1020 1561 1121 1587 nostro
1167 1556 1318 1595 nostrique
1365 1556 1536 1586 monasterii
1574 1557 1762 1596 emphyteuta

1020 1605 1146 1636 Antonio
1170 1605 1292 1644 losepho
1316 1604 1433 1634 Placido
1451 1604 1583 1634 Trauner
1606 1604 1762 1635 affectuose

1019 1654 1134 1685 oblatus
1157 1654 1256 1689 suerit,
1280 1658 1308 1684 et
1330 1654 1410 1684 solus
1438 1663 1599 1684 consensus
1622 1663 1656 1684 ex
1679 1660 1761 1694 parte

1019 1704 1139 1734 dominii
1157 1703 1261 1733 directi
1278 1703 1374 1733 adhuc
1392 1702 1589 1732 desideretur:
1607 1712 1670 1741 nos,
1688 1712 1761 1743 opus

1019 1751 1285 1782 laudabilissimum
1301 1751 1469 1781 nullatenus
1492 1751 1652 1788 retardare,
1670 1753 1762 1782 multo

1019 1801 1117 1831 minus
1139 1800 1296 1840 impedire,
1316 1800 1365 1830 sed
1388 1804 1532 1839 quantum
1555 1810 1589 1830 ex
1612 1800 1697 1830 nobis
1719 1805 1762 1831 est

1019 1850 1098 1880 omni
1122 1850 1169 1880 via
1192 1858 1364 1889 promovere
1386 1849 1585 1888 intendentes,
1611 1850 1698 1880 huius
1722 1850 1763 1880 vi-

1018 1908 1088 1938 gore
1124 1898 1311 1938 impertimur
1346 1907 1522 1928 consensum
1562 1903 1694 1929 nostrum
1732 1901 1762 1929 111

1018 1948 1129 1988 optima
1155 1948 1245 1978 forma
1276 1956 1332 1987 qna
1355 1948 1544 1978 conformiter
1570 1948 1688 1978 statutis
1711 1959 1762 1979 no-

1018 1997 1086 2028 stris
1109 1995 1338 2037 provincialibus
1360 1996 1506 2036 impertiri
1530 2000 1635 2036 potest,
1653 1997 1762 2037 absque

1019 2045 1165 2086 praesenti
1194 2045 1382 2085 impositione
1410 2045 1539 2075 cuiusvis
1573 2046 1694 2076 canonis
1717 2046 1762 2076 rel

1018 2095 1143 2125 aliarum
1180 2095 1466 2134 empliyteuticarum
1508 2095 1760 2134 praestationum,

1018 2153 1101 2184 quas,
1126 2144 1198 2174 sicut
1234 2144 1329 2183 ipsum
1362 2143 1526 2174 dominium
1554 2144 1710 2183 directum,
1735 2149 1763 2175 et

1018 2197 1112 2223 cetera
1146 2193 1210 2223 iura
1241 2193 1325 2223 nobis
1356 2192 1450 2232 (casu
1484 2203 1540 2232 quo
1575 2196 1647 2223 haec
1680 2203 1763 2224 sacra

1018 2242 1119 2272 missio
1151 2242 1238 2272 citius
1271 2242 1315 2272 vel
1348 2242 1442 2272 serius
1474 2243 1711 2281 extingueretur,
1735 2246 1764 2272 et

1017 2292 1091 2321 sorte
1114 2291 1280 2321 necessaria
1305 2291 1431 2330 amplius
1454 2301 1510 2321 non
1534 2292 1619 2330 soret,
1654 2301 1686 2322 ac
1712 2302 1762 2331 por

1017 2349 1202 2379 consequens
1235 2340 1306 2370 haec
1343 2340 1446 2370 domus
1482 2350 1548 2370 cum
1576 2340 1762 2379 pertinentiis

1018 2389 1053 2419 ad
1076 2389 1147 2419 alias
1169 2399 1255 2429 quam
1273 2389 1376 2418 similis
1393 2390 1467 2419 sacri
1484 2388 1602 2419 Ordinis
1622 2398 1760 2428 personas

999 2437 1232 2475 devolveretur,
1255 2441 1304 2467 aut
1327 2446 1511 2476 quocumque
1534 2437 1651 2467 demum
1676 2438 1760 2467 modo

1017 2486 1226 2516 Traunerianis
1264 2485 1479 2525 possessoribus
1517 2485 1646 2524 ibidem,
1686 2487 1761 2516 sicut

235 2538 326 2564 strum
353 2533 492 2564 dilectum
520 2538 549 2564 et
579 2534 693 2564 fidelem
716 2534 875 2565 Antonium
899 2536 975 2566 Iose-
1018 2535 1158 2575 aequitati
1181 2535 1331 2573 convenit,
1355 2539 1422 2564 ante
1445 2544 1546 2564 omnes
1569 2535 1640 2565 alios
1662 2535 1760 2565 redhi-

233 2582 322 2622 phum
346 2582 495 2613 Placidum
518 2582 650 2613 Trauner
669 2583 867 2614 llundsdorsfii
891 2594 975 2624 prae-
1018 2585 1151 2625 beretur)
1173 2588 1321 2615 reservata
1345 2584 1488 2615 volumus.
1506 2584 1596 2621 Quem
1618 2584 1649 2615 in
1671 2584 1759 2615 finem

320 2641 400 2669 Butt.
422 2641 506 2669 Rom.
526 2657 559 2661 —
585 2642 646 2671 t'ot.
666 2642 769 2672 XXIV.
900 2643 932 2669 67

1662 178 1725 213 529
1772 188 1823 216 An.
1841 188 1868 216 c.
1894 189 1958 217 1130
