2232 3178
55 205 106 233 An.
126 203 155 231 C.
172 201 240 230 1735

87 372 236 396 Trausumpto-

55 404 99 420 rum
114 398 174 418 fides.

87 1536 229 1558 Prooemium.

860 199 1001 224 CLEMENS
1024 197 1070 222 xit
1093 198 1142 222 PP.

249 249 356 290 cessis,
373 248 570 282 confirmatis
596 253 626 282 et
650 248 835 291 innovatis3
862 248 990 281 ceteris·

249 312 310 345 que
336 301 507 334 contrariis
533 301 803 345 quibuscumque.

291 354 363 397 §la
396 355 551 387 Volumus
587 360 695 387 autem
730 360 766 386 ut
800 354 989 387 earumdem

247 407 470 451 praesentium
495 407 676 440 litterarum
700 407 874 450 exemplis,
902 405 975 439 etc.¹

290 460 406 493 Datum
432 460 565 501 Romae,
584 460 669 502 apud
695 459 726 492 S.
746 459 877 491 Mai-iam
895 458 992 491 Maio-

248 523 326 551 rem,
342 512 401 544 sub
417 513 537 545 annulo
557 511 742 552 piscatoris,
761 511 813 544 die
830 511 906 544 xtu²
923 510 991 543 iulii

246 575 428 605 unccxxxv,
455 564 666 608 pontificatus
695 564 799 597 nostri
827 574 912 596 anno
937 562 990 596 ν’.

284 627 342 654 Dat.
364 627 408 654 die
430 627 462 655 13
483 627 539 654 iulii
562 627 640 661 1735,
661 626 758 663 pontis.
779 634 851 653 anno
870 633 897 653 r.

572 769 671 803 CLXI.

249 849 445 882 Declaratur
468 848 555 892 quod
584 850 738 882 ministro
762 848 910 892 qenerali
936 848 994 882 Or-

294 903 384 935 dinis
407 903 513 935 sancti
541 903 711 935 Francisez'
736 902 994 946 Capncez'norum

295 959 323 987 et
348 955 552 988 secundariis
576 955 800 999 superioribus
825 955 864 988 ab
889 966 922 988 eo
942 955 994 988 de-

293 1007 510 1051 pendentibus
537 1013 706 1052 tamqnam
729 1009 813 1041 veris
838 1013 867 1041 et
892 1008 995 1052 teyz'tz'-

294 1061 358 1093 mis
391 1061 474 1103 filiis
510 1061 651 1094 eiusdem
683 1063 789 1094 sancti
822 1061 996 1095 Francisci

295 1115 464 1147 conveniat
499 1118 526 1147 et
555 1119 711 1157 competat
736 1115 772 1147 in
795 1125 996 1158 quocumque

297 1167 374 1207 Ioco,
388 1167 530 1208 civitate,
545 1168 714 1211 provincie?
729 1173 758 1201 et
770 1179 880 1211 reqno,
897 1169 995 1201 etiam

294 1219 351 1252 ubi
365 1220 429 1252 aliz·
452 1221 610 1253 Tertiarii
629 1221 772 1254 eiusdem
798 1221 935 1255 Ordinis
951 1232 996 1255 re-

293 1272 484 1315 periuntur,
512 1274 655 1317 eriyere,
678 1275 847 1307 instituere
870 1279 900 1307 et
923 1275 997 1317 fun-

296 1325 375 1359 dare
399 1327 694 1369 confraternitates.

461 1406 601 1434 Clemens
623 1406 703 1440 Papa
723 1407 788 1440 xn,

395 1451 432 1478 ad
451 1451 589 1478 futuram
608 1451 652 1478 rei
667 1451 854 1478 memoriam.

298 1523 506 1566 Apostolicae
532 1523 698 1556 servitutis
723 1522 879 1562 osticium,
912 1521 998 1566 quod

254 1575 474 1609 inscrutabilis
493 1575 672 1619 sapientiae
691 1581 788 1618 atque
807 1576 999 1609 clementiae

253 1628 310 1661 Dei
336 1628 473 1661 altitudo
500 1628 676 1661 humilitati
702 1634 845 1668 nostrae,
872 1628 998 1661 meritis

254 1681 330 1714 licet
349 1687 380 1713 et
398 1681 521 1713 viribus
540 1682 636 1723 longe
654 1681 781 1724 impari,
799 1681 998 1713 committere

225 1756 229 1760 -
255 1734 387 1777 dignata
404 1740 460 1773 est,
480 1734 592 1776 exigit,
617 1739 652 1766 ut
677 1735 716 1767 ad
742 1745 790 1773 ea,
808 1745 892 1777 quae
918 1734 1000 1778 pro⁴

96 2270 215 2293 nectamini
226 2273 251 2294 do

70 2303 110 2324 qua
124 2300 143 2319 ln
159 2300 251 2320 rubrica.

255 1787 517 1820 christifidelium
535 1787 593 1819 sub
612 1787 842 1830 religiosorum
858 1788 998 1820 virorum

254 1840 287 1873 in
312 1840 406 1873 vinea
430 1840 558 1873 Domini
589 1845 721 1873 strenue
748 1841 998 1874 allaborantium

256 1893 436 1926 directione
463 1893 496 1925 in
520 1894 618 1926 rebus
643 1894 681 1926 ad
708 1893 836 1937 pietatis
855 1899 887 1927 et
903 1894 1000 1927 devo-

256 1947 352 1980 tionis
378 1957 478 1990 opera
505 1947 690 1991 gratiasque
717 1947 905 1991 spirituales
926 1958 1000 1991 per-

257 2000 438 2034 tinentibus
463 2000 682 2034 conducibilia
706 2011 774 2034 esse
799 2006 998 2041 noscuntur,

257 2054 398 2088 libenter
423 2054 642 2095 intendamus,
663 2054 753 2095 sicut,
775 2065 896 2095 rerum,
917 2055 1001 2088 loco-

257 2117 342 2148 rum,
358 2112 543 2151 temporum
563 2113 594 2140 et
608 2117 827 2151 personarum
846 2108 1000 2151 qualitate

258 2165 384 2193 mature
408 2163 581 2205 perpensa,
606 2161 779 2194 salubriter
804 2161 837 2193 in
862 2160 999 2194 Domino

263 2213 416 2255 expedire
441 2214 648 2247 arbitramur.

306 2266 320 2307 ἓ
350 2265 393 2298 1.μ
415 2266 711 2310 Supplicationibus
747 2266 855 2309 itaque
892 2267 1000 2299 dilecti

262 2317 319 2350 lilii
335 2318 576 2352 Bonaventurae
595 2331 612 2352 a
629 2319 775 2353 Ferraria
789 2319 930 2352 ministri
949 2330 1001 2362 ge-

263 2370 383 2404 neralis
408 2371 534 2405 Ordinis
561 2373 693 2405 fratrum
719 2372 879 2406 Minorum
900 2372 1000 2405 sancti

299 2462 308 2486 1
332 2458 443 2495 Reliqua
463 2463 491 2486 ut
511 2469 593 2495 supra
612 2469 672 2496 pag.
694 2461 727 2488 28
747 2470 765 2488 a
784 2464 822 2495 (n.
838 2465 887 2491 T.).

296 2504 313 2530 2
327 2503 404 2530 Fors.
414 2504 582 2539 15,alioquin
591 2504 659 2532 foret
668 2505 806 2539 praemitt.
817 2513 910 2540 praec.
920 2505 999 2540 (uxr).

296 2548 311 2575 3
327 2549 349 2574 Α
364 2547 500 2574 creatione
516 2556 589 2575 anno
606 2554 632 2574 vt
645 2549 684 2583 (a,
701 2549 750 2584 12).

297 2594 310 2619 k
331 2592 484 2627 praeposit.
503 2601 556 2627 pro
576 2601 624 2619 nos
644 2592 768 2620 addimus
789 2593 828 2628 (n.
845 2593 881 2629 r).

1695 188 1733 221 61

1033 247 1197 279 Francisci
1218 246 1472 290 Capuceinorum
1498 250 1772 289 nuncupatorum,

1034 310 1069 331 ac
1087 299 1183 332 etiam
1202 305 1289 332 motu
1308 299 1443 343 proprio
1462 305 1492 332 et
1509 310 1544 332 ex
1564 300 1652 332 certa
1673 299 1776 345 scien-

1036 351 1078 383 tia
1096 362 1131 384 ac
1156 354 1281 384 matura
1307 352 1546 385 deliberatione
1571 351 1702 391 nostris,
1725 351 1776 383 de-

1035 414 1099 445 que
1125 405 1323 447 apostolicae
1348 404 1519 447 potestatis
1545 404 1750 448 plenitudine
1767 431 1774 444 ,

1034 462 1069 488 ut
1094 456 1154 488 sibi
1174 462 1205 489 et
1229 468 1288 500 pro
1316 463 1460 500 tempore
1487 457 1700 490 existentibus
1720 457 1777 488 mi-

1035 508 1139 542 nistro
1166 510 1310 552 generali
1330 515 1360 542 et
1381 510 1582 542 secundariis
1602 510 1778 552 superiori-

1036 562 1095 593 bus
1111 562 1149 593 ab
1168 572 1206 595 eo
1225 562 1498 604 dependentibus,
1515 568 1675 605 tamquam
1693 564 1776 596 veris

1037 620 1068 647 et
1091 615 1244 657 legitimis
1265 615 1338 647 siliis
1364 615 1508 648 eiusdem
1535 616 1566 648 S.
1595 617 1776 655 Francisci,

1037 668 1208 700 conveniat
1245 673 1277 700 et
1312 674 1477 711 competat
1513 669 1543 701 in
1571 680 1776 713 quocumque

1037 722 1119 761 loco,
1142 721 1282 761 civitate,
1300 721 1467 764 provincia
1488 728 1518 755 et
1542 733 1655 765 regno,
1682 723 1778 756 etiam

1037 774 1092 806 ubi
1111 774 1165 807 alii
1183 774 1329 807 Tertiarii
1345 775 1489 808 eiusdem
1504 775 1632 808 Ordinis
1649 776 1711 808 iam
1730 786 1780 809 re-

1037 828 1219 870 periuntur,
1246 828 1384 871 erigere,
1410 828 1577 861 instituere
1596 834 1626 861 et
1645 829 1779 862 [undare

1036 881 1217 924 praefatum
1243 881 1386 914 Tertium
1405 881 1555 914 Ordinem
1576 893 1633 924 pro
1653 882 1780 924 quibus-

1038 944 1174 977 cumque
1193 934 1253 978 piis
1272 940 1302 967 et
1324 935 1448 968 devotis
1467 935 1617 978 personis
1635 937 1781 968 saecula-

1037 987 1129 1020 ribus
1155 988 1324 1031 utriusqne
1345 998 1451 1027 sexuS,
1471 994 1568 1031 atque
1589 988 1780 1020 huiusmodi

1038 1040 1136 1073 Tertii
1169 1040 1298 1073 Ordinis
1335 1040 1575 1084 professoribus
1613 1042 1781 1084 scapulare

1039 1093 1103 1126 sive
1129 1093 1277 1126 habitum
1296 1104 1366 1126 cum
1390 1092 1545 1136 cingulo¹
1571 1094 1730 1133 conferre,
1749 1094 1782 1126 in

1038 1147 1137 1180 rebus
1150 1147 1375 1190 spiritualibus
1395 1147 1549 1190 dirigere,
1572 1147 1603 1179 in
1623 1147 1716 1180 tertia
1733 1157 1783 1179 re-

1040 1201 1114 1242 gula
1139 1200 1309 1233 memorati
1336 1200 1367 1232 S.
1391 1200 1549 1232 Francisci
1580 1200 1783 1232 observanda

1040 1252 1187 1295 privatim
1214 1258 1245 1285 et
1270 1252 1402 1296 publice
1436 1263 1490 1285 eos
1518 1253 1655 1285 edocere
1682 1258 1713 1285 et
1737 1252 1783 1284 in-

1040 1311 1178 1346 struere.
1194 1311 1292 1349 utque
1313 1305 1373 1349 ipsi
1393 1305 1541 1339 Tertiarii
1560 1317 1576 1338 a
1595 1306 1783 1349 Capuccinis

1041 1359 1162 1403 recepti
1188 1358 1322 1392 omniuo
1349 1360 1492 1402 gaudere
1511 1364 1607 1402 atque
1626 1359 1671 1391 uti
1685 1359 1696 1375 ²
1713 1370 1784 1402 pos-

1041 1413 1105 1445 sint
1124 1418 1155 1445 et
1173 1412 1316 1445 debeant
1343 1413 1494 1446 omnibus
1521 1418 1551 1445 et
1571 1412 1704 1454 singulis
1723 1412 1785 1456 pri·

1041 1465 1176 1507 vilegiis,
1195 1465 1420 1508 indulgentiis,
1438 1466 1550 1508 gratiis
1568 1471 1597 1498 et
1619 1465 1783 1498 favoribus

1042 1528 1077 1550 ac
1095 1518 1331 1561 praerogativis
1348 1529 1407 1562 per
1427 1518 1544 1551 Sedem
1564 1518 1785 1561 Apostolieam

1042 1570 1152 1604 Ordini
1178 1571 1414 1604 Tertiariorum
1447 1582 1463 1604 a
1485 1581 1691 1614 quocumque
1727 1570 1786 1603 ini-

1043 1624 1144 1657 nistro
1174 1624 1319 1667 generali
1358 1624 1612 1667 dependentium
1639 1624 1699 1656 sub
1725 1634 1782 1656 suo

1042 1677 1159 1720 capite,
1173 1677 1227 1720 qui
1246 1687 1328 1710 unus
1347 1682 1396 1710 est
1421 1677 1509 1710 idem
1526 1676 1555 1709 S.
1575 1676 1780 1716 Franciscus,

1042 1730 1120 1763 alias
1149 1730 1315 1763 concessis
1348 1731 1396 1763 vel
1422 1730 1635 1773 imposterum
1669 1739 1785 1762 conce-

1043 1782 1175 1823 dendis,
1205 1789 1320 1816 tenore
1339 1783 1560 1826 praesentium
1581 1783 1783 1815 declaramus

1043 1841 1075 1868 et
1099 1835 1283 1868 statuimus.

1087 1889 1101 1932 ξ
1126 1888 1156 1921 Q.
1185 1889 1418 1929 Decernentes,
1442 1889 1572 1922 easdem
1593 1892 1784 1932 praesentes

1043 1943 1168 1975 litteras
1193 1952 1322 1985 semper
1346 1941 1457 1974 firmas
1483 1941 1568 1974 etc.³

1086 1996 1101 2039 g
1125 1996 1157 2028 3.
1184 1994 1255 2028 Non
1273 1994 1478 2028 obstantibus
1499 1994 1785 2027 constitutionibus

1043 2054 1074 2083 et
1106 2048 1370 2082 ordinationibus
1404 2048 1621 2091 apostolicis,
1655 2058 1785 2081 necnon

1043 2109 1200 2147 quatenus
1233 2113 1315 2146 opus
1356 2102 1419 2142 sit,
1445 2101 1662 2146 praefatorum
1695 2102 1785 2135 Ordi-

1043 2167 1143 2197 num,
1169 2156 1266 2189 etiam
1298 2155 1508 2193 iuramento,
1540 2154 1784 2187 confirmatione

1043 2210 1233 2253 apostolica,
1258 2210 1307 2242 vel
1334 2209 1444 2252 quavis
1469 2207 1623 2240 firmitate
1648 2207 1710 2240 alia
1734 2217 1785 2238 ro-

1043 2263 1167 2296 boratis
1188 2289 1195 2303 ‚
1234 2262 1363 2294 statutis
1400 2267 1431 2295 et
1466 2260 1785 2297 consuetudinibus,

1043 2315 1221 2359 privilegiis
1252 2324 1405 2357 quoque,
1439 2313 1572 2345 indultis
1606 2317 1638 2344 et
1668 2311 1784 2343 litteris

1043 2367 1232 2412 apostolicis
1277 2368 1308 2399 in
1356 2366 1553 2400 contrarium
1596 2363 1784 2406 praemisso-

1043 2432 1114 2455 rum
1140 2419 1387 2465 quomodolibet
1412 2418 1585 2456 concessis,
1612 2416 1782 2449 confirma—

1080 2502 1089 2527 1
1113 2500 1163 2527 Ed.
1181 2500 1263 2527 Main.
1280 2499 1344 2534 legit
1358 2498 1469 2531 sinynlo
1487 2504 1535 2531 pro
1550 2496 1663 2529 einqulo
1677 2496 1706 2529 (u
1732 2496 1780 2528 Τ.),

1079 2547 1094 2572 ⁶2
1114 2545 1163 2571 Ed.
1185 2544 1263 2571 Maia,
1287 2543 1352 2577 legit
1374 2547 1400 2568 ul
1424 2550 1469 2576 pro
1496 2541 1537 2567 uti
1556 2546 1593 2574 tu.
1611 2545 1659 2572 Γ).

1083 2593 1090 2616 1
1116 2589 1227 2623 Reliqua
1250 2592 1275 2614 ut
1297 2594 1376 2621 supra
1398 2594 1458 2620 pag.
1479 2584 1511 2610 42
1533 2584 1547 2609 b
1567 2587 1604 2617 (u,
1622 2590 1636 2609 Τ
1653 2590 1669 2618 ).

1787 196 1835 222 An.
1858 195 1886 223 C.
1903 196 1970 224 1735

1834 1894 1978 1915 Praesenuum

1795 1920 1914 1941 litterarum
1946 1925 1979 1941 lir-

1795 1950 1865 1968 milas.

1822 2000 1981 2021 Contrariorum

1795 2027 1915 2053 derogatio.
