2232 3178
12 2673 15 2694 l

44 195 135 224 Amc.
159 195 223 222 ¹739
861 191 1004 216 CLEMENS
1028 190 1073 215 ΧΠ
1097 190 1146 214 PP.

238 251 288 282 per
311 246 437 281 quatuor
470 245 518 271 aut
541 250 593 271 sex
615 250 730 271 menses
752 240 782 270 in
806 239 977 279 probatione

237 290 415 327 manebunt;
439 299 496 329 quo
519 294 650 329 tempore
673 290 801 319 osticium
825 289 862 318 sit
884 293 978 318 recto·
999 309 1000 323 1

237 340 289 377 115,
311 339 437 368 ministri
460 343 489 369 et
512 339 675 369 studiorum
699 338 836 378 praefecti
860 338 895 367 de
917 346 977 367 1110-

237 387 330 426 ribus,
355 387 471 424 indole,
495 387 623 426 ingenio,
648 387 814 417 valetudine
837 391 863 416 et
894 396 978 416 voca-

238 437 317 466 tione
333 436 434 466 sedulo
449 437 613 476 inquirere,
628 441 669 474 ut,
684 436 707 465 si
724 436 789 475 quis
805 436 902 465 minus
917 435 978 464 ido-

237 494 309 515 neus
331 485 507 524 reperiatur,
525 494 590 515 cum
609 494 730 514 assensu
753 484 977 514 eminentissimi

238 534 415 573 protectoris
438 534 535 564 statim
558 533 736 563 dimittatur.

277 582 382 621 Elapso
416 582 599 622 probationis
633 586 762 621 tempore
790 581 820 610 in
843 581 978 610 alumnos

236 630 392 670 cooptandi
414 640 466 670 per
490 630 656 670 spiritualia
678 629 819 660 exercitia
842 630 877 659 de
900 629 979 658 iura-

237 684 336 710 mento
360 680 534 719 praestando
552 689 567 709 a
584 680 729 719 praefecto
746 679 867 719 spiritus
884 678 978 708 triduo

236 729 442 768 instruantur3
465 728 571 768 quibus
594 728 754 767 absolutis,
778 728 978 758 iuramentum
1000 739 1001 753 1

237 778 272 808 ab
295 778 461 808 Alexandro
478 778 528 808 vll
550 778 764 818 praescriptum
782 786 879 807 coram
896 782 978 816 patre

236 832 350 858 rectore
366 831 525 867 praestent,
543 826 753 857 subscribendo
776 826 899 856 ulterius
922 826 978 856 for-

237 877 345 907 mulam
370 877 511 917 praedicti
532 877 702 914 iuramenti,
720 876 804 906 63135
826 876 979 915 exemplar

236 935 336 956 sacrae
370 926 594 964 Congregationi
627 926 663 956 de
694 925 885 965 Propaganda
908 924 978 954 Fide

237 974 414 1005 servandum
437 974 581 1004 tradatur.

363 1035 396 1054 De
410 1035 555 1053 alumnorum
569 1034 704 1053 dimissione
719 1035 744 1053 et.
758 1034 851 1053 viatico.

278 1073 409 1112 Alumni,
434 1073 484 1113 qui
501 1073 664 1103 studiorum
681 1082 801 1103 cursum
816 1072 980 1112 compleve-

237 1127 322 1161 runt,
346 1127 374 1153 et
395 1123 430 1153 ad
453 1132 568 1153 sacrum
593 1123 815 1162 presbyteratus
845 1123 978 1152 ordinem

238 1172 358 1202 fuerunt
377 1172 488 1210 evecti,
515 1172 685 1211 priusquam
709 1172 742 1201 ad
767 1172 890 1210 Angli-ae
913 1171 980 1200 mis-

238 1221 349 1250 sionem
373 1221 579 1260 expediantur,
599 1221 749 1260 deputatis
772 1221 980 1250 examinatori-

239 1269 294 1300 bus
315 1270 351 1299 ab
373 1270 606 1300 eminentissimo
629 1274 793 1309 protectore
817 1278 915 1298 coram
932 1278 982 1308 pa-

239 1324 284 1350 tre
306 1325 419 1350 rectore
442 1320 576 1358 diligenti
608 1318 803 1349 subiiciantur
835 1318 979 1354 examini,

239 1373 268 1399 et
285 1369 383 1399 idonei
400 1368 521 1407 reperti,
538 1368 573 1398 ad
590 1368 769 1398 niissionarii
786 1376 894 1397 munus
914 1366 982 1396 suh-

240 1417 384 1454 eundum,
407 1417 513 1447 litteris
541 1417 787 1447 commendatitiis
810 1416 882 1446 dieti
909 1416 980 1445 emi-

240 1467 406 1497 nentissimi
421 1467 595 1506 protectoris
611 1466 647 1496 ad
665 1466 790 1496 vicarios
806 1466 981 1505 apostolicos

240 1515 372 1554 directis,
396 1515 579 1552 muniantur,
602 1519 689 1554 atque
710 1515 740 1544 in
763 1514 900 1552 Angliam
934 1514 983 1544 de-

241 1564 356 1603 signato
379 1564 497 1602 itinere,
515 1573 629 1594 necnon
648 1564 757 1602 soluto,
774 1563 898 1594 arbitrio
914 1564 983 1593 emi-

241 1613 409 1643 nentissimi
426 1613 610 1652 protectoris,
625 1613 730 1642 viatico
746 1616 895 1642 scutorum
913 1622 982 1652 qua-

243 1663 395 1701 draginta,
419 1663 585 1693 mittantur.

282 1712 407 1743 Caveant
429 1712 541 1742 alumni
574 1712 613 1741 ita
637 1711 771 1749 dimissi,
796 1715 824 1741 et
845 1710 983 1749 Angliam

243 1762 420 1801 profecturi,
445 1771 481 1791 ne
504 1761 534 1791 in
556 1765 670 1791 exteras
693 1764 798 1799 vagent
830 1760 983 1799 regiones,

244 1810 402 1850 minusque
436 1820 450 1839 a
483 1810 580 1840 iurata
602 1810 753 1839 vocatIOne
776 1809 879 1848 quovis
903 1818 985 1848 prae-

244 1863 335 1895 textu,
354 1859 441 1889 etiam
465 1858 595 1888 melioris
618 1858 698 1895 boni,
716 1858 890 1895 deflectant,
913 1867 985 1897 qua-

244 1912 362 1947 propter
393 1911 472 1937 recto
495 1907 611 1937 tramite
633 1911 661 1937 et
682 1907 817 1946 expedite
842 1906 876 1936 ad
900 1915 984 1936 exer-

244 1956 364 1986 cendam
394 1956 564 1986 missionem
597 1966 627 1986 se
660 1956 829 1994 conferant,
854 1955 985 1985 vicariis-

245 2015 301 2045 que
324 2005 494 2045 apostolicis
515 2014 546 2035 se
568 2005 693 2043 sistant,
717 2014 818 2035 eorum
841 2004 985 2034 mandatis

245 2055 274 2084 in
297 2054 463 2093 evangelico
486 2054 650 2084 ministerio
680 2058 815 2084 accurate
838 2053 986 2092 obtempe-

245 2103 348 2133 rando.

84 2174 163 2196 Atnmni
179 2174 234 2201 apua
284 2153 355 2183 Cum
378 2161 446 2182 vero
469 2152 603 2182 nonnulli
626 2162 663 2182 ex
684 2152 811 2182 alumnis
833 2151 888 2182 sibi
911 2152 985 2181 male

54 2202 388 2232 ¹¹²⁰¹¹³⁵¹⁹¹³³¹ss⁰‘suadeant
410 2202 559 2232 missionis
582 2202 747 2232 iuramento
763 2202 943 2238 satisfacere,
961 2201 985 2230 si

53 2228 138 2249 matium
162 2228 235 2253 Angu-

54 2251 322 2307 ἱῖἓῖῐέῑὲἓξξὲξὲῗῃμυά
356 2251 528 2281 monialium
560 2251 742 2289 anglicarum
775 2254 936 2280 conventus
959 2255 1008 2280 et*

54 2310 122 2328 mento
145 2301 423 2337 praesu-monasteria
446 2301 475 2330 in
500 2300 602 2338 Belgio
635 2300 790 2330 existentia
813 2300 985 2330 confessarii

55 2334 353 2382 ¹c‘imi'fim”msa'munus
375 2349 554 2389 suscipiant:
578 2353 690 2379 maturo
724 2349 777 2378 1136
810 2349 844 2378 de
875 2358 906 2378 re
936 2358 986 2388 per

247 2409 299 2430 nos
333 2399 432 2429 habito
455 2399 600 2436 examine,
625 2398 823 2427 necessarium
847 2398 986 2427 duximus

247 2449 409 2487 declarare,
424 2448 514 2488 quod,
528 2457 593 2477 cum
608 2447 722 2485 collegii
740 2447 904 2477 institutum
919 2456 986 2476 con-

248 2498 346 2528 sulere
381 2497 505 2527 voluerit
538 2496 729 2527 missionibus
762 2496 934 2536 peragendis
956 2497 985 2526 in

248 2547 355 2586 Angli&
377 2546 527 2577 haeretica
550 2546 690 2586 pravitate
714 2545 880 2583 laboranti,
905 2555 988 2585 prae-

250 2597 359 2628 dictum
384 2606 500 2634 munus,
520 2601 668 2636 tamquam
685 2596 713 2626 in
730 2597 829 2626 extersi
846 2600 871 2625 et
889 2596 986 2626 131110-

1021 239 1078 269 11ςὴ
1100 238 1219 277 regione
1242 238 1413 275 exereitum,
1438 246 1452 266 a
1475 237 1555 266 recta
1577 235 1691 274 collegii
1714 235 1759 264 in-

1021 287 1175 317 stitutione
1187 287 1324 317 declinat.
1339 286 1462 316 Vicariis
1478 290 1574 315 tamen
1592 284 1760 324 apostolicis

1021 336 1217 375 relinquimus
1239 335 1405 365 facultatem
1429 334 1555 373 eligendi
1578 334 1711 363 alumnos
1731 333 1759 362 in

1021 386 1216 415 confessarios
1250 385 1466 424 praedictorum
1500 387 1696 413 conventuum
1732 386 1761 411 et

1021 435 1278 471 monasteriorum,
1301 434 1457 464 dummodo
1480 433 1528 463 alii
1548 433 1685 463 deficiant
1699 431 1760 461 ido-

1021 484 1069 512 nei
1089 483 1251 522 presbyteri
1270 484 1318 522 qui
1335 483 1385 513 tali
1403 492 1523 512 munere
1537 482 1760 521 perfungantur,

999 541 1001 552 *
1021 536 1049 561 et
1064 531 1099 562 de
1114 532 1168 561 hac
1184 532 1321 562 facultate
1338 531 1479 571 praedicti
1498 530 1598 560 vicarii
1611 528 1761 569 apostolici

1021 580 1162 610 certiores
1179 580 1262 610 fiant.

1230 640 1262 658 De
1277 640 1420 657 alumnorum
1435 639 1553 661 gubernio.

1061 678 1180 708 Alumni
1203 687 1304 708 omnes
1326 678 1356 708 in
1380 679 1451 708 duas
1475 688 1526 717 pro
1542 687 1619 707 nnnc
1637 677 1762 716 partian-

1023 730 1069 756 tur
1092 736 1242 763 cameras,
1266 732 1294 756 et
1322 736 1424 756 earnm
1447 726 1567 756 cuilibet
1590 725 1698 765 praesit
1720 735 1763 755 sa-

1021 775 1124 806 cerdos
1147 776 1306 806 saecularis
1321 801 1328 814 ,
1353 776 1402 815 qui
1427 780 1574 814 tamquam
1599 775 1763 814 praefectus

1022 834 1155 856 camerae
1188 826 1268 864 vigili
1292 827 1363 855 cura
1385 829 1413 855 et
1437 824 1595 864 prudentia
1617 833 1680 854 eam
1704 833 1764 853 mo-

1022 874 1152 911 deretur,
1176 883 1229 904 nee
1252 874 1328 904 sinat
1347 874 1497 913 quidpiam
1516 873 1614 903 minus
1630 873 1762 902 modeste

1023 928 1050 953 et
1072 923 1118 963 pie
1141 924 1284 961 redolere,
1305 927 1333 953 et
1357 923 1380 953 si
1404 923 1473 962 quid
1491 922 1696 960 corrigendum
1713 922 1765 952 du-

1022 972 1097 1002 xerit
1111 997 1118 1011 ,
1143 972 1239 1002 onmia
1274 972 1388 1002 sincere
1411 976 1439 1001 et
1461 971 1586 1001 fideliter
1608 970 1714 1001 rectori
1736 975 1765 1000 et

1024 1021 1160 1051 ministro
1183 1021 1349 1060 patefaciat.

1061 1069 1139 1099 Inter
1161 1074 1315 1108 utramque
1331 1078 1488 1107 cameram,
1506 1069 1609 1108 quovis
1629 1073 1762 1107 tempore

1023 1118 1108 1148 etiam
1125 1119 1304 1148 autumnalis
1318 1118 1529 1155 rusticationis,
1544 1118 1657 1147 nullum
1673 1117 1766 1147 inter-

1023 1167 1061 1197 sit
1085 1167 1304 1202 commercium,
1329 1167 1405 1206 quod
1424 1167 1447 1196 si
1470 1167 1607 1196 alumnus
1627 1175 1762 1195 camerae

1024 1217 1135 1256 aliquid
1155 1217 1287 1247 conferre
1304 1216 1410 1246 habeat
1425 1225 1492 1246 cum
1511 1215 1629 1245 alumno
1645 1215 1764 1245 alterius

1024 1275 1167 1304 camerae,
1184 1266 1343 1305 impetrata
1358 1265 1440 1304 prius
1458 1265 1577 1294 licentia
1601 1263 1692 1303 patris
1715 1264 1768 1293 mi-

1024 1315 1109 1345 nistri
1129 1324 1179 1345 seu
1203 1314 1339 1352 rectoris,
1357 1318 1443 1354 atque
1466 1313 1492 1343 ei
1514 1313 1646 1352 exposita
1668 1313 1766 1348 causa,

1025 1373 1123 1394 coram
1157 1364 1303 1403 praefecto
1326 1363 1462 1394 Gamerae
1488 1363 1599 1393 alumni
1628 1361 1768 1402 postulati

1026 1413 1123 1444 italice
1142 1413 1320 1453 alloquatur.

1065 1463 1234 1493 Praefectus
1250 1471 1382 1492 camerae
1399 1462 1428 1492 in
1445 1461 1625 1492 associandis
1641 1461 1768 1491 alumnis

1026 1516 1107 1542 extra
1130 1512 1286 1550 collegium
1309 1521 1410 1541 curam
1434 1511 1581 1548 adhibeat,
1606 1520 1642 1541 ne
1665 1511 1768 1540 immo-

1026 1562 1107 1591 deste
1131 1561 1282 1591 turmatim
1306 1565 1334 1591 et
1353 1561 1443 1590 nimis
1460 1560 1599 1590 velociter
1618 1560 1767 1597 incedant,

1027 1615 1054 1641 et
1076 1620 1112 1641 ne
1135 1611 1252 1641 devient
1273 1620 1288 1640 a
1311 1611 1383 1640 locis
1407 1614 1473 1641 ante
1490 1619 1639 1648 egressum
1656 1619 1671 1639 a
1688 1614 1769 1649 patre

1027 1660 1163 1690 ministro
1185 1660 1357 1698 designatis.

1067 1709 1294 1740 Constitutiones
1318 1718 1369 1749 per
1391 1719 1443 1739 nos
1466 1709 1579 1740 noviter
1607 1709 1702 1739 editae
1735 1708 1769 1738 de

1027 1758 1214 1788 alumnorum
1236 1758 1393 1797 disciplina
1416 1758 1541 1788 fideliter
1563 1757 1768 1793 observentur,

1028 1812 1055 1836 et
1078 1807 1101 1837 si
1125 1807 1195 1847 quid
1218 1806 1339 1837 dubium
1363 1811 1413 1836 aut
1435 1807 1575 1837 omissum
1599 1807 1628 1836 in
1652 1806 1710 1836 illis
1726 1806 1770 1835 in-

1030 1856 1177 1894 veniatur,
1201 1856 1229 1885 in
1254 1855 1414 1885 levioribus
1433 1860 1545 1885 tantum
1561 1855 1598 1885 sit
1613 1855 1642 1885 in
1658 1859 1770 1885 rectore

1029 1905 1150 1935 facultas
1174 1905 1389 1944 interpretandi
1412 1910 1499 1944 atque
1521 1904 1689 1942 adiiciendi,
1721 1914 1770 1934 ne-

1029 1964 1085 1994 que
1108 1954 1220 1984 alumni
1239 1954 1342 1993 quovis
1358 1958 1515 1994 praetextu
1532 1953 1567 1984 ab
1583 1954 1645 1984 eius
1661 1953 1771 1983 iudicio

1029 2003 1155 2033 audeant
1173 2003 1329 2033 divertere.

1182 2063 1214 2081 De
1229 2063 1373 2081 alumnorum
1387 2062 1476 2085 pietate
1490 2063 1516 2081 et
1530 2062 1620 2081 studiis.

1069 2102 1138 2132 Cum
1162 2102 1192 2132 in
1216 2101 1325 2141 pietate
1348 2105 1375 2131 ct
1391 2101 1494 2131 studiis
1510 2101 1637 2140 reposita
1653 2100 1691 2130 sit
1706 2109 1772 2139 spes

1029 2152 1192 2190 evangelici
1214 2152 1328 2181 fructus
1348 2160 1382 2180 ex
1398 2151 1582 2180 alumnorum
1600 2150 1772 2180 educatione

1029 2201 1227 2241 praemaxime
1250 2200 1349 2240 optati,
1374 2199 1484 2229 idcirco
1507 2199 1638 2230 districte
1662 2199 1773 2238 praeci-

1030 2251 1125 2289 pimus
1150 2254 1181 2280 31
1203 2250 1299 2279 onmia
1323 2249 1440 2288 pietatis
1463 2249 1557 2279 officia
1588 2248 1774 2278 laudabiliter

1029 2299 1196 2329 introducta
1219 2298 1320 2328 sedulo
1351 2302 1379 2328 et
1401 2302 1536 2327 accurate
1560 2297 1772 2335 compleantur,

1030 2352 1059 2377 et
1082 2357 1133 2387 pro
1156 2348 1270 2377 ratione
1287 2347 1449 2377 studiorum
1467 2355 1539 2376 nova
1556 2349 1701 2375 statuatur
1717 2354 1775 2374 me-

1030 2397 1146 2434 thodus,
1165 2406 1216 2436 per
1239 2405 1326 2435 quam
1350 2395 1456 2425 nedum
1480 2394 1591 2424 alumni
1615 2394 1643 2423 in
1667 2393 1774 2423 scholis

1031 2446 1155 2476 Romani
1186 2445 1305 2483 Collegii
1339 2444 1478 2481 logicam,
1504 2442 1773 2481 metliapliysicam,

1032 2495 1207 2533 theologiam
1224 2494 1446 2533 speculativam,
1465 2492 1639 2531 linguasque
1655 2500 1773 2529 graecas

1031 2548 1057 2573 et
1092 2543 1245 2573 hebraicas
1279 2541 1460 2581 percipiant,
1493 2550 1592 2570 verum
1626 2540 1711 2570 etiam
1745 2539 1775 2569 111

1031 2592 1153 2631 collegio
1188 2592 1313 2631 privatas
1347 2590 1470 2620 babeant
1506 2590 1644 2620 lectione<
1675 2598 1775 2619 sacrae

1660 177 1723 211 587
1770 185 1819 212 Au.
1836 186 1864 212 c.
1888 185 1955 212 ¹739
