2232 3178
256 225 306 252 An.
326 224 354 252 o.
373 224 440 253 1740
484 217 549 251 644

448 279 472 303 et
491 277 622 314 potestate
643 284 659 303 a
680 273 754 304 vobis
775 274 843 304 mihi
864 275 1010 314 concessa,
1032 277 1186 315 pronuncio

449 326 473 351 et
500 322 607 351 declaro
640 322 896 352 reverendissimum
926 327 1034 362 patrem
1063 323 1099 354 N.
1133 323 1186 352 ele-

448 375 520 400 ctum
550 372 651 409 fuisse,
679 374 704 400 et
724 381 779 400 esse
803 371 993 409 hegumenum.
1020 371 1134 411 (Addat
1156 372 1186 401 in

448 420 520 455 tine,
540 421 678 457 primum,
701 419 863 455 secundum,
885 421 1010 452 tertium.
1035 420 1077 449 vel
1104 430 1186 458 quar-

448 471 520 504 tum,
538 467 618 496 iuxta
639 467 870 506 uniuscuiusque
892 468 1048 506 hegumeni
1065 468 1185 506 locum).

449 515 634 553 Ilegumenus
656 516 767 546 electus
789 515 887 546 abbati
909 516 1037 554 generali
1059 516 1188 555 genufle-

448 567 517 600 ctat,
541 563 662 602 eiusque
684 573 787 594 manus
809 564 1006 601 deosculatus,
1030 564 1065 594 ad
1087 564 1187 594 dexte-

447 620 508 640 ram
544 611 637 650 ipsius
672 612 716 641 vel
759 612 907 642 sinistram
939 613 1017 643 iuxta
1055 613 1187 643 ordinem

447 668 532 688 suum
555 658 654 688 stabit.
678 659 774 689 Abbas
797 669 864 690 vcro
881 661 1027 698 generalis
1048 661 1129 691 illum
1152 661 1188 691 ad

447 707 577 737 osculum
601 707 743 742 admittet,
766 708 850 747 eique
872 709 1001 747 sigillum
1020 709 1108 739 officii
1130 713 1189 739 tra-

447 755 504 785 det.
528 755 600 785 Tum
623 756 727 786 fratres
743 756 823 786 iuxta
840 757 971 787 ordinem
994 767 1090 796 suum,
1113 757 1189 787 sacta

447 803 529 842 prius
551 804 653 841 altari,
677 804 781 834 deinde
813 804 909 835 abbati
939 805 1068 843 generali
1090 811 1118 836 et
1140 806 1189 836 he-

446 852 579 889 gumenis
602 857 686 882 antea
710 852 812 882 electis
845 857 894 883 aut
916 853 1011 884 osticio
1034 854 1188 884 confirma-

446 900 482 929 tis
505 900 689 937 reverentia,
712 909 809 930 coram
839 901 1004 939 hegumeno
1035 910 1137 932 recens
1161 911 1188 931 e-

446 947 520 978 lecto
536 948 774 987 genuflectentes,
791 958 909 979 manum
928 950 991 979 eius
1006 950 1184 979 osculantur.

446 996 613 1033 Hegumeni
636 1005 704 1026 vero
726 1001 809 1027 antea
838 1001 870 1027 ut
899 1006 986 1036 supra
1008 998 1107 1035 electi,
1129 997 1188 1027 col-

447 1043 540 1081 legam
577 1044 743 1074 admittunt.
778 1045 808 1074 Si
841 1045 1023 1083 hegumenus
1052 1046 1187 1075 sacerdos

447 1101 504 1122 non
527 1093 626 1130 suerit,
651 1093 713 1123 sola
735 1094 814 1132 pacis
835 1095 1054 1133 apprecatione,
1078 1094 1187 1124 omissa

446 1141 660 1179 genuflexione,
685 1141 886 1172 honorabitur.

487 1197 546 1218 xix.
570 1190 665 1218 Penes
680 1190 937 1227 congregationem
961 1190 1127 1228 generalem
1144 1194 1186 1220 est

447 1235 582 1266 abbatem
606 1238 771 1275 generalem
805 1238 979 1267 confirmare
1011 1238 1056 1267 vel
1078 1234 1185 1267 novum

447 1284 566 1322 eligere.
602 1285 838 1323 Hegumenorum
875 1287 986 1325 pariter
1014 1290 1184 1325 potestatem

449 1341 607 1371 prorogare
629 1338 680 1363 aut
702 1333 856 1373 abrogare,
880 1335 940 1364 sive
955 1334 1094 1374 quosdam
1118 1344 1186 1364 con-

448 1381 584 1419 firmare,
619 1386 646 1412 et
679 1382 752 1412 alios
785 1382 821 1413 de
851 1392 926 1412 novo
959 1383 1084 1421 eligere:
1118 1392 1184 1413 nam

448 1438 549 1459 omnes
571 1430 657 1460 simul
671 1430 831 1470 eodemque
849 1435 977 1471 tempore
999 1436 1112 1461 mutare
1134 1431 1188 1460 mi-

447 1486 503 1507 nus
518 1478 658 1518 expedire
673 1478 800 1517 videtur,
818 1484 849 1509 ut
864 1479 1001 1510 nimirum
1025 1488 1117 1509 novus
1139 1480 1187 1509 heÎ‡

448 1534 591 1563 gumenus
613 1536 628 1556 a
651 1531 787 1556 veterano
820 1527 986 1557 rudimenta
1009 1527 1077 1557 novi
1098 1527 1187 1556 officii

448 1574 553 1614 capiat.
576 1574 606 1604 Si
628 1583 707 1611 vero,
730 1575 848 1605 attentis
871 1575 1120 1614 circumstantiis,
1145 1583 1187 1604 se-

448 1633 500 1653 cus
521 1624 665 1662 agendum
688 1624 865 1655 electoribus
896 1625 925 1655 in
949 1625 1070 1654 Domino
1092 1625 1186 1654 visum

449 1673 549 1711 suerit,
573 1673 608 1703 ad
631 1674 762 1704 omnium
785 1674 873 1704 etiam
890 1674 1123 1712 hegumenorum
1140 1674 1188 1703 de-

449 1722 623 1761 positionem
646 1727 706 1753 tuto
729 1723 896 1763 procedent.

490 1780 537 1800 xx.
560 1770 744 1802 Secretarius
778 1771 1017 1810 congregationis
1049 1776 1107 1802 tam
1139 1781 1189 1810 ge-

448 1819 559 1849 neralis
581 1819 693 1850 abbatis
720 1829 806 1859 quam
823 1820 1055 1858 hegumenorum
1072 1820 1189 1850 electio-

449 1877 515 1898 nem
541 1867 572 1897 in
593 1872 656 1898 acta
680 1868 797 1907 reserat,
817 1877 903 1907 quae,
920 1867 1188 1907 subscriptionibus

450 1916 581 1946 onmium
604 1916 747 1947 vocalium
770 1916 894 1954 firmata,
912 1916 942 1946 in
958 1916 1077 1947 archivo
1095 1925 1188 1946 asser-

450 1968 545 1995 vetur.

490 2022 548 2044 xxi.
572 2013 713 2044 Absoluta
743 2018 870 2054 quatuor
904 2013 1137 2053 hegumenorum
1161 2023 1190 2043 e-

451 2061 587 2101 lectione,
611 2062 727 2093 divinae
751 2063 893 2093 maiestati
916 2063 1026 2101 gratiae
1059 2062 1189 2101 agendae

451 2114 530 2141 sunt.
554 2110 692 2146 Quocirca
716 2110 805 2141 abbas
835 2111 979 2149 generalis
1013 2120 1079 2141 cum
1101 2111 1190 2149 hegu-

450 2159 544 2189 menis
566 2163 594 2189 et
622 2159 757 2189 omnibus
789 2159 920 2198 patribus
953 2158 1102 2189 vocalibus
1124 2162 1190 2188 ante

451 2211 564 2246 portam
587 2207 711 2237 mediam
734 2208 835 2237 altaris
858 2207 990 2246 procidat
1020 2207 1050 2236 in
1078 2215 1188 2245 genua,

452 2256 565 2295 primus
582 2256 656 2295 ipse,
676 2246 780 2286 deinde
795 2260 918 2295 quatuor
934 2255 1103 2294 hegumeni,
1123 2264 1189 2284 mox

452 2303 559 2343 reliqui
581 2304 660 2334 iuxta
684 2304 818 2334 ordinem
851 2313 948 2334 suum.
973 2304 1046 2334 Tum
1068 2303 1190 2343 incipiat

452 2352 597 2390 psalmum
619 2360 737 2389 chvin,
754 2352 878 2391 reliquis
900 2352 978 2382 hunc
1000 2355 1029 2381 et
1050 2351 1122 2382 duos
1144 2361 1190 2381 se-

452 2406 576 2440 quentes
587 2401 714 2441 psalmos
731 2410 796 2431 mox
812 2401 979 2432 alternatim
993 2401 1188 2431 cantantibus:

452 2449 574 2478 Laustate
597 2449 743 2480 Dominum
764 2450 795 2479 cle
817 2450 917 2489 caelis,
941 2449 1050 2480 laudate
1078 2460 1140 2480 eum
1161 2451 1190 2480 in

452 2499 576 2537 excelsis,
598 2504 648 2529 etc.
672 2497 784 2534 Quibus
800 2499 902 2537 sinitis,
920 2509 1078 2538 assurgens
1100 2497 1191 2529 abbas

453 2547 608 2585 generalis,
632 2551 769 2588 stansque
785 2548 814 2578 in
834 2549 916 2588 porta
938 2548 1047 2588 media,
1072 2557 1191 2579 conver-

453 2605 501 2628 sus
523 2596 557 2626 ad
579 2596 681 2636 altare,
705 2597 843 2628 fratribus
869 2597 1042 2637 genuflexis,
1067 2606 1190 2637 sequen-

1028 227 1212 252 BULLARIUM
1235 227 1394 253 ROMANUM

1974 230 2024 258 An.
2045 231 2073 259 C.
2087 231 2157 260 1740

1228 279 1286 306 tem
1309 276 1509 316 precationem
1541 277 1694 308 recitabit:
1728 278 1837 309 Gratias
1858 279 1963 318 aqimus

1228 325 1286 359 tibi,
1304 326 1382 355 Deus
1403 329 1501 362 noster,
1521 325 1642 355 Trinitas
1657 326 1846 362 Sanctissima,
1870 327 1962 366 Pater,

1229 377 1254 402 et
1275 373 1345 410 Fili,
1362 378 1387 403 et
1409 373 1532 413 Spiritus
1553 373 1661 412 Sancte,
1680 376 1818 414 quoniam,
1840 377 1911 406 sicut
1932 376 1965 405 ad

1229 425 1306 451 tuum
1328 432 1375 451 nos
1397 422 1564 461 peculiarem
1586 423 1752 462 famulatum
1781 425 1963 463 assumpsisti,

1228 474 1308 509 atque
1330 471 1359 499 in
1380 471 1481 500 sanctis
1513 470 1697 500 tabernaculis
1727 473 1782 501 tuis
1816 472 1963 506 collocasti,

1228 520 1386 557 fratresque
1416 520 1446 548 in
1478 519 1582 557 spiritu
1604 521 1760 549 coniunctos
1787 521 1919 559 effecisti,
1942 524 1966 549 et

1229 567 1394 596 constituisti
1415 568 1444 596 in
1465 572 1554 596 monte
1583 568 1665 605 Sion,
1690 569 1737 606 qui
1764 572 1803 597 est
1823 568 1966 606 reliyiosus

1229 619 1326 652 status,
1348 624 1452 653 ponens
1471 624 1567 654 pacem
1581 615 1648 654 fines
1669 625 1740 653 suos,
1763 625 1895 654 muroque
1912 617 1968 645 cir-

1229 662 1371 691 cumdatus
1392 662 1574 697 obedientiae,
1597 664 1730 693 castitatis
1751 667 1776 693 et
1798 663 1968 693 voluntariae

1227 712 1415 749 paupertatis,
1438 721 1489 749 quo
1510 711 1693 750 spectaculum
1714 711 1841 751 fieremus
1863 711 1968 749 angelis

1230 763 1254 788 et
1277 758 1444 788 hominibus:
1467 760 1505 788 ita
1528 759 1606 789 hodie
1625 760 1718 798 qratia
1750 763 1798 789 tuci
1828 761 1967 790 innovasti

1229 806 1382 841 vinculum,
1396 817 1447 846 quo
1459 808 1602 845 iunyimur
1616 807 1757 837 dilectioni
1772 812 1848 837 tuae:
1866 818 1967 847 nosque

1229 855 1258 883 in
1281 854 1454 884 hierarchias
1475 860 1499 884 et
1521 856 1615 885 choros
1637 857 1667 885 in
1688 855 1899 885 similitudinem
1918 866 1968 885 an-

1227 902 1351 941 yelorum
1367 904 1521 933 distinxisti
1542 904 1577 933 ad
1597 904 1689 943 officia
1710 905 1859 933 ministerii
1881 905 1922 933 tui
1937 905 1967 933 in

1227 952 1357 989 paradiso
1378 952 1471 980 domus
1493 956 1564 988 tuae,
1581 961 1659 990 quem
1678 952 1812 991 plantasti
1833 952 1919 991 nobis,
1943 956 1967 982 et

1229 999 1258 1028 in
1280 1009 1331 1038 quo
1352 1009 1399 1029 nos
1430 1000 1578 1038 collocasti,
1604 1010 1705 1039 nosque
1737 1000 1817 1029 illum
1839 1010 1967 1039 operare-

1229 1057 1302 1085 ntur,
1326 1047 1526 1086 beneplacitum
1547 1052 1624 1077 tuum
1643 1048 1826 1087 perficientes,
1849 1053 1874 1078 et
1895 1048 1968 1078 diviÎ‡

1229 1105 1279 1124 nae
1300 1096 1436 1125 voluntati
1457 1100 1519 1125 tuae
1539 1096 1721 1135 obsequentes.
1752 1096 1787 1125 Et
1807 1106 1892 1134 nunc,
1915 1096 1969 1126 Do-

1228 1145 1302 1173 mine
1323 1143 1406 1179 Deus,
1433 1148 1509 1173 tuere
1531 1153 1589 1181 nos,
1606 1148 1631 1173 et
1645 1145 1749 1174 custodi
1765 1145 1872 1174 vineam
1887 1145 1968 1174 istam

1229 1201 1309 1230 quam
1329 1192 1464 1230 plantasti
1490 1192 1602 1221 dextera
1623 1195 1688 1227 tua,
1712 1196 1736 1221 et
1758 1192 1866 1221 domum
1888 1197 1965 1222 tuam

1228 1241 1350 1278 aedifica,
1375 1250 1455 1279 quam
1478 1243 1578 1269 virtute
1593 1243 1641 1269 tua
1655 1241 1796 1279 fundasti:
1818 1242 1893 1280 quia,
1913 1241 1969 1271 nisi

1229 1292 1269 1324 tu,
1293 1288 1419 1327 Domine,
1443 1289 1631 1328 aedificaveris
1653 1289 1771 1326 domum,
1794 1291 1903 1328 frustra
1928 1290 1969 1319 vi-

1227 1336 1315 1374 gilant
1344 1337 1391 1376 qui
1417 1337 1572 1366 custodiunt
1593 1347 1662 1366 eam.
1687 1335 1747 1376 Da,
1770 1336 1902 1374 Domine,
1925 1347 1968 1367 as-

1229 1386 1365 1414 sistricem
1387 1385 1492 1414 sedium
1516 1389 1627 1414 tuarum
1649 1385 1811 1424 sapientiam
1834 1386 1880 1420 iis,
1904 1395 1969 1424 quos

1230 1433 1263 1462 ad
1285 1434 1470 1462 ministerium
1492 1433 1586 1462 domus
1614 1437 1676 1462 tuae
1704 1433 1822 1471 eleqisti.
1846 1433 1969 1474 Benefac

1230 1481 1323 1519 nobis,
1347 1485 1371 1510 et
1402 1482 1483 1511 corda
1516 1486 1608 1510 nostra
1629 1482 1790 1520 sanctifica,
1813 1486 1969 1522 mentesque

1231 1534 1336 1559 nostras
1359 1530 1386 1558 in
1409 1530 1532 1568 obsequio
1560 1532 1605 1558 tuo
1626 1530 1774 1568 confirma:
1797 1531 1968 1560 interceden-

1231 1578 1301 1607 tibus
1322 1579 1417 1607 sancta
1439 1577 1490 1607 Dei
1509 1578 1644 1616 yenitrice
1669 1577 1763 1608 Mariti
1798 1578 1921 1617 Virgine,
1944 1583 1969 1608 et

1231 1627 1383 1656 beatissimo
1402 1631 1482 1665 patre
1503 1631 1593 1656 nostro
1623 1626 1653 1657 S.
1677 1626 1795 1656 Antonio
1816 1637 1922 1666 mayoc,
1945 1632 1970 1657 et

1231 1676 1355 1705 omnibus
1376 1676 1488 1705 sanctis.
1512 1675 1645 1706 Fratres:
1668 1676 1766 1705 Amen.
1789 1675 1898 1706 Deinde
1920 1675 1970 1706 ah-

1231 1723 1282 1754 bas
1304 1724 1462 1762 generalis,
1483 1724 1556 1754 sacta
1572 1723 1658 1754 altari
1672 1724 1850 1761 reverentis,
1870 1723 1904 1753 ad
1920 1733 1970 1754 eos

1231 1773 1326 1803 adhuc
1358 1773 1529 1811 genuflexos
1560 1781 1731 1810 conversus,
1755 1772 1825 1802 facit
1857 1771 1971 1802 absolu-

1232 1821 1341 1851 tionem
1365 1821 1530 1859 generalem
1552 1821 1581 1850 in
1604 1821 1676 1851 haec
1698 1820 1805 1851 verba:
1829 1820 1903 1851 Deus
1918 1822 1970 1851 mi-

1231 1874 1356 1901 sereatur
1376 1870 1477 1904 vestri,
1501 1873 1526 1899 et
1549 1870 1670 1898 dimittat
1695 1869 1783 1899 debita
1814 1872 1922 1904 vestra,
1945 1873 1971 1898 et

1232 1919 1334 1948 tribuat
1355 1918 1429 1948 vobis
1450 1917 1643 1948 absolutionem
1673 1921 1698 1947 et
1730 1918 1917 1947 remissionem
1942 1927 1970 1946 o-

1232 1967 1338 1996 mnium
1370 1970 1543 2006 peccatorum
1565 1969 1734 2004 vestrorum,
1765 1966 1794 1995 in
1822 1966 1931 1995 nomine
1952 1967 1970 2003 â€

1232 2015 1337 2052 Patris,
1361 2019 1386 2044 et
1406 2017 1425 2052 â€
1448 2014 1528 2053 Filii,
1545 2018 1570 2044 et
1590 2016 1609 2051 â€
1628 2013 1753 2054 Spiritus
1774 2013 1879 2044 Sancti.
1902 2014 1971 2044 Fra-

1233 2067 1307 2093 tres:
1331 2063 1430 2092 Amen.
1460 2063 1494 2092 Et
1526 2066 1672 2101 surgunt,
1696 2062 1817 2102 eiusque
1851 2071 1970 2092 manum

1233 2111 1387 2141 ordinatim
1425 2111 1606 2149 osculantur,
1636 2115 1664 2140 et
1696 2111 1731 2140 ad
1766 2120 1833 2140 suas
1862 2110 1970 2149 singuli

1233 2159 1321 2190 cellas
1340 2159 1489 2189 secedunt.

1271 2219 1292 2237 1.
1316 2208 1505 2246 Congregatio
1527 2208 1758 2246 hegumenorum
1781 2208 1815 2238 de
1838 2207 1971 2238 semestri
2024 2227 2073 2248 CAâ€ž
2089 2224 2124 2249 m,
2207 2246 2213 2252 .

1233 2257 1262 2286 in
1285 2260 1457 2286 semestrem
1474 2256 1510 2286 ab
1526 2256 1629 2286 abbate
1648 2257 1777 2295 generali
1799 2261 1827 2286 et
1848 2260 1972 2296 quatuor
1983 2253 2162 2307 nfnâ°0â¶32ffl2Â³22
2179 2254 2182 2255 â·

1233 2305 1405 2343 hegumenis
1434 2305 1614 2344 celebretur,
1637 2310 1664 2335 et
1693 2304 1806 2344 quoties
1827 2305 1862 2335 de
1884 2305 1972 2336 rebus
1982 2305 2162 2354 gffflgaggafgg
2176 2299 2199 2323 '-

1233 2354 1378 2391 agendum
1407 2358 1451 2384 est
1480 2358 1529 2384 aut
1550 2354 1632 2384 valde
1655 2353 1828 2392 urgentibus
1849 2357 1899 2384 aut
1921 2361 2105 2393 po-provmeiap
2130 2355 2174 2380 vell

1234 2406 1365 2432 testatem
1380 2402 1509 2432 eiusdem
1526 2402 1760 2441 congregationis
1775 2402 1970 2441 exigentibus.
1983 2387 2114 2408 monasterti.

1274 2460 1303 2480 11.
1331 2451 1423 2481 Penes
1450 2451 1583 2481 abbatem
1619 2451 1784 2490 generalem
1817 2455 1860 2481 est
1892 2451 1972 2481 illam

1233 2499 1363 2530 indicere
1385 2499 1469 2539 eique
1491 2500 1667 2540 praesidere.
1687 2499 1716 2530 Si
1735 2509 1804 2530 vero
1818 2499 1880 2539 ipse
1896 2508 1973 2530 mor-

1235 2551 1300 2578 tuus
1323 2548 1429 2586 suerit,
1453 2552 1502 2578 aut
1536 2552 1705 2588 promotus,
1729 2551 1780 2578 aut
1813 2548 1847 2578 de
1878 2547 1971 2588 ipsius

1234 2597 1322 2628 eausa
1343 2600 1371 2627 et
1392 2600 1475 2627 reatu
1507 2596 1731 2628 consultandum
1754 2597 1809 2634 sit,
1833 2600 1901 2627 tunc
1937 2596 1972 2627 ad
