2232 3178
31 2739 34 2814 l

31 2826 35 2885 t

31 2890 34 2946 t

32 3040 36 3115 't

32 3137 37 3178 ὲ

69 233 118 261 Au.
138 230 168 258 C.
199 228 266 256 1738

93 871 206 896 Qualitates
225 870 245 890 in

67 898 210 925 promovendis
218 897 246 917 ad

68 927 202 946 canonicatus
213 930 246 945 cx—

67 951 176 979 petendae.

260 275 388 309 statutis
422 275 488 309 sive
521 275 792 319 dispositionibus
825 275 923 309 etiam
954 287 1004 309 ex-

262 334 307 362 tra
331 334 451 362 statuta
476 329 664 362 huiusmodi
701 339 719 362 a
755 329 841 362 dieto
878 329 1026 362 Thomav

259 382 416 415 cardinali
441 383 629 426 patriarcha
662 388 693 415 et
718 382 805 416 illius
841 392 1003 415 successo-

259 435 348 468 ribus
380 435 534 479 praefatis
568 436 748 478 respective
769 435 859 468 sactis
881 436 931 468 vel
957 436 1001 468 sa-

258 489 384 522 ciendis
409 500 476 523 non
500 490 726 529 adversentur,
754 489 792 522 iis
814 500 897 532 quae
916 490 1003 532 regi—

257 552 332 575 men
348 542 487 575 aliorum
506 543 745 582 ministrorum,
763 548 818 576 aut
841 543 1001 576 fructuum

257 600 288 627 et
308 601 524 638 proventuum
542 606 673 629 mensae
694 595 879 639 capitularis
900 596 1001 628 admi-

256 648 494 689 nistrationem,
521 655 576 682 aut
603 650 682 682 alias
708 649 844 693 praefati
874 654 1000 681 tantum

256 702 390 746 capituli
421 703 547 746 privata
579 703 718 746 negocia
749 704 1001 745 concernunt),

257 756 348 788 irrita
373 761 405 789 et
437 756 547 789 inania
579 757 769 800 nulliusque
795 756 921 790 roboris
950 757 999 789 vel

257 809 411 842 momenti
423 809 573 850 existant,
587 815 674 842 motu
690 810 760 854 pari
780 809 998 843 decernimus.

301 862 318 903 ἓ
344 860 374 894 8.
398 861 555 895 Volumus
581 862 677 895 etiam
696 889 703 903 ‚
729 868 761 895 et
786 863 871 895 dicta
896 867 1001 895 aucto-

256 914 352 947 ritate
378 915 552 948 statuimus
578 920 610 948 et
642 915 851 949 decernimus
871 943 880 957 ‚
915 915 1000 959 quod

256 966 482 1011 unusquisque
508 978 545 1001 ex
572 968 739 1001 modernis
772 978 826 1001 sex
852 967 1001 1011 ,dignita-

258 1020 344 1052 tibus
371 1025 403 1053 et
426 1021 609 1054 octodecim
635 1021 802 1054 canonicis
818 1021 924 1054 dictae
945 1031 1001 1064 pa-

257 1072 440 1106 triarchalis
458 1073 615 1107 ecclesiae
633 1073 899 1118 Ulyssiponensis
917 1074 1001 1107 occi-

257 1125 397 1159 dentalis
421 1127 571 1160 ordinem
596 1137 722 1160 sacrum
749 1138 863 1161 eorum
890 1137 1001 1170 respe-

256 1179 338 1212 ctive
363 1181 569 1223 praebendae
594 1191 754 1213 annexum
773 1181 859 1213 intra
880 1191 998 1213 annum

257 1232 427 1275 suscipere
455 1238 622 1273 teneatur;
643 1233 797 1277 alioquin,
818 1243 856 1266 eo
875 1235 999 1276 elapso,

257 1292 289 1320 et
314 1286 428 1319 ordine
455 1287 645 1320 huiusmodi
671 1297 736 1320 non
762 1292 933 1330 suscepto,
953 1287 1000 1320 di-

256 1339 387 1372 midiam
411 1344 537 1383 partem
563 1340 737 1379 fructuum,
763 1340 947 1373 reddituum
969 1345 999 1372 et

256 1398 474 1438 proventuum
500 1393 667 1437 sequentis
693 1393 790 1434 anni,
816 1398 848 1426 et
879 1393 998 1426 deinde

256 1458 368 1481 omnes
387 1447 534 1481 eiusdem
552 1448 759 1491 praebendae
777 1447 912 1488 fructus,
931 1448 1000 1481 red-

256 1501 341 1534 ditus
367 1505 398 1535 et
421 1507 596 1545 proventus
622 1501 893 1534 irremissibiliter
910 1501 999 1533 amit-

257 1559 318 1594 tat,
345 1558 377 1586 et
401 1564 476 1587 suos
507 1565 572 1588 non
600 1554 696 1587 saciat
728 1554 761 1586 in
800 1554 870 1587 soro
904 1564 999 1586 cons-

255 1607 411 1640 scientiae
429 1633 436 1647 ‚
464 1607 587 1640 etiamsi
614 1607 754 1650 praefati
780 1607 913 1647 fructus,
932 1607 998 1640 red-

255 1661 341 1694 ditus
367 1666 399 1694 et
422 1666 599 1704 proventus
625 1661 653 1694 ei
668 1672 734 1694 non
755 1661 997 1700 subtrahantur,

255 1725 316 1747 nee
329 1714 368 1747 ad
386 1714 565 1758 praefatum
585 1715 735 1748 ordinem
753 1714 997 1757 suscipiendum

254 1777 271 1799 a
297 1767 382 1801 dicto
407 1767 529 1801 Thoma
556 1768 713 1800 cardinali
746 1767 931 1811 patriarcba
969 1773 999 1801 et

254 1820 342 1853 illius
368 1821 611 1854 suecessoribus
649 1821 802 1864 praefatis
826 1822 876 1854 vel
902 1832 919 1854 a
949 1833 999 1854 ca-

255 1875 358 1918 pitulo
384 1880 414 1908 et
438 1875 604 1908 canonicis
636 1875 790 1919 praetatis
825 1877 1000 1918 compella-

256 1934 316 1962 tur.
340 1928 431 1967 Quod
450 1929 487 1970 si,
505 1929 592 1961 intra
610 1928 780 1961 biennium
799 1939 816 1961 a
833 1929 885 1962 die
907 1929 999 1961 datae

255 1983 442 2016 earumdem
474 1983 696 2027 praesentium
722 1983 996 2027 computandum,

254 2036 435 2080 praefatum
460 2036 610 2070 ordinem
634 2047 699 2070 non
725 2037 925 2080 susceperit,
953 2037 1000 2070 di-

255 2090 432 2133 gnitatibus
465 2101 502 2123 ac
528 2089 775 2124 canonicatibus
792 2096 824 2123 et
840 2091 1001 2134 praeben-

255 2144 305 2176 dis
329 2143 483 2186 praesatis
509 2143 581 2187 ipso
606 2143 674 2176 iure
702 2149 733 2176 et
765 2143 889 2187 absque
926 2154 1000 2177 sen-

256 2197 357 2231 tentia
381 2197 526 2240 privatus
553 2196 678 2230 existat.
701 2196 880 2240 Nullusque
898 2197 1000 2241 impo-

255 2255 379 2284 sterum
403 2251 442 2283 ad
468 2261 523 2283 sex
549 2250 742 2293 dignitatum
770 2255 801 2283 et
818 2252 998 2285 octodecim

255 2304 503 2337 canonicatuum
528 2310 561 2336 et
585 2303 851 2347 praebendarum
876 2306 999 2348 praesa·

256 2363 360 2390 torum
397 2357 635 2400 possessionem
672 2357 883 2397 admittatur,
922 2358 999 2401 quin

255 2410 345 2453 prius
371 2411 484 2443 saltem
510 2409 542 2441 in
567 2419 661 2442 sacro
679 2410 933 2444 subdiaconatus
950 2422 1001 2444 or-

257 2463 339 2503 dine,
367 2468 398 2496 et
422 2462 455 2495 in
481 2465 517 2496 ea
543 2467 639 2503 etate,
664 2468 698 2495 ut
723 2463 805 2496 infra
823 2474 941 2497 annum
961 2465 999 2498 ad

256 2517 406 2551 ordinem
432 2527 508 2549 suae
524 2517 733 2560 praebendae
751 2527 913 2551 annexum
928 2529 1001 2562 pro-

256 2570 377 2604 moveri
404 2575 526 2614 queat,
560 2570 761 2611 constitutus,
795 2576 825 2604 et
860 2577 929 2605 actu
968 2574 998 2606 in

256 2623 385 2669 publica
399 2628 430 2657 et
442 2623 624 2667 approbata
640 2624 850 2659 universitate
866 2626 896 2659 in
914 2626 1001 2660 theo-

328 2687 409 2717 autc.
428 2687 515 2717 Rom.
536 2702 569 2707 —
593 2687 655 2718 Vol.
674 2687 776 2717 XXIV.
920 2688 955 2715 64

881 226 1024 252 CLEMENS
1047 227 1093 252 xlt
1118 228 1168 253 Pr.

1047 277 1134 320 logia
1160 278 1326 321 magister,
1355 282 1407 312 aut
1432 279 1464 312 in
1480 279 1581 312 altero
1600 279 1719 312 iurium
1738 280 1792 312 do-

1047 336 1117 363 ctor
1137 357 1144 370 ,
1168 342 1223 364 seu
1250 332 1364 365 saltem
1389 333 1422 365 in
1449 334 1550 366 altera
1576 344 1611 366 ex
1638 333 1731 366 dictis
1748 334 1791 365 sa-

1047 384 1224 417 cultatibus
1250 385 1436 418 licentiatus
1463 386 1606 425 existat,
1635 397 1670 419 ac
1696 387 1791 419 aliter

1048 437 1148 470 sactae
1174 438 1377 480 provisiones
1402 440 1450 472 vel
1475 440 1701 482 apprehensae
1721 451 1792 481 pro-

1047 490 1205 523 fessiones
1230 491 1338 524 nullae
1364 492 1426 524 sint
1447 499 1478 525 et
1499 493 1624 525 inanes.
1655 493 1686 526 Si
1714 504 1789 526 vero

1046 544 1133 577 intra
1158 555 1277 578 annum
1303 556 1320 577 a
1346 546 1398 578 die
1425 546 1639 579 institutionis
1657 557 1792 590 compu-

1046 597 1179 629 tandum
1205 598 1338 631 ordines
1363 609 1477 631 eorum
1510 599 1708 641 praebendis
1735 610 1791 632 an-

1045 659 1145 682 nexos
1170 650 1337 693 suscipere
1372 652 1603 693 neglexerint,
1637 653 1790 694 praefatis

1045 701 1257 744 dignitatibus
1285 708 1316 736 et
1341 704 1586 737 canonicatibus
1623 710 1654 737 et
1689 716 1787 748 prae-

1044 754 1162 787 bendis
1198 755 1268 799 ipso
1295 756 1366 789 iure
1404 762 1436 789 et
1469 758 1590 800 absque
1629 759 1791 791 sententia

1044 807 1161 851 privati
1188 809 1368 852 respective
1393 809 1458 842 sint
1483 815 1515 842 et
1541 820 1609 843 esse
1640 821 1791 843 censean-

1045 866 1096 893 tur
1114 871 1152 894 eo
1171 861 1255 904 ipso.
1276 861 1456 904 Dignitates
1481 872 1568 902 vero,
1589 863 1739 896 canonici
1759 869 1791 897 et

1044 915 1228 947 beneficiati
1255 915 1419 958 praefatae
1445 916 1672 959 patriarchalis
1691 918 1790 950 ecele-

1045 967 1111 1000 siae
1132 967 1391 1012 L'lyssiponensis
1413 969 1627 1002 occidentalis
1652 969 1684 1002 in
1703 970 1789 1002 sutu-

1045 1031 1114 1054 rum
1132 1031 1148 1054 a
1174 1022 1260 1055 dicto
1286 1022 1410 1055 Tlioma
1429 1023 1586 1056 cardinali
1605 1023 1790 1066 patriarcha

1045 1085 1103 1107 seu
1122 1075 1190 1108 eius
1210 1075 1455 1108 successoribus
1475 1076 1639 1119 praefatis,
1662 1086 1726 1109 non
1744 1077 1789 1109 uti

1044 1139 1170 1161 summo
1196 1130 1359 1162 sacellano
1378 1139 1435 1162 seu
1451 1129 1585 1162 summis
1604 1130 1788 1169 sacellanis,

1044 1182 1102 1214 sed
1128 1181 1174 1213 uti
1200 1182 1387 1224 patriarcha
1420 1187 1474 1214 aut
1510 1182 1701 1225 patriarchis
1738 1192 1788 1215 re-

1044 1235 1185 1278 spective
1206 1235 1430 1268 instituantur.

1087 1287 1102 1330 ξ
1127 1286 1159 1320 9.
1187 1287 1321 1320 Mulctas
1347 1298 1441 1328 vero,
1468 1293 1503 1320 ut
1527 1289 1729 1331 praefertur,
1756 1289 1787 1322 in

1043 1341 1190 1385 praefato
1209 1342 1399 1375 kalendario
1418 1342 1646 1385 designandas,
1666 1348 1698 1375 et
1713 1354 1788 1387 quo-

1044 1394 1235 1435 modolibet,
1247 1395 1295 1427 ad¹
1311 1405 1448 1438 quarum
1464 1395 1660 1429 solutionem
1675 1407 1788 1431 omncs

1043 1455 1074 1482 et
1098 1449 1247 1492 singulos
1274 1448 1466 1492 dignitates,
1493 1450 1671 1483 canonicos
1689 1456 1719 1484 et
1735 1451 1789 1484 be-

1043 1501 1209 1535 neficiatos
1236 1501 1341 1535 dictae
1366 1502 1595 1546 patriarchalis
1630 1504 1787 1537 ecclesiae

1042 1555 1308 1599 Ulyssiponensis
1325 1556 1546 1597 occidentalis,
1569 1567 1655 1589 nunc
1674 1563 1704 1590 et
1726 1568 1786 1601 pro

1044 1614 1190 1652 tempore
1209 1608 1395 1651 existentes,
1418 1609 1449 1641 in
1464 1609 1535 1642 soro
1554 1610 1786 1652 conscientiae,

1043 1661 1166 1694 etiamsi
1183 1662 1323 1695 mulctae
1342 1662 1528 1696 huiusmodi
1553 1673 1570 1695 a
1590 1665 1788 1706 punctatori-

1042 1715 1102 1747 bus
1127 1715 1176 1747 vel
1209 1725 1226 1747 a
1252 1714 1395 1757 capitulo
1429 1721 1460 1748 et
1497 1716 1662 1749 canonicis
1695 1727 1789 1759 prae-

1044 1769 1114 1801 fatis
1140 1778 1205 1801 non
1231 1768 1411 1810 exigantur,
1440 1769 1543 1802 teneri
1570 1775 1601 1802 et
1625 1769 1788 1812 obligatos

1043 1822 1182 1855 existere
1206 1823 1378 1862 volumus3
1412 1832 1540 1856 necnon
1566 1822 1785 1865 dignitatum,

1042 1875 1289 1908 canonicatuum
1315 1880 1345 1908 et
1362 1875 1625 1919 praebendarum
1644 1881 1674 1909 et
1692 1877 1788 1909 bene-

1043 1928 1192 1961 ficiorum
1222 1928 1328 1962 dictae
1364 1928 1592 1972 patriarchalis
1629 1930 1787 1963 ecclesiae

1044 1981 1309 2026 Ulyssiponensis
1328 1982 1541 2015 occidentalis
1559 1993 1617 2026 pro
1640 1987 1787 2026 tempore

1044 2035 1223 2068 vacantium
1241 2036 1373 2076 fructus,
1390 2036 1535 2069 redditus
1554 2042 1585 2069 et
1602 2042 1789 2080 proventus,

1045 2094 1107 2121 tam
1133 2088 1285 2132 antiquos
1312 2100 1407 2132 quam
1434 2089 1473 2123 de
1510 2100 1593 2123 novo
1627 2090 1787 2133 superad-

1044 2141 1147 2182 ditos,
1175 2147 1207 2175 et
1231 2152 1452 2186 quoscumque
1479 2142 1559 2176 alios
1595 2143 1649 2186 qui
1675 2143 1708 2175 in
1738 2143 1784 2176 su-

1045 2201 1153 2228 turum
1192 2196 1271 2239 ipsis
1309 2196 1522 2239 dignitatibus
1555 2208 1590 2229 ac
1622 2197 1787 2230 canonicis

1044 2249 1292 2283 etbeneficiatis
1310 2250 1515 2291 obvenerint,
1534 2262 1593 2294 pro
1619 2252 1687 2283 rata
1713 2256 1788 2284 tem-

1044 2303 1132 2346 poris
1156 2304 1286 2337 illarum
1318 2310 1349 2336 et
1374 2304 1503 2336 illorum
1531 2304 1712 2347 respective
1737 2316 1788 2337 va—

1044 2357 1190 2397 cationis,
1213 2357 1246 2389 in
1267 2357 1408 2390 savorem
1429 2357 1570 2389 fabricae
1588 2358 1788 2400 patriarcba-

1045 2410 1083 2443 lis
1110 2409 1268 2443 ecclesiae
1286 2410 1552 2453 Ulyssiponensis
1577 2410 1788 2443 occidentalis

1044 2463 1218 2507 praefatae,
1237 2474 1298 2507 pro
1313 2456 1399 2496 illius
1416 2463 1617 2506 indigentiis,
1633 2474 1669 2496 ac
1683 2474 1787 2497 sacro-

1044 2527 1115 2549 rum
1138 2517 1394 2560 supellectilium
1413 2517 1617 2560 aliorumquc
1637 2518 1788 2551 ccclesia-

1044 2571 1200 2604 sticorum
1232 2574 1501 2604 ornamentorum
1529 2571 1786 2613 manutentione,

1082 2636 1093 2662 1
1114 2633 1181 2662 Male
1197 2634 1263 2662 edit.
1281 2634 1362 2662 Main.
1379 2634 1446 2670 legit
1460 2637 1486 2663 ec
1505 2642 1554 2671 pro
1570 2634 1607 2663 ad
1622 2634 1661 2670 (n.
1674 2635 1723 2670 T.)-

1686 220 1750 254 505
1797 230 1847 258 An.
1871 231 1899 258 c,
1920 232 1984 259 Πᾶς

1838 1301 1929 1321 Mulctac
1961 1302 1982 1319 et

1804 1327 1975 1353 praebendarum

1800 1355 1918 1374 vacantium
1941 1354 1982 1373 sru-

1799 1387 1810 1401 (⁵
1822 1387 1844 1401 us
1860 1386 1894 1401 cui
1913 1381 1983 1406 appll-

1799 1408 1869 1430 candi.
