2232 3178
69 437 97 458 De
109 409 170 456 {nisio
183 439 218 459 po·

45 464 98 485 tendi
109 463 218 486 etcemmy-

45 496 79 512 nm
97 494 132 515 pro
153 490 218 513 capti-

46 523 82 538 m.

62 2139 89 2160 on
99 2113 210 2162 §rigatione

38 2168 168 2219 antara

863 182 1005 223 cennens
1030 198 1076 223 xn
1101 199 1151 224 rr.

227 248 336 278 iustum
358 250 387 277 et
407 246 570 285 rigorosum
594 248 644 277 fiat
672 256 793 277 examen
827 250 886 277 tum
921 245 971 277 ob-

229 295 391 326 servantiae
421 299 483 326 tum
507 295 653 325 fidelitatis
676 296 752 325 circa
778 305 809 325 ea
833 305 906 335 quae
936 295 969 325 ad
991 312 992 321 i
1015 301 1151 335 poterunt
1175 297 1282 336 eligere
1305 297 1404 336 plures
1427 297 1625 336 redemptores
1648 297 1683 326 ad
1714 306 1759 326 ar-

990 342 992 351 i

228 343 393 374 institutum
416 343 567 383 pertinent
591 344 755 382 religionis.

267 401 285 422 1.
306 391 361 422 Pro
384 391 486 421 maiori
511 393 582 421 cur-52
598 397 625 421 et
644 392 797 430 diligentia
815 391 969 430 colligendi
990 385 992 422 ἶ

228 441 424 480 eleemosynas
447 445 474 470 et
497 441 593 470 onmia
617 441 652 471 ad
675 441 806 480 captivos
836 445 970 480 spectan-
990 450 991 492 ἰ

229 490 284 527 tia,
308 490 337 519 in
360 489 490 529 qualibet
513 490 664 529 provincia
687 491 743 519 sint
768 490 825 519 duo
848 490 893 519 vel
910 494 969 519 tres
990 515 991 518 ,

228 538 357 577 religiosi
380 543 587 578 procuratores
610 539 820 578 redemptionis
843 540 878 569 ad
895 539 970 569 arbi-

229 588 314 618 trium
338 588 428 627 patris
451 588 651 627 provincialis,
675 589 725 627 qui
748 588 910 625 designabit
928 588 969 617 eis

229 637 366 666 terminos
389 638 424 665 ad
447 637 586 675 petendas
608 642 636 666 et
664 637 844 674 colligendas
876 637 969 667 dictas
989 659 990 669 i

228 685 447 723 eleemosynam
471 685 500 714 id
523 689 620 714 tamen
645 690 737 715 totum
761 685 811 714 fiat
834 685 968 714 consulto
989 675 991 682 ¹

227 733 411 773 redemptore
434 734 623 772 provinciae;
648 735 698 773 qui
722 744 770 764 eos
794 738 908 763 tenetur
924 734 967 763 di-

227 783 332 820 rigere,
355 782 429 811 itaut
450 791 601 821 nunquam
624 783 775 812 siutextra
792 787 968 812 conventum

225 841 276 861 seu
298 840 383 861 suum
410 831 565 869 collegium
598 841 649 871 per
682 832 821 861 maiorem
855 835 990 870 partem,

226 879 305 910 anni.
329 879 451 919 Insuper
474 880 672 920 praecipimus
696 880 828 919 patribus
857 879 967 909 redem-
988 889 990 896 ’

225 928 358 968 ptoribus
380 929 579 968 captivorum,
603 929 680 969 quod
704 929 855 968 designent
879 929 908 958 in
929 929 968 958 ci-

226 976 365 1008 vitatibus
387 982 415 1008 et
443 977 558 1017 oppidis
587 977 721 1017 syndicos
745 982 772 1007 et
798 977 967 1007 collectores
988 993 989 999 κ

224 1026 388 1057 saeculares
410 1035 475 1056 cum
498 1027 635 1057 facultate
657 1026 815 1057 sufficienti
843 1026 879 1056 ad
907 1026 967 1056 exi·
987 1038 989 1041 ¹

223 1075 316 1114 gemla
334 1099 342 1113 ‚
365 1075 533 1115 recipienda
556 1080 584 1105 et
607 1075 796 1106 custodienda
818 1075 912 1114 legata
927 1079 967 1105 te-

224 1128 435 1154 stamentorum
453 1147 460 1159 ,
485 1133 605 1164 operum
629 1124 743 1164 piorum
762 1149 769 1163 ‚
801 1129 965 1154 monstren-

223 1182 323 1203 corum
346 1173 402 1213 (ut
424 1174 553 1213 vocant),
578 1178 606 1203 et
628 1174 758 1203 omnium
782 1173 905 1203 aliarum
922 1183 966 1204 re-

223 1231 288 1252 rum
312 1222 522 1261 pertinentium
545 1222 580 1251 ad
603 1222 856 1261 redemptionem3
891 1232 965 1262 quae

223 1271 332 1309 omnia,
352 1274 482 1310 tempore
504 1275 581 1310 apto,
607 1270 805 1309 redemptores
827 1270 884 1309 ipsi
907 1270 966 1300 col-

223 1320 313 1358 ligent
346 1319 391 1348 vel
423 1328 474 1358 per
504 1328 534 1348 se
558 1319 601 1348 vel
635 1328 686 1358 per
717 1318 870 1356 religiosos
900 1327 965 1358 pro-

223 1374 381 1398 curatores.
404 1367 439 1397 Et
468 1367 584 1407 quando
611 1367 641 1397 in
665 1367 798 1407 proximo
822 1367 881 1396 sint
913 1376 965 1406 pro

222 1417 423 1456 redemptione
445 1417 615 1456 exequenda
645 1416 794 1456 postulent
828 1426 879 1456 pro
913 1417 966 1446 itta.

222 1467 419 1505 eleemosynas
441 1475 455 1495 a
479 1465 662 1505 principibus
696 1465 903 1496 ecclesiasticis
937 1470 965 1495 et

222 1514 420 1546 saecularibus
438 1539 444 1549 ,
474 1515 610 1554 capitulis
631 1539 638 1553 ‚
674 1514 935 1545 communitatibus
956 1539 963 1553 ‚

222 1565 345 1604 aliisque
367 1563 500 1604 personis
522 1564 671 1602 gravibus.

260 1622 290 1643 11.
314 1613 466 1643 Praeterea
497 1612 694 1652 praecipimus
725 1612 964 1652 procuratoribus

222 1662 430 1702 redemptionis
450 1685 457 1698 ‚
495 1661 554 1692 imo
590 1662 677 1691 etiam
715 1662 902 1700 generalibus
937 1666 965 1692 et

221 1711 464 1742 conventualibus
487 1711 623 1740 omnibus
645 1711 738 1740 nostri
761 1711 902 1749 Ordinis,
933 1716 965 1741 ut

222 1760 279 1790 sint
300 1759 383 1790 valde
404 1759 524 1789 solliciti
547 1759 576 1788 in
601 1759 795 1798 procurandis
823 1760 965 1789 eieeemo-

221 1809 299 1849 synis
321 1819 372 1849 pro
394 1809 530 1848 captivis.
554 1809 588 1838 Et
610 1818 711 1838 omnes
733 1809 869 1839 similiter
897 1809 965 1839 reli-

221 1858 305 1897 giosi‚
321 1862 378 1887 tam
401 1857 522 1897 praelati
539 1866 626 1897 quam
642 1857 769 1894 subditi3
785 1857 813 1887 in
828 1857 964 1887 districtu

221 1916 339 1938 suarum
361 1907 514 1937 domorum
537 1907 693 1944 diligenter
720 1912 877 1945 procurent
907 1907 965 1936 ele-

221 1965 372 1995 emosynas
390 1965 442 1995 pro
457 1955 674 1994 redemptione3
693 1960 720 1985 et
736 1955 903 1995 superiores
920 1955 964 1985 in-

222 2004 340 2045 quirant
355 2003 390 2034 ab
406 2003 594 2034 inferioribus
610 2004 679 2044 quid
701 2005 730 2034 in
748 2005 801 2034 hac
819 2013 850 2034 re
867 2008 963 2034 actum

221 2058 406 2093 receptumve
428 2053 476 2083 sit.

260 2112 279 2132 1.
303 2102 468 2142 Capitulum
491 2101 669 2141 provinciale
688 2127 695 2141 ‚
724 2102 816 2132 sinitis
846 2102 964 2132 electio-

221 2151 306 2182 nibus
328 2151 493 2189 canonicis,
518 2151 592 2180 albis
614 2151 767 2191 nigrisque
789 2151 896 2191 lapillis
912 2151 964 2181 eli-

221 2203 268 2238 gat
290 2199 503 2239 redemptorem
527 2200 707 2239 captivorum
731 2209 783 2240 pro
812 2201 866 2230 sua
899 2210 964 2239 pro-

222 2249 326 2279 vincia.
350 2249 560 2288 Redemptores
582 2254 680 2279 autem
703 2254 789 2280 erunt
812 2249 884 2288 vita,
905 2259 964 2279 me-

221 2297 278 2327 rito
298 2322 305 2334 ‚
329 2298 460 2327 doctrina
483 2302 510 2327 et
533 2298 677 2337 sapientia
700 2299 845 2337 praediti,
869 2299 963 2338 etqui

221 2347 316 2376 officio
340 2347 565 2385 provincialium
587 2347 631 2377 vel
654 2348 842 2378 definitorum
862 2349 963 2377 saltem
984 2351 986 2365 ¹

222 2395 444 2434 provincialium
473 2396 517 2425 vel
551 2396 753 2426 ministrorum
786 2402 963 2427 conventua-

222 2444 292 2474 lium
315 2444 472 2484 aliquando
505 2444 613 2483 potiti,
639 2445 682 2474 vel
715 2445 817 2475 saltem
844 2455 965 2485 capaces

223 2497 254 2523 ut
276 2492 381 2523 talibus
404 2492 577 2522 muneribus
601 2494 760 2532 potiantur.

260 2551 290 2572 11.
314 2541 369 2572 Pro
391 2542 514 2580 singulis
538 2542 696 2580 provinciis
719 2542 827 2581 singuli
855 2543 965 2582 eligan-

222 2595 268 2622 tur
290 2591 500 2631 redemptores.
535 2592 563 2622 Si
596 2596 692 2621 autem
725 2592 802 2622 intra
835 2593 962 2633 aliquam

272 2649 356 2678 Bull-
371 2650 457 2679 Rom.
477 2666 512 2671 —
535 2651 598 2679 Vol.
619 2650 720 2680 XXIV.
864 2651 895 2678 51

1652 188 1713 223 401

1015 247 1196 286 provinciam
1212 247 1322 279 suerint
1333 247 1461 288 plurium
1471 247 1636 288 principum
1646 246 1757 283 curiae,

1013 345 1135 375 bitrium
1159 346 1251 385 ipsius
1274 346 1395 386 capituli
1419 346 1625 386 provincialis3
1647 346 1696 376 sed
1718 347 1756 376 ita

1013 393 1195 424 subordinati
1217 395 1293 424 intra
1316 404 1365 432 se,
1389 399 1420 424 ut
1443 405 1519 424 uuus
1542 399 1654 424 tantum
1671 405 1757 434 repu-

1013 446 1090 471 tetur
1113 443 1280 481 redemptor
1303 443 1475 482 principalis
1499 443 1666 482 provinciae
1685 466 1691 479 ‚
1721 444 1755 473 ad

1013 500 1099 529 quem
1123 491 1197 520 alter
1221 492 1264 521 vel
1288 492 1371 521 alteri
1395 492 1525 522 omnium
1559 492 1688 522 rationes
1721 492 1756 522 ad

1012 548 1097 568 suum
1121 540 1250 570 osticium
1275 541 1487 579 pertinentium
1511 541 1628 570 mittere
1657 546 1758 571 tenen-

1013 593 1070 617 tur.
1096 588 1125 617 Si
1149 598 1216 619 vero
1240 590 1339 628 plures
1362 590 1530 628 provinciae
1559 590 1679 619 insimul
1712 599 1757 620 re-

1011 636 1210 675 demptionem
1234 638 1355 667 fecerint
1371 662 1378 675 ,
1403 643 1503 667 mutua
1536 639 1754 677 redemptorum

1011 684 1214 715 subordinatio
1236 695 1251 715 a
1274 695 1327 715 suo
1350 686 1516 716 ‹letinitorio
1545 687 1675 724 generali
1707 687 1756 716 de-

1011 733 1187 770 signabitur.
1213 735 1244 764 ln
1267 734 1395 773 qualibet
1417 735 1502 764 domo
1524 737 1626 764 nostra
1644 739 1670 765 et
1687 745 1755 765 suae

1013 783 1179 820 provinciae
1215 784 1246 813 in
1280 793 1336 823 qua
1364 783 1473 813 fuerint
1506 783 1550 813 vel
1585 793 1635 822 per
1668 794 1754 823 quam

1012 831 1184 861 transierint
1206 832 1419 871 redemptores,
1437 836 1477 868 et,
1494 832 1517 861 si
1534 832 1644 862 suerint
1660 833 1694 862 ad
1711 842 1756 862 re-

1011 878 1220 918 demptionem,
1244 880 1333 910 etiam
1355 884 1436 910 extra
1459 889 1541 910 suam
1562 880 1752 919 provinciam,

1011 928 1289 958 conventualitatem
1313 928 1456 965 habeant,
1475 933 1502 958 et
1528 929 1705 968 praecedant
1724 939 1753 958 o-

1011 986 1093 1006 mnes
1121 987 1178 1007 non
1212 977 1356 1017 praelatos
1386 978 1531 1017 (excepto
1563 982 1754 1017 procuratore

1009 1025 1141 1063 generali
1164 1025 1282 1056 Ordinis
1311 1026 1419 1056 Romae
1441 1030 1491 1055 aut
1511 1026 1609 1055 curiae
1632 1026 1753 1065 regiae)

1010 1074 1096 1103 etiam
1120 1074 1255 1104 vicarios.
1280 1074 1312 1104 In
1335 1074 1478 1113 regimine
1500 1083 1568 1104 vero
1586 1079 1613 1104 et
1628 1075 1753 1104 admini-

1009 1122 1150 1153 stratione
1183 1123 1286 1152 domus
1318 1133 1375 1153 non
1408 1132 1438 1153 se
1470 1123 1680 1153 intromittant.
1710 1123 1753 1153 Ad

1009 1171 1219 1209 egrediendum
1245 1176 1341 1201 tamen
1365 1181 1379 1201 e
1402 1172 1499 1209 domo,
1523 1171 1635 1201 socium
1653 1176 1751 1211 postu-

1009 1219 1111 1249 labunt
1134 1229 1148 1248 a
1173 1220 1282 1250 vicario
1304 1220 1333 1250 in
1357 1219 1492 1250 absentia
1514 1220 1665 1257 ministri,
1689 1221 1753 1250 sine

1009 1269 1227 1299 deosculatione
1250 1274 1346 1300 tamen
1367 1270 1530 1309 'scapularii
1547 1294 1554 1308 ‚
1589 1270 1645 1300 nisi
1679 1270 1753 1300 forte

1009 1327 1127 1357 praeses
1149 1319 1260 1356 suerit,
1285 1323 1405 1359 propter
1428 1318 1590 1349 absentiam
1625 1320 1752 1350 ministri

1009 1369 1086 1399 ultra
1110 1368 1213 1407 viginti
1236 1373 1361 1408 quatuor
1383 1368 1480 1398 horas.

1048 1427 1088 1448 111.
1112 1417 1219 1448 Stricte
1243 1418 1440 1458 praecipimus
1455 1418 1692 1458 redemptoribus
1708 1429 1753 1449 ca-

1009 1468 1168 1507 ptivorum,
1192 1476 1224 1497 ac
1247 1467 1311 1497 aliis
1334 1476 1434 1497 eorum
1457 1467 1545 1497 sociis
1564 1468 1752 1507 proticiscen-

1009 1517 1086 1547 tibus
1109 1517 1143 1547 ad
1167 1517 1410 1556 redemptionem,
1436 1526 1472 1546 ne
1495 1521 1679 1556 comportent
1701 1518 1753 1548 ali-

1008 1576 1079 1606 quas
1100 1576 1147 1596 res
1169 1576 1226 1596 non
1244 1566 1441 1596 conducentes
1456 1566 1490 1595 ad
1507 1566 1587 1596 illius
1603 1566 1750 1605 effectum,

1008 1625 1061 1646 nec
1084 1616 1151 1654 sibi,
1176 1625 1230 1646 nec
1252 1616 1318 1645 aliis
1341 1625 1375 1645 ex
1398 1616 1562 1645 infidelium
1582 1615 1751 1654 regionibus

1008 1665 1037 1695 in
1062 1665 1157 1695 reditu
1180 1665 1288 1694 similia
1308 1664 1442 1701 trahant3
1467 1664 1538 1694 alias
1560 1664 1751 1702 gravissimae

1008 1718 1035 1744 et
1059 1713 1256 1744 irremissibili
1293 1713 1440 1753 punitioni
1470 1714 1504 1743 ad
1528 1713 1682 1743 arbitrium
1705 1714 1750 1743 sui

1007 1763 1166 1793 definitorii
1187 1762 1333 1801 generalis
1356 1762 1560 1792 subiacebunt.

1047 1821 1086 1842 lv.
1119 1811 1331 1851 Redemptores
1364 1811 1545 1851 captivorum
1580 1811 1658 1841 intra
1691 1815 1750 1842 tres

1008 1870 1122 1891 meuses
1145 1864 1210 1900 post
1231 1860 1358 1890 reditum
1383 1860 1418 1889 ab
1441 1860 1614 1890 executione
1635 1861 1750 1890 redem—

1007 1910 1125 1949 ptionis,
1140 1918 1335 1949 expensarum
1351 1908 1446 1944 istius,
1460 1913 1488 1938 et
1500 1909 1624 1938 aliarum
1636 1918 1748 1946 rerum,

1007 1959 1041 1989 ad
1057 1968 1164 1989 munus
1188 1958 1266 1988 istud
1289 1958 1386 1997 aptius
1401 1958 1431 1988 in
1448 1958 1578 1988 futurum
1596 1958 1749 1997 perficien-

1007 2008 1088 2045 dum,
1106 2008 1248 2037 rationem
1265 2006 1388 2037 reddant
1409 2015 1462 2036 suo
1480 2006 1648 2036 definitorio
1665 2015 1750 2045 gene-

1006 2057 1070 2087 rali.
1091 2056 1171 2092 Quod
1195 2056 1220 2085 si
1242 2056 1417 2095 omiserint,
1441 2055 1568 2094 graviter
1591 2056 1750 2095 puniantur

1007 2107 1085 2137 iuxta
1103 2106 1205 2146 culpae
1223 2105 1403 2145 qualitatem.

1206 2182 1354 2205 REGULAE
1381 2181 1481 2205 CAPUT
1507 2182 1555 2205 111.

1141 2233 1226 2251 omnes
1240 2232 1361 2251 ccclesiae
1377 2232 1444 2250 istius
1459 2231 1557 2253 ordtnts,
1572 2232 1619 2251 ote,

1006 2287 1102 2317 Ciam
1127 2295 1167 2316 111.
1196 2304 1231 2307 —
1255 2285 1295 2315 De
1317 2285 1448 2315 divisione
1471 2285 1660 2323 familiai-mn,
1682 2295 1749 2324 pro-

1046 2336 1214 2373 vinciarum,
1232 2339 1256 2364 et
1271 2344 1364 2363 earum
1390 2334 1558 2371 nominibus,
1580 2343 1611 2362 ac
1632 2334 1664 2363 de
1686 2343 1748 2363 con-

1048 2389 1176 2415 ventuum
1198 2384 1358 2423 differentis?
1381 2387 1404 2411 et
1427 2392 1520 2411 eorum
1542 2382 1686 2421 aedificiis.

1045 2456 1065 2477 1.
1089 2447 1126 2477 Ut
1147 2450 1260 2476 constat
1282 2455 1319 2475 ex
1334 2444 1419 2475 Brevi
1435 2448 1463 2474 et
1479 2444 1670 2483 dispositione
1685 2453 1749 2475 san-

1006 2495 1129 2526 ctissimi
1162 2494 1272 2525 domini
1305 2494 1395 2523 nostri
1427 2493 1582 2523 Clementis
1605 2492 1678 2532 xit,
1712 2494 1748 2525 ad

1007 2545 1112 2575 melius
1134 2544 1277 2582 regimen,
1302 2543 1330 2572 in
1353 2542 1425 2572 duas
1448 2542 1572 2572 familias
1590 2542 1669 2573 venit
1685 2543 1749 2573 uni-

1008 2603 1108 2624 versus
1130 2593 1206 2625 Ordo
1229 2592 1339 2623 divisus
1358 2602 1364 2630 ς
1393 2600 1515 2632 quarum
1538 2600 1595 2623 una
1618 2592 1749 2624 nomina-

1763 197 1816 227 An.
1836 197 1950 225 &1733

1776 2503 1805 2523 De
1816 2477 1898 2525 nin-isne
1910 2511 1943 2526 ec·

1758 2529 1884 2555 emtarum,
1908 2531 1943 2552 {a-

1758 2556 1874 2581 miliarum.
1894 2563 1944 2584 pro-

1759 2584 1875 2607 vinciarum
1921 2586 1942 2606 et
