2232 3178
305 282 354 307 Αη.
373 281 401 307 C.
426 282 491 308 17:38

367 449 377 474 ᾗ
395 449 425 468 Η.

341 475 368 494 lle
393 475 478 494 «tunultu

306 507 337 520 rio
354 502 453 525 peut-ratu

543 271 606 304 448

500 329 535 359 ab
557 330 613 358 isto
636 327 884 363 determinentur,
902 325 997 355 adhuc
1016 333 1068 363 pro
1086 326 1144 353 una
1161 323 1242 353 fami-

501 378 540 407 lia.
562 387 620 407 non
645 379 780 415 poterunt
803 373 969 404 executioni
993 372 1135 402 mandari.

539 436 558 456 1.
584 425 613 455 ln
638 424 767 464 quolibet
790 432 866 453 anno
896 423 953 452 duo
986 421 1173 451 celebrentur
1195 420 1244 449 de-

501 476 638 511 finitoria‚
663 484 753 504 unuin
773 474 909 512 generale
932 472 961 502 in
985 471 1114 511 qualibet
1133 470 1244 500 familia

500 525 546 554 die
570 533 617 553 xin
641 522 828 562 septembris,
845 522 968 551 alterum
994 519 1174 559 provinciale
1193 527 1243 557 pro

501 572 631 612 qualibet
649 571 799 610 provincia
812 570 858 600 die
872 579 900 599 111
914 569 993 598 maii.
1008 568 1062 598 Sed
1075 568 1141 607 qnia
1155 577 1242 604 anno,

501 621 530 651 in
544 630 601 659 quo
618 619 817 649 desinitorium
836 618 972 656 generale
988 616 1106 647 Ordinis
1123 624 1245 653 congre-

501 669 563 708 gari
579 668 693 704 debeat,
711 667 873 697 secundum
891 666 1117 696 constitutiones
1136 665 1170 693 ad
1188 664 1246 693 ele-

502 719 613 748 ctiones
641 716 787 746 faciendas
809 725 823 745 a
849 715 975 745 triennio
999 719 1062 753 post
1085 713 1245 752 capitulum

502 766 636 805 generale
659 765 776 795 Ordinis
806 774 863 793 non
896 762 1123 801 congregabitur
1147 770 1246 790 mense

502 813 698 853 septembris,
723 812 888 843 definitoria
920 811 1137 851 provinciarum
1166 810 1247 839 illius

504 863 631 892 familiae
655 865 793 901 poterunt
817 860 969 899 prorogari
992 859 1027 888 ad
1052 867 1181 888 mensem
1205 867 1248 887 se-
1268 864 1270 869 ’

504 910 664 950 ptembris,
687 919 724 939 ne
747 909 805 939 illis
827 909 903 938 intra
927 916 1037 937 annum
1060 906 1176 936 deficiat
1200 906 1248 935 de-

504 959 625 989 finitorii
650 958 778 988 tribunal
811 957 984 997 proprium,
1016 955 1051 985 ad
1080 954 1157 993 quod
1180 964 1247 984 con-

504 1016 624 1038 currere
646 1007 751 1036 debent
774 1016 825 1045 pro
847 1005 1032 1045 expeditione
1062 1003 1247 1042 negotiorum

505 1065 636 1086 suorum.

548 1113 578 1134 ιι.
604 1102 776 1133 Huiusmodi
807 1101 973 1132 definitoria
1004 1100 1152 1139 generalia
1176 1108 1250 1128 sein-

507 1161 559 1193 per
583 1151 839 1190 congregabuntur
861 1150 891 1180 in
920 1154 1065 1180 conventu
1095 1148 1140 1178 vel
1162 1148 1248 1178 colle-

507 1202 555 1240 gio
578 1202 635 1231 iam
659 1200 693 1230 ab
716 1201 779 1240 ipso
801 1199 968 1229 delinitorio
991 1197 1180 1228 antecedente
1202 1197 1251 1226 de-

508 1255 621 1290 putato.
644 1250 703 1280 Nec
735 1249 769 1279 ad
799 1248 877 1279 istud
900 1248 937 1278 sit
959 1247 1124 1277 necessaria
1146 1254 1252 1276 convo-

508 1302 595 1338 catio,
620 1308 674 1329 nec
697 1298 868 1328 admittatur
891 1297 987 1336 aliqua
1011 1295 1171 1332 excusatio,
1194 1294 1251 1324 nisi

508 1349 615 1388 aliquis
643 1347 816 1377 infirmitate
849 1350 898 1375 aut
931 1345 989 1375 alia
1020 1343 1182 1374 inevitabili
1214 1342 1251 1372 sit

508 1398 677 1438 impeditus
701 1397 759 1426 Nec
777 1396 863 1425 liceat
884 1393 1028 1433 superiori
1050 1392 1179 1431 generali
1201 1391 1253 1421 ali-

509 1456 595 1487 quem
618 1446 801 1476 definitorem
835 1452 978 1482 occupare
1011 1442 1055 1472 vel
1085 1440 1250 1480 impedire,

509 1498 549 1528 ita
567 1501 597 1526 ut
616 1495 700 1525 dictis
723 1492 906 1533 temporibus
928 1492 1066 1522 assistere
1083 1500 1141 1520 non
1158 1490 1252 1519 valeat

509 1545 686 1576 definitorio.

549 1604 590 1624 111.
615 1594 646 1624 Si
668 1592 804 1632 superior
836 1590 981 1630 generalis
1014 1588 1120 1619 absens
1143 1587 1229 1617 suerit
1244 1610 1251 1623 ‚

510 1644 658 1681 infirmus,
676 1643 720 1672 vel
738 1642 836 1672 taliter
857 1640 1026 1680 impeditus,
1044 1642 1076 1668 ut
1094 1637 1181 1667 dictis
1203 1637 1252 1666 de-

511 1692 648 1722 linitoriis
671 1691 771 1720 adesse
793 1694 930 1728 nequeat,
947 1690 1164 1725 congregentur
1183 1689 1254 1714 tem-

512 1750 582 1780 pore
604 1740 680 1770 dicto
700 1739 882 1775 definitores,
897 1742 935 1774 et,
955 1735 1139 1775 praesidente
1158 1734 1253 1773 primo

512 1799 546 1820 ex
569 1789 632 1823 eis,
656 1787 805 1818 celebrent
827 1785 1002 1816 definitoria.
1036 1784 1190 1822 Nunquam
1214 1786 1253 1812 ta-

512 1849 579 1869 men
611 1837 730 1867 absente
752 1836 903 1875 superiore
925 1833 1056 1873 generali
1078 1832 1176 1871 aliqua
1206 1831 1255 1861 siut

513 1887 629 1925 electio,
647 1886 692 1916 vel
714 1885 887 1915 admittatur
908 1881 1102 1918 renunciatio,
1120 1881 1164 1911 vel
1180 1889 1253 1910 nova
1275 1907 1277 1913 s

513 1940 675 1968 conventus
699 1934 843 1965 fundatio.

553 1995 591 2016 lv.
615 1984 791 2023 Congregari
814 1983 901 2013 etiam
925 1981 1031 2022 poterit
1053 1979 1254 2010 delinitoriuni

514 2044 628 2075 semper
654 2044 687 2063 ac
710 2032 856 2073 superiori
878 2031 1007 2070 generali
1031 2030 1124 2060 visum
1147 2029 1253 2065 suerit,

514 2084 614 2124 quiet
643 2082 715 2112 illud
744 2089 924 2120 congregare
956 2087 1073 2119 quoque
1107 2077 1256 2108 tenebitur

515 2132 631 2172 quando
654 2131 747 2161 maior
776 2139 842 2169 pars
866 2129 1054 2159 definitorum
1076 2127 1104 2157 id
1128 2126 1255 2166 postula-

515 2181 599 2218 verit,
616 2179 660 2209 vel
677 2178 821 2208 vacaverit
837 2177 954 2217 aliquod
971 2176 1099 2206 officium
1119 2184 1170 2214 per
1186 2183 1256 2214 qua-

516 2234 582 2260 tuor
605 2237 718 2258 mcnses
741 2231 808 2257 aute
830 2226 1056 2256 celebrationem
1077 2224 1165 2254 futuri
1188 2223 1256 2253 deti-

515 2278 627 2309 nitorii.

556 2336 583 2357 v.
608 2326 855 2364 Quotiescumque
877 2323 1075 2355 definitorium
1092 2322 1257 2353 celebratur

516 2380 671 2417 praesente
700 2374 851 2413 superiore
874 2372 1015 2412 generali,
1033 2372 1057 2402 si
1076 2380 1181 2401 vacans
1196 2372 1258 2401 sue-

518 2425 558 2456 rit
581 2424 699 2463 aliquod
721 2422 851 2453 officium
870 2421 1047 2458 definitoris,
1071 2425 1139 2450 ante
1161 2421 1257 2450 omnia

518 2473 644 2511 eligatur
666 2471 801 2501 definitor
816 2481 822 2508 3
840 2470 976 2508 idemque
998 2469 1047 2498 fiat
1070 2478 1139 2498 casu
1155 2478 1212 2507 quo
1227 2468 1256 2498 in

516 2523 580 2562 ipsa
605 2520 711 2551 actuali
733 2520 893 2550 delinitorii
916 2518 1110 2549 celebratione
1133 2518 1189 2548 tale
1218 2518 1259 2547 os—

518 2571 616 2600 ficium
653 2578 704 2609 per
734 2573 881 2606 mortem,
911 2567 1185 2605 renunciationem,
1210 2571 1259 2597 aut

518 2619 603 2649 aliam
620 2618 726 2648 iustam
743 2626 860 2647 causam
883 2616 1029 2646 vacaverit
1045 2627 1051 2653 ;
1065 2619 1094 2646 et
1109 2616 1132 2646 si
1149 2616 1259 2646 electus

517 2667 622 2699 absens
645 2672 700 2706 est,
724 2670 917 2707 prosequatur
938 2665 1154 2703 definitorium3
1177 2665 1260 2696 nulla

1087 274 1268 300 BL'LLMUUM
1292 274 1448 298 ROMANUM

1285 327 1381 352 tamen
1400 322 1448 352 fiat
1463 322 1578 359 electio,
1595 321 1686 352 donec
1703 331 1794 352 novus
1812 321 1947 352 definitor
1963 330 2027 361 per-

1286 371 1394 408 veniat,
1418 371 1481 400 sine
1501 371 1581 400 illius
1604 380 1748 400 consensu
1766 395 1773 408 ,
1796 371 1820 400 si
1843 370 1929 400 fuerit
1950 370 2026 400 intra

1286 420 1442 457 familiam,
1467 429 1562 456 secus,
1586 420 1610 449 si
1633 424 1714 450 extra
1738 420 1817 449 illam
1841 419 1939 450 suerit.

1327 477 1363 498 vt.
1389 468 1553 498 Desinitorii
1576 472 1706 507 tempore
1728 472 1945 506 congregentur
1961 467 2028 497 defi-

1287 517 1396 546 nitores
1429 517 1519 546 semel
1553 517 1655 545 saltem
1685 516 1714 546 in
1742 517 1788 546 die
1818 525 1869 556 per
1902 515 2028 555 spatium

1288 566 1374 595 unius
1391 566 1489 595 horae.
1513 565 1692 604 Durabitque
1715 564 1875 594 definitorii
1898 563 2027 594 celebra-

1289 615 1328 644 tio
1351 614 1455 644 diebus
1488 614 1662 644 necessariis
1697 623 1747 652 pro
1778 613 1961 652 expeditione
1984 621 2030 642 re-

1288 673 1352 693 rum
1378 667 1406 693 et
1428 664 1615 701 negociorum
1639 662 1672 692 ad
1696 662 1850 692 arbitrium
1874 662 1966 701 ipsius
1982 661 2030 691 de-

1289 709 1420 739 finitorii.

1330 766 1378 788 vn.
1415 757 1535 796 Semper
1568 767 1599 787 ac
1635 757 1799 787 celebratur
1830 756 2030 786 definitorium

1290 807 1437 845 generale,
1455 810 1590 836 teneatur
1605 805 1741 845 superior
1763 805 1907 844 generalis
1926 814 2031 845 propo-

1291 865 1361 886 nere
1377 856 1470 885 officia
1491 860 1559 885 tunc
1576 855 1718 891 vacantia,
1735 859 1763 884 et
1778 855 1813 884 ad
1831 854 2030 884 definitorium

1291 905 1428 942 generale
1462 903 1659 943 pertinentia,
1683 908 1715 933 ut
1743 911 1842 933 eorum
1875 902 2032 932 electiones

1293 952 1375 989 fiant,
1394 957 1421 982 et
1443 952 1580 982 similiter
1601 952 1720 990 negocia
1744 951 1941 989 occurrentia,
1958 959 2032 990 quae

1269 1021 1271 1027 ι
1292 1001 1567 1032 determinationem
1591 1000 1748 1030 definitorii
1780 999 1924 1038 generalis
1946 1008 2032 1039 expe-

1293 1055 1386 1085 ctant,
1411 1054 1443 1080 ut
1466 1059 1518 1089 per
1546 1050 1608 1079 eius
1641 1053 1753 1080 secreta
1776 1053 1803 1079 et
1825 1048 1954 1079 decisiva
1975 1048 2033 1078 suf-

1293 1099 1383 1137 fragia
1406 1099 1584 1129 iudicentur.

1333 1156 1393 1177 vin.
1417 1147 1546 1183 Quilibet
1561 1157 1595 1177 ex
1612 1145 1817 1177 definitoribus
1839 1145 1948 1186 poterit
1969 1154 2033 1185 pro-

1294 1205 1402 1235 ponere
1431 1195 1590 1236 quamlibet
1622 1204 1685 1225 rem
1717 1204 1751 1225 ex
1786 1193 1977 1224 attinentibus
1998 1193 2034 1223 ad

1293 1254 1377 1275 suum
1394 1245 1605 1282 definitorium,
1623 1248 1661 1281 et,
1679 1244 1702 1274 si
1719 1243 1823 1273 maiori
1845 1242 1937 1283 ipsius
1956 1242 2032 1282 parti

1272 1327 1274 1341 ἰ
1294 1294 1432 1334 expedire
1455 1293 1599 1330 videatur,
1617 1302 1668 1333 per
1690 1296 1801 1323 secreta
1825 1291 1963 1329 suffragia
1985 1291 2034 1321 de-

1272 1343 1273 1354 *
1294 1343 1418 1372 cidetur.

1334 1402 1371 1422 ix.
1394 1392 1451 1422 Res
1474 1400 1576 1430 graves
1592 1415 1599 1429 ‚
1624 1391 1724 1430 quales
1758 1394 1826 1420 sunt
1854 1389 2033 1427 electiones,

1293 1441 1549 1471 renunciationum
1565 1440 1769 1478 admissiones,
1787 1443 1815 1469 et
1829 1438 1948 1477 similia,
1971 1447 2036 1478 pro-

1295 1493 1442 1528 ponantur
1465 1489 1559 1528 pridie
1580 1493 1648 1518 ante
1670 1488 1859 1518 decisionem.

1335 1548 1362 1567 x.
1387 1537 1509 1573 Quando
1542 1537 1651 1576 aliquid
1683 1537 1907 1567 determinatum
1933 1541 1977 1567 est
2005 1537 2036 1567 in

1296 1586 1488 1624 definitorio,
1513 1595 1570 1616 non
1605 1590 1708 1624 agatur
1740 1586 1847 1615 iterum
1876 1585 1911 1615 de
1932 1585 1983 1615 illo
2004 1585 2035 1615 in

1295 1635 1395 1665 eodem
1419 1634 1596 1673 delinitorio,
1620 1634 1740 1664 absente
1764 1634 1862 1674 aliquo
1878 1643 1912 1664 ex
1929 1633 1971 1664 eis
1987 1633 2037 1674 qui

1296 1685 1390 1725 primo
1413 1685 1528 1714 decreto
1551 1688 1705 1714 steterunt.
1722 1683 1782 1713 Imo
1798 1683 1883 1713 etiam
1900 1682 2036 1713 omnibus

1275 1769 1276 1776 ἵ
1297 1733 1502 1774 praesentibus
1518 1742 1576 1762 non
1592 1737 1826 1762 contravertatur
1843 1733 1962 1771 iterum,
1979 1731 2036 1762 nisi

1297 1782 1545 1812 concurrentilnis
1561 1786 1603 1811 tot
1621 1781 1768 1820 suffragiis
1783 1785 1853 1820 quot
1868 1781 2037 1811 necessaria

1297 1836 1366 1862 sunt
1388 1831 1422 1861 ad
1445 1831 1684 1870 dispensandum.

1338 1890 1377 1910 x1.
1402 1880 1547 1920 Epistulae
1568 1880 1603 1909 ad
1625 1879 1822 1910 delinitorium
1851 1879 1957 1909 missae
1979 1889 2037 1910 non

1297 1932 1466 1971 aperiantur
1489 1931 1547 1961 nisi
1569 1940 1667 1961 coram
1699 1931 1780 1970 ipso,
1804 1935 1833 1961 et
1859 1930 1900 1960 ibi
1923 1930 2037 1970 publice

1297 1981 1445 2018 legantur,
1463 1979 1520 2009 nisi
1535 1979 1619 2010 aliter
1640 1979 1734 2009 eidem
1757 1979 1922 2009 definitorio
1943 1978 2038 2009 visum

1297 2029 1394 2059 suerit.

1337 2087 1386 2108 xu.
1411 2077 1613 2108 Desinitorium
1636 2076 1908 2115 generaleOrdinis
1931 2077 2038 2116 poterit

1298 2127 1418 2157 mittere
1441 2126 1566 2165 aliquem
1584 2125 1752 2164 religiosum
1775 2125 1810 2155 ad
1833 2125 1930 2155 curias
1945 2125 2040 2165 ponti-

1298 2176 1393 2206 ficiam
1416 2179 1444 2205 et
1466 2175 1596 2213 regiam,
1621 2179 1649 2204 et
1672 2175 1729 2213 quo
1750 2174 1793 2204 illi
1816 2174 1972 2214 expediens
1999 2173 2039 2204 vi-

1297 2235 1361 2255 sum
1385 2224 1474 2254 suerit
1497 2234 1548 2264 pro
1571 2224 1668 2263 aliquo
1690 2223 1771 2262 gravi
1793 2223 1914 2262 negocio
1936 2223 1970 2254 ad
1988 2223 2039 2253 bo-

1298 2283 1369 2304 nuin
1394 2282 1550 2303 commune
1577 2273 1730 2310 religionis
1759 2272 1946 2312 pertinente,
1969 2272 2039 2302 dum

1298 2328 1394 2353 tamen
1412 2322 1441 2352 in
1465 2322 1520 2351 hoc
1542 2321 1717 2351 conveniant
1739 2330 1839 2350 omnes
1857 2321 1907 2360 qui
1929 2320 2039 2352 suerint

1298 2372 1328 2402 in
1351 2370 1530 2406 desmitorio,
1554 2379 1611 2399 uno
1634 2369 1762 2409 dempto.

1339 2428 1399 2449 x111.
1424 2419 1534 2449 Poterit
1556 2418 1643 2448 etiam
1671 2418 1796 2457 aliquem
1820 2427 1855 2447 ex
1879 2417 2040 2448 definitori-

1298 2468 1352 2498 bus
1374 2468 1404 2498 in
1437 2466 1567 2506 quolibet
1600 2468 1681 2505 gravi
1711 2466 1832 2504 negocio
1865 2469 2039 2496 occurrente

1299 2525 1442 2556 occupare
1464 2516 1542 2546 intra
1561 2516 1604 2545 vel
1620 2520 1700 2545 extra
1724 2515 1874 2554 familiam,
1894 2518 1980 2555 prout
1994 2514 2038 2545 illi

1299 2565 1477 2597 conveniens
1499 2565 1591 2595 visum
1614 2565 1713 2595 suerit.

1340 2624 1399 2645 xiv.
1433 2614 1495 2644 Non
1532 2614 1639 2653 poterit
1672 2613 1870 2643 definitorium
1902 2611 2037 2651 generale

1301 2665 1379 2696 vices
1401 2673 1468 2695 suas
1487 2663 1646 2694 concedere
1662 2672 1716 2695 nec
1738 2663 1812 2704 patri
1834 2662 1969 2694 ministro
1989 2671 2038 2702 ge-

2157 0 2182 23 Ὶῖἱ
2199 10 2203 12 .

2151 59 2155 67 x
2202 0 2232 99 ᾞ

2228 71 2232 85 Ι

2214 109 2215 118 ι

2033 272 2083 301 An.
2099 273 2128 303 c.
2148 256 2215 305 ¹7³ss
