2232 3178
67 186 118 215 Διι.
134 186 164 214 C.
186 186 255 214 ¹7⁴0

94 1298 210 1321 namnainr
221 1300 250 1320 so-

67 1326 126 1351 tium,
137 1327 162 1347 de
175 1332 217 1354 quo
229 1327 249 1348 in

66 1354 162 1375 rubrica.

882 186 1022 211 CLEMENS
1046 185 1093 209 xn
1116 185 1165 209 PP.

543 234 720 268 CCLXXVI.

261 330 437 364 Damnatio
468 335 496 364 et
527 331 704 374 prohibitio
734 330 904 363 cuiusdam
929 330 1004 373 folii

304 383 424 427 yallz'co
449 383 603 416 idiomate
628 384 790 427 impressi,
808 384 862 416 cui
886 383 1003 416 titulus

304 438 418 470 Arrest
442 438 481 470 de
509 438 538 469 la
555 436 638 469 Cour
656 437 695 469 du
715 436 909 474 Parlement,
928 447 1003 478 por-

305 495 373 522 tant
398 489 607 532 suppression
644 489 722 521 d'un
755 488 902 531 imprime
930 488 1002 520 inti-

305 543 371 575 tule
396 542 518 576 Lettres
545 541 582 574 de
603 541 771 585 plusieurs
788 541 920 583 &tiques
943 551 1002 573 sur

306 594 506 638 l'obtiy‘ation
524 596 562 629 de
576 596 685 638 priver
709 594 746 626 de
772 594 939 626 l'oblation
957 593 1000 625 du

306 648 450 689 sacrifice
475 648 513 680 de
538 648 571 680 la
595 657 693 680 messe
717 651 745 680 et
770 647 823 679 des
846 646 1001 689 suffraqes

305 701 343 734 de
375 694 508 744 l'E'ylise
531 711 611 734 ceux
638 701 697 744 qui
724 704 867 732 metirent
892 699 1000 742 appel-

306 753 391 786 lants
409 753 447 787 de
465 754 498 786 Ia
513 754 723 787 constitution
743 752 959 794 Unigenitus;
982 751 1000 783 ἀ

311 806 420 850 Ypres,
438 807 510 840 cltez
527 807 641 841 Pierre
660 806 797 850 Jacques
821 806 918 845 Rave,
943 806 1001 838 ivn-

301 860 453 903 primeur
469 859 507 892 de
523 860 751 903 monseiqneztr
768 858 922 902 Fereque,
943 869 1001 891 rue

304 912 451 954 Messine,
481 912 593 952 1739,
620 922 693 945 avec
721 912 949 956 approbatt'on.
976 913 999 944 A

305 965 408 1005 Paris,
428 965 507 998 chez
533 965 640 998 Pierre
665 964 788 1005 Simon,
808 964 1001 1008 imprimeur

304 1018 347 1050 du
362 1018 559 1059 Parlement,
576 1029 632 1051 rue
651 1018 690 1051 de
709 1017 843 1061 l’Harpe
862 1016 877 1050 a
897 1018 1002 1052 l⁷Her-

304 1071 392 1111 cule,
417 1071 513 1104 1739.

469 1161 606 1188 Clemens
627 1161 708 1195 Papa
728 1161 793 1193 xu,

378 1205 415 1233 ad
431 1209 610 1240 perpetuam
629 1206 675 1232 rei
695 1205 880 1233 memoriam.

305 1293 392 1335 Cum,
420 1294 502 1328 sicut
527 1294 620 1327 nobis
646 1294 807 1332 innotuit,
835 1294 866 1326 in
893 1294 1000 1327 lucem

261 1347 419 1390 prodierit
443 1348 605 1392 quoddam
639 1347 749 1380 solium
775 1347 894 1389 gallico
920 1347 1002 1380 idio-

259 1405 345 1433 mate
370 1400 575 1444 impressum,
596 1400 647 1433 cui
674 1400 805 1433 titulus:
824 1400 939 1433 Arrest
964 1399 1001 1433 de

261 1452 294 1486 ta
319 1452 403 1487 Cour
419 1453 463 1486 du
487 1453 675 1487 Parlement
696 1457 829 1497 portant
853 1463 1002 1497 suppres-

220 1500 222 1503 ’
259 1505 332 1538 sion
356 1505 433 1538 d’un
463 1506 617 1549 imprime
649 1506 782 1539 intitute'
806 1506 929 1539 Lettres
961 1507 1000 1539 de

260 1558 424 1600 plusieurs
450 1559 588 1602 eveques
621 1569 677 1591 sur
709 1558 924 1601 l'obligation
961 1560 1000 1592 de

262 1611 369 1654 priver
394 1611 433 1644 de
459 1610 632 1644 l'oblation
658 1611 701 1643 du
726 1611 870 1644 sacrifice
901 1612 940 1644 de
970 1613 1000 1645 la

260 1673 365 1696 messe
391 1669 423 1696 et
448 1664 504 1696 des
529 1663 690 1706 sussrages
709 1664 748 1697 de
766 1657 901 1707 l’Eglise
919 1675 999 1698 ceux

260 1716 315 1759 qui
346 1722 496 1749 meurent
528 1717 713 1759 appellants
744 1717 784 1749 de
816 1718 846 1750 la
880 1718 1000 1750 consti-

261 1770 366 1803 tution
390 1768 596 1812 Uniyenz'tus
615 1771 639 1802 Λ
660 1769 773 1813 Ypres‚
791 1770 871 1804 cliez
889 1770 999 1804 Pierre

260 1823 397 1866 Jacques
433 1823 518 1856 Rave
554 1823 747 1867 imprimeur
778 1824 817 1857 de
852 1825 996 1858 monsei-

259 1886 364 1918 gneur
382 1875 542 1919 l'c'vespie,
561 1886 619 1909 rue
640 1876 788 1916 Messine,
806 1876 905 1917 1739,
923 1887 999 1911 avec

259 1928 485 1972 approbation.
498 1929 525 1962 A
542 1929 649 1969 Paris,
664 1929 735 1961 clzez
748 1929 864 1962 Pierre
876 1929 998 1971 Simon,

258 1981 451 2024 imprimeur
463 1981 508 2014 du
525 1981 721 2022 Parlcment‚
735 1992 794 2015 rue
810 1981 847 2014 cle
865 1982 1000 2026 I'Harpe

258 2032 279 2065 τὶ
304 2033 466 2067 l'Hercule
492 2033 600 2067 1739.
629 2034 710 2067 Hinc
735 2039 784 2068 est
808 2035 894 2078 quod
920 2046 998 2075 nos,

259 2097 320 2130 pro
337 2087 506 2120 commissa
523 2087 618 2120 nobis
644 2087 795 2120 divinitus
814 2088 922 2130 gregis
940 2089 998 2121 do-

259 2139 368 2172 minici
394 2142 493 2180 cura,
520 2140 698 2172 animarum
724 2140 876 2183 periculis
902 2146 999 2184 atque

262 2192 491 2233 detrimentis,
518 2202 601 2235 quae
627 2202 664 2225 ex
690 2192 836 2225 eiusdem
861 2193 928 2226 solii
955 2194 999 2226 le—

259 2245 367 2278 ctione
394 2251 425 2278 et
449 2256 507 2278 usu
533 2245 708 2288 provenire
726 2252 868 2288 possent,
889 2252 998 2290 pasto-

258 2299 317 2331 rali
343 2298 573 2338 sollicitudine,
592 2304 748 2341 quantum
766 2309 837 2331 cum
862 2299 999 2333 Domino

258 2361 441 2394 possumtIS,
456 2361 627 2384 occurrere
645 2352 802 2392 volentes,
821 2358 909 2384 motu
928 2363 999 2395 pro-

257 2403 341 2447 prio,
360 2414 397 2437 ac
417 2414 454 2437 ex
480 2405 568 2437 certa
592 2403 725 2436 scientia
745 2409 776 2436 et
796 2407 921 2438 matura
947 2405 1000 2437 de-

257 2456 452 2490 liberatione
489 2456 633 2497 nostris‚
662 2456 766 2500 deque
801 2458 999 2499 apostolieae

258 2510 430 2553 potestatis
455 2510 680 2553 plenitudine,
706 2510 819 2543 solium
844 2511 996 2554 supradi-

259 2567 354 2603 ctum,
373 2566 486 2594 tenore
503 2561 736 2604 praesentium,
755 2562 944 2595 damnamus
970 2567 1001 2595 et

1686 176 1749 210 667
1796 185 1844 212 An.
1862 186 1890 213 C.
1913 187 1981 215 1740

1047 233 1269 277 reprobamus,
1288 243 1324 266 ac
1347 234 1411 276 legi
1429 238 1459 267 et
1472 233 1606 266 retineri
1632 233 1787 276 prohibe-

1046 297 1127 328 mus,
1156 287 1323 331 ipsiusque
1349 286 1416 320 solii
1443 287 1710 330 descriptionem,
1738 297 1786 319 re-

1047 340 1234 380 tentionem,
1260 340 1434 373 lectionem
1461 346 1493 373 et
1516 351 1607 373 usum
1634 339 1786 372 omnibus

1046 400 1077 426 et
1102 393 1236 435 singulis
1261 394 1538 433 christifidelibus,
1560 394 1655 427 etiam
1682 393 1786 436 speci-

1046 445 1103 478 fica
1117 452 1149 479 et
1162 446 1326 480 individua
1345 447 1511 480 mentione
1526 452 1555 479 et
1571 446 1784 489 expressione

1046 499 1173 541 dignis,
1200 500 1259 532 sub
1298 502 1405 543 poena
1438 499 1782 533 excommunicationis

1044 562 1103 594 per
1135 552 1400 586 contrafacientes
1437 554 1508 596 ipso
1545 553 1626 585 sacto
1662 552 1783 593 absque

1044 605 1105 638 alia
1122 605 1340 638 declaratione
1355 606 1560 645 incurrenda,
1576 617 1592 637 a
1608 616 1670 648 qua
1689 615 1784 637 nemo

1043 668 1102 701 per
1127 668 1332 701 quemquam,
1352 658 1412 690 nisi
1438 669 1497 701 per
1515 669 1573 690 nos
1592 668 1647 690 seu
1671 658 1785 690 Roma-

1043 721 1119 742 num
1134 710 1321 743 Pontificem
1340 722 1398 754 pro
1422 715 1567 754 tempore
1582 711 1783 751 existentem,

1044 769 1172 806 praeter
1197 774 1291 807 quam
1309 764 1342 796 in
1367 763 1479 796 mortis
1506 763 1642 796 articulo
1669 763 1786 795 eonsti-

1044 822 1144 857 tutus,
1168 817 1272 860 possit
1296 816 1432 855 absolvi,
1458 816 1592 849 omnino
1617 816 1785 849 interdici-

1044 880 1127 902 mus.
1156 869 1309 902 Volentcs
1341 875 1372 903 et
1397 869 1586 902 auctoritate
1619 869 1784 911 praedicta

1043 922 1245 962 mandantes,
1261 927 1306 963 ut,
1324 922 1519 965 quicumque
1539 921 1650 954 solium
1671 921 1784 954 huius-

1044 976 1130 1008 modi
1156 986 1257 1019 penes
1282 986 1317 1007 se
1343 975 1537 1014 habuerint,
1564 976 1611 1007 vel
1642 975 1673 1006 in
1706 975 1786 1007 futu-

1045 1039 1114 1060 rum
1153 1027 1423 1071 quandocumque
1450 1027 1639 1066 habebunt,
1678 1027 1783 1069 illum,

1045 1080 1152 1113 statim
1178 1085 1272 1123 atque
1301 1085 1489 1123 praesentes
1514 1079 1641 1112 litterae
1667 1079 1712 1112 eis
1738 1080 1785 1112 in-

1044 1133 1223 1173 notuerint,
1249 1134 1393 1166 locorum
1419 1132 1597 1165 Ordinariis
1625 1133 1674 1164 vel
1700 1132 1785 1165 hac-

1044 1187 1164 1220 reticae
1190 1187 1356 1229 pravitatis
1377 1186 1627 1230 inquisitoribus
1653 1186 1783 1219 tradere

1045 1245 1075 1272 et
1099 1239 1294 1281 consignare
1319 1244 1518 1279 teneantur3
1546 1238 1578 1271 hi
1603 1249 1681 1271 vero
1708 1239 1785 1272 solia

1044 1292 1103 1324 sibi
1125 1292 1171 1325 sic
1194 1292 1311 1325 tradita
1329 1292 1416 1325 illico
1437 1292 1572 1324 flammis
1590 1291 1715 1325 aboleri
1734 1302 1785 1324 cu-

1044 1350 1130 1378 rent.
1158 1345 1191 1377 ln
1209 1344 1409 1378 contrarium
1435 1345 1627 1378 facientibus
1646 1355 1709 1378 non
1729 1346 1785 1378 ob-

1044 1398 1202 1431 stantibus
1225 1398 1498 1442 quibuscumque.

1087 1449 1147 1493 §⁹2.
1164 1450 1204 1483 Ut
1218 1456 1322 1484 autem
1338 1455 1526 1494 praesentes
1541 1451 1667 1484 litterae
1686 1450 1785 1484 omni-
1847 1460 1980 1482 nemausam

1043 1504 1102 1536 bus
1129 1503 1253 1537 facilius
1280 1504 1508 1544 innotescant,
1533 1515 1593 1537 nec
1616 1504 1784 1547 quisquam
1797 1487 1959 1541 ptssb'5222f5?”¹⁵

1045 1556 1172 1589 illarum
1198 1557 1418 1599 ignorantiam
1437 1558 1578 1600 allegare
1597 1557 1710 1600 possit,
1731 1567 1785 1590 vo·

1044 1611 1164 1651 lumus,
1183 1615 1215 1642 et
1231 1610 1423 1643 auctoritate
1448 1610 1613 1653 praedicta
1639 1611 1786 1643 decerni-

1043 1672 1130 1702 mus,
1155 1661 1226 1694 illas
1251 1662 1290 1694 ad
1316 1663 1420 1695 valvas
1446 1663 1598 1695 basilicae
1623 1662 1784 1706 Principis

1043 1715 1272 1758 Apostolorum
1288 1725 1322 1747 ac
1336 1715 1555 1748 Caneeliariae
1569 1716 1783 1758 Apostolicae,

1043 1778 1171 1801 necnon
1197 1768 1309 1801 Curiae
1335 1768 1496 1810 generalis
1520 1768 1552 1800 in
1578 1768 1683 1801 Monte
1702 1768 1783 1801 Cita-

1044 1821 1126 1853 torio
1153 1826 1183 1852 et
1208 1820 1241 1852 in
1266 1821 1332 1852 acie
1358 1819 1572 1863 Campissorae
1603 1821 1641 1853 de
1674 1820 1756 1853 Urbe
1773 1848 1780 1861 ,

1042 1883 1103 1916 per
1128 1873 1268 1915 aliquem
1299 1883 1335 1905 ex
1361 1873 1545 1906 cursoribus
1582 1874 1722 1913 nostris,
1751 1879 1785 1905 ut

1043 1926 1142 1959 moris
1167 1931 1229 1966 est,
1255 1926 1426 1969 publicari,
1452 1926 1646 1970 illarumque
1670 1937 1781 1959 exem-

1043 1981 1096 2022 pla
1121 1979 1242 2012 ibidem
1269 1979 1360 2012 affixa
1386 1979 1544 2023 relinqui3
1565 1980 1609 2012 sic
1626 1990 1702 2012 vero
1728 1991 1785 2023 pu-

1042 2033 1187 2073 blicatas,
1216 2043 1330 2065 omnes
1356 2038 1387 2065 et
1412 2033 1577 2075 singulos,
1604 2043 1685 2076 quos
1710 2044 1784 2066 con-

1043 2091 1192 2126 cernunt,
1208 2086 1343 2129 perinde
1361 2086 1497 2126 afficerc,
1513 2097 1548 2119 ac
1566 2086 1590 2118 si
1610 2086 1783 2130 unicuique

1042 2140 1172 2172 illorum
1198 2138 1417 2182 personaliter
1448 2140 1632 2173 notificatae
1659 2145 1690 2172 ct
1715 2139 1782 2172 inti-

1042 2197 1147 2224 matae
1174 2191 1329 2233 fuissent;

1086 2246 1100 2288 ἓ
1124 2245 1156 2278 3.
1183 2245 1327 2288 Ipsarum
1353 2251 1460 2278 autem
1490 2246 1670 2278 litterarum
1699 2251 1977 2304 tran-<ungl=ffinn¹r³n=

1041 2298 1189 2341 sumptis,
1207 2309 1264 2331 seu
1291 2299 1455 2341 exemplis,
1479 2299 1574 2331 etiam
1601 2295 1799 2340 impressis(
1928 2294 1933 2299 ’

1043 2361 1138 2384 manu
1158 2351 1293 2383 alicuius
1312 2352 1428 2384 notarii
1448 2351 1571 2394 publici
1591 2350 1782 2393 subscriptis

1043 2409 1074 2437 et
1099 2403 1208 2446 sigillo
1235 2414 1394 2446 personae
1425 2404 1456 2436 in
1490 2403 1708 2436 ecclesiastica
1735 2403 1782 2435 di-

1043 2457 1165 2499 gnitate
1205 2456 1397 2488 constitutae
1438 2456 1591 2494 munitis,
1632 2455 1780 2488 camdem

1044 2519 1178 2552 prorsus
1196 2508 1293 2541 sidem
1312 2513 1374 2540 tam
1394 2508 1424 2540 in
1444 2508 1562 2540 iudicio
1577 2518 1671 2550 quam
1692 2514 1781 2541 extra

1044 2562 1123 2595 illud
1148 2561 1270 2604 ubique
1296 2562 1440 2593 locorum
1469 2561 1596 2601 baberi,
1620 2571 1702 2604 quac
1729 2561 1780 2594 ba.-
