2232 3178
261 238 302 265 An
330 239 357 266 e.
373 239 443 268 1740
488 231 552 264 65⁶2

300 1300 445 1326 'rramumpus

262 1327 324 1348 sidem
340 1328 407 1348 addit.

456 289 557 328 matis,
584 289 772 332 approbatis
798 295 830 322 et
855 289 1033 329 innovatis,
1072 287 1190 331 quibus

455 341 603 374 omnibus
631 348 662 374 et
686 341 842 383 singulis,
869 342 993 374 etiamsi
1030 352 1089 384 pro
1121 341 1191 373 illo-

455 405 524 426 rum
551 394 722 426 sufficienti
749 394 960 436 derogatione
985 395 1024 427 de
1051 394 1114 427 illis
1137 404 1190 426 eo-

456 457 590 489 rumque
617 446 692 479 totis
730 447 896 479 tenoribus
929 447 1091 490 specialis,
1117 457 1190 489 spe-

455 499 551 538 cifica,
574 510 728 541 expressa
746 505 776 531 et
795 500 965 539 individua,
984 510 1019 532 ac
1036 500 1074 532 de
1093 499 1190 532 verbo

454 552 493 584 ad
520 552 673 591 verbum,
700 562 764 585 non
803 558 908 585 autem
942 563 999 595 per
1032 553 1190 584 clausulas

454 606 623 645 generales
648 605 733 637 idem
753 605 973 648 importantes,
993 605 1116 637 mentio
1134 614 1190 636 seu

454 658 587 700 quaevis
609 658 668 690 alia
691 659 859 702 expressio
879 659 1028 691 habenda
1053 663 1105 690 aut
1130 658 1191 690 alia

454 709 611 753 exquisita
637 711 739 743 forma
765 712 803 744 ad
830 712 893 744 lioc
918 711 1073 744 servanda
1099 710 1190 752 soret,

455 768 580 796 tenores
607 763 811 805 huiusmodi,
839 775 873 797 ac
899 765 924 797 si
952 765 990 797 de
1017 764 1114 796 verbo
1152 764 1190 796 ad

453 817 600 857 verbum,
628 817 709 849 nihil
735 817 864 860 penitus
884 817 1018 857 omisso,
1041 823 1072 849 et
1090 818 1191 849 forma

455 868 485 900 in
511 868 572 902 illis
597 869 711 901 tradita
732 871 912 910 observata,
932 869 1190 913 exprimerentur

453 927 485 954 et
509 921 742 962 insererentur,
770 923 995 965 praesentibus
1013 933 1072 965 pro
1094 923 1190 964 plene

454 980 485 1007 et
509 974 706 1008 sufficienter
731 976 895 1018 expressis
914 986 949 1008 ac
970 976 1008 1008 de
1027 975 1126 1009 verbo
1153 975 1191 1008 ad

454 1028 587 1059 verbum
613 1028 741 1069 insertis
766 1029 924 1062 habentes
940 1056 947 1069 ,
973 1029 1033 1061 illis
1058 1029 1134 1061 alias
1160 1029 1190 1060 in

455 1091 513 1113 suo
539 1081 656 1113 robore
683 1082 915 1124 permansuris,
941 1082 979 1114 ad
998 1082 1194 1124 praemisso-

454 1144 525 1165 rum
552 1133 709 1174 effectum,
737 1135 797 1167 hac
822 1135 889 1168 vice
915 1135 1100 1175 dumtaxat,
1127 1145 1194 1177 spe-

456 1186 579 1219 cialiter
604 1192 635 1219 et
660 1198 810 1230 expresse
830 1188 1039 1231 derogamus;
1062 1188 1194 1220 ceteris-

457 1250 520 1282 que
538 1240 705 1273 conlrariis
723 1240 991 1284 quibuscumque.

501 1293 515 1336 ἓ
548 1292 578 1326 7.
612 1293 766 1326 Volumus
800 1300 905 1327 autem
941 1299 976 1326 ut
1006 1294 1193 1327 earumdem

455 1346 677 1389 praesentium
696 1347 875 1380 litterarum
897 1348 1122 1391 transumptis,
1140 1358 1194 1380 seu

457 1399 633 1443 exemplis,
661 1400 707 1433 sic
733 1400 911 1445 impressis.
937 1412 1034 1434 manu
1059 1401 1194 1434 alicuius

454 1453 576 1485 notarii
594 1453 717 1496 publici
734 1454 941 1497 subscriptis,
960 1459 992 1487 et
1004 1454 1113 1497 sigillo
1127 1465 1196 1497 per-

455 1516 553 1539 sonae
579 1506 612 1538 in
637 1507 857 1540 ecelesiastica
879 1507 1035 1550 dignitate
1049 1507 1195 1548 munitis,

456 1559 570 1592 eadem
587 1570 720 1603 prorsus
738 1559 818 1593 fides
838 1565 900 1593 tam
919 1561 952 1593 in
968 1560 1090 1594 iudicio
1101 1571 1196 1604 quam

457 1618 545 1645 extra
577 1613 657 1646 illud
691 1614 813 1657 ubique
849 1615 994 1648 locorum
1020 1614 1194 1654 habeatur,

455 1676 538 1708 quae
575 1667 756 1700 haberetur
791 1667 872 1710 ipsis
908 1668 1137 1711 praesentibus
1171 1667 1196 1699 si

455 1718 565 1751 forent
585 1719 752 1753 exhibitae
776 1721 827 1752 vel
851 1725 1019 1753 ostensae.

499 1771 614 1804 Datum
640 1772 781 1812 Romae,
808 1773 894 1815 apud
919 1772 950 1806 S.
979 1773 1110 1805 Mariam
1135 1772 1198 1805 Ma-

457 1826 577 1866 iorem,
604 1826 663 1858 sub
688 1826 813 1858 annulo
831 1826 1017 1866 Piscatoris,
1049 1826 1101 1859 die
1133 1836 1196 1860 xvii

456 1877 594 1910 ianuarii
619 1887 760 1919 iincch,
778 1878 989 1922 pontificatus
1016 1880 1120 1912 nostri
1141 1890 1197 1912 an-

457 1941 499 1963 no
528 1942 559 1964 x.

493 1993 553 2020 Dat.
576 1993 619 2021 die
641 1994 673 2021 17
694 1995 811 2022 ianuarii
834 1995 912 2030 1740,
933 1996 1031 2031 pontif.
1053 2004 1124 2023 anno
1145 2003 1168 2023 x.

736 2154 919 2191 CCLXXlll.

460 2241 559 2277 Breve
583 2244 769 2278 Alexandri
797 2244 874 2286 VII,
900 2256 964 2289 quo
988 2255 1066 2279 usus
1092 2250 1198 2279 trans-

504 2298 604 2331 eundi
619 2298 662 2331 ad
679 2298 784 2332 aliam
801 2298 1006 2341 reliqionem,
1020 2300 1199 2342 provinciis

504 2351 552 2384 Ss.
577 2351 715 2384 Ioamn‘s
739 2352 911 2395 Baptistae
935 2356 963 2384 et
987 2352 1118 2395 Iosephi
1133 2353 1199 2394 fra-

507 2410 592 2437 trum
619 2403 756 2437 Ordinis
780 2404 947 2437 Minorum
964 2404 1069 2437 sancti
1092 2404 1198 2438 Fran—

504 2457 581 2489 ciscz'
612 2457 650 2489 de
687 2456 900 2490 observantia
924 2457 1200 2490 Discalceatorum

504 2514 768 2553 nuncupatorum
803 2520 984 2551 concessus,
1012 2510 1197 2554 abroqatur,

506 2562 693 2596 eoetenditur
717 2563 760 2595 ad
782 2564 987 2607 provinciam
1013 2563 1045 2597 S.
1061 2564 1202 2597 Antonii

505 2616 541 2649 in
569 2615 715 2649 Brasilia
741 2615 885 2649 eiusdem
911 2616 1058 2650 Ordinis.

1033 240 1051 263 B
1057 238 1218 265 ULLARIUM
1240 237 1395 264 Romnum

1443 287 1578 315 clemens
1598 288 1677 322 Papa
1696 288 1761 321 xu,

1353 332 1389 358 ad
1409 334 1585 365 perpetuam
1604 332 1650 359 rei
1669 333 1850 360 memoriam.

1277 392 1291 435 ἓ
1317 393 1348 426 t.
1375 393 1576 426 Emanarunt
1601 394 1722 426 dudum
1754 405 1770 427 a
1795 394 1896 428 felicis
1920 406 1970 428 re-

1234 446 1433 479 cordationis
1459 447 1640 480 Alexandro
1664 447 1722 480 ΡΡ.
1750 448 1799 480 Vll
1832 449 1969 490 praede-

1233 508 1361 532 cessore
1387 505 1497 533 nostro
1515 500 1651 533 ·litterae
1689 501 1719 533 in
1746 500 1841 533 simili
1867 501 1970 534 forma

1234 551 1342 584 Brevis
1368 552 1537 595 expeditae
1574 554 1693 586 tenoris
1731 553 1783 597 qui
1816 547 1972 596 sequitur,

1234 605 1397 638 videlicet:

1281 672 1293 688 ι(
1326 658 1515 691 Alexander
1542 659 1611 692 ΡΡ.
1645 658 1722 700 VII,
1750 660 1792 692 ad
1822 661 1971 703 futuram

1234 710 1283 743 rei
1308 712 1511 744 memoriam.
1538 711 1632 752 Cum,
1663 712 1745 745 sieut
1773 713 1879 747 dilecti
1913 712 1970 746 filii

1235 763 1370 795 ministri
1397 763 1615 806 provinciales
1642 770 1672 797 et
1698 765 1811 798 fratres
1839 765 1971 808 provin-

1235 815 1354 848 ciarum
1392 816 1439 849 Ss.
1467 817 1594 850 loannis
1632 818 1790 861 Baptistae
1827 823 1858 851 et
1890 818 1973 852 lose-

1235 868 1293 911 phi
1329 868 1459 901 Ordinis
1497 870 1655 902 Minorum
1687 870 1786 903 saneti
1811 870 1972 904 Francisci

1237 921 1276 953 de
1301 920 1510 954 Observantia
1535 922 1807 956 Discalceatorum
1843 934 1970 956 nuncu-

1235 979 1382 1016 patorum
1404 974 1495 1016 regni
1516 975 1744 1018 Hispaniarum
1763 976 1855 1009 nobis
1873 985 1974 1019 nuper

1236 1027 1354 1069 exponi
1381 1027 1535 1066 fecerunt,
1563 1028 1641 1070 ipsis
1659 1029 1735 1062 alias
1753 1029 1885 1072 provide
1903 1040 1975 1062 con-

1235 1079 1452 1112 sideraverint
1483 1080 1708 1122 incommoda,
1734 1092 1816 1125 quae
1853 1082 1974 1115 eisdem

1236 1132 1411 1175 provinciis
1453 1133 1484 1165 in
1525 1134 1594 1166 dies
1633 1134 1827 1177 proveniunt
1861 1146 1897 1168 ex
1935 1138 1974 1169 εὖ

1237 1186 1322 1228 quod
1364 1186 1514 1219 nonnulli
1555 1188 1743 1220 earumdem
1784 1188 1972 1231 provincia-

1237 1249 1307 1270 rum
1328 1239 1473 1281 religiosi
1493 1240 1687 1280 huiusmodi,
1707 1245 1873 1283 praetextu
1893 1241 1974 1273 vitae

1237 1291 1398 1333 melioris,
1434 1293 1650 1336 praetendant
1681 1305 1698 1327 e
1736 1294 1822 1327 dicto
1855 1293 1974 1327 Ordine

1238 1345 1372 1378 transire
1398 1345 1437 1378 ad
1464 1346 1578 1379 tratres
1605 1345 1849 1387 Carthusianos,
1875 1347 1976 1390 petita

1238 1398 1418 1439 dumtaxat,
1438 1398 1514 1432 licet
1538 1409 1603 1432 non
1630 1400 1775 1441 obtenta,
1795 1401 1835 1434 ad
1852 1400 1884 1433 id
1903 1410 1977 1433 suo-

1238 1461 1310 1484 rum
1336 1451 1542 1495 superiorum
1568 1452 1711 1486 lieentia:
1733 1453 1826 1486 nobis
1843 1459 1977 1497 propte-

1239 1514 1294 1536 rea
1318 1503 1416 1537 iidem
1442 1510 1662 1548 exponentes,
1688 1510 1722 1538 ut
1746 1505 1879 1539 eaedem
1903 1515 1976 1549 pro-

1238 1557 1362 1591 vinciae
1389 1557 1421 1590 in
1446 1568 1558 1591 eorum
1581 1563 1665 1591 statu
1691 1559 1866 1592 reformato
1891 1564 1922 1592 et
1945 1558 1977 1590 in

1978 239 2029 267 An.
2047 240 2075 267 C.
2093 239 2162 268 1740

1994 406 2062 426 Breve
2075 406 2164 427 Alexan·

1980 432 2011 452 dri
2026 432 2066 455 vn.
2083 433 2108 452 do
2123 439 2166 459 quo

1981 458 2000 479 in
2016 459 2111 480 rubrica.

1239 1609 1326 1652 pacis
1353 1615 1384 1643 et
1410 1610 1528 1654 quietis
1561 1612 1750 1645 universalis
1784 1611 1976 1645 amoenitate
2006 1612 2009 1613 ⁷

1240 1669 1484 1704 conserventur,
1510 1665 1678 1698 humiliter
1702 1665 1878 1709 supplicari
1896 1665 1978 1698 sece-

1240 1721 1315 1748 runt
1332 1722 1365 1748 ut
1388 1716 1420 1748 in
1441 1717 1627 1760 praemissis
1643 1723 1827 1761 opportune
1843 1723 1878 1750 ut
1894 1717 1978 1750 infra

1240 1769 1411 1812 providere
1436 1770 1475 1802 de
1501 1770 1702 1813 benignitate
1727 1771 1906 1814 apostolica
1931 1771 1979 1804 di-

1241 1832 1425 1864 gnaremur.
1448 1822 1511 1856 Nos
1538 1823 1646 1866 igitur,
1665 1823 1796 1857 eosdem
1818 1833 1979 1867 exponen-

1242 1881 1288 1908 tes
1309 1876 1503 1918 specialibus
1528 1876 1692 1910 savoribus
1712 1883 1744 1911 et
1768 1877 1879 1920 gratiis
1904 1887 1980 1921 pro-

1240 1929 1334 1972 sequi
1370 1930 1515 1963 volentes
1530 1956 1538 1970 ,
1577 1935 1608 1963 et
1645 1940 1755 1964 eorum
1795 1931 1977 1974 singulares

1240 1987 1435 2026 personaset
1467 1993 1484 2015 a
1519 1983 1688 2026 quibusvis
1721 1983 1979 2017 exeommunica-

1241 2035 1350 2077 tionis,
1364 2035 1591 2079 suspensionis
1605 2041 1636 2069 et
1651 2036 1828 2077 interdicti,
1843 2036 1979 2079 aliisque

1241 2088 1469 2122 ecclesiasticis
1488 2089 1670 2131 sententiis,
1687 2089 1833 2123 censuris
1854 2094 1886 2123 et
1902 2099 1980 2133 poe-

1241 2141 1300 2182 nis,
1322 2151 1339 2174 a
1358 2141 1428 2174 iure
1450 2142 1499 2174 vel
1521 2142 1560 2174 ab
1584 2142 1730 2184 homine,
1754 2142 1866 2187 quavis
1892 2153 1981 2176 occa—

1241 2193 1334 2226 sione
1354 2195 1404 2227 vel
1429 2196 1526 2227 causa
1550 2194 1642 2236 latis,
1663 2195 1688 2228 si
1706 2195 1824 2238 quibus
1846 2206 1981 2239 quomo-

1241 2245 1367 2279 dolibet
1390 2246 1568 2280 innodatae
1594 2247 1748 2289 existunt,
1767 2249 1806 2281 ad
1831 2247 1981 2281 effectum

1241 2299 1465 2342 praesentium
1499 2300 1664 2334 dumtaxat
1695 2301 1980 2344 consequendum,

1243 2352 1357 2384 harum
1396 2352 1482 2386 serie
1508 2353 1714 2387 absolventes
1753 2360 1786 2388 et
1815 2354 1980 2387 absolutas

1243 2404 1312 2438 sere
1337 2411 1527 2446 censentes,
1555 2406 1744 2440 huiusmodi
1769 2407 1980 2451 supplicatio-

1244 2457 1338 2490 nibus
1364 2458 1521 2498 inelinati,
1538 2458 1577 2491 de
1595 2459 1828 2492 venerabilium
1848 2459 1982 2492 fratrum

1244 2516 1428 2544 nostrorum
1455 2511 1485 2544 S.
1503 2511 1540 2544 R.
1555 2511 1590 2544 E.
1608 2511 1817 2545 cardinalium
1839 2512 1983 2555 negociis

1245 2569 1276 2597 et
1300 2565 1597 2598 consultationibus
1623 2565 1847 2609 episcoporum
1881 2571 1912 2599 et
1936 2576 1983 2599 re-

1244 2617 1404 2660 gularium
1428 2618 1688 2661 praepositorum
1714 2619 1861 2662 consilio,
1882 2623 1982 2653 atten-
