2232 3178
29 181 77 208 An.
97 178 125 205 G.
143 175 211 204 1738

835 176 978 214 C'LEMENS
1001 176 1049 201 ΧΠ
1073 178 1124 202 ΡΡ.

215 223 427 257 rationalibus
453 229 484 257 et
508 224 602 258 nobis
628 225 712 258 notis
746 226 859 266 causis,
886 236 959 259 exe-

215 277 334 310 cutioni
360 277 548 310 huiusmodi
572 278 760 311 demandari
785 279 957 322 hucusque

215 329 437 373 nequiverint:
456 341 528 369 nos,
547 331 584 363 ad
612 332 812 364 avellendam
829 342 956 364 omnem

215 383 386 415 dubietatis
412 389 443 416 et
468 384 707 418 controversiae
732 385 955 425 occasionem,

214 435 480 479 primodictarum
500 436 671 470 Clementis
692 438 956 480 praedecessoris

213 489 348 532 praefati
375 490 555 523 litterarum
581 491 710 524 debitae
742 491 955 523 intimationis

213 542 409 585 illarumque
437 547 582 584 tempore
617 543 716 576 habili
753 543 956 576 executionis

214 601 245 629 et
271 596 449 639 quemlibet
473 596 570 629 alium
597 597 758 630 desectum
784 605 955 636 sanantes,

214 659 333 692 easque
360 649 398 680 ad
426 659 650 692 quoscumque
676 649 809 682 effectus
836 650 955 682 extriti>

214 711 316 741 secos,
344 705 501 745 quatenns
529 713 610 745 opus
637 702 686 741 sit,
707 702 953 744 reintegrantes,

214 759 245 786 et
269 755 416 797 plenarie
442 764 478 786 ac
504 755 695 797 plenissime
727 755 954 794 revalidantcs‚

213 807 425 849 dignitatibus
462 818 590 840 necnon
616 808 758 851 capitulo
796 814 828 841 et
864 819 956 841 cano-

212 860 293 893 nicis
320 860 422 893 di0tae
445 861 671 904 patriarchalis
690 862 848 894 ecclesiae
867 862 955 905 Ulys-

212 914 398 957 siponensis
429 915 658 955 occidentalis,
687 921 721 948 ut
747 915 808 959 ipsi
835 916 955 959 primo-

213 967 569 1000 dictarumlitterarum
596 968 709 1002 effectu
737 969 953 1013 omnibusque

213 1025 244 1053 et
269 1021 402 1064 singulis
427 1021 540 1064 gratiis
566 1025 596 1054 et
621 1022 754 1055 indultis
782 1022 827 1055 eis
845 1022 877 1054 in
892 1023 956 1065 pri-

212 1074 360 1107 modictis
387 1075 531 1107 eiusdem
558 1074 731 1107 Clementis
768 1075 955 1117 praedeces-

212 1128 294 1160 soris
319 1128 351 1160 in
377 1128 524 1171 praefata
547 1129 648 1160 forma
663 1128 820 1171 expeditis
839 1128 953 1161 litteris

212 1181 378 1214 concessis
403 1187 435 1214 et
461 1181 607 1223 elargitis
633 1182 804 1224 gaudeant,
823 1185 954 1214 utantur

212 1239 244 1267 et
268 1234 426 1274 fruantur,
446 1235 583 1278 perinde
610 1245 645 1268 ac
663 1235 688 1268 si
714 1235 858 1278 praefata
877 1235 952 1268 dicti

211 1287 386 1324 Clementis
403 1288 666 1331 praedecessoris
684 1290 829 1321 voluntas
844 1289 875 1320 in
891 1290 954 1332 pri-

210 1341 361 1374 modictis
376 1342 494 1374 litteris
513 1342 698 1374 nullatenus
718 1342 868 1385 apposita
881 1343 954 1375 suis-

210 1398 282 1433 set,
307 1399 406 1437 utque
434 1395 618 1437 dignitates,
645 1395 822 1437 capitulum
850 1401 882 1428 et
907 1406 955 1428 ca-

212 1447 320 1480 nonici
348 1448 451 1481 dictae
478 1448 710 1491 patriarchalis
736 1449 892 1482 ecclesiae
918 1448 955 1481 U-

211 1501 446 1544 lyssiponensis
464 1502 674 1535 occidentalis
694 1513 730 1535 ex
746 1502 954 1545 patriarchali

211 1553 456 1598 Ulyssiponensi
476 1555 680 1595 occidentali,
695 1556 956 1599 archiepiscopa-

210 1607 295 1640 libus
323 1613 355 1640 et
381 1608 625 1651 episcopalibus
657 1609 821 1649 ecclesiis,
849 1620 885 1642 ac
911 1609 955 1641 di-

209 1661 386 1703 gnitatibus
405 1667 436 1694 et
451 1661 694 1695 canonicatibus
709 1668 741 1695 et
757 1663 955 1706 praebendis

210 1716 453 1757 collegiatarum
496 1717 675 1759 respective
717 1717 952 1757 ecclesiarum,

211 1779 338 1802 necnon
366 1770 563 1812 prioratibus
588 1780 645 1803 seu
672 1770 808 1804 abbatiis
835 1771 866 1804 in
890 1771 955 1814 pri-

211 1823 361 1856 modictis
388 1823 523 1867 praefati
557 1824 732 1858 Clementis
766 1825 955 1868 praedeces-

211 1877 294 1910 soris
319 1877 351 1909 in
378 1877 522 1920 praefata
544 1877 643 1910 forma
661 1879 820 1922 expeditis
837 1879 954 1912 litteris

212 1930 398 1974 designatis,
413 1941 496 1974 quae
511 1932 609 1974 etqui
627 1933 954 1975 vacantesreperian-

212 1989 272 2025 tur,
291 1991 443 2028 quantum
468 1985 615 2028 legitime
633 1991 782 2029 oporteat
807 1986 845 2018 ad
867 1997 954 2020 com-

211 2037 413 2081 plementum
449 2048 594 2071 summae
617 2049 653 2071 ex
683 2039 951 2081 primodictarum

213 2089 289 2123 dicti
304 2090 477 2124 Clementis
489 2092 753 2134 praedecessoris
770 2091 951 2126 litterarum

213 2147 329 2176 tenore
362 2143 394 2175 in
421 2143 636 2186 dignitatum,
664 2145 896 2178 canonicorum
923 2151 954 2178 ct

211 2195 478 2229 beneficiatorum
506 2197 610 2230 dictae
644 2198 870 2241 patriarchalis
903 2209 953 2231 ec-

213 2248 330 2283 clesiae
352 2248 611 2293 Ulyssiponensis
635 2251 847 2284 occidentalis
872 2251 955 2285 utili-

213 2307 309 2335 tatem
335 2303 517 2346 applicatae
544 2309 574 2336 et
601 2305 840 2348 appropriatae‚
860 2316 876 2338 a
902 2305 953 2338 die

213 2356 303 2389 datae
315 2357 581 2400 primodietarum
593 2357 667 2390 dicti
680 2358 852 2391 Clementis
865 2369 953 2402 prae-

214 2409 396 2444 decessoris
422 2411 778 2451 litte1·arum‚videlicet
803 2422 820 2446 v
845 2413 956 2446 kalen-

214 2463 270 2497 das
295 2465 437 2498 octobris
466 2475 549 2498 anno
582 2465 817 2498 incarnationis
853 2466 956 2499 dorni-

213 2516 307 2551 nicae
333 2527 474 2560 nnccxx,
503 2518 610 2562 quoad
637 2518 708 2552 illas
726 2524 756 2551 et
774 2518 848 2552 illos
875 2530 956 2563 quae

215 2575 245 2603 et
269 2570 324 2615 qui
352 2576 427 2605 tunc
453 2572 625 2613 vacabant,
650 2582 713 2615 quo
731 2582 806 2606 vero
824 2572 862 2606 ad
877 2573 958 2607 alios

1002 231 1033 258 et
1059 226 1136 259 alias
1163 237 1246 270 quae
1271 233 1301 261 et
1327 228 1379 271 qui
1407 229 1525 262 deinde
1543 235 1743 269 vacaverunt,

1002 279 1051 311 vel
1078 279 1232 323 deinceps
1256 282 1397 314 vacaturi
1425 283 1472 315 vel
1489 288 1657 315 vacaturae
1677 283 1745 315 sue-

1002 332 1086 371 rint,
1114 333 1152 364 ab
1178 333 1308 366 illorum
1336 346 1390 367 seu
1422 335 1549 368 illarum
1583 336 1741 379 respecti-

1003 395 1037 417 ve
1065 385 1243 418 vacationis
1277 388 1457 430 respective
1484 389 1535 421 die
1564 390 1743 432 respective

1001 439 1278 481 computandae,¹
1305 441 1399 482 (cum
1436 441 1498 474 hoc
1525 447 1629 474 tamen
1658 442 1743 485 quod

1001 501 1112 523 omnes
1140 496 1172 523 et
1196 491 1339 534 singulos
1368 494 1510 534 fruetus,
1541 495 1687 527 redditus
1714 500 1744 527 et

1001 549 1177 586 proventus
1204 546 1407 588 praedictos,
1433 558 1491 590 per
1528 548 1649 580 dictum
1675 548 1745 581 Cle-

1000 603 1141 629 mentem
1167 599 1454 640 praedecessorem
1477 606 1508 633 et
1529 611 1664 643 pernes
1686 612 1744 644 per

1001 653 1190 691 praesentes
1211 650 1314 684 dictae
1332 652 1561 694 patriarchalis
1580 653 1745 697 t'lyssipo-

1001 702 1109 734 nensis
1135 703 1348 737 occidentalis
1374 705 1588 747 dignitatibus
1623 712 1655 740 et
1691 718 1743 739 ca—

1002 755 1127 788 nonicis
1154 757 1339 798 praedictis,
1363 763 1397 789 ut
1422 759 1619 801 praefertur,
1640 760 1744 803 appli-

1000 813 1089 841 catos
1115 813 1147 841 et
1172 810 1414 853 appropriatos,
1436 811 1610 853 dignitates
1636 823 1671 844 ac
1692 823 1744 845 ca-

999 861 1137 903 pitulum
1165 868 1196 894 et
1216 862 1363 895 canonici
1383 863 1486 896 dictae
1514 865 1744 907 patriarchalis

1000 914 1262 957 Ulyssiponensis
1288 915 1523 956 occidentalis,
1549 918 1619 949 loco
1647 917 1745 960 depo-

999 966 1063 1006 siti,
1082 967 1188 1000 donec
1213 978 1296 1000 nova
1313 969 1437 1001 servitii
1457 969 1488 1001 in
1509 970 1622 1002 eadem
1642 971 1745 1003 eecle-

999 1021 1044 1052 sia
1060 1022 1267 1063 patriarchali
1282 1022 1529 1066 Ulyssiponensi
1546 1023 1742 1056 occidentali

998 1073 1036 1106 ab
1063 1074 1109 1106 eis
1132 1076 1317 1117 praestandi
1340 1076 1440 1109 forma
1459 1088 1531 1109 cum
1551 1077 1744 1119 opportunis

998 1127 1133 1170 insuper
1158 1129 1420 1162 ordinationibus
1445 1141 1462 1162 a
1488 1129 1581 1162 nobis
1607 1136 1659 1162 aut
1688 1130 1745 1162 no-

998 1181 1101 1213 manis
1127 1181 1342 1215 Pontificibus
1361 1183 1606 1216 successoribus
1625 1184 1743 1216 nostris

999 1235 1262 1276 praescribatur,
1303 1236 1423 1278 illaque
1461 1237 1591 1269 debitae
1628 1247 1743 1269 execu-

1000 1287 1078 1320 tioni
1095 1288 1324 1328 demandetur,
1341 1295 1370 1322 et
1389 1290 1573 1322 huiusmodi
1602 1290 1742 1333 depositi

999 1340 1215 1374 distribuendi
1260 1343 1342 1374 ratio
1386 1343 1520 1376 insimul
1562 1348 1742 1382 statuatur,

999 1394 1145 1436 integros
1173 1401 1204 1427 et
1236 1395 1400 1434 inlatam,
1436 1395 1585 1428 deductis
1620 1396 1745 1428 dumta-

999 1452 1052 1478 xat
1070 1447 1263 1480 necessariis
1291 1448 1468 1491 expensis,
1496 1459 1660 1482 asservare
1688 1449 1744 1481 de-

999 1501 1098 1533 beant
1136 1506 1167 1534 et
1203 1502 1360 1534 asservari
1398 1502 1535 1545 faciant>
1572 1503 1743 1546 percipere

999 1560 1030 1587 et
1056 1555 1186 1595 levare,
1215 1561 1246 1587 et
1270 1555 1308 1587 ad
1347 1566 1458 1588 eorum
1496 1556 1743 1598 perceptionem

999 1612 1030 1640 et
1056 1608 1259 1641 exactionem
1280 1608 1466 1642 huiusmodi
1487 1609 1675 1652 plenissime
1696 1620 1744 1642 ex-

999 1662 1202 1704 sequendum
1235 1662 1387 1695 omnibus
1415 1668 1446 1695 et
1471 1663 1607 1705 singulis
1645 1663 1743 1706 privi-

1000 1715 1111 1757 legiis,
1138 1715 1273 1748 indultis
1295 1742 1302 1755 ,
1330 1715 1562 1755 facultatibus,
1589 1715 1745 1748 immuni-

999 1769 1136 1808 tatibus,
1164 1769 1425 1812 exemptionibus
1451 1770 1591 1813 aliisque
1620 1769 1744 1812 gratiis,

999 1827 1062 1855 tam
1089 1822 1119 1854 in
1147 1822 1352 1865 primodictis
1386 1823 1532 1856 eiusdem
1570 1823 1743 1856 Clementis

998 1876 1264 1918 praedecessoris
1290 1876 1422 1915 litteris,
1451 1887 1547 1919 quam
1570 1876 1601 1908 in
1621 1876 1744 1909 eisdem

997 1929 1230 1972 praesentibus
1271 1930 1520 1973 quomodolibet
1562 1929 1742 1972 respective

997 1982 1160 2015 concessis
1187 1987 1218 2015 et
1241 1982 1430 2026 impartitis,
1451 1983 1588 2026 perinde
1608 1994 1643 2015 ac
1661 1983 1685 2015 si
1703 1983 1744 2016 si-

997 2038 1072 2076 mul,
1095 2046 1161 2069 non
1187 2039 1292 2069 autem
1319 2036 1504 2080 separatim,
1530 2047 1687 2070 concessa
1713 2044 1744 2071 et

998 2090 1164 2133 impartita
1189 2089 1336 2131 fuissent,
1363 2101 1465 2134 eaque
1492 2096 1553 2124 tam
1575 2091 1604 2123 in
1624 2091 1746 2134 primo-

998 2143 1092 2176 dictis
1129 2143 1302 2176 Clementis
1340 2144 1606 2188 praedecessoris
1633 2145 1745 2178 huius-

997 2196 1085 2230 modi
1111 2207 1207 2239 quam
1232 2197 1264 2229 in
1292 2198 1415 2230 eisdem
1441 2198 1670 2241 praesentibus
1697 2209 1745 2231 re-

997 2250 1141 2294 spective
1167 2251 1286 2283 litteris
1314 2251 1458 2284 totaliter
1483 2251 1603 2284 inserta
1622 2256 1652 2284 et
1673 2262 1743 2295 spe-

997 2304 1123 2337 cialiter
1159 2315 1315 2347 expressa
1356 2304 1510 2345 fuissent,
1545 2304 1673 2348 acque‘1
1708 2315 1744 2337 ao

998 2357 1220 2402 pariformiter
1244 2358 1303 2398 uti,
1332 2357 1393 2390 srui
1419 2363 1450 2391 et
1474 2358 1617 2400 gairidere
1640 2358 1741 2391 libere

1035 2448 1045 2475 1
1068 2447 1169 2474 Desunt
1191 2447 1289 2482 verba,
1310 2448 1438 2481 fricclttS,
1461 2448 1592 2475 redditus
1620 2451 1645 2474 et
1670 2456 1741 2482 pro-

999 2495 1097 2519 ventas
1125 2492 1195 2527 ipsis
1218 2495 1248 2519 u!
1267 2493 1438 2527 praefertur
1454 2491 1615 2526 applicatos
1642 2495 1668 2519 et
1693 2501 1742 2527 ap-

996 2537 1164 2572 propriatos
1188 2539 1224 2569 (R.
1242 2537 1290 2569 T.).

1036 2581 1051 2607 ⁵2
1074 2581 1197 2609 Pessime
1210 2580 1250 2609 ed.
1264 2580 1296 2607 M.
1311 2580 1373 2616 legit
1386 2589 1474 2617 eaque
1490 2589 1538 2617 pro
1549 2582 1742 2618 neque(a.T.)‚

1642 170 1707 204 333
1754 179 1803 206 An.
1825 180 1854 206 c.
1875 180 1940 208 1738
