2232 3178
282 245 331 270 An.
351 243 380 270 C.
399 243 465 271 ¹7⁴0
510 236 574 268 Glf»

474 302 530 332 que
547 292 720 322 documenta
744 291 778 321 ad
800 299 846 320 res
869 289 1043 330 temporales
1066 293 1210 319 monaste-

475 341 511 370 rii
535 340 706 380 spectantia,
724 339 752 369 in
777 338 895 378 publica
917 339 1012 368 forma
1035 338 1164 376 redacta,
1181 337 1211 367 in

475 390 544 418 arca
567 388 610 418 vel
634 388 662 417 in
690 387 819 416 archivio
851 387 999 416 communi
1033 390 1213 426 reponantur

474 437 527 466 sub
549 436 656 475 duplici
680 436 773 472 clave,
797 439 828 465 ut
850 444 950 474 supra.

514 494 562 515 vu.
579 485 785 522 Quaecumque
800 484 942 513 monacho
959 484 1087 522 professo
1104 483 1215 513 donan-

475 537 538 570 tur,
569 532 629 562 sive
658 541 692 561 ex
722 531 899 561 haereditate
929 532 1123 570 proveniunt,
1155 536 1212 561 tam

475 581 590 611 mobilia
613 590 699 620 quam
722 580 894 617 immobilia,
919 580 1014 610 omnia
1036 581 1213 610 monasterio
1234 594 1236 600 v

473 630 570 659 statim
599 633 627 659 et
656 629 718 658 sine
740 629 880 659 dilatione
906 629 1113 668 applicentur3
1144 637 1213 658 usus

474 683 569 707 tamen
592 677 757 716 aliquarum
790 686 888 706 rerum
903 701 910 715 ,
938 680 970 706 ut
991 677 1135 707 librorum
1150 699 1157 713 ,
1187 677 1213 706 ei

473 725 593 755 concedi
614 725 720 764 poterit
742 735 777 754 ex
806 725 926 754 licentia
948 724 1083 763 abbatis,
1112 725 1151 754 ita
1176 729 1214 754 ta-

474 784 539 804 men
566 778 596 804 ut
617 784 652 804 ex
674 783 708 803 eo
737 783 790 803 usu
814 778 970 813 paupertas
995 774 1132 812 religiosa
1155 783 1212 803 non

474 824 618 862 laedatur,
643 833 737 863 neque
770 823 963 853 murmuratio
985 827 1036 853 aut
1057 823 1213 853 aemulatio

473 873 502 902 in
526 873 631 902 ceteris
652 871 792 902 fratribus
816 871 939 902 oriatur.

512 929 571 950 vm.
595 919 794 950 Inventarium
814 919 956 949 bonorum
981 923 1039 950 tam
1062 919 1212 950 mobilium

473 978 559 1008 quam
582 968 776 998 immobilium
808 968 836 997 in
871 968 1006 998 omnibus
1029 969 1213 998 monasteriis

474 1017 597 1047 fideliter
618 1020 646 1046 et
671 1020 806 1046 accurate
828 1016 1006 1056 descriptum
1029 1017 1058 1046 in
1081 1016 1213 1047 archivio

472 1069 673 1101 conservetur,
694 1069 721 1095 et
743 1074 833 1094 unum
853 1065 932 1094 illius
948 1065 1098 1104 exemplar
1113 1064 1148 1094 ad
1165 1064 1213 1094 ab·

473 1115 566 1145 batem
583 1115 749 1153 generalem
766 1114 907 1143 mittatur.
925 1114 994 1143 Item
1012 1113 1153 1144 habeatur
1169 1114 1213 1143 in-

474 1163 637 1193 ventarium
669 1172 790 1192 onerum
821 1162 882 1192 sive
905 1162 1115 1200 obligationum
1146 1171 1213 1200 erga

473 1212 645 1242 fundatores
667 1215 695 1241 et
717 1211 916 1241 benefactores
942 1216 999 1241 tam
1024 1211 1104 1240 vivos
1126 1220 1212 1250 quam

473 1261 635 1297 defunctOS,
659 1259 766 1299 quibus
789 1259 877 1290 abbas
899 1260 1036 1290 satisfieri
1058 1259 1213 1298 diligenter

473 1313 567 1339 curet.

514 1367 552 1388 1x.
570 1357 745 1387 Monasteria
761 1361 858 1387 nostra
874 1358 914 1387 ita
930 1357 988 1387 sint
1003 1357 1128 1386 invicem
1145 1367 1213 1387 con-

473 1405 585 1442 iuncta,
605 1408 634 1434 ut
649 1403 783 1433 monachi
806 1403 934 1443 possint,
958 1403 1071 1433 abbatis
1093 1413 1213 1442 genera-

473 1453 508 1483 lis
532 1452 666 1489 arbitrio,
685 1461 718 1481 ex
736 1461 794 1481 uno
812 1451 840 1481 in
864 1452 986 1482 alterum
1010 1452 1101 1481 libere
1121 1456 1213 1482 trans-

473 1501 552 1539 ferri,
577 1505 615 1539 et,
637 1501 812 1540 ubicumque
835 1501 860 1531 is
884 1501 1018 1538 voluerit,
1042 1501 1076 1531 ad
1101 1505 1213 1540 tempus

473 1551 516 1580 vel
541 1554 680 1590 perpetuo
703 1549 850 1579 collocari.
874 1549 945 1579 Eius
968 1554 1064 1579 tamen
1088 1550 1213 1589 pruden-

474 1601 529 1630 tiae
551 1600 607 1630 erit
631 1604 662 1629 ut
681 1609 738 1629 non
762 1603 870 1629 temere
888 1600 1045 1629 monachos
1061 1600 1102 1629 sic
1122 1604 1213 1629 trans-

473 1650 567 1686 ferat,
598 1648 647 1677 sed
678 1647 775 1678 habita
805 1648 918 1678 ratione
941 1648 1123 1678 necessitatis
1153 1658 1212 1678 mo-

473 1698 633 1726 nachorum
663 1700 691 1726 et
723 1696 984 1733 monasteriorum,
1009 1702 1036 1727 et
1072 1697 1235 1731 consultis.

474 1745 570 1784 prius,
600 1745 623 1774 si
656 1744 718 1774 fieri
751 1745 872 1783 poterit,
896 1748 946 1774 aut
968 1745 1105 1784 expedire
1138 1745 1212 1775 iudi-

473 1795 602 1829 caverit,
630 1793 802 1831 abbatibus,
826 1794 876 1832 qui
909 1793 1016 1824 debent
1047 1794 1142 1833 ipsum
1178 1795 1214 1825 (le

473 1847 548 1873 statu
579 1851 696 1872 suorum
727 1842 935 1872 monachorum
961 1852 994 1872 ac
1022 1843 1215 1872 monasterio-

473 1901 537 1921 rum
570 1891 725 1921 certiorem
760 1891 865 1920 facere.
888 1890 964 1920 Bona
1000 1900 1066 1920 vero
1095 1890 1213 1921 mobilia

474 1945 523 1971 aut
546 1940 705 1971 immobilia
730 1940 816 1970 unius
839 1940 1010 1970 monasterii
1032 1940 1067 1970 ad
1089 1941 1213 1970 alterum

473 1999 658 2028 nequaquam
676 1989 910 2026 transserantur3
933 1989 1060 2019 maxime
1079 1989 1102 2019 si
1118 1999 1132 2019 a
1149 1989 1214 2019 fun-

473 2038 624 2068 datoribus
647 2048 679 2068 ea
709 2038 818 2068 suerint
847 2042 926 2067 certo
952 2038 1016 2068 loco
1045 2038 1210 2076 assignata:

473 2088 522 2118 sed
545 2096 618 2126 quae
642 2087 851 2117 monachorum
885 2086 995 2124 labore,
1024 2087 1066 2116 vel
1089 2096 1123 2117 ex
1148 2087 1212 2117 liae—

473 2137 597 2167 reditate
631 2136 939 2174 consanguineorum,
973 2140 1022 2166 aut
1056 2136 1212 2166 donatione

472 2185 633 2215 amicorum
660 2184 795 2224 cuiquam
828 2194 927 2214 eorum
961 2185 1057 2222 facta,
1086 2185 1120 2214 ad
1151 2194 1211 2214 mo-

473 2234 592 2264 nasterii
629 2233 761 2263 redditus
795 2233 997 2271 accesserint,
1035 2232 1070 2262 iis
1106 2234 1212 2272 poterit

473 2282 561 2312 abbas
593 2282 739 2320 generalis
772 2281 996 2311 necessitatibus
1019 2282 1211 2311 monasterio-

472 2340 538 2360 rum
570 2329 764 2368 indigentium
789 2330 949 2368 prudenter
971 2329 1145 2367 subvenire3
1169 2330 1210 2360 sic

474 2384 571 2409 tamen
594 2383 624 2409 ut
646 2378 765 2408 abbates
788 2379 970 2408 occasionem
994 2378 1061 2408 inde
1084 2387 1142 2408 non
1165 2388 1211 2408 ar·

472 2428 581 2467 ripiant
603 2427 788 2465 monasteria*
800 2436 850 2457 sua
874 2427 1058 2466 negligenter
1086 2427 1211 2457 admini-

472 2477 594 2508 strandi.

520 2535 547 2555 x.
584 2525 614 2556 Si
649 2525 738 2555 abbas
776 2525 977 2564 experimento
1015 2525 1210 2564 compererit,

473 2584 651 2614 quemquam
679 2584 799 2605 suorum
828 2575 1039 2605 monachorum
1069 2574 1113 2604 vel
1139 2574 1212 2604 caeli

472 2623 691 2654 inclementiam
712 2623 789 2654 serre
811 2633 870 2654 non
887 2632 982 2663 posse,
1001 2623 1044 2653 vel
1063 2622 1121 2654 alia
1142 2633 1214 2664 qua-

1056 241 1238 266 nui-Lamum
1264 240 1421 265 ROMANUM

1255 298 1380 329 cumque
1402 290 1437 320 de
1458 289 1547 320 causa
1568 290 1774 322 communitati
1804 291 1943 331 expedire
1965 294 1996 321 ut

1256 337 1323 367 inde
1345 338 1475 368 discedat
1498 342 1525 368 et
1547 338 1582 368 ad
1604 338 1684 368 aliud
1700 339 1912 369 monasterium
1929 348 1995 378 pro·

1257 387 1416 425 ficiscatur,
1439 388 1473 418 de
1509 387 1632 418 consilio
1663 388 1902 427 congregationis
1937 397 1997 418 mo-

1256 436 1417 466 nachorum
1451 435 1584 466 abbatem
1620 437 1789 474 generalem
1823 436 1993 473 admoneat,

1256 484 1304 524 qui
1323 484 1404 514 illum
1422 494 1473 524 pro
1488 485 1542 514 sua
1561 485 1718 524 prudentia
1739 484 1774 514 ad
1796 484 1873 515 aliud
1896 494 1995 514 mona-

1256 533 1419 562 nasterium
1442 532 1569 571 migrare
1591 532 1713 562 iubebit.
1736 532 1765 562 Si
1786 541 1855 562 vero
1877 532 1906 562 in
1934 532 1995 562 lon-

1256 581 1368 620 ginqua
1389 581 1508 619 regione
1531 581 1658 619 fuerint,
1682 581 1720 611 ita
1744 585 1775 611 ut
1797 580 1887 611 abbas
1909 590 1996 619 gene-

1257 630 1326 659 ralis
1348 629 1460 659 consuli
1484 633 1613 668 tempore
1636 634 1801 669 opportuno
1817 629 1993 668 nequiverit,

1257 682 1326 708 tunc
1348 677 1437 707 abbas
1459 678 1494 707 (le
1516 687 1662 708 consensu
1685 677 1920 716 congregationis
1935 687 1996 708 mo-

1257 725 1416 755 nachorum
1448 725 1563 755 mittere
1593 726 1700 764 poterit
1730 725 1905 755 monachum
1928 734 1994 755 cum

1257 773 1363 803 litteris
1384 774 1419 803 ad
1442 773 1576 804 abbatem
1599 774 1780 812 generalem,
1799 774 1849 814 qui
1865 773 1950 804 illum
1964 773 1994 803 in

1256 822 1461 862 quodcumque
1485 822 1610 852 voluerit
1637 822 1847 852 monasterium
1873 823 1996 853 transse-

2005 242 2054 269 An.
2075 242 2103 269 C.
2118 242 2188 270 1740

1256 874 1310 900 ret.
1333 870 1399 900 Sive
1429 874 1526 900 autem
1560 870 1595 900 ob
1623 870 1844 908 infirmitatem,
1867 870 1927 900 sive
1959 870 2008 901 ob⁴

1257 928 1360 958 pravos
1393 928 1489 949 mores
1521 918 1658 948 dimissus
1692 919 1778 949 fuerit
1810 919 1993 958 monachus,

1257 967 1364 1005 omnia,
1382 977 1455 1006 quae
1471 967 1504 996 ad
1520 967 1576 996 iter
1591 968 1754 997 necessaria
1771 972 1868 1006 erunt,
1888 969 1995 1006 magna

1256 1016 1408 1046 charitatis
1440 1015 1654 1053 significatione
1676 1016 1938 1046 subministrentur
1959 1015 1994 1046 ab

1256 1073 1290 1094 eo
1313 1064 1501 1100 monasterio,
1524 1064 1602 1094 unde
1624 1064 1791 1094 dimittitur.
1821 1065 1850 1095 Si
1873 1074 1942 1095 vero
1963 1065 1992 1095 in

1256 1113 1441 1142 commodum
1465 1117 1493 1142 et
1516 1113 1672 1143 utilitatem
1688 1113 1810 1143 alterius
1825 1113 1994 1144 monasterii

1257 1161 1395 1199 mittitur,
1419 1161 1499 1191 illius
1532 1161 1698 1200 sumptibus
1719 1166 1748 1191 et
1769 1161 1907 1201 expensis
1929 1161 1994 1192 mit-

1257 1213 1345 1239 tetur.
1368 1210 1494 1240 Caveant
1516 1213 1612 1239 tamen
1643 1210 1810 1249 srequentes
1839 1210 1995 1240 monacho-

1255 1268 1320 1288 rum
1353 1258 1578 1294 translationeS,
1610 1267 1646 1288 ne
1679 1258 1864 1289 monasteriis
1896 1259 1995 1289 oneris

1255 1307 1326 1345 sint,
1351 1316 1405 1337 nec
1427 1307 1492 1337 illas
1513 1307 1575 1337 sine
1597 1307 1771 1338 necessitate
1795 1308 1859 1338 fieri
1875 1307 1994 1348 permit-

1256 1360 1329 1386 tant.

1296 1413 1334 1434 xi.
1348 1404 1595 1440 Quemadmodum
1612 1404 1685 1434 nulli
1702 1405 1912 1435 monachorum
1927 1405 1995 1436 licet

1256 1453 1394 1483 recedere
1426 1453 1461 1483 de
1494 1453 1685 1492 monasterio,
1714 1453 1743 1483 in
1776 1464 1833 1493 quo
1865 1463 1916 1494 per
1947 1454 1996 1492 ab-

1256 1501 1352 1531 batem
1382 1501 1550 1540 generalem
1581 1502 1739 1532 collocatus
1760 1507 1820 1539 est,
1855 1502 1892 1532 ita
1921 1503 1995 1534 nulli

1256 1550 1392 1580 abbatum
1427 1552 1469 1581 sas
1502 1551 1559 1581 erit
1592 1551 1795 1581 advenientem
1819 1552 1993 1582 monachum

1256 1599 1400 1639 recipere,
1425 1599 1480 1630 nisi
1502 1600 1623 1630 licentia
1645 1601 1756 1640 proprii
1777 1600 1890 1631 abbatis
1907 1610 1995 1640 gene-

1256 1648 1324 1678 ralis
1348 1648 1377 1678 in
1400 1648 1519 1687 seriptis
1548 1648 1684 1678 obtenta:
1708 1649 1838 1688 alioquin
1863 1652 1921 1679 tam
1944 1649 1994 1688 qui

1256 1696 1382 1736 recipit,
1407 1706 1493 1736 quam
1527 1697 1576 1735 qui
1608 1697 1761 1736 recipitur,
1789 1707 1911 1737 poenam
1934 1707 1994 1727 mo-

1256 1745 1415 1774 nachorum
1433 1754 1572 1783 vagorum
1592 1745 1713 1776 subeant
1736 1746 1858 1776 arbitrio
1880 1745 1994 1777 abbatis

1255 1794 1412 1831 generalis.
1436 1794 1464 1824 Si
1487 1794 1553 1833 quis
1576 1803 1643 1824 vero
1666 1795 1827 1825 monachus
1845 1804 1859 1824 a
1876 1795 1994 1835 proprio

1256 1841 1376 1879 abbate,
1402 1843 1445 1872 vel
1469 1852 1483 1872 a
1507 1843 1648 1872 fratribus
1676 1843 1739 1873 eius
1762 1844 1931 1874 monasterii
1963 1844 1993 1874 in

1256 1901 1313 1930 quo
1346 1896 1491 1930 versatur,
1515 1901 1546 1922 se
1578 1893 1716 1922 iniuriam
1746 1897 1796 1923 aut
1818 1893 1994 1932 persecutio-

1255 1950 1322 1969 nem
1347 1941 1405 1979 pati
1427 1941 1628 1979 affirmaverit,
1652 1942 1835 1981 volueritque
1857 1941 1993 1972 abbatem

1255 1990 1421 2027 generalem
1445 1989 1542 2027 adire,
1567 1999 1624 2020 non
1648 1990 1758 2020 idcirco
1781 1990 1805 2020 ei
1829 1991 1929 2022 licebit
1949 1991 1994 2022 in-

1255 2038 1388 2068 consulto
1411 2038 1511 2068 codem
1534 2038 1637 2069 abbate
1660 2039 1802 2078 generali,
1826 2043 1875 2070 aut
1890 2040 1992 2070 saltem

1255 2088 1360 2118 abbate
1394 2092 1421 2117 et
1455 2087 1680 2126 congregatione
1710 2088 1918 2118 monachorum
1947 2089 1993 2120 sui

1255 2135 1425 2166 monasterii
1441 2140 1598 2173 annuente,
1616 2144 1630 2164 e
1645 2136 1820 2166 monasterio
1833 2136 1990 2176 proficisci3

1254 2185 1303 2214 sed
1326 2184 1411 2214 debet
1428 2184 1462 2213 ad
1479 2183 1574 2222 ipsum
1591 2183 1724 2214 abbatem
1740 2184 1905 2222 generalem
1922 2186 1992 2215 scri-

1254 2233 1334 2272 bere,
1358 2237 1387 2263 et
1408 2233 1557 2263 licentiam
1580 2232 1615 2262 ab
1638 2233 1688 2262 illo
1704 2233 1830 2272 primum
1846 2233 1990 2265 obtinere:

1253 2283 1325 2312 alias
1353 2282 1388 2312 ab
1411 2282 1513 2312 eodem
1546 2280 1649 2311 abbate
1681 2282 1809 2320 generali
1844 2287 1991 2322 tamquam

1253 2340 1342 2369 vagus
1365 2330 1514 2370 puniatur.

1294 2388 1342 2409 xii.
1367 2379 1490 2413 NulluS,
1514 2378 1627 2408 etiamsi
1657 2378 1744 2408 abbas
1767 2379 1875 2417 fuerit,
1900 2380 1992 2419 possit

1253 2429 1296 2458 ire
1311 2431 1395 2458 extra
1413 2436 1494 2457 suam
1513 2427 1694 2466 provinciam
1710 2437 1893 2467 quocumque
1906 2428 1991 2459 titulo

1255 2477 1297 2506 vel
1322 2480 1492 2516 praetextu,
1518 2485 1613 2515 neque
1635 2476 1669 2506 ad
1697 2481 1842 2515 parenteS,
1871 2486 1994 2508 consan-

1254 2525 1377 2564 guineos
1401 2525 1445 2554 vel
1467 2524 1582 2563 affines,
1600 2534 1693 2564 neque
1713 2525 1802 2555 ullam
1825 2525 1993 2565 peregrina-

1256 2575 1366 2605 tionem
1388 2574 1476 2605 etiam
1498 2583 1609 2603 sacram
1629 2574 1789 2613 suscipere,
1805 2574 1914 2614 absque
1929 2584 1994 2615 spe-

1255 2623 1323 2655 ciali
1337 2623 1457 2655 licentia
1472 2621 1584 2654 abbatis
1601 2623 1757 2662 generum,
1774 2632 1869 2664 neque
1884 2632 1919 2655 ex
1934 2633 1992 2656 uno
