<?xml version="1.0" encoding="UTF-8"?>
<!DOCTYPE html PUBLIC "-//W3C//DTD XHTML 1.0 Transitional//EN"
    "http://www.w3.org/TR/xhtml1/DTD/xhtml1-transitional.dtd">
<html xmlns="http://www.w3.org/1999/xhtml" xml:lang="en" lang="en">
 <head>
  <title>
</title>
<meta http-equiv="Content-Type" content="text/html;charset=utf-8" />
  <meta name='ocr-system' content='tesseract 3.04.00' />
  <meta name='ocr-capabilities' content='ocr_page ocr_carea ocr_par ocr_line ocrx_word'/>
</head>
<body>
  <div class='ocr_page' id='page_1' title='image "./bullarumdiplomat24cath_0490.png"; bbox 0 0 2232 3178; ppageno 0'>
   <div class='ocr_carea' id='block_1_1' title="bbox 301 245 597 281">
    <p class='ocr_par' dir='ltr' id='par_1_1' title="bbox 301 245 597 281">
     <span class='ocr_line' id='line_1_1' title="bbox 301 245 597 281; baseline -0.01 -1"><span class='ocrx_word' id='word_1_1' title='bbox 301 255 348 281; x_wconf 78' lang='grc' dir='ltr'>Αη.</span> <span class='ocrx_word' id='word_1_2' title='bbox 366 254 394 280; x_wconf 89' lang='lat' dir='ltr'>c.</span> <span class='ocrx_word' id='word_1_3' title='bbox 418 253 485 281; x_wconf 83' lang='lat'>¹738</span> <span class='ocrx_word' id='word_1_4' title='bbox 533 245 597 278; x_wconf 71' lang='lat' dir='ltr'>45ss</span> 
     </span>
    </p>
   </div>
   <div class='ocr_carea' id='block_1_2' title="bbox 488 303 1233 2687">
    <p class='ocr_par' dir='ltr' id='par_1_2' title="bbox 490 303 1233 1266">
     <span class='ocr_line' id='line_1_2' title="bbox 492 303 1229 342; baseline 0.001 -10"><span class='ocrx_word' id='word_1_5' title='bbox 492 303 630 332; x_wconf 84' lang='lat' dir='ltr'><strong>accedere</strong></span> <span class='ocrx_word' id='word_1_6' title='bbox 654 306 774 342; x_wconf 76' lang='lat' dir='ltr'>possunt</span> <span class='ocrx_word' id='word_1_7' title='bbox 796 307 824 333; x_wconf 89' lang='lat' dir='ltr'>et</span> <span class='ocrx_word' id='word_1_8' title='bbox 847 303 960 341; x_wconf 79' lang='lat' dir='ltr'><strong>ingredi</strong></span> <span class='ocrx_word' id='word_1_9' title='bbox 983 303 1084 333; x_wconf 69' lang='lat' dir='ltr'>eadem</span> <span class='ocrx_word' id='word_1_10' title='bbox 1108 303 1180 333; x_wconf 72' lang='lat' dir='ltr'>seria</span> <span class='ocrx_word' id='word_1_11' title='bbox 1202 312 1229 341; x_wconf 68' lang='grc' dir='ltr'>νς</span> 
     </span>
     <span class='ocr_line' id='line_1_3' title="bbox 494 351 1232 390; baseline 0 -9"><span class='ocrx_word' id='word_1_12' title='bbox 494 352 543 381; x_wconf 92' lang='lat' dir='ltr'>sed</span> <span class='ocrx_word' id='word_1_13' title='bbox 566 352 589 381; x_wconf 87' lang='lat' dir='ltr'>si</span> <span class='ocrx_word' id='word_1_14' title='bbox 613 361 668 381; x_wconf 91' lang='lat' dir='ltr'>non</span> <span class='ocrx_word' id='word_1_15' title='bbox 693 351 848 381; x_wconf 87' lang='lat' dir='ltr'>iubeantur</span> <span class='ocrx_word' id='word_1_16' title='bbox 870 352 1010 381; x_wconf 79' lang='lat' dir='ltr'>accedere</span> <span class='ocrx_word' id='word_1_17' title='bbox 1025 376 1032 390; x_wconf 94' lang='lat'>,</span> <span class='ocrx_word' id='word_1_18' title='bbox 1056 362 1113 382; x_wconf 91' lang='lat' dir='ltr'>non</span> <span class='ocrx_word' id='word_1_19' title='bbox 1137 352 1232 390; x_wconf 79' lang='lat' dir='ltr'>ingre-</span> 
     </span>
     <span class='ocr_line' id='line_1_4' title="bbox 493 400 1231 441; baseline 0.001 -11"><span class='ocrx_word' id='word_1_20' title='bbox 493 400 610 430; x_wconf 86' lang='lat' dir='ltr'>diantur</span> <span class='ocrx_word' id='word_1_21' title='bbox 632 401 748 430; x_wconf 88' lang='lat' dir='ltr'>domum</span> <span class='ocrx_word' id='word_1_22' title='bbox 773 410 865 440; x_wconf 81' lang='lat' dir='ltr'>usque</span> <span class='ocrx_word' id='word_1_23' title='bbox 887 401 921 431; x_wconf 89' lang='lat' dir='ltr'>ad</span> <span class='ocrx_word' id='word_1_24' title='bbox 945 402 1044 431; x_wconf 84' lang='lat' dir='ltr'>seriam</span> <span class='ocrx_word' id='word_1_25' title='bbox 1067 411 1108 439; x_wconf 87' lang='lat'>111,</span> <span class='ocrx_word' id='word_1_26' title='bbox 1127 401 1156 431; x_wconf 91' lang='lat' dir='ltr'>in</span> <span class='ocrx_word' id='word_1_27' title='bbox 1176 411 1231 441; x_wconf 90' lang='lat' dir='ltr'>qua</span> 
     </span>
     <span class='ocr_line' id='line_1_5' title="bbox 493 449 1230 490; baseline 0.001 -11"><span class='ocrx_word' id='word_1_28' title='bbox 493 449 643 479; x_wconf 73' lang='lat' dir='ltr'>studentes</span> <span class='ocrx_word' id='word_1_29' title='bbox 666 450 751 479; x_wconf 88' lang='lat' dir='ltr'>etiam</span> <span class='ocrx_word' id='word_1_30' title='bbox 777 450 889 488; x_wconf 78' lang='lat' dir='ltr'><strong>ingredi</strong></span> <span class='ocrx_word' id='word_1_31' title='bbox 915 454 1054 490; x_wconf 82' lang='lat' dir='ltr'>possunt,</span> <span class='ocrx_word' id='word_1_32' title='bbox 1078 454 1109 480; x_wconf 92' lang='lat' dir='ltr'>ut</span> <span class='ocrx_word' id='word_1_33' title='bbox 1134 460 1230 480; x_wconf 82' lang='lat' dir='ltr'>coram</span> 
     </span>
     <span class='ocr_line' id='line_1_6' title="bbox 493 498 1232 536; baseline 0.003 -10"><span class='ocrx_word' id='word_1_34' title='bbox 493 498 621 535; x_wconf 89' lang='lat' dir='ltr'>capitulo</span> <span class='ocrx_word' id='word_1_35' title='bbox 645 498 872 536; x_wconf 74' lang='lat' dir='ltr'>examinentur,</span> <span class='ocrx_word' id='word_1_36' title='bbox 895 503 926 528; x_wconf 86' lang='lat' dir='ltr'>ut</span> <span class='ocrx_word' id='word_1_37' title='bbox 948 499 1060 528; x_wconf 87' lang='lat' dir='ltr'>dicetur</span> <span class='ocrx_word' id='word_1_38' title='bbox 1082 498 1169 528; x_wconf 76' lang='lat' dir='ltr'>infra.</span> <span class='ocrx_word' id='word_1_39' title='bbox 1194 499 1232 528; x_wconf 92' lang='lat' dir='ltr'>De</span> 
     </span>
     <span class='ocr_line' id='line_1_7' title="bbox 493 547 1233 586; baseline 0.001 -11"><span class='ocrx_word' id='word_1_40' title='bbox 493 550 589 575; x_wconf 89' lang='lat' dir='ltr'>cetero</span> <span class='ocrx_word' id='word_1_41' title='bbox 606 550 715 583; x_wconf 83' lang='lat' dir='ltr'>autem,</span> <span class='ocrx_word' id='word_1_42' title='bbox 735 547 810 576; x_wconf 88' lang='lat' dir='ltr'>circa</span> <span class='ocrx_word' id='word_1_43' title='bbox 829 547 1016 586; x_wconf 86' lang='lat' dir='ltr'>praeambula</span> <span class='ocrx_word' id='word_1_44' title='bbox 1033 551 1099 577; x_wconf 87' lang='lat' dir='ltr'>ante</span> <span class='ocrx_word' id='word_1_45' title='bbox 1116 547 1233 577; x_wconf 90' lang='lat' dir='ltr'>electio—</span> 
     </span>
     <span class='ocr_line' id='line_1_8' title="bbox 493 595 1233 636; baseline 0.001 -12"><span class='ocrx_word' id='word_1_46' title='bbox 493 604 563 631; x_wconf 97' lang='lat' dir='ltr'>nes,</span> <span class='ocrx_word' id='word_1_47' title='bbox 587 595 768 626; x_wconf 86' lang='lat' dir='ltr'>observanda</span> <span class='ocrx_word' id='word_1_48' title='bbox 798 600 866 626; x_wconf 88' lang='lat' dir='ltr'>sunt</span> <span class='ocrx_word' id='word_1_49' title='bbox 888 606 961 636; x_wconf 89' lang='lat' dir='ltr'>quae</span> <span class='ocrx_word' id='word_1_50' title='bbox 984 601 1091 627; x_wconf 87' lang='lat' dir='ltr'>statuta</span> <span class='ocrx_word' id='word_1_51' title='bbox 1115 600 1233 626; x_wconf 86' lang='lat' dir='ltr'>manent</span> 
     </span>
     <span class='ocr_line' id='line_1_9' title="bbox 492 643 1232 683; baseline 0.001 -10"><span class='ocrx_word' id='word_1_52' title='bbox 492 643 568 673; x_wconf 88' lang='lat' dir='ltr'>circa</span> <span class='ocrx_word' id='word_1_53' title='bbox 591 645 755 683; x_wconf 84' lang='lat' dir='ltr'>capitulum</span> <span class='ocrx_word' id='word_1_54' title='bbox 779 646 927 682; x_wconf 78' lang='lat' dir='ltr'>generale.</span> <span class='ocrx_word' id='word_1_55' title='bbox 945 646 980 675; x_wconf 74' lang='lat' dir='ltr'>At</span> <span class='ocrx_word' id='word_1_56' title='bbox 1002 655 1070 675; x_wconf 84' lang='lat' dir='ltr'>vero</span> <span class='ocrx_word' id='word_1_57' title='bbox 1094 645 1232 683; x_wconf 78' lang='lat' dir='ltr'>eligibili-</span> 
     </span>
     <span class='ocr_line' id='line_1_10' title="bbox 493 693 1230 732; baseline 0.001 -10"><span class='ocrx_word' id='word_1_58' title='bbox 493 693 560 722; x_wconf 88' lang='lat' dir='ltr'>tatis</span> <span class='ocrx_word' id='word_1_59' title='bbox 583 694 721 723; x_wconf 87' lang='lat' dir='ltr'>scrutinia</span> <span class='ocrx_word' id='word_1_60' title='bbox 746 694 881 724; x_wconf 85' lang='lat' dir='ltr'>similiter</span> <span class='ocrx_word' id='word_1_61' title='bbox 904 695 991 732; x_wconf 87' lang='lat' dir='ltr'>fiant,</span> <span class='ocrx_word' id='word_1_62' title='bbox 1015 695 1070 724; x_wconf 92' lang='lat' dir='ltr'>hoc</span> <span class='ocrx_word' id='word_1_63' title='bbox 1093 694 1230 724; x_wconf 93' lang='lat' dir='ltr'>nimirum</span> 
     </span>
     <span class='ocr_line' id='line_1_11' title="bbox 493 741 1231 781; baseline 0.001 -11"><span class='ocrx_word' id='word_1_64' title='bbox 493 741 588 771; x_wconf 82' lang='lat' dir='ltr'>modo:</span> <span class='ocrx_word' id='word_1_65' title='bbox 607 742 707 771; x_wconf 69' lang='lat' dir='ltr'>eadem</span> <span class='ocrx_word' id='word_1_66' title='bbox 732 742 805 771; x_wconf 75' lang='lat' dir='ltr'>seria</span> <span class='ocrx_word' id='word_1_67' title='bbox 820 751 848 780; x_wconf 80' lang='lat' dir='ltr'>v,</span> <span class='ocrx_word' id='word_1_68' title='bbox 865 752 980 781; x_wconf 80' lang='lat' dir='ltr'>praeses</span> <span class='ocrx_word' id='word_1_69' title='bbox 997 742 1116 781; x_wconf 89' lang='lat' dir='ltr'>capituli</span> <span class='ocrx_word' id='word_1_70' title='bbox 1139 742 1231 772; x_wconf 87' lang='lat' dir='ltr'>omni—</span> 
     </span>
     <span class='ocr_line' id='line_1_12' title="bbox 492 789 1231 830; baseline 0.001 -11"><span class='ocrx_word' id='word_1_71' title='bbox 492 789 546 819; x_wconf 88' lang='lat' dir='ltr'>bus</span> <span class='ocrx_word' id='word_1_72' title='bbox 569 790 757 827; x_wconf 78' lang='lat' dir='ltr'>gremialibus</span> <span class='ocrx_word' id='word_1_73' title='bbox 780 791 944 821; x_wconf 76' lang='lat' dir='ltr'>manifestet</span> <span class='ocrx_word' id='word_1_74' title='bbox 966 792 1128 830; x_wconf 74' lang='lat' dir='ltr'>catalogum</span> <span class='ocrx_word' id='word_1_75' title='bbox 1151 800 1164 820; x_wconf 88' lang='lat' dir='ltr'>a</span> <span class='ocrx_word' id='word_1_76' title='bbox 1182 791 1231 820; x_wconf 89' lang='lat' dir='ltr'>de-</span> 
     </span>
     <span class='ocr_line' id='line_1_13' title="bbox 492 838 1230 879; baseline 0.003 -12"><span class='ocrx_word' id='word_1_77' title='bbox 492 838 618 868; x_wconf 85' lang='lat' dir='ltr'>finitorio</span> <span class='ocrx_word' id='word_1_78' title='bbox 647 839 818 877; x_wconf 88' lang='lat' dir='ltr'>provinciali</span> <span class='ocrx_word' id='word_1_79' title='bbox 848 840 904 879; x_wconf 89' lang='lat' dir='ltr'>ipsi</span> <span class='ocrx_word' id='word_1_80' title='bbox 935 840 1072 870; x_wconf 87' lang='lat' dir='ltr'>traditum</span> <span class='ocrx_word' id='word_1_81' title='bbox 1100 840 1230 869; x_wconf 90' lang='lat' dir='ltr'>omnium</span> 
     </span>
     <span class='ocr_line' id='line_1_14' title="bbox 492 886 1232 928; baseline 0.003 -13"><span class='ocrx_word' id='word_1_82' title='bbox 492 886 709 925; x_wconf 77' lang='lat' dir='ltr'>religiosorum,</span> <span class='ocrx_word' id='word_1_83' title='bbox 730 887 778 926; x_wconf 91' lang='lat' dir='ltr'>qui</span> <span class='ocrx_word' id='word_1_84' title='bbox 795 887 870 917; x_wconf 89' lang='lat' dir='ltr'>intra</span> <span class='ocrx_word' id='word_1_85' title='bbox 889 888 1068 928; x_wconf 87' lang='lat' dir='ltr'>provinciam</span> <span class='ocrx_word' id='word_1_86' title='bbox 1084 887 1163 917; x_wconf 91' lang='lat' dir='ltr'>iuxta</span> <span class='ocrx_word' id='word_1_87' title='bbox 1182 897 1232 917; x_wconf 92' lang='lat' dir='ltr'>no—</span> 
     </span>
     <span class='ocr_line' id='line_1_15' title="bbox 491 936 1231 976; baseline 0.003 -13"><span class='ocrx_word' id='word_1_88' title='bbox 491 939 565 964; x_wconf 87' lang='lat' dir='ltr'>stras</span> <span class='ocrx_word' id='word_1_89' title='bbox 589 936 823 973; x_wconf 72' lang='lat' dir='ltr'>constitutiones,</span> <span class='ocrx_word' id='word_1_90' title='bbox 839 936 979 976; x_wconf 83' lang='lat' dir='ltr'>inspectis</span> <span class='ocrx_word' id='word_1_91' title='bbox 998 936 1188 973; x_wconf 79' lang='lat' dir='ltr'>graduatione</span> <span class='ocrx_word' id='word_1_92' title='bbox 1204 940 1231 965; x_wconf 91' lang='lat' dir='ltr'>et</span> 
     </span>
     <span class='ocr_line' id='line_1_16' title="bbox 491 983 1230 1022; baseline 0.003 -10"><span class='ocrx_word' id='word_1_93' title='bbox 491 983 678 1021; x_wconf 83' lang='lat' dir='ltr'>interstitiis,</span> <span class='ocrx_word' id='word_1_94' title='bbox 703 984 761 1022; x_wconf 83' lang='lat' dir='ltr'>apti</span> <span class='ocrx_word' id='word_1_95' title='bbox 792 984 850 1014; x_wconf 87' lang='lat' dir='ltr'>sint</span> <span class='ocrx_word' id='word_1_96' title='bbox 878 989 908 1014; x_wconf 85' lang='lat' dir='ltr'>ut</span> <span class='ocrx_word' id='word_1_97' title='bbox 932 995 966 1014; x_wconf 89' lang='lat' dir='ltr'>ex</span> <span class='ocrx_word' id='word_1_98' title='bbox 991 985 1048 1014; x_wconf 87' lang='lat' dir='ltr'>illis</span> <span class='ocrx_word' id='word_1_99' title='bbox 1072 985 1120 1014; x_wconf 80' lang='lat' dir='ltr'>siat</span> <span class='ocrx_word' id='word_1_100' title='bbox 1142 984 1230 1022; x_wconf 83' lang='lat' dir='ltr'>elegi-</span> 
     </span>
     <span class='ocr_line' id='line_1_17' title="bbox 491 1031 1228 1071; baseline 0.004 -11"><span class='ocrx_word' id='word_1_101' title='bbox 491 1031 612 1061; x_wconf 86' lang='lat' dir='ltr'>bilitatis</span> <span class='ocrx_word' id='word_1_102' title='bbox 628 1032 814 1069; x_wconf 88' lang='lat' dir='ltr'>scrutinium,</span> <span class='ocrx_word' id='word_1_103' title='bbox 834 1037 862 1062; x_wconf 89' lang='lat' dir='ltr'>et</span> <span class='ocrx_word' id='word_1_104' title='bbox 883 1033 919 1062; x_wconf 88' lang='lat' dir='ltr'>ab</span> <span class='ocrx_word' id='word_1_105' title='bbox 942 1033 1165 1071; x_wconf 80' lang='lat' dir='ltr'>scrutatorihuS,</span> <span class='ocrx_word' id='word_1_106' title='bbox 1183 1042 1228 1063; x_wconf 91' lang='lat' dir='ltr'>eo-</span> 
     </span>
     <span class='ocr_line' id='line_1_18' title="bbox 490 1079 1231 1121; baseline 0.004 -13"><span class='ocrx_word' id='word_1_107' title='bbox 490 1079 555 1109; x_wconf 85' lang='lat' dir='ltr'>dem</span> <span class='ocrx_word' id='word_1_108' title='bbox 579 1080 662 1109; x_wconf 87' lang='lat' dir='ltr'>modo</span> <span class='ocrx_word' id='word_1_109' title='bbox 685 1089 718 1109; x_wconf 90' lang='lat' dir='ltr'>ac</span> <span class='ocrx_word' id='word_1_110' title='bbox 741 1081 851 1110; x_wconf 90' lang='lat' dir='ltr'>dictum</span> <span class='ocrx_word' id='word_1_111' title='bbox 875 1085 918 1111; x_wconf 83' lang='lat' dir='ltr'>est</span> <span class='ocrx_word' id='word_1_112' title='bbox 940 1082 974 1111; x_wconf 92' lang='lat' dir='ltr'>de</span> <span class='ocrx_word' id='word_1_113' title='bbox 996 1082 1122 1121; x_wconf 85' lang='lat' dir='ltr'>capitulo</span> <span class='ocrx_word' id='word_1_114' title='bbox 1145 1090 1231 1119; x_wconf 84' lang='lat' dir='ltr'>gene-</span> 
     </span>
     <span class='ocr_line' id='line_1_19' title="bbox 490 1128 1230 1169; baseline 0.004 -12"><span class='ocrx_word' id='word_1_115' title='bbox 490 1128 555 1165; x_wconf 91' lang='lat' dir='ltr'>rali,</span> <span class='ocrx_word' id='word_1_116' title='bbox 581 1129 751 1167; x_wconf 77' lang='lat' dir='ltr'>regulentur</span> <span class='ocrx_word' id='word_1_117' title='bbox 772 1139 804 1159; x_wconf 90' lang='lat' dir='ltr'>ac</span> <span class='ocrx_word' id='word_1_118' title='bbox 827 1129 1014 1169; x_wconf 85' lang='lat' dir='ltr'>publicentur</span> <span class='ocrx_word' id='word_1_119' title='bbox 1036 1130 1230 1169; x_wconf 80' lang='lat' dir='ltr'>eligibilitatis</span> 
     </span>
     <span class='ocr_line' id='line_1_20' title="bbox 491 1177 1229 1218; baseline 0.003 -12"><span class='ocrx_word' id='word_1_120' title='bbox 491 1177 652 1213; x_wconf 84' lang='lat' dir='ltr'>scrutinia,</span> <span class='ocrx_word' id='word_1_121' title='bbox 676 1182 707 1207; x_wconf 92' lang='lat' dir='ltr'>ut</span> <span class='ocrx_word' id='word_1_122' title='bbox 730 1177 813 1207; x_wconf 87' lang='lat' dir='ltr'>iuxta</span> <span class='ocrx_word' id='word_1_123' title='bbox 841 1188 873 1208; x_wconf 91' lang='lat' dir='ltr'>ea</span> <span class='ocrx_word' id='word_1_124' title='bbox 897 1188 948 1209; x_wconf 87' lang='lat' dir='ltr'>suo</span> <span class='ocrx_word' id='word_1_125' title='bbox 971 1183 1100 1218; x_wconf 88' lang='lat' dir='ltr'>tempore</span> <span class='ocrx_word' id='word_1_126' title='bbox 1123 1179 1229 1218; x_wconf 82' lang='lat' dir='ltr'>eligan-</span> 
     </span>
     <span class='ocr_line' id='line_1_21' title="bbox 491 1227 1092 1266; baseline 0.003 -10"><span class='ocrx_word' id='word_1_127' title='bbox 491 1230 550 1264; x_wconf 92' lang='lat' dir='ltr'>tur,</span> <span class='ocrx_word' id='word_1_128' title='bbox 573 1236 646 1266; x_wconf 86' lang='lat' dir='ltr'>quos</span> <span class='ocrx_word' id='word_1_129' title='bbox 669 1227 776 1265; x_wconf 83' lang='lat' dir='ltr'>eligere</span> <span class='ocrx_word' id='word_1_130' title='bbox 800 1227 946 1258; x_wconf 88' lang='lat' dir='ltr'>voluerint</span> <span class='ocrx_word' id='word_1_131' title='bbox 969 1228 1092 1258; x_wconf 83' lang='lat' dir='ltr'>vocales.</span> 
     </span>
    </p>

    <p class='ocr_par' dir='ltr' id='par_1_3' title="bbox 490 1276 1231 1851">
     <span class='ocr_line' id='line_1_22' title="bbox 530 1276 1228 1307; baseline 0.003 -2"><span class='ocrx_word' id='word_1_132' title='bbox 530 1284 589 1305; x_wconf 75' lang='lat' dir='ltr'>vni.</span> <span class='ocrx_word' id='word_1_133' title='bbox 614 1276 723 1306; x_wconf 83' lang='lat' dir='ltr'>Deinde</span> <span class='ocrx_word' id='word_1_134' title='bbox 747 1276 795 1306; x_wconf 83' lang='lat' dir='ltr'>fiat</span> <span class='ocrx_word' id='word_1_135' title='bbox 818 1277 977 1307; x_wconf 88' lang='lat' dir='ltr'>secundum</span> <span class='ocrx_word' id='word_1_136' title='bbox 999 1277 1172 1307; x_wconf 87' lang='lat' dir='ltr'>scrutinium</span> <span class='ocrx_word' id='word_1_137' title='bbox 1196 1278 1228 1307; x_wconf 87' lang='lat' dir='ltr'>ad</span> 
     </span>
     <span class='ocr_line' id='line_1_23' title="bbox 491 1324 1229 1366; baseline 0.003 -11"><span class='ocrx_word' id='word_1_138' title='bbox 491 1324 640 1363; x_wconf 84' lang='lat' dir='ltr'>eligendos</span> <span class='ocrx_word' id='word_1_139' title='bbox 654 1329 780 1364; x_wconf 79' lang='lat' dir='ltr'>quatuor</span> <span class='ocrx_word' id='word_1_140' title='bbox 797 1325 966 1356; x_wconf 82' lang='lat' dir='ltr'>definitores</span> <span class='ocrx_word' id='word_1_141' title='bbox 982 1326 1149 1366; x_wconf 88' lang='lat' dir='ltr'>provinciae</span> <span class='ocrx_word' id='word_1_142' title='bbox 1166 1327 1229 1366; x_wconf 89' lang='lat' dir='ltr'>(qui</span> 
     </span>
     <span class='ocr_line' id='line_1_24' title="bbox 490 1374 1229 1414; baseline 0.004 -11"><span class='ocrx_word' id='word_1_143' title='bbox 490 1374 520 1404; x_wconf 92' lang='lat' dir='ltr'>in</span> <span class='ocrx_word' id='word_1_144' title='bbox 544 1374 674 1413; x_wconf 87' lang='lat' dir='ltr'>qualibet</span> <span class='ocrx_word' id='word_1_145' title='bbox 697 1375 849 1414; x_wconf 71' lang='lat' dir='ltr'>provincia</span> <span class='ocrx_word' id='word_1_146' title='bbox 871 1376 965 1405; x_wconf 89' lang='lat' dir='ltr'>solnm</span> <span class='ocrx_word' id='word_1_147' title='bbox 983 1376 1050 1413; x_wconf 83' lang='lat' dir='ltr'>eligi</span> <span class='ocrx_word' id='word_1_148' title='bbox 1069 1376 1184 1413; x_wconf 83' lang='lat' dir='ltr'>debent,</span> <span class='ocrx_word' id='word_1_149' title='bbox 1202 1381 1229 1406; x_wconf 89' lang='lat' dir='ltr'>et</span> 
     </span>
     <span class='ocr_line' id='line_1_25' title="bbox 491 1423 1229 1464; baseline 0.001 -11"><span class='ocrx_word' id='word_1_150' title='bbox 491 1423 569 1453; x_wconf 85' lang='lat' dir='ltr'>inter</span> <span class='ocrx_word' id='word_1_151' title='bbox 591 1423 670 1462; x_wconf 86' lang='lat' dir='ltr'>ipsos</span> <span class='ocrx_word' id='word_1_152' title='bbox 693 1423 772 1453; x_wconf 88' lang='lat' dir='ltr'>nulla</span> <span class='ocrx_word' id='word_1_153' title='bbox 796 1423 832 1453; x_wconf 91' lang='lat' dir='ltr'>sit</span> <span class='ocrx_word' id='word_1_154' title='bbox 854 1424 1079 1463; x_wconf 84' lang='lat' dir='ltr'>inaequalitas):</span> <span class='ocrx_word' id='word_1_155' title='bbox 1105 1425 1229 1464; x_wconf 84' lang='lat' dir='ltr'>quisque</span> 
     </span>
     <span class='ocr_line' id='line_1_26' title="bbox 491 1471 1230 1510; baseline 0.003 -10"><span class='ocrx_word' id='word_1_156' title='bbox 491 1471 675 1510; x_wconf 88' lang='lat' dir='ltr'>gremialium</span> <span class='ocrx_word' id='word_1_157' title='bbox 699 1472 727 1501; x_wconf 92' lang='lat' dir='ltr'>in</span> <span class='ocrx_word' id='word_1_158' title='bbox 752 1472 891 1502; x_wconf 67' lang='lat' dir='ltr'>schedula</span> <span class='ocrx_word' id='word_1_159' title='bbox 921 1473 974 1501; x_wconf 72' lang='lat' dir='ltr'>sua</span> <span class='ocrx_word' id='word_1_160' title='bbox 995 1477 1059 1502; x_wconf 92' lang='lat' dir='ltr'>octo</span> <span class='ocrx_word' id='word_1_161' title='bbox 1082 1472 1165 1504; x_wconf 80' lang='lat' dir='ltr'>debet</span> <span class='ocrx_word' id='word_1_162' title='bbox 1188 1482 1230 1503; x_wconf 85' lang='lat' dir='ltr'>se-</span> 
     </span>
     <span class='ocr_line' id='line_1_27' title="bbox 490 1519 1231 1558; baseline 0.003 -10"><span class='ocrx_word' id='word_1_163' title='bbox 490 1519 580 1557; x_wconf 81' lang='lat' dir='ltr'>ligere</span> <span class='ocrx_word' id='word_1_164' title='bbox 604 1528 638 1548; x_wconf 86' lang='lat' dir='ltr'>ex</span> <span class='ocrx_word' id='word_1_165' title='bbox 662 1520 737 1558; x_wconf 90' lang='lat' dir='ltr'>aptis</span> <span class='ocrx_word' id='word_1_166' title='bbox 753 1544 760 1558; x_wconf 87' lang='lat'>,</span> <span class='ocrx_word' id='word_1_167' title='bbox 784 1524 812 1549; x_wconf 92' lang='lat' dir='ltr'>et</span> <span class='ocrx_word' id='word_1_168' title='bbox 841 1520 1015 1550; x_wconf 88' lang='lat' dir='ltr'>scrutinium</span> <span class='ocrx_word' id='word_1_169' title='bbox 1050 1520 1113 1550; x_wconf 81' lang='lat' dir='ltr'>fieri</span> <span class='ocrx_word' id='word_1_170' title='bbox 1145 1520 1231 1550; x_wconf 86' lang='lat' dir='ltr'>debet</span> 
     </span>
     <span class='ocr_line' id='line_1_28' title="bbox 490 1568 1230 1608; baseline 0.003 -11"><span class='ocrx_word' id='word_1_171' title='bbox 490 1577 524 1597; x_wconf 86' lang='lat' dir='ltr'>ex</span> <span class='ocrx_word' id='word_1_172' title='bbox 548 1568 605 1598; x_wconf 89' lang='lat' dir='ltr'>illis</span> <span class='ocrx_word' id='word_1_173' title='bbox 628 1572 703 1606; x_wconf 90' lang='lat' dir='ltr'>octo,</span> <span class='ocrx_word' id='word_1_174' title='bbox 728 1568 776 1607; x_wconf 84' lang='lat' dir='ltr'>qni</span> <span class='ocrx_word' id='word_1_175' title='bbox 801 1569 899 1608; x_wconf 87' lang='lat' dir='ltr'>plures</span> <span class='ocrx_word' id='word_1_176' title='bbox 923 1578 1009 1599; x_wconf 91' lang='lat' dir='ltr'>voces</span> <span class='ocrx_word' id='word_1_177' title='bbox 1030 1569 1174 1604; x_wconf 81' lang='lat' dir='ltr'>habeant,</span> <span class='ocrx_word' id='word_1_178' title='bbox 1198 1574 1230 1600; x_wconf 89' lang='lat' dir='ltr'>ut</span> 
     </span>
     <span class='ocr_line' id='line_1_29' title="bbox 490 1617 1230 1658; baseline 0.003 -12"><span class='ocrx_word' id='word_1_179' title='bbox 490 1617 583 1647; x_wconf 90' lang='lat' dir='ltr'>solum</span> <span class='ocrx_word' id='word_1_180' title='bbox 606 1617 796 1647; x_wconf 89' lang='lat' dir='ltr'>nominentur</span> <span class='ocrx_word' id='word_1_181' title='bbox 827 1622 855 1648; x_wconf 89' lang='lat' dir='ltr'>et</span> <span class='ocrx_word' id='word_1_182' title='bbox 883 1618 1069 1648; x_wconf 81' lang='lat' dir='ltr'>declarentur</span> <span class='ocrx_word' id='word_1_183' title='bbox 1098 1619 1230 1658; x_wconf 79' lang='lat' dir='ltr'>proxime</span> 
     </span>
     <span class='ocr_line' id='line_1_30' title="bbox 491 1665 1228 1707; baseline 0.004 -12"><span class='ocrx_word' id='word_1_184' title='bbox 491 1665 634 1704; x_wconf 83' lang='lat' dir='ltr'>eligibiles</span> <span class='ocrx_word' id='word_1_185' title='bbox 645 1665 674 1695; x_wconf 93' lang='lat' dir='ltr'>in</span> <span class='ocrx_word' id='word_1_186' title='bbox 686 1665 853 1696; x_wconf 84' lang='lat' dir='ltr'>definitores</span> <span class='ocrx_word' id='word_1_187' title='bbox 867 1670 929 1696; x_wconf 89' lang='lat' dir='ltr'>octo</span> <span class='ocrx_word' id='word_1_188' title='bbox 944 1676 976 1696; x_wconf 88' lang='lat' dir='ltr'>ex</span> <span class='ocrx_word' id='word_1_189' title='bbox 992 1666 1128 1697; x_wconf 89' lang='lat' dir='ltr'>omnibus</span> <span class='ocrx_word' id='word_1_190' title='bbox 1142 1668 1228 1707; x_wconf 75' lang='lat' dir='ltr'>aptiS‚</span> 
     </span>
     <span class='ocr_line' id='line_1_31' title="bbox 491 1715 1228 1756; baseline 0.004 -12"><span class='ocrx_word' id='word_1_191' title='bbox 491 1719 519 1745; x_wconf 90' lang='lat' dir='ltr'>et</span> <span class='ocrx_word' id='word_1_192' title='bbox 541 1724 574 1744; x_wconf 83' lang='lat' dir='ltr'>ex</span> <span class='ocrx_word' id='word_1_193' title='bbox 598 1715 643 1744; x_wconf 92' lang='lat' dir='ltr'>his</span> <span class='ocrx_word' id='word_1_194' title='bbox 667 1719 797 1754; x_wconf 88' lang='lat' dir='ltr'>tempore</span> <span class='ocrx_word' id='word_1_195' title='bbox 819 1725 872 1745; x_wconf 90' lang='lat' dir='ltr'>suo</span> <span class='ocrx_word' id='word_1_196' title='bbox 895 1716 1042 1754; x_wconf 86' lang='lat' dir='ltr'>eligantur</span> <span class='ocrx_word' id='word_1_197' title='bbox 1061 1722 1184 1756; x_wconf 91' lang='lat' dir='ltr'>quatuor</span> <span class='ocrx_word' id='word_1_198' title='bbox 1200 1717 1228 1747; x_wconf 91' lang='lat' dir='ltr'>in</span> 
     </span>
     <span class='ocr_line' id='line_1_32' title="bbox 491 1763 1228 1803; baseline 0.004 -10"><span class='ocrx_word' id='word_1_199' title='bbox 491 1763 661 1793; x_wconf 88' lang='lat' dir='ltr'>definitores</span> <span class='ocrx_word' id='word_1_200' title='bbox 684 1764 852 1803; x_wconf 85' lang='lat' dir='ltr'>provinciae</span> <span class='ocrx_word' id='word_1_201' title='bbox 881 1765 1017 1795; x_wconf 86' lang='lat' dir='ltr'>similiter</span> <span class='ocrx_word' id='word_1_202' title='bbox 1050 1775 1082 1795; x_wconf 86' lang='lat' dir='ltr'>ac</span> <span class='ocrx_word' id='word_1_203' title='bbox 1116 1765 1228 1796; x_wconf 87' lang='lat' dir='ltr'>dictum</span> 
     </span>
     <span class='ocr_line' id='line_1_33' title="bbox 490 1812 1038 1851; baseline 0.004 -10"><span class='ocrx_word' id='word_1_204' title='bbox 490 1816 533 1842; x_wconf 90' lang='lat' dir='ltr'>est</span> <span class='ocrx_word' id='word_1_205' title='bbox 556 1812 591 1842; x_wconf 92' lang='lat' dir='ltr'>de</span> <span class='ocrx_word' id='word_1_206' title='bbox 613 1812 819 1842; x_wconf 83' lang='lat' dir='ltr'>definitoribus</span> <span class='ocrx_word' id='word_1_207' title='bbox 841 1813 1038 1851; x_wconf 82' lang='lat' dir='ltr'>generalibus.</span> 
     </span>
    </p>

    <p class='ocr_par' dir='ltr' id='par_1_4' title="bbox 489 1861 1229 2488">
     <span class='ocr_line' id='line_1_34' title="bbox 530 1861 1228 1893; baseline 0.004 -3"><span class='ocrx_word' id='word_1_208' title='bbox 530 1870 569 1890; x_wconf 85' lang='lat' dir='ltr'>lx.</span> <span class='ocrx_word' id='word_1_209' title='bbox 593 1861 745 1891; x_wconf 88' lang='lat' dir='ltr'>Praeterea</span> <span class='ocrx_word' id='word_1_210' title='bbox 777 1862 895 1892; x_wconf 88' lang='lat' dir='ltr'>tertium</span> <span class='ocrx_word' id='word_1_211' title='bbox 924 1863 973 1893; x_wconf 81' lang='lat' dir='ltr'>siat</span> <span class='ocrx_word' id='word_1_212' title='bbox 995 1863 1171 1893; x_wconf 88' lang='lat' dir='ltr'>scrutinium</span> <span class='ocrx_word' id='word_1_213' title='bbox 1195 1863 1228 1893; x_wconf 90' lang='lat' dir='ltr'>ad</span> 
     </span>
     <span class='ocr_line' id='line_1_35' title="bbox 491 1910 1229 1952; baseline 0.004 -13"><span class='ocrx_word' id='word_1_214' title='bbox 491 1910 693 1940; x_wconf 88' lang='lat' dir='ltr'>ministrorum</span> <span class='ocrx_word' id='word_1_215' title='bbox 716 1910 884 1949; x_wconf 86' lang='lat' dir='ltr'>electiones,</span> <span class='ocrx_word' id='word_1_216' title='bbox 902 1916 930 1941; x_wconf 89' lang='lat' dir='ltr'>et</span> <span class='ocrx_word' id='word_1_217' title='bbox 946 1912 980 1941; x_wconf 89' lang='lat' dir='ltr'>ad</span> <span class='ocrx_word' id='word_1_218' title='bbox 1004 1912 1075 1942; x_wconf 85' lang='lat' dir='ltr'>illud</span> <span class='ocrx_word' id='word_1_219' title='bbox 1098 1922 1131 1942; x_wconf 86' lang='lat' dir='ltr'>ex</span> <span class='ocrx_word' id='word_1_220' title='bbox 1154 1913 1229 1952; x_wconf 89' lang='lat' dir='ltr'>aptis</span> 
     </span>
     <span class='ocr_line' id='line_1_36' title="bbox 490 1958 1229 1998; baseline 0.004 -10"><span class='ocrx_word' id='word_1_221' title='bbox 490 1958 694 1998; x_wconf 87' lang='lat' dir='ltr'>unusquisque</span> <span class='ocrx_word' id='word_1_222' title='bbox 718 1959 860 1988; x_wconf 86' lang='lat' dir='ltr'>vocalium</span> <span class='ocrx_word' id='word_1_223' title='bbox 875 1959 903 1989; x_wconf 91' lang='lat' dir='ltr'>in</span> <span class='ocrx_word' id='word_1_224' title='bbox 927 1962 978 1989; x_wconf 76' lang='lat' dir='ltr'>sua</span> <span class='ocrx_word' id='word_1_225' title='bbox 1001 1960 1142 1991; x_wconf 69' lang='lat' dir='ltr'>schedula</span> <span class='ocrx_word' id='word_1_226' title='bbox 1163 1961 1229 1991; x_wconf 89' lang='lat' dir='ltr'>seli-</span> 
     </span>
     <span class='ocr_line' id='line_1_37' title="bbox 489 2007 1228 2048; baseline 0.004 -11"><span class='ocrx_word' id='word_1_227' title='bbox 489 2012 537 2046; x_wconf 81' lang='lat' dir='ltr'>gat</span> <span class='ocrx_word' id='word_1_228' title='bbox 560 2012 588 2037; x_wconf 88' lang='lat' dir='ltr'>et</span> <span class='ocrx_word' id='word_1_229' title='bbox 612 2007 721 2037; x_wconf 86' lang='lat' dir='ltr'>scribat</span> <span class='ocrx_word' id='word_1_230' title='bbox 744 2008 829 2037; x_wconf 89' lang='lat' dir='ltr'>talem</span> <span class='ocrx_word' id='word_1_231' title='bbox 852 2017 1008 2039; x_wconf 89' lang='lat' dir='ltr'>numerum</span> <span class='ocrx_word' id='word_1_232' title='bbox 1025 2009 1228 2048; x_wconf 82' lang='lat' dir='ltr'>religiosorum</span> 
     </span>
     <span class='ocr_line' id='line_1_38' title="bbox 490 2056 1228 2095; baseline 0.005 -10"><span class='ocrx_word' id='word_1_233' title='bbox 490 2059 641 2095; x_wconf 89' lang='lat' dir='ltr'>aptorum,</span> <span class='ocrx_word' id='word_1_234' title='bbox 659 2061 690 2086; x_wconf 92' lang='lat' dir='ltr'>ut</span> <span class='ocrx_word' id='word_1_235' title='bbox 708 2056 737 2086; x_wconf 91' lang='lat' dir='ltr'>in</span> <span class='ocrx_word' id='word_1_236' title='bbox 755 2057 908 2087; x_wconf 85' lang='lat' dir='ltr'>medietate</span> <span class='ocrx_word' id='word_1_237' title='bbox 931 2059 1052 2088; x_wconf 76' lang='lat' dir='ltr'>excedat</span> <span class='ocrx_word' id='word_1_238' title='bbox 1073 2068 1228 2089; x_wconf 89' lang='lat' dir='ltr'>numerum</span> 
     </span>
     <span class='ocr_line' id='line_1_39' title="bbox 490 2106 1229 2147; baseline 0.003 -11"><span class='ocrx_word' id='word_1_239' title='bbox 490 2106 642 2136; x_wconf 91' lang='lat' dir='ltr'>domorum</span> <span class='ocrx_word' id='word_1_240' title='bbox 676 2106 868 2145; x_wconf 80' lang='lat' dir='ltr'>provinciae3</span> <span class='ocrx_word' id='word_1_241' title='bbox 892 2111 920 2137; x_wconf 90' lang='lat' dir='ltr'>et</span> <span class='ocrx_word' id='word_1_242' title='bbox 949 2112 1065 2147; x_wconf 91' lang='lat' dir='ltr'>postea,</span> <span class='ocrx_word' id='word_1_243' title='bbox 1089 2108 1229 2146; x_wconf 80' lang='lat' dir='ltr'>regulatis</span> 
     </span>
     <span class='ocr_line' id='line_1_40' title="bbox 490 2154 1229 2195; baseline 0.004 -11"><span class='ocrx_word' id='word_1_244' title='bbox 490 2154 610 2184; x_wconf 90' lang='lat' dir='ltr'>vocibus</span> <span class='ocrx_word' id='word_1_245' title='bbox 627 2155 710 2185; x_wconf 89' lang='lat' dir='ltr'>modo</span> <span class='ocrx_word' id='word_1_246' title='bbox 732 2155 821 2193; x_wconf 88' lang='lat' dir='ltr'>dicto,</span> <span class='ocrx_word' id='word_1_247' title='bbox 835 2156 1023 2186; x_wconf 86' lang='lat' dir='ltr'>declarentur</span> <span class='ocrx_word' id='word_1_248' title='bbox 1039 2156 1183 2195; x_wconf 82' lang='lat' dir='ltr'>eiigibiles</span> <span class='ocrx_word' id='word_1_249' title='bbox 1199 2157 1229 2187; x_wconf 90' lang='lat' dir='ltr'>in</span> 
     </span>
     <span class='ocr_line' id='line_1_41' title="bbox 489 2203 1228 2244; baseline 0.004 -11"><span class='ocrx_word' id='word_1_250' title='bbox 489 2203 663 2242; x_wconf 90' lang='lat' dir='ltr'>ministros,</span> <span class='ocrx_word' id='word_1_251' title='bbox 700 2204 749 2244; x_wconf 91' lang='lat' dir='ltr'>qui</span> <span class='ocrx_word' id='word_1_252' title='bbox 780 2205 876 2244; x_wconf 90' lang='lat' dir='ltr'>plures</span> <span class='ocrx_word' id='word_1_253' title='bbox 906 2214 990 2235; x_wconf 87' lang='lat' dir='ltr'>voces</span> <span class='ocrx_word' id='word_1_254' title='bbox 1021 2205 1177 2236; x_wconf 86' lang='lat' dir='ltr'>habuerint</span> <span class='ocrx_word' id='word_1_255' title='bbox 1199 2206 1228 2236; x_wconf 90' lang='lat' dir='ltr'>in</span> 
     </span>
     <span class='ocr_line' id='line_1_42' title="bbox 489 2252 1228 2292; baseline 0.004 -10"><span class='ocrx_word' id='word_1_256' title='bbox 489 2252 648 2291; x_wconf 80' lang='lat' dir='ltr'>schedulis,</span> <span class='ocrx_word' id='word_1_257' title='bbox 669 2256 697 2283; x_wconf 89' lang='lat' dir='ltr'>et</span> <span class='ocrx_word' id='word_1_258' title='bbox 719 2253 774 2291; x_wconf 91' lang='lat' dir='ltr'>illi,</span> <span class='ocrx_word' id='word_1_259' title='bbox 798 2254 847 2292; x_wconf 91' lang='lat' dir='ltr'>qui</span> <span class='ocrx_word' id='word_1_260' title='bbox 870 2254 1028 2284; x_wconf 87' lang='lat' dir='ltr'>necessarii</span> <span class='ocrx_word' id='word_1_261' title='bbox 1051 2255 1173 2291; x_wconf 84' lang='lat' dir='ltr'>fuerint,</span> <span class='ocrx_word' id='word_1_262' title='bbox 1193 2255 1228 2285; x_wconf 87' lang='lat' dir='ltr'>ad</span> 
     </span>
     <span class='ocr_line' id='line_1_43' title="bbox 489 2301 1228 2342; baseline 0.004 -12"><span class='ocrx_word' id='word_1_263' title='bbox 489 2301 668 2340; x_wconf 89' lang='lat' dir='ltr'>duplicatum</span> <span class='ocrx_word' id='word_1_264' title='bbox 691 2311 847 2332; x_wconf 90' lang='lat' dir='ltr'>numerum</span> <span class='ocrx_word' id='word_1_265' title='bbox 872 2302 1084 2340; x_wconf 87' lang='lat' dir='ltr'>ministrorum,</span> <span class='ocrx_word' id='word_1_266' title='bbox 1108 2304 1157 2342; x_wconf 93' lang='lat' dir='ltr'>qui</span> <span class='ocrx_word' id='word_1_267' title='bbox 1177 2304 1228 2333; x_wconf 92' lang='lat' dir='ltr'>eli-</span> 
     </span>
     <span class='ocr_line' id='line_1_44' title="bbox 489 2349 1229 2390; baseline 0.004 -11"><span class='ocrx_word' id='word_1_268' title='bbox 489 2349 577 2387; x_wconf 87' lang='lat' dir='ltr'>gendi</span> <span class='ocrx_word' id='word_1_269' title='bbox 600 2354 667 2380; x_wconf 88' lang='lat' dir='ltr'>sunt</span> <span class='ocrx_word' id='word_1_270' title='bbox 690 2359 742 2389; x_wconf 87' lang='lat' dir='ltr'>pro</span> <span class='ocrx_word' id='word_1_271' title='bbox 769 2349 924 2386; x_wconf 79' lang='lat' dir='ltr'>domihuS,</span> <span class='ocrx_word' id='word_1_272' title='bbox 950 2351 1020 2390; x_wconf 92' lang='lat' dir='ltr'>quin</span> <span class='ocrx_word' id='word_1_273' title='bbox 1054 2352 1167 2381; x_wconf 87' lang='lat' dir='ltr'>vocales</span> <span class='ocrx_word' id='word_1_274' title='bbox 1189 2356 1229 2382; x_wconf 89' lang='lat' dir='ltr'>te-</span> 
     </span>
     <span class='ocr_line' id='line_1_45' title="bbox 489 2398 1229 2439; baseline 0.004 -11"><span class='ocrx_word' id='word_1_275' title='bbox 489 2403 617 2428; x_wconf 85' lang='lat' dir='ltr'>neantur</span> <span class='ocrx_word' id='word_1_276' title='bbox 649 2398 777 2437; x_wconf 78' lang='lat' dir='ltr'>eligere,</span> <span class='ocrx_word' id='word_1_277' title='bbox 808 2399 864 2429; x_wconf 90' lang='lat' dir='ltr'>nisi</span> <span class='ocrx_word' id='word_1_278' title='bbox 896 2409 968 2439; x_wconf 88' lang='lat' dir='ltr'>quos</span> <span class='ocrx_word' id='word_1_279' title='bbox 1001 2400 1165 2438; x_wconf 87' lang='lat' dir='ltr'>voluerint,</span> <span class='ocrx_word' id='word_1_280' title='bbox 1195 2411 1229 2432; x_wconf 84' lang='lat' dir='ltr'>ex</span> 
     </span>
     <span class='ocr_line' id='line_1_46' title="bbox 490 2448 1014 2488; baseline 0.004 -10"><span class='ocrx_word' id='word_1_281' title='bbox 490 2448 635 2478; x_wconf 87' lang='lat' dir='ltr'>contentis</span> <span class='ocrx_word' id='word_1_282' title='bbox 657 2448 686 2478; x_wconf 90' lang='lat' dir='ltr'>in</span> <span class='ocrx_word' id='word_1_283' title='bbox 711 2448 858 2488; x_wconf 90' lang='lat' dir='ltr'>duplicato</span> <span class='ocrx_word' id='word_1_284' title='bbox 881 2459 1014 2480; x_wconf 87' lang='lat' dir='ltr'>numero.</span> 
     </span>
    </p>

    <p class='ocr_par' dir='ltr' id='par_1_5' title="bbox 488 2497 1227 2687">
     <span class='ocr_line' id='line_1_47' title="bbox 531 2497 1227 2540; baseline 0.004 -14"><span class='ocrx_word' id='word_1_285' title='bbox 531 2507 557 2526; x_wconf 90' lang='lat' dir='ltr'>x.</span> <span class='ocrx_word' id='word_1_286' title='bbox 573 2497 703 2536; x_wconf 87' lang='lat' dir='ltr'>Denique</span> <span class='ocrx_word' id='word_1_287' title='bbox 720 2497 753 2527; x_wconf 88' lang='lat' dir='ltr'>ad</span> <span class='ocrx_word' id='word_1_288' title='bbox 773 2498 919 2528; x_wconf 90' lang='lat' dir='ltr'>sociorum</span> <span class='ocrx_word' id='word_1_289' title='bbox 936 2498 1121 2536; x_wconf 89' lang='lat' dir='ltr'>electionem,</span> <span class='ocrx_word' id='word_1_290' title='bbox 1143 2509 1227 2540; x_wconf 88' lang='lat' dir='ltr'>quar-</span> 
     </span>
     <span class='ocr_line' id='line_1_48' title="bbox 489 2546 1227 2587; baseline 0.004 -11"><span class='ocrx_word' id='word_1_291' title='bbox 489 2551 550 2576; x_wconf 90' lang='lat' dir='ltr'>tum</span> <span class='ocrx_word' id='word_1_292' title='bbox 574 2546 623 2576; x_wconf 85' lang='lat' dir='ltr'>fiat</span> <span class='ocrx_word' id='word_1_293' title='bbox 645 2547 819 2576; x_wconf 85' lang='lat' dir='ltr'>scrutinium</span> <span class='ocrx_word' id='word_1_294' title='bbox 834 2570 842 2585; x_wconf 91' lang='lat'>,</span> <span class='ocrx_word' id='word_1_295' title='bbox 862 2547 950 2578; x_wconf 88' lang='lat' dir='ltr'>sicuti</span> <span class='ocrx_word' id='word_1_296' title='bbox 969 2548 1002 2578; x_wconf 85' lang='lat' dir='ltr'>ad</span> <span class='ocrx_word' id='word_1_297' title='bbox 1017 2548 1227 2587; x_wconf 86' lang='lat' dir='ltr'>eligibilitatem</span> 
     </span>
     <span class='ocr_line' id='line_1_49' title="bbox 488 2595 1227 2639; baseline 0.005 -14"><span class='ocrx_word' id='word_1_298' title='bbox 488 2595 686 2626; x_wconf 82' lang='lat' dir='ltr'>definitorum.</span> <span class='ocrx_word' id='word_1_299' title='bbox 711 2595 843 2626; x_wconf 89' lang='lat' dir='ltr'>Ceterum</span> <span class='ocrx_word' id='word_1_300' title='bbox 867 2597 921 2627; x_wconf 89' lang='lat' dir='ltr'>hoc</span> <span class='ocrx_word' id='word_1_301' title='bbox 943 2597 1128 2636; x_wconf 84' lang='lat' dir='ltr'>discrimine,</span> <span class='ocrx_word' id='word_1_302' title='bbox 1152 2600 1227 2639; x_wconf 87' lang='lat' dir='ltr'>qnod</span> 
     </span>
     <span class='ocr_line' id='line_1_50' title="bbox 489 2645 1227 2687; baseline 0.008 -13"><span class='ocrx_word' id='word_1_303' title='bbox 489 2645 606 2685; x_wconf 91' lang='lat' dir='ltr'>quando</span> <span class='ocrx_word' id='word_1_304' title='bbox 629 2645 802 2684; x_wconf 83' lang='lat' dir='ltr'>regulentur</span> <span class='ocrx_word' id='word_1_305' title='bbox 825 2655 919 2685; x_wconf 90' lang='lat' dir='ltr'>voces,</span> <span class='ocrx_word' id='word_1_306' title='bbox 937 2655 1008 2687; x_wconf 89' lang='lat' dir='ltr'>quas</span> <span class='ocrx_word' id='word_1_307' title='bbox 1025 2646 1179 2679; x_wconf 84' lang='lat' dir='ltr'>habuerint</span> <span class='ocrx_word' id='word_1_308' title='bbox 1197 2649 1227 2680; x_wconf 90' lang='lat' dir='ltr'>in</span> 
     </span>
    </p>
   </div>
   <div class='ocr_carea' id='block_1_3' title="bbox 1250 316 1256 2473">
    <p class='ocr_par' dir='ltr' id='par_1_6' title="bbox 1250 316 1256 2473">
     <span class='ocr_line' id='line_1_51' title="bbox 1250 316 1256 2473; baseline 0 0"><span class='ocrx_word' id='word_1_309' title='bbox 1250 316 1256 2473; x_wconf 95' lang='lat' dir='ltr'> </span> 
     </span>
    </p>
   </div>
   <div class='ocr_carea' id='block_1_4' title="bbox 1076 253 1432 280">
    <p class='ocr_par' dir='ltr' id='par_1_7' title="bbox 1076 253 1432 280">
     <span class='ocr_line' id='line_1_52' title="bbox 1076 253 1432 280; baseline 0 0"><span class='ocrx_word' id='word_1_310' title='bbox 1076 253 1255 280; x_wconf 72' lang='lat' dir='ltr'><strong>BULLARIUM</strong></span> <span class='ocrx_word' id='word_1_311' title='bbox 1279 254 1432 280; x_wconf 79' lang='lat' dir='ltr'>ROMANUM</span> 
     </span>
    </p>
   </div>
   <div class='ocr_carea' id='block_1_5' title="bbox 1272 303 2016 2590">
    <p class='ocr_par' dir='ltr' id='par_1_8' title="bbox 1275 303 2014 585">
     <span class='ocr_line' id='line_1_53' title="bbox 1276 303 2012 343; baseline 0.008 -11"><span class='ocrx_word' id='word_1_312' title='bbox 1276 303 1424 333; x_wconf 84' lang='lat' dir='ltr'>schedulis</span> <span class='ocrx_word' id='word_1_313' title='bbox 1454 303 1631 343; x_wconf 90' lang='lat' dir='ltr'>electorum,</span> <span class='ocrx_word' id='word_1_314' title='bbox 1656 309 1832 336; x_wconf 89' lang='lat' dir='ltr'>scrutatores</span> <span class='ocrx_word' id='word_1_315' title='bbox 1854 306 1960 338; x_wconf 88' lang='lat' dir='ltr'>debent</span> <span class='ocrx_word' id='word_1_316' title='bbox 1983 308 2012 338; x_wconf 91' lang='lat' dir='ltr'>in</span> 
     </span>
     <span class='ocr_line' id='line_1_54' title="bbox 1275 352 2011 393; baseline 0.007 -12"><span class='ocrx_word' id='word_1_317' title='bbox 1275 352 1411 382; x_wconf 74' lang='lat' dir='ltr'>schedula</span> <span class='ocrx_word' id='word_1_318' title='bbox 1436 352 1608 391; x_wconf 80' lang='lat' dir='ltr'>publicanda</span> <span class='ocrx_word' id='word_1_319' title='bbox 1641 354 1679 383; x_wconf 88' lang='lat' dir='ltr'>ita</span> <span class='ocrx_word' id='word_1_320' title='bbox 1713 355 1846 392; x_wconf 84' lang='lat' dir='ltr'>regulare</span> <span class='ocrx_word' id='word_1_321' title='bbox 1878 356 2011 393; x_wconf 88' lang='lat' dir='ltr'>selectos,</span> 
     </span>
     <span class='ocr_line' id='line_1_55' title="bbox 1275 402 2014 440; baseline 0.007 -10"><span class='ocrx_word' id='word_1_322' title='bbox 1275 404 1305 430; x_wconf 91' lang='lat' dir='ltr'>ut</span> <span class='ocrx_word' id='word_1_323' title='bbox 1328 405 1463 440; x_wconf 87' lang='lat' dir='ltr'>quatuor,</span> <span class='ocrx_word' id='word_1_324' title='bbox 1482 411 1555 440; x_wconf 92' lang='lat' dir='ltr'>qnos</span> <span class='ocrx_word' id='word_1_325' title='bbox 1577 402 1742 433; x_wconf 89' lang='lat' dir='ltr'>invenerint</span> <span class='ocrx_word' id='word_1_326' title='bbox 1765 403 1901 434; x_wconf 88' lang='lat' dir='ltr'>habuisse</span> <span class='ocrx_word' id='word_1_327' title='bbox 1924 405 2014 435; x_wconf 90' lang='lat' dir='ltr'>maio-</span> 
     </span>
     <span class='ocr_line' id='line_1_56' title="bbox 1275 451 2013 491; baseline 0.007 -13"><span class='ocrx_word' id='word_1_328' title='bbox 1275 458 1336 479; x_wconf 86' lang='lat' dir='ltr'>rem</span> <span class='ocrx_word' id='word_1_329' title='bbox 1361 459 1515 480; x_wconf 84' lang='lat' dir='ltr'>nutnerum</span> <span class='ocrx_word' id='word_1_330' title='bbox 1550 460 1652 480; x_wconf 89' lang='lat' dir='ltr'>vocum</span> <span class='ocrx_word' id='word_1_331' title='bbox 1675 451 1704 481; x_wconf 91' lang='lat' dir='ltr'>in</span> <span class='ocrx_word' id='word_1_332' title='bbox 1727 452 1894 491; x_wconf 87' lang='lat' dir='ltr'>schedulis,</span> <span class='ocrx_word' id='word_1_333' title='bbox 1919 453 2013 483; x_wconf 89' lang='lat' dir='ltr'>decla-</span> 
     </span>
     <span class='ocr_line' id='line_1_57' title="bbox 1275 497 2013 539; baseline 0.007 -13"><span class='ocrx_word' id='word_1_334' title='bbox 1275 501 1340 527; x_wconf 88' lang='lat' dir='ltr'>rent</span> <span class='ocrx_word' id='word_1_335' title='bbox 1361 497 1504 536; x_wconf 80' lang='lat' dir='ltr'>eligibiles</span> <span class='ocrx_word' id='word_1_336' title='bbox 1520 498 1549 528; x_wconf 87' lang='lat' dir='ltr'>in</span> <span class='ocrx_word' id='word_1_337' title='bbox 1567 498 1638 529; x_wconf 86' lang='lat' dir='ltr'>duos</span> <span class='ocrx_word' id='word_1_338' title='bbox 1651 499 1744 529; x_wconf 89' lang='lat' dir='ltr'>socios</span> <span class='ocrx_word' id='word_1_339' title='bbox 1760 500 1881 539; x_wconf 90' lang='lat' dir='ltr'>primos,</span> <span class='ocrx_word' id='word_1_340' title='bbox 1898 504 1926 531; x_wconf 90' lang='lat' dir='ltr'>et</span> <span class='ocrx_word' id='word_1_341' title='bbox 1941 501 2013 531; x_wconf 85' lang='lat' dir='ltr'>alios</span> 
     </span>
     <span class='ocr_line' id='line_1_58' title="bbox 1276 546 1839 585; baseline 0.007 -11"><span class='ocrx_word' id='word_1_342' title='bbox 1276 549 1401 585; x_wconf 86' lang='lat' dir='ltr'>quatuor</span> <span class='ocrx_word' id='word_1_343' title='bbox 1423 546 1452 575; x_wconf 92' lang='lat' dir='ltr'>in</span> <span class='ocrx_word' id='word_1_344' title='bbox 1475 546 1548 577; x_wconf 89' lang='lat' dir='ltr'>duos</span> <span class='ocrx_word' id='word_1_345' title='bbox 1570 548 1663 577; x_wconf 88' lang='lat' dir='ltr'>socios</span> <span class='ocrx_word' id='word_1_346' title='bbox 1686 548 1839 578; x_wconf 87' lang='lat' dir='ltr'>secundos.</span> 
     </span>
    </p>

    <p class='ocr_par' dir='ltr' id='par_1_9' title="bbox 1275 594 2014 879">
     <span class='ocr_line' id='line_1_59' title="bbox 1316 594 2013 635; baseline 0.007 -12"><span class='ocrx_word' id='word_1_347' title='bbox 1316 603 1354 623; x_wconf 89' lang='lat' dir='ltr'>x1.</span> <span class='ocrx_word' id='word_1_348' title='bbox 1380 594 1498 624; x_wconf 83' lang='lat' dir='ltr'>Praeses</span> <span class='ocrx_word' id='word_1_349' title='bbox 1521 596 1640 635; x_wconf 88' lang='lat' dir='ltr'>capituli</span> <span class='ocrx_word' id='word_1_350' title='bbox 1673 597 1837 627; x_wconf 81' lang='lat' dir='ltr'>manifestet</span> <span class='ocrx_word' id='word_1_351' title='bbox 1865 597 2013 628; x_wconf 75' lang='lat' dir='ltr'>vocalibus</span> 
     </span>
     <span class='ocr_line' id='line_1_60' title="bbox 1276 643 2014 686; baseline 0.005 -13"><span class='ocrx_word' id='word_1_352' title='bbox 1276 643 1497 680; x_wconf 80' lang='lat' dir='ltr'>graduationem</span> <span class='ocrx_word' id='word_1_353' title='bbox 1530 645 1682 675; x_wconf 86' lang='lat' dir='ltr'>domorum</span> <span class='ocrx_word' id='word_1_354' title='bbox 1707 655 1720 675; x_wconf 89' lang='lat' dir='ltr'>a</span> <span class='ocrx_word' id='word_1_355' title='bbox 1745 655 1774 675; x_wconf 91' lang='lat' dir='ltr'>se</span> <span class='ocrx_word' id='word_1_356' title='bbox 1803 647 1907 676; x_wconf 79' lang='lat' dir='ltr'>saetam</span> <span class='ocrx_word' id='word_1_357' title='bbox 1931 656 2014 686; x_wconf 88' lang='lat' dir='ltr'>prae-</span> 
     </span>
     <span class='ocr_line' id='line_1_61' title="bbox 1277 692 2013 734; baseline 0.008 -14"><span class='ocrx_word' id='word_1_358' title='bbox 1277 692 1336 721; x_wconf 89' lang='lat' dir='ltr'>cise</span> <span class='ocrx_word' id='word_1_359' title='bbox 1358 692 1392 722; x_wconf 87' lang='lat' dir='ltr'>ad</span> <span class='ocrx_word' id='word_1_360' title='bbox 1415 693 1565 731; x_wconf 77' lang='lat' dir='ltr'>eligendos</span> <span class='ocrx_word' id='word_1_361' title='bbox 1588 694 1736 724; x_wconf 89' lang='lat' dir='ltr'>ministros</span> <span class='ocrx_word' id='word_1_362' title='bbox 1759 704 1810 734; x_wconf 89' lang='lat' dir='ltr'>pro</span> <span class='ocrx_word' id='word_1_363' title='bbox 1827 695 1896 734; x_wconf 81' lang='lat' dir='ltr'>iltis,</span> <span class='ocrx_word' id='word_1_364' title='bbox 1913 699 1940 725; x_wconf 90' lang='lat' dir='ltr'>et</span> <span class='ocrx_word' id='word_1_365' title='bbox 1956 699 2013 726; x_wconf 90' lang='lat' dir='ltr'>sta-</span> 
     </span>
     <span class='ocr_line' id='line_1_62' title="bbox 1277 740 2013 783; baseline 0.007 -14"><span class='ocrx_word' id='word_1_366' title='bbox 1277 740 1327 770; x_wconf 91' lang='lat' dir='ltr'>tim</span> <span class='ocrx_word' id='word_1_367' title='bbox 1351 746 1523 780; x_wconf 84' lang='lat' dir='ltr'>separentur</span> <span class='ocrx_word' id='word_1_368' title='bbox 1555 743 1668 772; x_wconf 87' lang='lat' dir='ltr'>vocales</span> <span class='ocrx_word' id='word_1_369' title='bbox 1690 752 1704 772; x_wconf 90' lang='lat' dir='ltr'>a</span> <span class='ocrx_word' id='word_1_370' title='bbox 1727 743 1891 774; x_wconf 84' lang='lat' dir='ltr'>definitorio</span> <span class='ocrx_word' id='word_1_371' title='bbox 1906 767 1913 781; x_wconf 92' lang='lat'>,</span> <span class='ocrx_word' id='word_1_372' title='bbox 1937 744 2013 783; x_wconf 89' lang='lat' dir='ltr'>quod</span> 
     </span>
     <span class='ocr_line' id='line_1_63' title="bbox 1277 789 2013 831; baseline 0.007 -14"><span class='ocrx_word' id='word_1_373' title='bbox 1277 789 1370 818; x_wconf 88' lang='lat' dir='ltr'>solum</span> <span class='ocrx_word' id='word_1_374' title='bbox 1387 789 1525 829; x_wconf 82' lang='lat' dir='ltr'>deputare</span> <span class='ocrx_word' id='word_1_375' title='bbox 1545 790 1628 821; x_wconf 88' lang='lat' dir='ltr'>debet</span> <span class='ocrx_word' id='word_1_376' title='bbox 1651 791 1721 821; x_wconf 90' lang='lat' dir='ltr'>duos</span> <span class='ocrx_word' id='word_1_377' title='bbox 1738 791 1851 821; x_wconf 85' lang='lat' dir='ltr'>vocales</span> <span class='ocrx_word' id='word_1_378' title='bbox 1866 792 1900 822; x_wconf 89' lang='lat' dir='ltr'>ad</span> <span class='ocrx_word' id='word_1_379' title='bbox 1916 792 2013 831; x_wconf 83' lang='lat' dir='ltr'>legen-</span> 
     </span>
     <span class='ocr_line' id='line_1_64' title="bbox 1275 837 1871 879; baseline 0.007 -13"><span class='ocrx_word' id='word_1_380' title='bbox 1275 837 1325 866; x_wconf 84' lang='lat' dir='ltr'>das</span> <span class='ocrx_word' id='word_1_381' title='bbox 1348 837 1483 877; x_wconf 85' lang='lat' dir='ltr'>epistolas</span> <span class='ocrx_word' id='word_1_382' title='bbox 1511 839 1614 869; x_wconf 89' lang='lat' dir='ltr'>missas</span> <span class='ocrx_word' id='word_1_383' title='bbox 1643 839 1676 869; x_wconf 87' lang='lat' dir='ltr'>ad</span> <span class='ocrx_word' id='word_1_384' title='bbox 1700 840 1871 879; x_wconf 89' lang='lat' dir='ltr'>capitulum.</span> 
     </span>
    </p>

    <p class='ocr_par' dir='ltr' id='par_1_10' title="bbox 1273 886 2016 1366">
     <span class='ocr_line' id='line_1_65' title="bbox 1315 886 2014 928; baseline 0.006 -13"><span class='ocrx_word' id='word_1_385' title='bbox 1315 895 1363 915; x_wconf 87' lang='lat' dir='ltr'>xn.</span> <span class='ocrx_word' id='word_1_386' title='bbox 1388 886 1527 926; x_wconf 83' lang='lat' dir='ltr'>Sequenti</span> <span class='ocrx_word' id='word_1_387' title='bbox 1550 888 1612 926; x_wconf 89' lang='lat' dir='ltr'>die,</span> <span class='ocrx_word' id='word_1_388' title='bbox 1637 888 1755 918; x_wconf 90' lang='lat' dir='ltr'>sabbato</span> <span class='ocrx_word' id='word_1_389' title='bbox 1786 898 1909 928; x_wconf 88' lang='lat' dir='ltr'>nempe,</span> <span class='ocrx_word' id='word_1_390' title='bbox 1932 889 2014 920; x_wconf 85' lang='lat' dir='ltr'>factis</span> 
     </span>
     <span class='ocr_line' id='line_1_66' title="bbox 1275 934 2014 976; baseline 0.004 -12"><span class='ocrx_word' id='word_1_391' title='bbox 1275 934 1411 964; x_wconf 89' lang='lat' dir='ltr'>omnibus</span> <span class='ocrx_word' id='word_1_392' title='bbox 1434 945 1507 975; x_wconf 85' lang='lat' dir='ltr'>quae</span> <span class='ocrx_word' id='word_1_393' title='bbox 1530 936 1592 965; x_wconf 82' lang='lat' dir='ltr'>sieri</span> <span class='ocrx_word' id='word_1_394' title='bbox 1616 936 1721 967; x_wconf 85' lang='lat' dir='ltr'>debent</span> <span class='ocrx_word' id='word_1_395' title='bbox 1737 937 1765 966; x_wconf 92' lang='lat' dir='ltr'>in</span> <span class='ocrx_word' id='word_1_396' title='bbox 1783 937 1909 976; x_wconf 87' lang='lat' dir='ltr'>capitulo</span> <span class='ocrx_word' id='word_1_397' title='bbox 1930 946 2014 976; x_wconf 86' lang='lat' dir='ltr'>gene-</span> 
     </span>
     <span class='ocr_line' id='line_1_67' title="bbox 1275 984 2015 1025; baseline 0.004 -12"><span class='ocrx_word' id='word_1_398' title='bbox 1275 984 1352 1022; x_wconf 83' lang='lat' dir='ltr'>rali,</span> <span class='ocrx_word' id='word_1_399' title='bbox 1377 988 1592 1023; x_wconf 81' lang='lat' dir='ltr'>congregentur</span> <span class='ocrx_word' id='word_1_400' title='bbox 1624 985 1652 1015; x_wconf 91' lang='lat' dir='ltr'>in</span> <span class='ocrx_word' id='word_1_401' title='bbox 1686 986 1754 1015; x_wconf 70' lang='lat' dir='ltr'>aula</span> <span class='ocrx_word' id='word_1_402' title='bbox 1785 986 1956 1025; x_wconf 86' lang='lat' dir='ltr'>capitulari,</span> <span class='ocrx_word' id='word_1_403' title='bbox 1987 990 2015 1016; x_wconf 88' lang='lat' dir='ltr'>et</span> 
     </span>
     <span class='ocr_line' id='line_1_68' title="bbox 1274 1032 2015 1073; baseline 0.004 -12"><span class='ocrx_word' id='word_1_404' title='bbox 1274 1032 1349 1062; x_wconf 70' lang='lat' dir='ltr'>sacta</span> <span class='ocrx_word' id='word_1_405' title='bbox 1372 1032 1386 1062; x_wconf 81' lang='lat' dir='ltr'>&#39;a</span> <span class='ocrx_word' id='word_1_406' title='bbox 1411 1033 1543 1072; x_wconf 85' lang='lat' dir='ltr'>praeside</span> <span class='ocrx_word' id='word_1_407' title='bbox 1576 1034 1776 1064; x_wconf 82' lang='lat' dir='ltr'>exhortatione</span> <span class='ocrx_word' id='word_1_408' title='bbox 1798 1034 1901 1073; x_wconf 72' lang='lat' dir='ltr'>lingua</span> <span class='ocrx_word' id='word_1_409' title='bbox 1922 1034 2015 1065; x_wconf 89' lang='lat' dir='ltr'>omni-</span> 
     </span>
     <span class='ocr_line' id='line_1_69' title="bbox 1274 1081 2016 1120; baseline 0.003 -10"><span class='ocrx_word' id='word_1_410' title='bbox 1274 1081 1327 1110; x_wconf 90' lang='lat' dir='ltr'>bus</span> <span class='ocrx_word' id='word_1_411' title='bbox 1352 1081 1521 1120; x_wconf 84' lang='lat' dir='ltr'>communi,</span> <span class='ocrx_word' id='word_1_412' title='bbox 1546 1082 1595 1112; x_wconf 81' lang='lat' dir='ltr'>siat</span> <span class='ocrx_word' id='word_1_413' title='bbox 1618 1082 1771 1120; x_wconf 86' lang='lat' dir='ltr'>absolutio,</span> <span class='ocrx_word' id='word_1_414' title='bbox 1795 1082 1898 1112; x_wconf 89' lang='lat' dir='ltr'>electio</span> <span class='ocrx_word' id='word_1_415' title='bbox 1920 1091 2016 1113; x_wconf 88' lang='lat' dir='ltr'>secre-</span> 
     </span>
     <span class='ocr_line' id='line_1_70' title="bbox 1275 1130 2016 1170; baseline 0.001 -11"><span class='ocrx_word' id='word_1_416' title='bbox 1275 1130 1340 1160; x_wconf 89' lang='lat' dir='ltr'>tarii</span> <span class='ocrx_word' id='word_1_417' title='bbox 1362 1130 1492 1170; x_wconf 86' lang='lat' dir='ltr'>capituli,</span> <span class='ocrx_word' id='word_1_418' title='bbox 1511 1135 1717 1168; x_wconf 89' lang='lat' dir='ltr'>scrutatorum,</span> <span class='ocrx_word' id='word_1_419' title='bbox 1741 1130 1891 1161; x_wconf 88' lang='lat' dir='ltr'>secretarii</span> <span class='ocrx_word' id='word_1_420' title='bbox 1911 1130 2016 1161; x_wconf 89' lang='lat' dir='ltr'>scruti-</span> 
     </span>
     <span class='ocr_line' id='line_1_71' title="bbox 1274 1179 2015 1218; baseline 0.001 -10"><span class='ocrx_word' id='word_1_421' title='bbox 1274 1179 1326 1217; x_wconf 89' lang='lat' dir='ltr'>nii,</span> <span class='ocrx_word' id='word_1_422' title='bbox 1345 1184 1372 1209; x_wconf 92' lang='lat' dir='ltr'>et</span> <span class='ocrx_word' id='word_1_423' title='bbox 1388 1179 1633 1218; x_wconf 88' lang='lat' dir='ltr'>pronunciatoris,</span> <span class='ocrx_word' id='word_1_424' title='bbox 1651 1180 1753 1210; x_wconf 73' lang='lat' dir='ltr'>eadem</span> <span class='ocrx_word' id='word_1_425' title='bbox 1770 1180 1875 1218; x_wconf 68' lang='lat' dir='ltr'>forma,</span> <span class='ocrx_word' id='word_1_426' title='bbox 1892 1180 2015 1210; x_wconf 82' lang='lat' dir='ltr'>eisdem—</span> 
     </span>
     <span class='ocr_line' id='line_1_72' title="bbox 1274 1229 2014 1268; baseline 0.001 -10"><span class='ocrx_word' id='word_1_427' title='bbox 1274 1238 1330 1268; x_wconf 89' lang='lat' dir='ltr'>que</span> <span class='ocrx_word' id='word_1_428' title='bbox 1354 1229 1435 1258; x_wconf 84' lang='lat' dir='ltr'>factis</span> <span class='ocrx_word' id='word_1_429' title='bbox 1457 1229 1651 1265; x_wconf 83' lang='lat' dir='ltr'>iuramentis,</span> <span class='ocrx_word' id='word_1_430' title='bbox 1675 1229 1749 1259; x_wconf 87' lang='lat' dir='ltr'>sicut</span> <span class='ocrx_word' id='word_1_431' title='bbox 1778 1229 1886 1259; x_wconf 86' lang='lat' dir='ltr'>dictum</span> <span class='ocrx_word' id='word_1_432' title='bbox 1916 1232 1959 1259; x_wconf 90' lang='lat' dir='ltr'>est</span> <span class='ocrx_word' id='word_1_433' title='bbox 1980 1229 2014 1259; x_wconf 91' lang='lat' dir='ltr'>de</span> 
     </span>
     <span class='ocr_line' id='line_1_73' title="bbox 1274 1277 2014 1317; baseline 0.003 -11"><span class='ocrx_word' id='word_1_434' title='bbox 1274 1278 1400 1316; x_wconf 82' lang='lat' dir='ltr'>capitulo</span> <span class='ocrx_word' id='word_1_435' title='bbox 1423 1277 1563 1316; x_wconf 82' lang='lat' dir='ltr'>generali,</span> <span class='ocrx_word' id='word_1_436' title='bbox 1582 1281 1608 1307; x_wconf 91' lang='lat' dir='ltr'>et</span> <span class='ocrx_word' id='word_1_437' title='bbox 1632 1278 1676 1307; x_wconf 91' lang='lat' dir='ltr'>his</span> <span class='ocrx_word' id='word_1_438' title='bbox 1699 1278 1834 1308; x_wconf 90' lang='lat' dir='ltr'>omnibus</span> <span class='ocrx_word' id='word_1_439' title='bbox 1857 1278 1959 1317; x_wconf 79' lang='lat' dir='ltr'>sinitis,</span> <span class='ocrx_word' id='word_1_440' title='bbox 1979 1278 2014 1309; x_wconf 90' lang='lat' dir='ltr'>ad</span> 
     </span>
     <span class='ocr_line' id='line_1_74' title="bbox 1273 1326 1754 1366; baseline 0.004 -11"><span class='ocrx_word' id='word_1_441' title='bbox 1273 1326 1428 1356; x_wconf 86' lang='lat' dir='ltr'>electiones</span> <span class='ocrx_word' id='word_1_442' title='bbox 1451 1326 1607 1366; x_wconf 86' lang='lat' dir='ltr'>procedant</span> <span class='ocrx_word' id='word_1_443' title='bbox 1630 1327 1754 1357; x_wconf 87' lang='lat' dir='ltr'>vocales.</span> 
     </span>
    </p>

    <p class='ocr_par' dir='ltr' id='par_1_11' title="bbox 1274 1374 2016 1804">
     <span class='ocr_line' id='line_1_75' title="bbox 1314 1374 2014 1415; baseline 0.006 -12"><span class='ocrx_word' id='word_1_444' title='bbox 1314 1383 1374 1404; x_wconf 86' lang='lat' dir='ltr'>xm.</span> <span class='ocrx_word' id='word_1_445' title='bbox 1398 1374 1471 1404; x_wconf 87' lang='lat' dir='ltr'>Ante</span> <span class='ocrx_word' id='word_1_446' title='bbox 1504 1375 1659 1414; x_wconf 88' lang='lat' dir='ltr'>prandium</span> <span class='ocrx_word' id='word_1_447' title='bbox 1682 1376 1733 1406; x_wconf 85' lang='lat' dir='ltr'>fiat</span> <span class='ocrx_word' id='word_1_448' title='bbox 1755 1384 1880 1415; x_wconf 86' lang='lat' dir='ltr'>semper,</span> <span class='ocrx_word' id='word_1_449' title='bbox 1905 1379 1933 1406; x_wconf 90' lang='lat' dir='ltr'>et</span> <span class='ocrx_word' id='word_1_450' title='bbox 1954 1376 2014 1407; x_wconf 89' lang='lat' dir='ltr'>sola</span> 
     </span>
     <span class='ocr_line' id='line_1_76' title="bbox 1275 1423 2010 1465; baseline 0.003 -12"><span class='ocrx_word' id='word_1_451' title='bbox 1275 1423 1334 1462; x_wconf 83' lang='lat' dir='ltr'>fiat,</span> <span class='ocrx_word' id='word_1_452' title='bbox 1352 1423 1454 1453; x_wconf 88' lang='lat' dir='ltr'>electio</span> <span class='ocrx_word' id='word_1_453' title='bbox 1472 1424 1596 1454; x_wconf 90' lang='lat' dir='ltr'>ministri</span> <span class='ocrx_word' id='word_1_454' title='bbox 1620 1425 1822 1463; x_wconf 85' lang='lat' dir='ltr'>provincialis:</span> <span class='ocrx_word' id='word_1_455' title='bbox 1847 1434 1901 1464; x_wconf 87' lang='lat' dir='ltr'>qna</span> <span class='ocrx_word' id='word_1_456' title='bbox 1924 1426 2010 1465; x_wconf 72' lang='lat' dir='ltr'>sacta,</span> 
     </span>
     <span class='ocr_line' id='line_1_77' title="bbox 1275 1472 2016 1514; baseline 0.005 -13"><span class='ocrx_word' id='word_1_457' title='bbox 1275 1481 1375 1501; x_wconf 91' lang='lat' dir='ltr'>omnes</span> <span class='ocrx_word' id='word_1_458' title='bbox 1398 1472 1511 1502; x_wconf 76' lang='lat' dir='ltr'>vocales</span> <span class='ocrx_word' id='word_1_459' title='bbox 1526 1497 1533 1511; x_wconf 93' lang='lat'>,</span> <span class='ocrx_word' id='word_1_460' title='bbox 1558 1477 1673 1511; x_wconf 87' lang='lat' dir='ltr'>praeter</span> <span class='ocrx_word' id='word_1_461' title='bbox 1696 1473 1856 1512; x_wconf 86' lang='lat' dir='ltr'>praesidem</span> <span class='ocrx_word' id='word_1_462' title='bbox 1879 1478 1907 1504; x_wconf 87' lang='lat' dir='ltr'>et</span> <span class='ocrx_word' id='word_1_463' title='bbox 1930 1483 2016 1514; x_wconf 88' lang='lat' dir='ltr'>supe-</span> 
     </span>
     <span class='ocr_line' id='line_1_78' title="bbox 1274 1520 2012 1562; baseline 0.004 -13"><span class='ocrx_word' id='word_1_464' title='bbox 1274 1520 1380 1550; x_wconf 87' lang='lat' dir='ltr'>riorem</span> <span class='ocrx_word' id='word_1_465' title='bbox 1404 1521 1622 1560; x_wconf 87' lang='lat' dir='ltr'>provincialem,</span> <span class='ocrx_word' id='word_1_466' title='bbox 1643 1521 1726 1550; x_wconf 92' lang='lat' dir='ltr'>cuius</span> <span class='ocrx_word' id='word_1_467' title='bbox 1744 1521 1871 1551; x_wconf 81' lang='lat' dir='ltr'>officium</span> <span class='ocrx_word' id='word_1_468' title='bbox 1889 1522 2012 1562; x_wconf 81' lang='lat' dir='ltr'>expirat,</span> 
     </span>
     <span class='ocr_line' id='line_1_79' title="bbox 1275 1569 2013 1608; baseline 0.005 -10"><span class='ocrx_word' id='word_1_469' title='bbox 1275 1574 1396 1608; x_wconf 78' lang='lat' dir='ltr'>pergant</span> <span class='ocrx_word' id='word_1_470' title='bbox 1424 1569 1677 1608; x_wconf 83' lang='lat' dir='ltr'>processionaliter</span> <span class='ocrx_word' id='word_1_471' title='bbox 1708 1570 1738 1600; x_wconf 91' lang='lat' dir='ltr'>in</span> <span class='ocrx_word' id='word_1_472' title='bbox 1771 1570 1922 1601; x_wconf 88' lang='lat' dir='ltr'>ecclesiam</span> <span class='ocrx_word' id='word_1_473' title='bbox 1945 1581 2013 1602; x_wconf 88' lang='lat' dir='ltr'>can-</span> 
     </span>
     <span class='ocr_line' id='line_1_80' title="bbox 1275 1617 2015 1657; baseline 0.003 -10"><span class='ocrx_word' id='word_1_474' title='bbox 1275 1622 1370 1648; x_wconf 90' lang='lat' dir='ltr'>tantes</span> <span class='ocrx_word' id='word_1_475' title='bbox 1392 1618 1530 1657; x_wconf 69' lang='lat' dir='ltr'>hymnum</span> <span class='ocrx_word' id='word_1_476' title='bbox 1557 1619 1591 1647; x_wconf 78' lang='lat' dir='ltr'>Tc</span> <span class='ocrx_word' id='word_1_477' title='bbox 1612 1617 1716 1653; x_wconf 80' lang='lat' dir='ltr'>Deum,</span> <span class='ocrx_word' id='word_1_478' title='bbox 1741 1622 1768 1648; x_wconf 92' lang='lat' dir='ltr'>et</span> <span class='ocrx_word' id='word_1_479' title='bbox 1790 1618 1830 1648; x_wconf 90' lang='lat' dir='ltr'>ibi</span> <span class='ocrx_word' id='word_1_480' title='bbox 1852 1618 1887 1648; x_wconf 92' lang='lat' dir='ltr'>ab</span> <span class='ocrx_word' id='word_1_481' title='bbox 1909 1628 1942 1649; x_wconf 90' lang='lat' dir='ltr'>eo</span> <span class='ocrx_word' id='word_1_482' title='bbox 1964 1619 2015 1649; x_wconf 88' lang='lat' dir='ltr'>be-</span> 
     </span>
     <span class='ocr_line' id='line_1_81' title="bbox 1274 1666 2012 1707; baseline 0.003 -11"><span class='ocrx_word' id='word_1_483' title='bbox 1274 1667 1471 1696; x_wconf 84' lang='lat' dir='ltr'>nedictionem</span> <span class='ocrx_word' id='word_1_484' title='bbox 1503 1666 1645 1705; x_wconf 85' lang='lat' dir='ltr'>accipiant</span> <span class='ocrx_word' id='word_1_485' title='bbox 1679 1676 1712 1697; x_wconf 88' lang='lat' dir='ltr'>eo</span> <span class='ocrx_word' id='word_1_486' title='bbox 1742 1667 1825 1697; x_wconf 89' lang='lat' dir='ltr'>modo</span> <span class='ocrx_word' id='word_1_487' title='bbox 1847 1671 1875 1697; x_wconf 92' lang='lat' dir='ltr'>et</span> <span class='ocrx_word' id='word_1_488' title='bbox 1896 1668 2012 1707; x_wconf 70' lang='lat' dir='ltr'>forma,</span> 
     </span>
     <span class='ocr_line' id='line_1_82' title="bbox 1274 1716 2012 1756; baseline 0.004 -11"><span class='ocrx_word' id='word_1_489' title='bbox 1274 1716 1380 1756; x_wconf 87' lang='lat' dir='ltr'>quibus</span> <span class='ocrx_word' id='word_1_490' title='bbox 1413 1716 1490 1746; x_wconf 88' lang='lat' dir='ltr'>iuxta</span> <span class='ocrx_word' id='word_1_491' title='bbox 1524 1721 1638 1746; x_wconf 88' lang='lat' dir='ltr'>nostras</span> <span class='ocrx_word' id='word_1_492' title='bbox 1672 1717 1897 1748; x_wconf 87' lang='lat' dir='ltr'>constitutiones</span> <span class='ocrx_word' id='word_1_493' title='bbox 1924 1717 1956 1748; x_wconf 83' lang='lat' dir='ltr'>fit</span> <span class='ocrx_word' id='word_1_494' title='bbox 1983 1717 2012 1748; x_wconf 91' lang='lat' dir='ltr'>in</span> 
     </span>
     <span class='ocr_line' id='line_1_83' title="bbox 1274 1765 1739 1804; baseline 0.002 -10"><span class='ocrx_word' id='word_1_495' title='bbox 1274 1765 1415 1795; x_wconf 88' lang='lat' dir='ltr'>electione</span> <span class='ocrx_word' id='word_1_496' title='bbox 1438 1765 1564 1795; x_wconf 85' lang='lat' dir='ltr'>ministri</span> <span class='ocrx_word' id='word_1_497' title='bbox 1587 1765 1739 1804; x_wconf 81' lang='lat' dir='ltr'>generalis.</span> 
     </span>
    </p>

    <p class='ocr_par' dir='ltr' id='par_1_12' title="bbox 1272 1814 2013 2335">
     <span class='ocr_line' id='line_1_84' title="bbox 1314 1814 2012 1855; baseline 0.004 -11"><span class='ocrx_word' id='word_1_498' title='bbox 1314 1823 1371 1844; x_wconf 79' lang='lat' dir='ltr'>xlv.</span> <span class='ocrx_word' id='word_1_499' title='bbox 1386 1814 1511 1854; x_wconf 87' lang='lat' dir='ltr'>Vespere</span> <span class='ocrx_word' id='word_1_500' title='bbox 1522 1818 1618 1844; x_wconf 84' lang='lat' dir='ltr'>autem</span> <span class='ocrx_word' id='word_1_501' title='bbox 1631 1819 1824 1853; x_wconf 83' lang='lat' dir='ltr'>congregetur</span> <span class='ocrx_word' id='word_1_502' title='bbox 1838 1815 2012 1855; x_wconf 86' lang='lat' dir='ltr'>capitulum,</span> 
     </span>
     <span class='ocr_line' id='line_1_85' title="bbox 1274 1863 2013 1904; baseline 0.003 -11"><span class='ocrx_word' id='word_1_503' title='bbox 1274 1867 1302 1893; x_wconf 90' lang='lat' dir='ltr'>et</span> <span class='ocrx_word' id='word_1_504' title='bbox 1318 1863 1340 1892; x_wconf 93' lang='lat' dir='ltr'>si</span> <span class='ocrx_word' id='word_1_505' title='bbox 1361 1863 1548 1902; x_wconf 86' lang='lat' dir='ltr'>provincialis</span> <span class='ocrx_word' id='word_1_506' title='bbox 1567 1863 1675 1893; x_wconf 89' lang='lat' dir='ltr'>electus</span> <span class='ocrx_word' id='word_1_507' title='bbox 1698 1873 1835 1903; x_wconf 86' lang='lat' dir='ltr'>praesens</span> <span class='ocrx_word' id='word_1_508' title='bbox 1851 1864 1950 1904; x_wconf 78' lang='lat' dir='ltr'>suerit,</span> <span class='ocrx_word' id='word_1_509' title='bbox 1969 1874 2013 1896; x_wconf 89' lang='lat' dir='ltr'>se-</span> 
     </span>
     <span class='ocr_line' id='line_1_86' title="bbox 1273 1912 2012 1952; baseline 0.004 -10"><span class='ocrx_word' id='word_1_510' title='bbox 1273 1913 1338 1942; x_wconf 84' lang='lat' dir='ltr'>deat</span> <span class='ocrx_word' id='word_1_511' title='bbox 1360 1912 1526 1942; x_wconf 90' lang='lat' dir='ltr'>immediate</span> <span class='ocrx_word' id='word_1_512' title='bbox 1548 1912 1583 1942; x_wconf 91' lang='lat' dir='ltr'>ad</span> <span class='ocrx_word' id='word_1_513' title='bbox 1610 1913 1751 1952; x_wconf 88' lang='lat' dir='ltr'>praesidis</span> <span class='ocrx_word' id='word_1_514' title='bbox 1774 1913 1936 1951; x_wconf 86' lang='lat' dir='ltr'>sinistram,</span> <span class='ocrx_word' id='word_1_515' title='bbox 1954 1924 2012 1945; x_wconf 90' lang='lat' dir='ltr'>non</span> 
     </span>
     <span class='ocr_line' id='line_1_87' title="bbox 1275 1962 2012 2002; baseline 0.004 -11"><span class='ocrx_word' id='word_1_516' title='bbox 1275 1967 1371 1992; x_wconf 89' lang='lat' dir='ltr'>tamen</span> <span class='ocrx_word' id='word_1_517' title='bbox 1394 1962 1559 2001; x_wconf 87' lang='lat' dir='ltr'>praesideat</span> <span class='ocrx_word' id='word_1_518' title='bbox 1591 1962 1655 1991; x_wconf 88' lang='lat' dir='ltr'>aliis</span> <span class='ocrx_word' id='word_1_519' title='bbox 1688 1962 1855 1999; x_wconf 88' lang='lat' dir='ltr'>vocalibus,</span> <span class='ocrx_word' id='word_1_520' title='bbox 1879 1963 2012 2002; x_wconf 89' lang='lat' dir='ltr'>quamvis</span> 
     </span>
     <span class='ocr_line' id='line_1_88' title="bbox 1273 2010 2012 2052; baseline 0.003 -11"><span class='ocrx_word' id='word_1_521' title='bbox 1273 2021 1321 2041; x_wconf 91' lang='lat' dir='ltr'>eos</span> <span class='ocrx_word' id='word_1_522' title='bbox 1343 2011 1506 2051; x_wconf 88' lang='lat' dir='ltr'>praecedat,</span> <span class='ocrx_word' id='word_1_523' title='bbox 1530 2020 1583 2041; x_wconf 89' lang='lat' dir='ltr'>nec</span> <span class='ocrx_word' id='word_1_524' title='bbox 1605 2010 1731 2041; x_wconf 80' lang='lat' dir='ltr'>officium</span> <span class='ocrx_word' id='word_1_525' title='bbox 1754 2016 1888 2042; x_wconf 88' lang='lat' dir='ltr'>exerceat</span> <span class='ocrx_word' id='word_1_526' title='bbox 1909 2022 2012 2052; x_wconf 90' lang='lat' dir='ltr'>usque-</span> 
     </span>
     <span class='ocr_line' id='line_1_89' title="bbox 1273 2061 2010 2102; baseline 0.004 -12"><span class='ocrx_word' id='word_1_527' title='bbox 1273 2071 1329 2100; x_wconf 89' lang='lat' dir='ltr'>quo</span> <span class='ocrx_word' id='word_1_528' title='bbox 1351 2061 1469 2091; x_wconf 86' lang='lat' dir='ltr'>finiatur</span> <span class='ocrx_word' id='word_1_529' title='bbox 1499 2061 1679 2100; x_wconf 87' lang='lat' dir='ltr'>capitulum:</span> <span class='ocrx_word' id='word_1_530' title='bbox 1704 2070 1757 2091; x_wconf 90' lang='lat' dir='ltr'>nec</span> <span class='ocrx_word' id='word_1_531' title='bbox 1780 2061 1804 2091; x_wconf 90' lang='lat' dir='ltr'>si</span> <span class='ocrx_word' id='word_1_532' title='bbox 1826 2061 1930 2092; x_wconf 86' lang='lat' dir='ltr'>absens</span> <span class='ocrx_word' id='word_1_533' title='bbox 1952 2063 2010 2102; x_wconf 89' lang='lat' dir='ltr'>sit,</span> 
     </span>
     <span class='ocr_line' id='line_1_90' title="bbox 1272 2109 2009 2151; baseline 0.003 -11"><span class='ocrx_word' id='word_1_534' title='bbox 1272 2110 1354 2140; x_wconf 90' lang='lat' dir='ltr'>illum</span> <span class='ocrx_word' id='word_1_535' title='bbox 1378 2109 1538 2149; x_wconf 88' lang='lat' dir='ltr'>capitulum</span> <span class='ocrx_word' id='word_1_536' title='bbox 1562 2113 1707 2149; x_wconf 85' lang='lat' dir='ltr'>expectet,</span> <span class='ocrx_word' id='word_1_537' title='bbox 1731 2110 1780 2140; x_wconf 87' lang='lat' dir='ltr'>sed</span> <span class='ocrx_word' id='word_1_538' title='bbox 1804 2116 2009 2151; x_wconf 87' lang='lat' dir='ltr'>prosequatur,</span> 
     </span>
     <span class='ocr_line' id='line_1_91' title="bbox 1273 2158 2012 2200; baseline 0.003 -11"><span class='ocrx_word' id='word_1_539' title='bbox 1273 2163 1300 2189; x_wconf 88' lang='lat' dir='ltr'>et</span> <span class='ocrx_word' id='word_1_540' title='bbox 1322 2159 1393 2188; x_wconf 86' lang='lat' dir='ltr'>fiant</span> <span class='ocrx_word' id='word_1_541' title='bbox 1415 2158 1570 2188; x_wconf 81' lang='lat' dir='ltr'>electiones</span> <span class='ocrx_word' id='word_1_542' title='bbox 1593 2162 1716 2198; x_wconf 89' lang='lat' dir='ltr'>quatuor</span> <span class='ocrx_word' id='word_1_543' title='bbox 1738 2159 1924 2190; x_wconf 88' lang='lat' dir='ltr'>definitorum</span> <span class='ocrx_word' id='word_1_544' title='bbox 1948 2170 2012 2200; x_wconf 88' lang='lat' dir='ltr'>pro-</span> 
     </span>
     <span class='ocr_line' id='line_1_92' title="bbox 1273 2207 2011 2247; baseline 0.004 -11"><span class='ocrx_word' id='word_1_545' title='bbox 1273 2207 1462 2244; x_wconf 88' lang='lat' dir='ltr'>vincialium,</span> <span class='ocrx_word' id='word_1_546' title='bbox 1486 2216 1609 2246; x_wconf 86' lang='lat' dir='ltr'>qnorum</span> <span class='ocrx_word' id='word_1_547' title='bbox 1633 2207 1834 2246; x_wconf 88' lang='lat' dir='ltr'>praecedentia</span> <span class='ocrx_word' id='word_1_548' title='bbox 1857 2212 1921 2247; x_wconf 90' lang='lat' dir='ltr'>post</span> <span class='ocrx_word' id='word_1_549' title='bbox 1942 2218 2011 2239; x_wconf 86' lang='lat' dir='ltr'>con-</span> 
     </span>
     <span class='ocr_line' id='line_1_93' title="bbox 1273 2255 2012 2296; baseline 0.004 -11"><span class='ocrx_word' id='word_1_550' title='bbox 1273 2255 1465 2285; x_wconf 82' lang='lat' dir='ltr'>firmationem</span> <span class='ocrx_word' id='word_1_551' title='bbox 1489 2255 1567 2285; x_wconf 88' lang='lat' dir='ltr'>iuxta</span> <span class='ocrx_word' id='word_1_552' title='bbox 1590 2255 1721 2286; x_wconf 87' lang='lat' dir='ltr'>ordinem</span> <span class='ocrx_word' id='word_1_553' title='bbox 1746 2256 1898 2287; x_wconf 88' lang='lat' dir='ltr'>electionis</span> <span class='ocrx_word' id='word_1_554' title='bbox 1925 2266 2012 2296; x_wconf 84' lang='lat' dir='ltr'>regu-</span> 
     </span>
     <span class='ocr_line' id='line_1_94' title="bbox 1272 2304 1444 2335; baseline -0.006 -1"><span class='ocrx_word' id='word_1_555' title='bbox 1272 2305 1357 2334; x_wconf 89' lang='lat' dir='ltr'>landa</span> <span class='ocrx_word' id='word_1_556' title='bbox 1378 2304 1444 2335; x_wconf 87' lang='lat' dir='ltr'>erit.</span> 
     </span>
    </p>

    <p class='ocr_par' dir='ltr' id='par_1_13' title="bbox 1272 2353 2011 2590">
     <span class='ocr_line' id='line_1_95' title="bbox 1312 2353 2010 2396; baseline 0.006 -13"><span class='ocrx_word' id='word_1_557' title='bbox 1312 2362 1359 2383; x_wconf 76' lang='lat' dir='ltr'>xv.</span> <span class='ocrx_word' id='word_1_558' title='bbox 1383 2353 1580 2393; x_wconf 88' lang='lat' dir='ltr'>Sequentibus</span> <span class='ocrx_word' id='word_1_559' title='bbox 1602 2353 1703 2384; x_wconf 85' lang='lat' dir='ltr'>diebus</span> <span class='ocrx_word' id='word_1_560' title='bbox 1734 2354 1806 2394; x_wconf 91' lang='lat' dir='ltr'>(qui</span> <span class='ocrx_word' id='word_1_561' title='bbox 1836 2364 1936 2386; x_wconf 88' lang='lat' dir='ltr'>omnes</span> <span class='ocrx_word' id='word_1_562' title='bbox 1958 2365 2010 2396; x_wconf 89' lang='lat' dir='ltr'>pro</span> 
     </span>
     <span class='ocr_line' id='line_1_96' title="bbox 1273 2402 2011 2442; baseline 0.004 -10"><span class='ocrx_word' id='word_1_563' title='bbox 1273 2402 1470 2433; x_wconf 89' lang='lat' dir='ltr'>celebratione</span> <span class='ocrx_word' id='word_1_564' title='bbox 1492 2402 1611 2442; x_wconf 88' lang='lat' dir='ltr'>capituli</span> <span class='ocrx_word' id='word_1_565' title='bbox 1634 2403 1668 2432; x_wconf 90' lang='lat' dir='ltr'>ad</span> <span class='ocrx_word' id='word_1_566' title='bbox 1690 2412 1836 2433; x_wconf 87' lang='lat' dir='ltr'>summum</span> <span class='ocrx_word' id='word_1_567' title='bbox 1859 2410 1945 2436; x_wconf 90' lang='lat' dir='ltr'>erunt</span> <span class='ocrx_word' id='word_1_568' title='bbox 1959 2414 2011 2435; x_wconf 89' lang='lat' dir='ltr'>no-</span> 
     </span>
     <span class='ocr_line' id='line_1_97' title="bbox 1273 2451 2011 2490; baseline 0.004 -9"><span class='ocrx_word' id='word_1_569' title='bbox 1273 2454 1358 2490; x_wconf 87' lang='lat' dir='ltr'>vem)</span> <span class='ocrx_word' id='word_1_570' title='bbox 1382 2452 1454 2482; x_wconf 85' lang='lat' dir='ltr'>fiant</span> <span class='ocrx_word' id='word_1_571' title='bbox 1475 2451 1633 2482; x_wconf 91' lang='lat' dir='ltr'>electiones</span> <span class='ocrx_word' id='word_1_572' title='bbox 1662 2451 1862 2482; x_wconf 86' lang='lat' dir='ltr'>ministrorum</span> <span class='ocrx_word' id='word_1_573' title='bbox 1885 2462 2011 2484; x_wconf 91' lang='lat' dir='ltr'>conven-</span> 
     </span>
     <span class='ocr_line' id='line_1_98' title="bbox 1273 2501 2008 2557; baseline 0.004 -27"><span class='ocrx_word' id='word_1_574' title='bbox 1273 2501 1407 2539; x_wconf 86' lang='lat' dir='ltr'>tualium,</span> <span class='ocrx_word' id='word_1_575' title='bbox 1431 2501 1593 2557; x_wconf 50' lang='lat' dir='ltr'>secundqrn</span> <span class='ocrx_word' id='word_1_576' title='bbox 1616 2501 1834 2539; x_wconf 83' lang='lat' dir='ltr'>graduationem</span> <span class='ocrx_word' id='word_1_577' title='bbox 1857 2502 2008 2533; x_wconf 89' lang='lat' dir='ltr'>domorum</span> 
     </span>
     <span class='ocr_line' id='line_1_99' title="bbox 1272 2550 2008 2590; baseline 0.004 -11"><span class='ocrx_word' id='word_1_578' title='bbox 1272 2554 1354 2581; x_wconf 89' lang='lat' dir='ltr'>antea</span> <span class='ocrx_word' id='word_1_579' title='bbox 1381 2550 1500 2587; x_wconf 84' lang='lat' dir='ltr'>dictam,</span> <span class='ocrx_word' id='word_1_580' title='bbox 1524 2553 1552 2581; x_wconf 90' lang='lat' dir='ltr'>et</span> <span class='ocrx_word' id='word_1_581' title='bbox 1574 2553 1638 2590; x_wconf 88' lang='lat' dir='ltr'>post</span> <span class='ocrx_word' id='word_1_582' title='bbox 1661 2550 1789 2580; x_wconf 87' lang='lat' dir='ltr'>omnium</span> <span class='ocrx_word' id='word_1_583' title='bbox 1813 2551 2008 2590; x_wconf 87' lang='lat' dir='ltr'>praelatorum</span> 
     </span>
    </p>
   </div>
   <div class='ocr_carea' id='block_1_6' title="bbox 2021 258 2197 294">
    <p class='ocr_par' dir='ltr' id='par_1_14' title="bbox 2021 258 2197 294">
     <span class='ocr_line' id='line_1_100' title="bbox 2021 258 2197 294; baseline 0.023 -7"><span class='ocrx_word' id='word_1_584' title='bbox 2021 259 2068 288; x_wconf 78' lang='lat' dir='ltr'>An.</span> <span class='ocrx_word' id='word_1_585' title='bbox 2086 261 2114 290; x_wconf 81' lang='lat' dir='ltr'>C.</span> <span class='ocrx_word' id='word_1_586' title='bbox 2135 258 2197 294; x_wconf 51' lang='lat' dir='ltr'>¹7ss</span> 
     </span>
    </p>
   </div>
   <div class='ocr_carea' id='block_1_7' title="bbox 1271 2599 2049 2638">
    <p class='ocr_par' dir='ltr' id='par_1_15' title="bbox 1271 2599 2049 2638">
     <span class='ocr_line' id='line_1_101' title="bbox 1271 2599 2049 2638; baseline 0.004 -10"><span class='ocrx_word' id='word_1_587' title='bbox 1271 2599 1448 2637; x_wconf 88' lang='lat' dir='ltr'>electiones,</span> <span class='ocrx_word' id='word_1_588' title='bbox 1473 2599 1618 2638; x_wconf 84' lang='lat' dir='ltr'>eligantur</span> <span class='ocrx_word' id='word_1_589' title='bbox 1639 2599 1779 2630; x_wconf 87' lang='lat' dir='ltr'>canonice</span> <span class='ocrx_word' id='word_1_590' title='bbox 1801 2599 1859 2629; x_wconf 92' lang='lat' dir='ltr'>duo</span> <span class='ocrx_word' id='word_1_591' title='bbox 1881 2599 1952 2630; x_wconf 89' lang='lat' dir='ltr'>socii</span> <span class='ocrx_word' id='word_1_592' title='bbox 1973 2609 2008 2631; x_wconf 86' lang='lat' dir='ltr'>ex</span> <span class='ocrx_word' id='word_1_593' title='bbox 2043 2611 2049 2618; x_wconf 88' lang='grc'>’</span> 
     </span>
    </p>
   </div>
   <div class='ocr_carea' id='block_1_8' title="bbox 1272 2648 2008 2691">
    <p class='ocr_par' dir='ltr' id='par_1_16' title="bbox 1272 2648 2008 2691">
     <span class='ocr_line' id='line_1_102' title="bbox 1272 2648 2008 2691; baseline 0.003 -12"><span class='ocrx_word' id='word_1_594' title='bbox 1272 2648 1413 2680; x_wconf 86' lang='lat' dir='ltr'>ministris</span> <span class='ocrx_word' id='word_1_595' title='bbox 1436 2648 1550 2680; x_wconf 90' lang='lat' dir='ltr'>noviter</span> <span class='ocrx_word' id='word_1_596' title='bbox 1577 2648 1698 2688; x_wconf 88' lang='lat' dir='ltr'>electis,</span> <span class='ocrx_word' id='word_1_597' title='bbox 1722 2648 1772 2690; x_wconf 91' lang='lat' dir='ltr'>qui</span> <span class='ocrx_word' id='word_1_598' title='bbox 1794 2648 1828 2679; x_wconf 89' lang='lat' dir='ltr'>ad</span> <span class='ocrx_word' id='word_1_599' title='bbox 1850 2649 2008 2691; x_wconf 88' lang='lat' dir='ltr'>capitulum</span> 
     </span>
    </p>
   </div>
   <div class='ocr_carea' id='block_1_9' title="bbox 2214 186 2217 204">
    <p class='ocr_par' dir='ltr' id='par_1_17' title="bbox 2214 186 2217 204">
     <span class='ocr_line' id='line_1_103' title="bbox 2214 186 2217 204; baseline 0 0"><span class='ocrx_word' id='word_1_600' title='bbox 2214 186 2217 204; x_wconf 74' lang='lat' dir='ltr'>l</span> 
     </span>
    </p>
   </div>
  </div>
 </body>
</html>
