2232 3178
295 152 343 178 An.
364 151 391 177 6.
415 150 479 178 1131
527 141 591 175 304

351 1907 476 1928 Praedictas

293 1935 476 1961 syngraptmsuon-

292 1964 360 1982 lirina!
372 1961 474 1982 Pontifex.

486 199 594 239 sitam,
612 199 672 232 che
691 208 840 231 avessero
858 197 996 239 bisogno
1021 196 1052 228 di
1079 205 1227 238 espressa

486 252 756 296 specifieazione,
783 262 799 284 e
826 251 886 283 6116
919 250 945 282 si
976 251 1149 282 dovessero
1175 259 1226 281 re-

487 305 623 348 gistrare
643 305 672 337 di
694 304 808 347 parola
833 303 865 335 in
892 304 1016 346 pamla,
1038 302 1159 334 decreti
1178 311 1223 333 ca-

486 358 611 396 merali,
631 357 718 398 leg-’gi
745 356 830 389 civili
857 366 872 388 e
893 356 1085 395 canoniche,
1101 355 1223 394 statuti,

488 411 631 449 risorme,
643 409 717 449 stili,
732 409 789 448 usi,
802 408 1041 447 consuetudini,
1053 408 1157 440 anche
1172 408 1227 439 im-

488 463 703 502 memorabili,
730 462 919 494 consermati
939 472 954 493 e
980 461 1178 493 conformate
1193 460 1225 492 in

487 507 759 558 sornia'specifica
782 515 866 547 dalla
886 514 982 547 Santa
1004 514 1097 553 Sede,
1112 524 1128 546 e
1154 524 1226 556 qua-

487 571 608 612 lunque
630 569 710 601 altra
727 578 802 600 cosa
826 568 886 600 6116
913 568 1034 600 facesse
1058 577 1075 599 0
1093 572 1224 609 potesse

488 623 555 655 sare
573 622 604 654 in
621 621 800 660 contrario,
820 621 986 653 aventione
1013 620 1042 652 di
1060 630 1129 652 esse
1151 629 1167 650 e
1194 618 1224 651 di

489 681 570 708 tutte
596 686 612 707 e
637 673 854 707 ciasclieduna
889 674 919 706 di
957 684 1026 706 esse
1063 673 1084 706 il
1113 678 1225 705 tenore

488 729 541 772 qui
568 738 625 771 per
643 737 795 771 espresso
822 737 838 760 e
865 727 895 760 di
920 728 1031 770 parola
1057 726 1088 758 in
1115 726 1226 768 parola

487 782 611 814 inserto
628 791 643 814 e
659 781 843 822 registrato,
865 780 1051 823 supplendo
1066 779 1120 812 noi
1140 780 1225 812 colla

487 835 641 878 pienezza
667 835 752 866 della
770 839 888 867 ,nostra
906 834 1042 876 podest&
1060 831 1225 875 pontificia

487 889 524 921 ad
551 888 625 930 ogni
653 888 734 920 vizio
760 898 776 920 e
801 888 924 927 (1116110,
942 892 1151 930 quantunque
1173 897 1223 919 so-

487 941 640 974 stanziale
662 951 679 973 e
705 941 863 981 formale,
890 941 951 973 che
977 940 1003 972 vi
1031 945 1155 983 potesse
1182 940 1225 971 in-

488 994 662 1033 tervenire,
687 1004 745 1036 per
770 999 882 1036 questa
907 994 992 1026 volta
1018 993 1101 1032 sola,
1128 1002 1143 1025 e
1168 1002 1226 1035 per

488 1048 518 1080 la
544 1047 639 1090 piena
664 1057 680 1079 e
707 1047 803 1080 totale
830 1047 1021 1079 esecuzione
1048 1046 1077 1078 di
1105 1050 1224 1088 quanto

487 1101 512 1133 si
529 1100 668 1143 esprime
690 1101 742 1133 nel
768 1106 919 1143 presente
938 1110 954 1132 e
972 1097 1138 1132 nell'altro
1156 1099 1225 1131 sud-

487 1154 576 1186 detto
602 1153 814 1195 Cliirograso‚
842 1153 944 1185 anche
981 1163 1040 1185 con
1073 1152 1226 1195 pienezza

488 1207 519 1240 di
537 1207 742 1249 derogatoria
767 1207 852 1240 delle
870 1207 1087 1249 derogatorie,
1110 1206 1147 1238 ed
1165 1206 1226 1239 alla

489 1261 601 1302 regola
626 1261 710 1293 detta
734 1265 842 1293 nostra
868 1260 1067 1292 Cancelleria
1092 1260 1137 1292 De
1162 1269 1226 1292 non

489 1313 628 1346 tollendo
664 1314 715 1345 ius
751 1313 937 1357 quaesitum
973 1313 1222 1356 ampHamente,

487 1366 696 1410 pienamente
715 1367 753 1399 ed
772 1372 1033 1410 espressamente
1060 1366 1227 1408 (161031110-

488 1431 552 1452 100.
580 1419 650 1453 Non
686 1420 909 1461 intendiamo,
935 1430 1025 1453 come
1058 1419 1225 1452 nell'altro

488 1473 639 1506 suddetto
657 1479 767 1506 nostro
786 1473 990 1515 Chirograso,
1008 1473 1048 1506 ne
1066 1473 1225 1515 vogliamo

489 1526 549 1560 6116
575 1526 741 1559 s'intenda
767 1538 785 1559 ο
811 1537 907 1569 possa
939 1526 1116 1559 intendersi
1147 1527 1225 1559 fatto

488 1579 692 1623 pregiudizio
728 1581 842 1613 alcuno
868 1580 929 1613 alle
955 1580 1081 1623 ragioni
1107 1581 1168 1613 che
1193 1580 1225 1612 in

489 1632 706 1676 qualsivoglia
730 1634 829 1666 modo
862 1639 1056 1676 competono
1082 1634 1144 1666 alla
1168 1643 1227 1666 no-

488 1692 555 1720 stra
580 1687 758 1720 reverenda
779 1687 910 1721 Camera
928 1687 1124 1730 Apostolica.
1147 1687 1225 1720 Dato

489 1741 539 1774 dal
566 1745 677 1774 nostro
702 1742 834 1784 palazzo
859 1741 1036 1783 apostolico
1062 1741 1092 1774 di
1119 1741 1225 1774 Monte

487 1793 636 1834 Cavallo,
663 1799 777 1838 questo
803 1795 834 1827 di
860 1794 901 1827 20
926 1795 1099 1827 settembre
1125 1794 1224 1828 1737.

833 1846 981 1881 CLEMENS
1005 1847 1089 1890 Papa
1114 1847 1179 1880 Xll.

531 1901 546 1944 ξ
571 1901 601 1934 5.
629 1900 707 1933 Cum
734 1905 851 1939 autem,
881 1901 963 1933 sicut
987 1900 1100 1933 eadem
1128 1911 1226 1944 expo-

487 1954 560 1987 sitio
585 1953 811 1996 subiungebat,
837 1953 994 1996 praedicti
1025 1958 1226 1997 exponentes

487 2007 674 2050 praemissa⁷
701 2018 763 2049 quo
796 2006 915 2039 111101115
941 2006 1125 2046 subsistant,
1152 2018 1227 2049 apo-

488 2061 619 2093 stolicae
645 2059 901 2093 confirmationis
933 2066 1063 2093 nostrae
1088 2060 1227 2104 patroci-

487 2114 543 2147 nio
569 2113 764 2146 communiri
793 2123 999 2156 summopere
1026 2114 1224 2146 desiderent:

487 2178 564 2208 1105,
590 2167 764 2210 specialem
790 2166 868 2209 ipsis
893 2167 1128 2210 exponentibus
1154 2178 1226 2210 gra-

489 2221 565 2253 tiam
592 2220 698 2252 sacere
722 2220 880 2259 volentes,
899 2224 930 2252 et
948 2230 1060 2253 eorum
1086 2221 1227 2263 singula-

489 2284 540 2306 res
558 2283 714 2317 personas
741 2284 757 2305 a
783 2272 949 2315 quibusvis
976 2273 1228 2306 excommunica-

490 2327 586 2361 tionis
602 2354 609 2367 ‚
636 2325 859 2369 suspensionis
884 2331 916 2359 et
946 2327 1123 2366 Interdicti,
1146 2327 1227 2360 aliis-

489 2391 551 2423 que
571 2379 797 2413 ecclesiasticis
815 2379 995 2420 sententiis,
1021 2379 1170 2412 censuris
1196 2385 1227 2413 et

489 2433 626 2477 poenis,
653 2443 670 2466 a
705 2432 774 2465 iure
799 2433 848 2466 vel
875 2433 914 2466 ab
940 2433 1089 2474 homine,
1117 2433 1227 2476 quavis

1058 145 1239 171 BULLARIUM
1265 144 1421 170 ROMANUM

1271 199 1357 227 ctum
1383 194 1604 237 praesentium
1622 193 1785 227 dumtaxat
1802 201 2006 235 consequen-

1271 248 1356 287 dum,
1375 248 1489 280 harum
1507 247 1592 280 serie
1611 248 1814 280 absolventes
1832 252 1863 279 et
1881 245 2007 278 absolu-

1272 299 1338 333 tos¹
1357 301 1427 333 sore
1448 304 1630 339 censentes,
1649 299 1940 342 supplicationibus
1958 308 2007 331 eo-

1270 365 1341 386 rum
1367 353 1499 386 nomine
1520 353 1615 385 nobis
1639 363 1738 395 super
1753 353 1815 385 hoc
1841 352 2007 385 humiliter

1270 407 1430 450 porrectis
1457 405 1623 444 inclinati,
1646 405 1870 448 Clrirograplia
1894 411 2008 438 nostra

1269 460 1484 503 praeinserta,
1510 469 1579 491 cum
1605 459 1756 491 omnibus
1775 465 1805 491 et
1822 459 1958 501 singulis
1975 459 2007 491 in

1271 513 1315 545 eis
1337 513 1497 546 contentis
1522 516 1552 545 et
1577 512 1737 555 expressis
1762 522 1797 544 ac
1821 512 1897 544 inde
1929 511 2008 553 legi-

1270 566 1345 598 time
1371 565 1485 598 secutis
1512 570 1542 598 et
1560 564 1720 597 secuturis
1738 564 2007 607 quibuscumque,

1270 618 1458 651 auctoritate
1491 617 1689 660 apostolica,
1716 621 1828 649 tenore
1854 626 2007 659 praesen-

1269 672 1358 711 tium,
1376 671 1603 704 confirmamus
1630 675 1661 702 et
1681 671 1909 712 approbamus,
1928 669 2007 702 illis-

1270 735 1332 768 que
1353 724 1549 757 inviolabilis
1570 723 1767 766 apostolicae
1786 722 1943 755 firmitatis
1961 732 2009 754 ro-

1269 778 1330 810 bur
1366 777 1553 818 adiicimus,
1579 787 1615 809 ac
1650 786 1763 809 omnes
1801 781 1833 808 et
1864 775 2009 817 singulos

1269 830 1349 863 iuris
1374 837 1406 863 et
1430 830 1502 863 sacti
1531 840 1566 862 ac
1591 828 1831 862 solemnitatum
1857 838 2010 871 quarum-

1269 894 1405 927 cumque
1432 890 1492 916 tam
1519 894 1555 916 ex
1583 882 1661 915 iuris
1686 880 1868 914 communis
1887 886 1918 914 et
1935 890 2010 914 con-

1269 937 1470 970 stitutionum
1482 936 1743 979 apostolicarum,
1758 944 1887 967 necnon
1902 933 2008 967 dictae

1270 990 1409 1023 civitatis
1446 990 1622 1022 aliorumve
1655 987 1842 1031 quorumvis
1875 992 2009 1020 statuto-

1269 1054 1363 1084 rum,
1391 1053 1568 1087 eorumque
1595 1042 1859 1075 reformationum
1896 1047 1928 1076 et
1951 1053 2009 1077 no-

1269 1109 1379 1131 varum
1404 1097 1606 1130 additionum
1624 1096 1835 1140 praescripto,
1857 1107 1951 1140 quam
1969 1098 2009 1131 de

1269 1152 1350 1195 stylo
1376 1157 1407 1184 et
1432 1150 1679 1190 consuetudine,
1705 1160 1762 1183 seu
1779 1150 1857 1183 alias
1879 1160 2010 1193 quomo-

1270 1206 1395 1239 dolibet
1420 1205 1451 1237 in
1477 1204 1636 1237 similibus
1663 1203 1760 1236 etiam
1798 1204 1837 1237 de
1868 1203 2010 1236 necessi-

1271 1265 1332 1292 tate
1361 1258 1657 1297 observandarum,
1685 1262 1717 1290 et
1741 1257 1822 1290 alios
1847 1257 2010 1301 quoslibet

1270 1313 1366 1346 etiam
1392 1311 1597 1355 quantumvis
1624 1311 1773 1344 formales
1807 1316 1839 1343 et
1863 1311 2010 1344 substan-

1271 1367 1362 1398 uates
1399 1365 1570 1404 desectus,
1605 1363 1631 1396 si
1669 1364 1724 1407 qui
1758 1363 1791 1396 in
1822 1363 2010 1407 praemissis

1269 1429 1325 1451 seu
1352 1428 1465 1451 eorum
1490 1418 1598 1460 aliquo
1624 1417 1846 1460 principaliter
1877 1418 1926 1450 vel
1959 1427 2010 1450 ac-

1270 1472 1411 1505 cessorie
1448 1476 1503 1504 aut
1524 1471 1603 1504 alias
1630 1470 1879 1513 quomodolibet
1914 1470 2010 1503 inter-

1270 1525 1430 1564 venerint,
1455 1535 1511 1557 seu
1537 1523 1750 1556 intervenisse
1776 1523 1855 1563 dici,
1881 1523 2008 1556 censeri

1272 1580 1319 1612 vel
1345 1578 1514 1623 praetendi
1540 1582 1682 1620 possent,
1705 1577 1895 1620 supplemus
1918 1581 2010 1609 61511-

1271 1644 1404 1673 namus,
1436 1643 1471 1665 ac
1496 1632 1623 1676 penitus
1651 1637 1681 1665 et
1708 1631 1840 1664 omnino
1867 1630 2010 1665 tollimus

1271 1691 1301 1720 et
1326 1687 1502 1719 abolemus.

1314 1741 1328 1783 g
1352 1740 1384 1773 6.
1406 1740 1636 1779 Decernentes,
1663 1738 1794 1771 easdem
1820 1743 2009 1781 praesentes

1271 1795 1396 1826 litteras
1437 1797 1467 1826 et
1499 1792 1531 1825 in
1569 1791 1614 1825 eis
1651 1796 1805 1826 contenta
1836 1802 2008 1835 quaecum-

1271 1857 1333 1891 que
1373 1857 1502 1890 semper
1542 1845 1650 1886 firma,
1685 1846 1790 1879 valida
1830 1851 1862 1878 et
1904 1845 2009 1879 effica-

1271 1901 1318 1933 cia
1343 1900 1481 1934 existere
1507 1904 1539 1932 et
1566 1900 1646 1940 sore,
1670 1909 1809 1942 suosque
1845 1899 2009 1942 plenarios

1270 1958 1301 1987 et
1325 1955 1468 1996 integros
1494 1951 1626 1986 ell'eetus
1653 1952 1760 1986 sortiri
1782 1957 1813 1985 et
1838 1953 2006 1994 obtinere,

1270 2019 1305 2041 ac
1330 2007 1404 2047 illis,
1426 2007 1466 2040 ad
1491 2017 1573 2049 quos
1594 2011 1717 2049 spectat
1735 2011 1765 2039 et
1783 2016 1843 2050 pro
1863 2011 2009 2049 tempore

1270 2061 1450 2105 spectabit,
1476 2060 1508 2092 in
1546 2060 1696 2092 0100111115
1733 2065 1763 2092 61
1803 2070 1862 2102 per
1900 2060 2010 2093 omnia

1270 2114 1458 2158 plenissime
1492 2113 1680 2156 suffragari,
1709 2118 1740 2146 et
1764 2113 1803 2146 ab
1830 2113 1876 2146 eis
1902 2123 2010 2157 respe-

1270 2168 1352 2201 ctive
1388 2167 1620 2200 inviolabiliter
1663 2165 1850 2207 observari,
1895 2166 2009 2210 sicque

1269 2221 1302 2254 in
1342 2220 1530 2264 praemissis
1567 2231 1625 2263 per
1661 2229 1885 2263 quoscumque
1928 2219 2009 2252 iudi-

1270 2284 1321 2307 ces
1362 2273 1546 2306 ordinarios
1595 2270 1627 2306 et
1669 2273 1837 2315 delegatos
1858 2299 1865 2313 ‚
1912 2272 2009 2306 etiam

1270 2337 1439 2360 causarum
1467 2326 1579 2370 palatii
1605 2325 1774 2369 apostolici
1814 2325 2006 2367 auditores,

1270 2391 1305 2413 ac
1331 2380 1362 2413 S.
1390 2379 1426 2412 R.
1454 2379 1487 2412 E.
1504 2379 1718 2412 camerarium
1744 2383 1775 2412 61
1800 2379 1880 2412 alios
1905 2379 2009 2413 cardi-

1269 2434 1372 2474 nates,
1400 2432 1496 2466 etiam
1522 2432 1560 2465 de
1586 2432 1686 2465 latere
1712 2432 1855 2475 legatos,
1879 2442 2008 2466 necnon

490 2486 659 2520 occasione
677 2486 726 2519 ν61
744 2488 839 2519 eausa
855 2485 945 2527 latis,
961 2486 987 2520 si
1003 2486 1120 2530 quibus
1148 2497 1228 2530 qno·
1270 2487 1422 2521 Gamerae
1448 2490 1579 2519 nostrae
1604 2485 1802 2529 apostolicae
1822 2485 2008 2530 praesiden-

489 2539 670 2575 modolibet
693 2539 870 2574 innodatae
899 2540 1061 2582 existunt,
1088 2540 1127 2574 ad
1153 2539 1227 2575 effe-

1307 2550 1317 2576 1
1339 2548 1435 2584 Aptius
1455 2547 1515 2584 lege
1534 2547 1677 2578 absolutas
1697 2548 1736 2583 (0.
1753 2548 1803 2584 1.).

2009 144 2059 170 An.
2081 144 2110 170 c.
2128 146 2191 176 1737
2225 177 2228 183 ,

2033 1749 2093 1770 quta
2108 1754 2143 1770 eat
2154 1749 2197 1770 111ιὶ-

2021 1776 2197 1803 (10010111600111101

2021 1809 2066 1824 esse
2083 1803 2181 1824 declarat.
