<?xml version="1.0" encoding="UTF-8"?>
<!DOCTYPE html PUBLIC "-//W3C//DTD XHTML 1.0 Transitional//EN"
    "http://www.w3.org/TR/xhtml1/DTD/xhtml1-transitional.dtd">
<html xmlns="http://www.w3.org/1999/xhtml" xml:lang="en" lang="en">
 <head>
  <title>
</title>
<meta http-equiv="Content-Type" content="text/html;charset=utf-8" />
  <meta name='ocr-system' content='tesseract 3.04.00' />
  <meta name='ocr-capabilities' content='ocr_page ocr_carea ocr_par ocr_line ocrx_word'/>
</head>
<body>
  <div class='ocr_page' id='page_1' title='image "./bullarumdiplomat24cath_0419.png"; bbox 0 0 2232 3178; ppageno 0'>
   <div class='ocr_carea' id='block_1_1' title="bbox 8 182 186 215">
    <p class='ocr_par' dir='ltr' id='par_1_1' title="bbox 8 182 186 215">
     <span class='ocr_line' id='line_1_1' title="bbox 8 182 186 215; baseline -0.017 -3"><span class='ocrx_word' id='word_1_1' title='bbox 8 187 55 215; x_wconf 79' lang='lat' dir='ltr'>An.</span> <span class='ocrx_word' id='word_1_2' title='bbox 71 185 100 212; x_wconf 87' lang='lat' dir='ltr'>C.</span> <span class='ocrx_word' id='word_1_3' title='bbox 120 182 186 210; x_wconf 78' lang='lat'><strong>1738</strong></span> 
     </span>
    </p>
   </div>
   <div class='ocr_carea' id='block_1_2' title="bbox 816 178 956 202">
    <p class='ocr_par' dir='ltr' id='par_1_2' title="bbox 816 178 956 202">
     <span class='ocr_line' id='line_1_2' title="bbox 816 178 956 202; baseline -0.007 0"><span class='ocrx_word' id='word_1_4' title='bbox 816 178 956 202; x_wconf 68' lang='lat' dir='ltr'>CLt-:szs</span> 
     </span>
    </p>
   </div>
   <div class='ocr_carea' id='block_1_3' title="bbox 191 227 937 1015">
    <p class='ocr_par' dir='ltr' id='par_1_3' title="bbox 191 227 937 1015">
     <span class='ocr_line' id='line_1_3' title="bbox 196 227 935 271; baseline -0.005 -8"><span class='ocrx_word' id='word_1_5' title='bbox 196 231 375 264; x_wconf 87' lang='lat' dir='ltr'>Romanum</span> <span class='ocrx_word' id='word_1_6' title='bbox 392 256 400 269; x_wconf 94' lang='lat'>,</span> <span class='ocrx_word' id='word_1_7' title='bbox 426 234 457 261; x_wconf 88' lang='lat' dir='ltr'>et</span> <span class='ocrx_word' id='word_1_8' title='bbox 488 228 611 271; x_wconf 76' lang='lat' dir='ltr'>regalia</span> <span class='ocrx_word' id='word_1_9' title='bbox 636 228 667 261; x_wconf 84' lang='lat' dir='ltr'>S.</span> <span class='ocrx_word' id='word_1_10' title='bbox 696 227 782 261; x_wconf 87' lang='lat' dir='ltr'>Petri</span> <span class='ocrx_word' id='word_1_11' title='bbox 817 232 878 260; x_wconf 87' lang='lat' dir='ltr'>tam</span> <span class='ocrx_word' id='word_1_12' title='bbox 904 227 935 259; x_wconf 92' lang='lat' dir='ltr'>in</span> 
     </span>
     <span class='ocr_line' id='line_1_4' title="bbox 196 281 937 326; baseline -0.004 -10"><span class='ocrx_word' id='word_1_13' title='bbox 196 293 295 326; x_wconf 79' lang='lat' dir='ltr'>regno</span> <span class='ocrx_word' id='word_1_14' title='bbox 313 282 443 315; x_wconf 79' lang='lat' dir='ltr'>Siciliae</span> <span class='ocrx_word' id='word_1_15' title='bbox 462 282 628 325; x_wconf 86' lang='lat' dir='ltr'>praedicto</span> <span class='ocrx_word' id='word_1_16' title='bbox 653 292 747 325; x_wconf 84' lang='lat' dir='ltr'>quam</span> <span class='ocrx_word' id='word_1_17' title='bbox 770 281 845 313; x_wconf 82' lang='lat' dir='ltr'>alibi</span> <span class='ocrx_word' id='word_1_18' title='bbox 865 291 937 314; x_wconf 84' lang='lat' dir='ltr'>con-</span> 
     </span>
     <span class='ocr_line' id='line_1_5' title="bbox 195 334 934 375; baseline -0.004 -7"><span class='ocrx_word' id='word_1_19' title='bbox 195 335 359 375; x_wconf 78' lang='lat' dir='ltr'>sistentia,</span> <span class='ocrx_word' id='word_1_20' title='bbox 385 335 513 367; x_wconf 89' lang='lat' dir='ltr'>adiutor</span> <span class='ocrx_word' id='word_1_21' title='bbox 536 335 628 367; x_wconf 79' lang='lat' dir='ltr'>vobis</span> <span class='ocrx_word' id='word_1_22' title='bbox 655 335 702 367; x_wconf 80' lang='lat' dir='ltr'>vel</span> <span class='ocrx_word' id='word_1_23' title='bbox 736 334 782 367; x_wconf 86' lang='lat' dir='ltr'>eis</span> <span class='ocrx_word' id='word_1_24' title='bbox 809 334 871 366; x_wconf 86' lang='lat' dir='ltr'>erit</span> <span class='ocrx_word' id='word_1_25' title='bbox 897 334 934 366; x_wconf 84' lang='lat' dir='ltr'>ad</span> 
     </span>
     <span class='ocr_line' id='line_1_6' title="bbox 195 386 936 426; baseline -0.005 -5"><span class='ocrx_word' id='word_1_26' title='bbox 195 387 436 421; x_wconf 80' lang='lat' dir='ltr'>defendendum</span> <span class='ocrx_word' id='word_1_27' title='bbox 463 388 511 420; x_wconf 89' lang='lat' dir='ltr'>vel</span> <span class='ocrx_word' id='word_1_28' title='bbox 537 386 757 426; x_wconf 84' lang='lat' dir='ltr'>retinendum,</span> <span class='ocrx_word' id='word_1_29' title='bbox 787 396 822 418; x_wconf 84' lang='lat' dir='ltr'>ac</span> <span class='ocrx_word' id='word_1_30' title='bbox 846 396 936 418; x_wconf 88' lang='lat' dir='ltr'>recu-</span> 
     </span>
     <span class='ocr_line' id='line_1_7' title="bbox 193 439 935 486; baseline -0.005 -12"><span class='ocrx_word' id='word_1_31' title='bbox 193 442 373 486; x_wconf 88' lang='lat' dir='ltr'>perandum</span> <span class='ocrx_word' id='word_1_32' title='bbox 392 444 422 473; x_wconf 87' lang='lat' dir='ltr'>et</span> <span class='ocrx_word' id='word_1_33' title='bbox 440 445 631 483; x_wconf 88' lang='lat' dir='ltr'>recuperata</span> <span class='ocrx_word' id='word_1_34' title='bbox 657 439 935 472; x_wconf 86' lang='lat' dir='ltr'>manutenendum</span> 
     </span>
     <span class='ocr_line' id='line_1_8' title="bbox 194 493 934 533; baseline -0.005 -5"><span class='ocrx_word' id='word_1_35' title='bbox 194 499 308 528; x_wconf 84' lang='lat' dir='ltr'>contra</span> <span class='ocrx_word' id='word_1_36' title='bbox 333 504 462 527; x_wconf 88' lang='lat' dir='ltr'>omnem</span> <span class='ocrx_word' id='word_1_37' title='bbox 496 494 684 533; x_wconf 87' lang='lat' dir='ltr'>hominem;</span> <span class='ocrx_word' id='word_1_38' title='bbox 710 493 877 525; x_wconf 73' lang='lat' dir='ltr'>universas</span> <span class='ocrx_word' id='word_1_39' title='bbox 905 498 934 525; x_wconf 89' lang='lat' dir='ltr'>et</span> 
     </span>
     <span class='ocr_line' id='line_1_9' title="bbox 194 545 935 590; baseline -0.003 -10"><span class='ocrx_word' id='word_1_40' title='bbox 194 547 337 589; x_wconf 79' lang='lat' dir='ltr'>singulas</span> <span class='ocrx_word' id='word_1_41' title='bbox 353 546 556 580; x_wconf 89' lang='lat' dir='ltr'>conditiones</span> <span class='ocrx_word' id='word_1_42' title='bbox 571 545 783 590; x_wconf 87' lang='lat' dir='ltr'>supradictas,</span> <span class='ocrx_word' id='word_1_43' title='bbox 801 550 831 578; x_wconf 86' lang='lat' dir='ltr'>et</span> <span class='ocrx_word' id='word_1_44' title='bbox 844 556 935 588; x_wconf 87' lang='lat' dir='ltr'>quas-</span> 
     </span>
     <span class='ocr_line' id='line_1_10' title="bbox 194 598 935 643; baseline -0.003 -11"><span class='ocrx_word' id='word_1_45' title='bbox 194 610 332 643; x_wconf 81' lang='lat' dir='ltr'>cumque</span> <span class='ocrx_word' id='word_1_46' title='bbox 357 599 435 632; x_wconf 88' lang='lat' dir='ltr'>alias</span> <span class='ocrx_word' id='word_1_47' title='bbox 462 599 493 631; x_wconf 93' lang='lat' dir='ltr'>in</span> <span class='ocrx_word' id='word_1_48' title='bbox 513 599 630 631; x_wconf 83' lang='lat' dir='ltr'>litteris</span> <span class='ocrx_word' id='word_1_49' title='bbox 656 598 757 631; x_wconf 83' lang='lat' dir='ltr'>felicis</span> <span class='ocrx_word' id='word_1_50' title='bbox 782 598 935 631; x_wconf 85' lang='lat' dir='ltr'>recorda-</span> 
     </span>
     <span class='ocr_line' id='line_1_11' title="bbox 193 651 934 696; baseline -0.003 -11"><span class='ocrx_word' id='word_1_51' title='bbox 193 653 289 686; x_wconf 78' lang='lat' dir='ltr'>tionis</span> <span class='ocrx_word' id='word_1_52' title='bbox 313 653 384 686; x_wconf 90' lang='lat' dir='ltr'>Iulii</span> <span class='ocrx_word' id='word_1_53' title='bbox 410 653 515 696; x_wconf 87' lang='lat' dir='ltr'>Papae</span> <span class='ocrx_word' id='word_1_54' title='bbox 541 652 565 685; x_wconf 83' lang='grc' dir='ltr'>ΙΙ</span> <span class='ocrx_word' id='word_1_55' title='bbox 590 663 689 695; x_wconf 88' lang='lat' dir='ltr'>super</span> <span class='ocrx_word' id='word_1_56' title='bbox 713 651 815 695; x_wconf 83' lang='lat' dir='ltr'>ipsius</span> <span class='ocrx_word' id='word_1_57' title='bbox 842 651 934 693; x_wconf 79' lang='lat' dir='ltr'>regni</span> 
     </span>
     <span class='ocr_line' id='line_1_12' title="bbox 194 703 935 739; baseline -0.007 0"><span class='ocrx_word' id='word_1_58' title='bbox 194 712 226 739; x_wconf 89' lang='lat' dir='ltr'>et</span> <span class='ocrx_word' id='word_1_59' title='bbox 245 711 405 739; x_wconf 82' lang='lat' dir='ltr'>terrarum</span> <span class='ocrx_word' id='word_1_60' title='bbox 424 705 647 739; x_wconf 77' lang='lat' dir='ltr'>infeudatione</span> <span class='ocrx_word' id='word_1_61' title='bbox 663 704 727 737; x_wconf 85' lang='lat' dir='ltr'>sive</span> <span class='ocrx_word' id='word_1_62' title='bbox 743 703 935 736; x_wconf 77' lang='lat' dir='ltr'>investitura</span> 
     </span>
     <span class='ocr_line' id='line_1_13' title="bbox 193 757 934 799; baseline -0.005 -7"><span class='ocrx_word' id='word_1_63' title='bbox 193 759 351 792; x_wconf 86' lang='lat' dir='ltr'>consectis</span> <span class='ocrx_word' id='word_1_64' title='bbox 379 764 560 799; x_wconf 50' lang='lat' dir='ltr'>contentas</span> <span class='ocrx_word' id='word_1_65' title='bbox 578 769 613 791; x_wconf 89' lang='lat' dir='ltr'>ac</span> <span class='ocrx_word' id='word_1_66' title='bbox 632 757 740 791; x_wconf 89' lang='lat' dir='ltr'>omnia</span> <span class='ocrx_word' id='word_1_67' title='bbox 759 762 791 790; x_wconf 91' lang='lat' dir='ltr'>et</span> <span class='ocrx_word' id='word_1_68' title='bbox 808 757 934 799; x_wconf 79' lang='lat' dir='ltr'>singula</span> 
     </span>
     <span class='ocr_line' id='line_1_14' title="bbox 193 809 933 856; baseline -0.005 -11"><span class='ocrx_word' id='word_1_69' title='bbox 193 823 274 856; x_wconf 81' lang='lat' dir='ltr'>quae</span> <span class='ocrx_word' id='word_1_70' title='bbox 300 812 332 844; x_wconf 91' lang='lat' dir='ltr'>in</span> <span class='ocrx_word' id='word_1_71' title='bbox 358 812 404 845; x_wconf 90' lang='lat' dir='ltr'>eis</span> <span class='ocrx_word' id='word_1_72' title='bbox 430 812 648 851; x_wconf 86' lang='lat' dir='ltr'>continentur,</span> <span class='ocrx_word' id='word_1_73' title='bbox 669 809 812 853; x_wconf 73' lang='lat' dir='ltr'>plenarie</span> <span class='ocrx_word' id='word_1_74' title='bbox 835 809 933 842; x_wconf 90' lang='lat' dir='ltr'>adim-</span> 
     </span>
     <span class='ocr_line' id='line_1_15' title="bbox 191 863 933 908; baseline -0.005 -10"><span class='ocrx_word' id='word_1_75' title='bbox 191 865 294 908; x_wconf 90' lang='lat' dir='ltr'>plebit</span> <span class='ocrx_word' id='word_1_76' title='bbox 330 870 361 898; x_wconf 89' lang='lat' dir='ltr'>et</span> <span class='ocrx_word' id='word_1_77' title='bbox 397 864 630 898; x_wconf 77' lang='lat' dir='ltr'>inviolabiliter</span> <span class='ocrx_word' id='word_1_78' title='bbox 665 863 875 902; x_wconf 73' lang='lat' dir='ltr'>observabit,</span> <span class='ocrx_word' id='word_1_79' title='bbox 903 867 933 894; x_wconf 91' lang='lat' dir='ltr'>et</span> 
     </span>
     <span class='ocr_line' id='line_1_16' title="bbox 192 917 932 961; baseline -0.005 -10"><span class='ocrx_word' id='word_1_80' title='bbox 192 918 282 951; x_wconf 91' lang='lat' dir='ltr'>nullo</span> <span class='ocrx_word' id='word_1_81' title='bbox 300 928 442 961; x_wconf 86' lang='lat' dir='ltr'>unquam</span> <span class='ocrx_word' id='word_1_82' title='bbox 463 924 607 961; x_wconf 84' lang='lat' dir='ltr'>tempore</span> <span class='ocrx_word' id='word_1_83' title='bbox 626 917 736 950; x_wconf 84' lang='lat' dir='ltr'>veniet</span> <span class='ocrx_word' id='word_1_84' title='bbox 754 922 867 949; x_wconf 86' lang='lat' dir='ltr'>contra</span> <span class='ocrx_word' id='word_1_85' title='bbox 886 926 932 955; x_wconf 84' lang='lat' dir='ltr'>ea,</span> 
     </span>
     <span class='ocr_line' id='line_1_17' title="bbox 192 969 931 1015; baseline -0.005 -11"><span class='ocrx_word' id='word_1_86' title='bbox 192 981 252 1004; x_wconf 92' lang='lat' dir='ltr'>nec</span> <span class='ocrx_word' id='word_1_87' title='bbox 276 971 465 1015; x_wconf 77' lang='lat' dir='ltr'>procurabit</span> <span class='ocrx_word' id='word_1_88' title='bbox 490 981 548 1014; x_wconf 86' lang='lat' dir='ltr'>per</span> <span class='ocrx_word' id='word_1_89' title='bbox 573 981 617 1010; x_wconf 88' lang='lat' dir='ltr'>se,</span> <span class='ocrx_word' id='word_1_90' title='bbox 646 970 693 1003; x_wconf 91' lang='lat' dir='ltr'>vel</span> <span class='ocrx_word' id='word_1_91' title='bbox 720 969 843 1009; x_wconf 88' lang='lat' dir='ltr'>alium,</span> <span class='ocrx_word' id='word_1_92' title='bbox 874 978 931 1001; x_wconf 92' lang='lat' dir='ltr'>seu</span> 
     </span>
    </p>
   </div>
   <div class='ocr_carea' id='block_1_4' title="bbox 954 278 959 1044">
    <p class='ocr_par' dir='ltr' id='par_1_4' title="bbox 954 278 959 1044">
     <span class='ocr_line' id='line_1_18' title="bbox 954 278 959 1044; baseline 0 0"><span class='ocrx_word' id='word_1_93' title='bbox 954 278 959 1044; x_wconf 95' lang='lat' dir='ltr'> </span> 
     </span>
    </p>
   </div>
   <div class='ocr_carea' id='block_1_5' title="bbox 188 1023 933 2352">
    <p class='ocr_par' dir='ltr' id='par_1_5' title="bbox 188 1023 933 2352">
     <span class='ocr_line' id='line_1_19' title="bbox 192 1023 933 1068; baseline -0.003 -12"><span class='ocrx_word' id='word_1_94' title='bbox 192 1024 285 1065; x_wconf 88' lang='lat' dir='ltr'>alios,</span> <span class='ocrx_word' id='word_1_95' title='bbox 308 1024 551 1068; x_wconf 84' lang='lat' dir='ltr'>quoquomodo,</span> <span class='ocrx_word' id='word_1_96' title='bbox 577 1029 612 1056; x_wconf 91' lang='lat' dir='ltr'>ut</span> <span class='ocrx_word' id='word_1_97' title='bbox 637 1023 775 1066; x_wconf 72' lang='lat' dir='ltr'>eligatur</span> <span class='ocrx_word' id='word_1_98' title='bbox 800 1023 850 1055; x_wconf 90' lang='lat' dir='ltr'>vel</span> <span class='ocrx_word' id='word_1_99' title='bbox 875 1031 933 1054; x_wconf 92' lang='lat' dir='ltr'>no-</span> 
     </span>
     <span class='ocr_line' id='line_1_20' title="bbox 191 1075 932 1120; baseline -0.004 -10"><span class='ocrx_word' id='word_1_100' title='bbox 191 1077 336 1110; x_wconf 89' lang='lat' dir='ltr'>minetur</span> <span class='ocrx_word' id='word_1_101' title='bbox 360 1077 394 1110; x_wconf 91' lang='lat' dir='ltr'>in</span> <span class='ocrx_word' id='word_1_102' title='bbox 427 1088 537 1120; x_wconf 82' lang='lat' dir='ltr'>regern</span> <span class='ocrx_word' id='word_1_103' title='bbox 565 1083 596 1110; x_wconf 86' lang='lat' dir='ltr'>et</span> <span class='ocrx_word' id='word_1_104' title='bbox 620 1077 855 1120; x_wconf 84' lang='lat' dir='ltr'>imperatorem</span> <span class='ocrx_word' id='word_1_105' title='bbox 874 1075 932 1107; x_wconf 90' lang='lat' dir='ltr'>Ro-</span> 
     </span>
     <span class='ocr_line' id='line_1_21' title="bbox 191 1128 932 1173; baseline -0.004 -10"><span class='ocrx_word' id='word_1_106' title='bbox 191 1141 335 1170; x_wconf 85' lang='lat' dir='ltr'>manum,</span> <span class='ocrx_word' id='word_1_107' title='bbox 353 1141 409 1163; x_wconf 91' lang='lat' dir='ltr'>seu</span> <span class='ocrx_word' id='word_1_108' title='bbox 435 1141 547 1173; x_wconf 77' lang='lat' dir='ltr'>regem</span> <span class='ocrx_word' id='word_1_109' title='bbox 566 1129 781 1169; x_wconf 87' lang='lat' dir='ltr'>Tbeutoniae,</span> <span class='ocrx_word' id='word_1_110' title='bbox 806 1133 859 1161; x_wconf 91' lang='lat' dir='ltr'>aut</span> <span class='ocrx_word' id='word_1_111' title='bbox 877 1128 932 1160; x_wconf 92' lang='lat' dir='ltr'>do-</span> 
     </span>
     <span class='ocr_line' id='line_1_22' title="bbox 191 1181 931 1224; baseline -0.004 -8"><span class='ocrx_word' id='word_1_112' title='bbox 191 1184 313 1217; x_wconf 89' lang='lat' dir='ltr'>minum</span> <span class='ocrx_word' id='word_1_113' title='bbox 336 1184 561 1224; x_wconf 85' lang='lat' dir='ltr'>Lombardiae,</span> <span class='ocrx_word' id='word_1_114' title='bbox 585 1194 640 1216; x_wconf 86' lang='lat' dir='ltr'>scu</span> <span class='ocrx_word' id='word_1_115' title='bbox 658 1182 831 1222; x_wconf 82' lang='lat' dir='ltr'>Tbusciae;</span> <span class='ocrx_word' id='word_1_116' title='bbox 855 1187 886 1214; x_wconf 85' lang='lat' dir='ltr'>et</span> <span class='ocrx_word' id='word_1_117' title='bbox 906 1181 931 1213; x_wconf 91' lang='lat' dir='ltr'>si</span> 
     </span>
     <span class='ocr_line' id='line_1_23' title="bbox 191 1236 932 1279; baseline -0.008 -6"><span class='ocrx_word' id='word_1_118' title='bbox 191 1239 387 1273; x_wconf 82' lang='lat' dir='ltr'>electionem</span> <span class='ocrx_word' id='word_1_119' title='bbox 413 1240 462 1272; x_wconf 85' lang='lat' dir='ltr'>vel</span> <span class='ocrx_word' id='word_1_120' title='bbox 487 1237 745 1271; x_wconf 77' lang='lat' dir='ltr'>nominationem</span> <span class='ocrx_word' id='word_1_121' title='bbox 767 1237 805 1270; x_wconf 88' lang='lat' dir='ltr'>ad</span> <span class='ocrx_word' id='word_1_122' title='bbox 831 1236 932 1279; x_wconf 90' lang='lat' dir='ltr'>impe-</span> 
     </span>
     <span class='ocr_line' id='line_1_24' title="bbox 191 1292 931 1335; baseline -0.004 -10"><span class='ocrx_word' id='word_1_123' title='bbox 191 1293 274 1326; x_wconf 82' lang='lat' dir='ltr'>rium</span> <span class='ocrx_word' id='word_1_124' title='bbox 290 1293 340 1325; x_wconf 91' lang='lat' dir='ltr'>vel</span> <span class='ocrx_word' id='word_1_125' title='bbox 357 1303 493 1335; x_wconf 78' lang='lat' dir='ltr'>regnum</span> <span class='ocrx_word' id='word_1_126' title='bbox 514 1292 701 1331; x_wconf 86' lang='lat' dir='ltr'>Romanum,</span> <span class='ocrx_word' id='word_1_127' title='bbox 720 1301 775 1324; x_wconf 90' lang='lat' dir='ltr'>seu</span> <span class='ocrx_word' id='word_1_128' title='bbox 794 1300 931 1332; x_wconf 76' lang='lat' dir='ltr'>regnum</span> 
     </span>
     <span class='ocr_line' id='line_1_25' title="bbox 190 1344 931 1386; baseline -0.004 -7"><span class='ocrx_word' id='word_1_129' title='bbox 190 1345 411 1386; x_wconf 86' lang='lat' dir='ltr'>Theutoniac,</span> <span class='ocrx_word' id='word_1_130' title='bbox 437 1345 486 1378; x_wconf 87' lang='lat' dir='ltr'>vel</span> <span class='ocrx_word' id='word_1_131' title='bbox 513 1345 690 1378; x_wconf 88' lang='lat' dir='ltr'>dominium</span> <span class='ocrx_word' id='word_1_132' title='bbox 716 1344 931 1377; x_wconf 83' lang='lat' dir='ltr'>Lombardiae</span> 
     </span>
     <span class='ocr_line' id='line_1_26' title="bbox 191 1398 931 1441; baseline -0.004 -8"><span class='ocrx_word' id='word_1_133' title='bbox 191 1406 223 1434; x_wconf 89' lang='lat' dir='ltr'>et</span> <span class='ocrx_word' id='word_1_134' title='bbox 248 1399 421 1440; x_wconf 86' lang='lat' dir='ltr'>Thusciae,</span> <span class='ocrx_word' id='word_1_135' title='bbox 443 1405 497 1431; x_wconf 88' lang='lat' dir='ltr'>aut</span> <span class='ocrx_word' id='word_1_136' title='bbox 521 1398 654 1431; x_wconf 88' lang='lat' dir='ltr'>maioris</span> <span class='ocrx_word' id='word_1_137' title='bbox 677 1398 778 1441; x_wconf 85' lang='lat' dir='ltr'>partis</span> <span class='ocrx_word' id='word_1_138' title='bbox 804 1408 931 1430; x_wconf 86' lang='lat' dir='ltr'>eorum-</span> 
     </span>
     <span class='ocr_line' id='line_1_27' title="bbox 191 1452 930 1495; baseline -0.003 -8"><span class='ocrx_word' id='word_1_139' title='bbox 191 1454 275 1494; x_wconf 85' lang='lat' dir='ltr'>dem,</span> <span class='ocrx_word' id='word_1_140' title='bbox 296 1454 335 1486; x_wconf 85' lang='lat' dir='ltr'>de</span> <span class='ocrx_word' id='word_1_141' title='bbox 361 1463 399 1486; x_wconf 89' lang='lat' dir='ltr'>eo</span> <span class='ocrx_word' id='word_1_142' title='bbox 424 1452 582 1486; x_wconf 87' lang='lat' dir='ltr'>celebrari</span> <span class='ocrx_word' id='word_1_143' title='bbox 609 1452 785 1495; x_wconf 85' lang='lat' dir='ltr'>continget,</span> <span class='ocrx_word' id='word_1_144' title='bbox 805 1453 930 1485; x_wconf 89' lang='lat' dir='ltr'>nullum</span> 
     </span>
     <span class='ocr_line' id='line_1_28' title="bbox 191 1505 928 1540; baseline -0.003 0"><span class='ocrx_word' id='word_1_145' title='bbox 191 1506 380 1540; x_wconf 89' lang='lat' dir='ltr'>huiusmodi</span> <span class='ocrx_word' id='word_1_146' title='bbox 403 1506 556 1539; x_wconf 86' lang='lat' dir='ltr'>electioni</span> <span class='ocrx_word' id='word_1_147' title='bbox 575 1516 631 1538; x_wconf 89' lang='lat' dir='ltr'>seu</span> <span class='ocrx_word' id='word_1_148' title='bbox 650 1505 865 1538; x_wconf 81' lang='lat' dir='ltr'>nominationi</span> <span class='ocrx_word' id='word_1_149' title='bbox 882 1516 928 1538; x_wconf 86' lang='lat' dir='ltr'>as-</span> 
     </span>
     <span class='ocr_line' id='line_1_29' title="bbox 191 1559 929 1603; baseline -0.001 -10"><span class='ocrx_word' id='word_1_150' title='bbox 191 1570 323 1594; x_wconf 82' lang='lat' dir='ltr'>sensum</span> <span class='ocrx_word' id='word_1_151' title='bbox 355 1559 552 1603; x_wconf 76' lang='lat' dir='ltr'>praestabit,</span> <span class='ocrx_word' id='word_1_152' title='bbox 579 1570 641 1592; x_wconf 88' lang='lat' dir='ltr'>nec</span> <span class='ocrx_word' id='word_1_153' title='bbox 674 1559 872 1592; x_wconf 83' lang='lat' dir='ltr'>intromittet</span> <span class='ocrx_word' id='word_1_154' title='bbox 897 1569 929 1592; x_wconf 88' lang='lat' dir='ltr'>sc</span> 
     </span>
     <span class='ocr_line' id='line_1_30' title="bbox 190 1612 930 1656; baseline -0.004 -9"><span class='ocrx_word' id='word_1_155' title='bbox 190 1613 288 1647; x_wconf 90' lang='lat' dir='ltr'>modo</span> <span class='ocrx_word' id='word_1_156' title='bbox 314 1612 425 1656; x_wconf 84' lang='lat' dir='ltr'>aliquo</span> <span class='ocrx_word' id='word_1_157' title='bbox 452 1613 492 1645; x_wconf 94' lang='lat' dir='ltr'>de</span> <span class='ocrx_word' id='word_1_158' title='bbox 518 1622 629 1645; x_wconf 88' lang='lat' dir='ltr'>eorum</span> <span class='ocrx_word' id='word_1_159' title='bbox 653 1613 701 1645; x_wconf 85' lang='lat' dir='ltr'>vel</span> <span class='ocrx_word' id='word_1_160' title='bbox 720 1612 855 1644; x_wconf 82' lang='lat' dir='ltr'>alicuius</span> <span class='ocrx_word' id='word_1_161' title='bbox 878 1622 930 1644; x_wconf 88' lang='lat' dir='ltr'>eo-</span> 
     </span>
     <span class='ocr_line' id='line_1_31' title="bbox 189 1666 930 1710; baseline -0.003 -10"><span class='ocrx_word' id='word_1_162' title='bbox 189 1677 260 1700; x_wconf 83' lang='lat' dir='ltr'>rum</span> <span class='ocrx_word' id='word_1_163' title='bbox 287 1666 457 1710; x_wconf 67' lang='lat' dir='ltr'>regimine,</span> <span class='ocrx_word' id='word_1_164' title='bbox 478 1676 538 1699; x_wconf 87' lang='lat' dir='ltr'>nec</span> <span class='ocrx_word' id='word_1_165' title='bbox 563 1666 601 1698; x_wconf 90' lang='lat' dir='ltr'>de</span> <span class='ocrx_word' id='word_1_166' title='bbox 620 1666 747 1699; x_wconf 82' lang='lat' dir='ltr'>civitate</span> <span class='ocrx_word' id='word_1_167' title='bbox 767 1667 930 1698; x_wconf 82' lang='lat' dir='ltr'>Beneven-</span> 
     </span>
     <span class='ocr_line' id='line_1_32' title="bbox 190 1719 930 1761; baseline -0.004 -6"><span class='ocrx_word' id='word_1_168' title='bbox 190 1723 277 1761; x_wconf 76' lang='lat' dir='ltr'>tana‚</span> <span class='ocrx_word' id='word_1_169' title='bbox 305 1725 337 1753; x_wconf 86' lang='lat' dir='ltr'>et</span> <span class='ocrx_word' id='word_1_170' title='bbox 368 1719 433 1752; x_wconf 87' lang='lat' dir='ltr'>suis</span> <span class='ocrx_word' id='word_1_171' title='bbox 461 1719 645 1760; x_wconf 77' lang='lat' dir='ltr'>territoriis,</span> <span class='ocrx_word' id='word_1_172' title='bbox 672 1719 873 1752; x_wconf 80' lang='lat' dir='ltr'>districtibus</span> <span class='ocrx_word' id='word_1_173' title='bbox 900 1725 930 1753; x_wconf 90' lang='lat' dir='ltr'>et</span> 
     </span>
     <span class='ocr_line' id='line_1_33' title="bbox 189 1772 928 1819; baseline -0.001 -12"><span class='ocrx_word' id='word_1_174' title='bbox 189 1773 397 1819; x_wconf 84' lang='lat' dir='ltr'>pertinentiis</span> <span class='ocrx_word' id='word_1_175' title='bbox 414 1800 421 1814; x_wconf 98' lang='lat'>,</span> <span class='ocrx_word' id='word_1_176' title='bbox 449 1783 503 1806; x_wconf 90' lang='lat' dir='ltr'>seu</span> <span class='ocrx_word' id='word_1_177' title='bbox 530 1772 706 1816; x_wconf 74' lang='lat' dir='ltr'>Campania</span> <span class='ocrx_word' id='word_1_178' title='bbox 723 1800 730 1813; x_wconf 92' lang='lat'>,</span> <span class='ocrx_word' id='word_1_179' title='bbox 756 1783 863 1816; x_wconf 77' lang='lat' dir='ltr'>neque</span> <span class='ocrx_word' id='word_1_180' title='bbox 890 1773 928 1806; x_wconf 91' lang='lat' dir='ltr'>de</span> 
     </span>
     <span class='ocr_line' id='line_1_34' title="bbox 188 1826 929 1870; baseline -0.004 -9"><span class='ocrx_word' id='word_1_181' title='bbox 188 1827 357 1867; x_wconf 73' lang='lat' dir='ltr'>Maritima,</span> <span class='ocrx_word' id='word_1_182' title='bbox 376 1826 496 1859; x_wconf 86' lang='lat' dir='ltr'>ducatu</span> <span class='ocrx_word' id='word_1_183' title='bbox 523 1826 711 1870; x_wconf 86' lang='lat' dir='ltr'>Spoletano,</span> <span class='ocrx_word' id='word_1_184' title='bbox 735 1827 853 1860; x_wconf 84' lang='lat' dir='ltr'>ducatu</span> <span class='ocrx_word' id='word_1_185' title='bbox 871 1826 929 1859; x_wconf 93' lang='lat' dir='ltr'>Ur-</span> 
     </span>
     <span class='ocr_line' id='line_1_35' title="bbox 189 1879 926 1923; baseline -0.003 -9"><span class='ocrx_word' id='word_1_186' title='bbox 189 1881 277 1921; x_wconf 89' lang='lat' dir='ltr'>bini,</span> <span class='ocrx_word' id='word_1_187' title='bbox 311 1890 417 1923; x_wconf 89' lang='lat' dir='ltr'>neque</span> <span class='ocrx_word' id='word_1_188' title='bbox 451 1879 594 1913; x_wconf 78' lang='lat' dir='ltr'>Marcbia</span> <span class='ocrx_word' id='word_1_189' title='bbox 627 1880 846 1920; x_wconf 78' lang='lat' dir='ltr'>Anconitana,</span> <span class='ocrx_word' id='word_1_190' title='bbox 872 1880 926 1912; x_wconf 88' lang='lat' dir='ltr'>Pa-</span> 
     </span>
     <span class='ocr_line' id='line_1_36' title="bbox 191 1933 929 1974; baseline -0.003 -6"><span class='ocrx_word' id='word_1_191' title='bbox 191 1934 344 1968; x_wconf 90' lang='lat' dir='ltr'>trimonio</span> <span class='ocrx_word' id='word_1_192' title='bbox 363 1934 398 1967; x_wconf 91' lang='lat' dir='ltr'>B.</span> <span class='ocrx_word' id='word_1_193' title='bbox 414 1933 499 1966; x_wconf 87' lang='lat' dir='ltr'>Petri</span> <span class='ocrx_word' id='word_1_194' title='bbox 514 1934 546 1966; x_wconf 90' lang='lat' dir='ltr'>in</span> <span class='ocrx_word' id='word_1_195' title='bbox 566 1933 716 1974; x_wconf 73' lang='lat' dir='ltr'>Thuscia,</span> <span class='ocrx_word' id='word_1_196' title='bbox 735 1933 836 1966; x_wconf 77' lang='lat' dir='ltr'>Massa</span> <span class='ocrx_word' id='word_1_197' title='bbox 854 1933 929 1966; x_wconf 89' lang='lat' dir='ltr'>Tre-</span> 
     </span>
     <span class='ocr_line' id='line_1_37' title="bbox 188 1986 928 2029; baseline -0.004 -7"><span class='ocrx_word' id='word_1_198' title='bbox 188 1987 288 2029; x_wconf 77' lang='lat' dir='ltr'>haria,</span> <span class='ocrx_word' id='word_1_199' title='bbox 315 1986 538 2027; x_wconf 77' lang='lat' dir='ltr'>Romandiola‚</span> <span class='ocrx_word' id='word_1_200' title='bbox 566 1988 650 2020; x_wconf 79' lang='lat' dir='ltr'>alma</span> <span class='ocrx_word' id='word_1_201' title='bbox 675 1987 769 2027; x_wconf 87' lang='lat' dir='ltr'>Urbe,</span> <span class='ocrx_word' id='word_1_202' title='bbox 796 1986 928 2020; x_wconf 87' lang='lat' dir='ltr'>civitati-</span> 
     </span>
     <span class='ocr_line' id='line_1_38' title="bbox 189 2039 929 2081; baseline -0.001 -6"><span class='ocrx_word' id='word_1_203' title='bbox 189 2043 250 2075; x_wconf 87' lang='lat' dir='ltr'>bus</span> <span class='ocrx_word' id='word_1_204' title='bbox 276 2040 440 2080; x_wconf 78' lang='lat' dir='ltr'>Perusina‚</span> <span class='ocrx_word' id='word_1_205' title='bbox 459 2039 640 2073; x_wconf 88' lang='lat' dir='ltr'>civitatibus</span> <span class='ocrx_word' id='word_1_206' title='bbox 665 2041 804 2081; x_wconf 86' lang='lat' dir='ltr'>Castelli‚</span> <span class='ocrx_word' id='word_1_207' title='bbox 825 2041 929 2074; x_wconf 91' lang='lat' dir='ltr'>Bono-</span> 
     </span>
     <span class='ocr_line' id='line_1_39' title="bbox 189 2093 928 2136; baseline 0 -8"><span class='ocrx_word' id='word_1_208' title='bbox 189 2094 306 2136; x_wconf 87' lang='lat' dir='ltr'>niensi,</span> <span class='ocrx_word' id='word_1_209' title='bbox 334 2093 542 2135; x_wconf 83' lang='lat' dir='ltr'>Ferrariensi,</span> <span class='ocrx_word' id='word_1_210' title='bbox 570 2094 790 2127; x_wconf 88' lang='lat' dir='ltr'>Avenionensi</span> <span class='ocrx_word' id='word_1_211' title='bbox 818 2099 850 2128; x_wconf 91' lang='lat' dir='ltr'>et</span> <span class='ocrx_word' id='word_1_212' title='bbox 876 2105 928 2128; x_wconf 91' lang='lat' dir='ltr'>co-</span> 
     </span>
     <span class='ocr_line' id='line_1_40' title="bbox 189 2147 930 2192; baseline 0 -10"><span class='ocrx_word' id='word_1_213' title='bbox 189 2149 303 2182; x_wconf 87' lang='lat' dir='ltr'>mitatu</span> <span class='ocrx_word' id='word_1_214' title='bbox 327 2147 537 2188; x_wconf 69' lang='lat' dir='ltr'>Venaissino,</span> <span class='ocrx_word' id='word_1_215' title='bbox 563 2158 620 2180; x_wconf 92' lang='lat' dir='ltr'>seu</span> <span class='ocrx_word' id='word_1_216' title='bbox 646 2148 716 2181; x_wconf 87' lang='lat' dir='ltr'>aliis</span> <span class='ocrx_word' id='word_1_217' title='bbox 743 2149 835 2181; x_wconf 87' lang='lat' dir='ltr'>terris</span> <span class='ocrx_word' id='word_1_218' title='bbox 861 2149 930 2192; x_wconf 86' lang='lat' dir='ltr'>qui-</span> 
     </span>
     <span class='ocr_line' id='line_1_41' title="bbox 189 2200 930 2245; baseline 0.001 -11"><span class='ocrx_word' id='word_1_219' title='bbox 189 2203 389 2244; x_wconf 87' lang='lat' dir='ltr'>buscumque</span> <span class='ocrx_word' id='word_1_220' title='bbox 407 2200 521 2234; x_wconf 89' lang='lat' dir='ltr'>vestris</span> <span class='ocrx_word' id='word_1_221' title='bbox 538 2206 568 2233; x_wconf 89' lang='lat' dir='ltr'>et</span> <span class='ocrx_word' id='word_1_222' title='bbox 585 2201 688 2234; x_wconf 78' lang='lat' dir='ltr'>feudis</span> <span class='ocrx_word' id='word_1_223' title='bbox 706 2201 804 2245; x_wconf 86' lang='lat' dir='ltr'>ipsius</span> <span class='ocrx_word' id='word_1_224' title='bbox 822 2202 930 2235; x_wconf 86' lang='lat' dir='ltr'>Eccle-</span> 
     </span>
     <span class='ocr_line' id='line_1_42' title="bbox 190 2254 928 2294; baseline 0 -6"><span class='ocrx_word' id='word_1_225' title='bbox 190 2255 257 2288; x_wconf 88' lang='lat' dir='ltr'>siae</span> <span class='ocrx_word' id='word_1_226' title='bbox 282 2254 422 2287; x_wconf 84' lang='lat' dir='ltr'>ubilibet</span> <span class='ocrx_word' id='word_1_227' title='bbox 447 2254 640 2294; x_wconf 88' lang='lat' dir='ltr'>constitutis,</span> <span class='ocrx_word' id='word_1_228' title='bbox 658 2265 695 2287; x_wconf 84' lang='lat' dir='ltr'>ex</span> <span class='ocrx_word' id='word_1_229' title='bbox 721 2255 928 2289; x_wconf 85' lang='lat' dir='ltr'>successione</span> 
     </span>
     <span class='ocr_line' id='line_1_43' title="bbox 191 2307 929 2352; baseline 0 -10"><span class='ocrx_word' id='word_1_230' title='bbox 191 2310 240 2342; x_wconf 88' lang='lat' dir='ltr'>vel</span> <span class='ocrx_word' id='word_1_231' title='bbox 258 2310 374 2351; x_wconf 85' lang='lat' dir='ltr'>legato,</span> <span class='ocrx_word' id='word_1_232' title='bbox 390 2318 447 2341; x_wconf 88' lang='lat' dir='ltr'>scu</span> <span class='ocrx_word' id='word_1_233' title='bbox 469 2307 644 2341; x_wconf 81' lang='lat' dir='ltr'>donatione</span> <span class='ocrx_word' id='word_1_234' title='bbox 663 2314 716 2341; x_wconf 84' lang='lat' dir='ltr'>aut</span> <span class='ocrx_word' id='word_1_235' title='bbox 732 2309 929 2352; x_wconf 82' lang='lat' dir='ltr'>venditione,</span> 
     </span>
    </p>
   </div>
   <div class='ocr_carea' id='block_1_6' title="bbox 948 1739 954 2394">
    <p class='ocr_par' dir='ltr' id='par_1_6' title="bbox 948 1739 954 2394">
     <span class='ocr_line' id='line_1_44' title="bbox 948 1739 954 2394; baseline 0 0"><span class='ocrx_word' id='word_1_236' title='bbox 948 1739 954 2394; x_wconf 95' lang='lat' dir='ltr'> </span> 
     </span>
    </p>
   </div>
   <div class='ocr_carea' id='block_1_7' title="bbox 189 2361 931 2669">
    <p class='ocr_par' dir='ltr' id='par_1_7' title="bbox 189 2361 931 2619">
     <span class='ocr_line' id='line_1_45' title="bbox 189 2361 930 2406; baseline 0 -10"><span class='ocrx_word' id='word_1_237' title='bbox 189 2373 244 2397; x_wconf 90' lang='lat' dir='ltr'>seu</span> <span class='ocrx_word' id='word_1_238' title='bbox 263 2363 326 2396; x_wconf 87' lang='lat' dir='ltr'>alio</span> <span class='ocrx_word' id='word_1_239' title='bbox 354 2361 465 2406; x_wconf 89' lang='lat' dir='ltr'>quovis</span> <span class='ocrx_word' id='word_1_240' title='bbox 493 2362 586 2395; x_wconf 91' lang='lat' dir='ltr'>titulo</span> <span class='ocrx_word' id='word_1_241' title='bbox 612 2362 661 2395; x_wconf 89' lang='lat' dir='ltr'>vel</span> <span class='ocrx_word' id='word_1_242' title='bbox 685 2368 864 2404; x_wconf 87' lang='lat' dir='ltr'>contractu,</span> <span class='ocrx_word' id='word_1_243' title='bbox 884 2363 930 2396; x_wconf 91' lang='lat' dir='ltr'>ni-</span> 
     </span>
     <span class='ocr_line' id='line_1_46' title="bbox 190 2415 928 2459; baseline -0.003 -9"><span class='ocrx_word' id='word_1_244' title='bbox 190 2416 237 2450; x_wconf 90' lang='lat' dir='ltr'>hil</span> <span class='ocrx_word' id='word_1_245' title='bbox 262 2426 403 2459; x_wconf 87' lang='lat' dir='ltr'>unquam</span> <span class='ocrx_word' id='word_1_246' title='bbox 421 2415 481 2448; x_wconf 91' lang='lat' dir='ltr'>sibi</span> <span class='ocrx_word' id='word_1_247' title='bbox 503 2415 650 2459; x_wconf 83' lang='lat' dir='ltr'>acquiret</span> <span class='ocrx_word' id='word_1_248' title='bbox 667 2425 724 2448; x_wconf 89' lang='lat' dir='ltr'>seu</span> <span class='ocrx_word' id='word_1_249' title='bbox 742 2415 928 2457; x_wconf 81' lang='lat' dir='ltr'>vindicabit,</span> 
     </span>
     <span class='ocr_line' id='line_1_47' title="bbox 189 2469 931 2513; baseline 0 -10"><span class='ocrx_word' id='word_1_250' title='bbox 189 2470 240 2503; x_wconf 90' lang='lat' dir='ltr'>vel</span> <span class='ocrx_word' id='word_1_251' title='bbox 266 2469 387 2513; x_wconf 87' lang='lat' dir='ltr'>poterit</span> <span class='ocrx_word' id='word_1_252' title='bbox 411 2469 579 2511; x_wconf 76' lang='lat' dir='ltr'>acquirere</span> <span class='ocrx_word' id='word_1_253' title='bbox 598 2479 654 2501; x_wconf 82' lang='lat' dir='ltr'>seu</span> <span class='ocrx_word' id='word_1_254' title='bbox 680 2469 931 2512; x_wconf 80' lang='lat' dir='ltr'>quomodolibet</span> 
     </span>
     <span class='ocr_line' id='line_1_48' title="bbox 189 2522 928 2566; baseline 0.003 -10"><span class='ocrx_word' id='word_1_255' title='bbox 189 2523 365 2563; x_wconf 84' lang='lat' dir='ltr'>vindicare,</span> <span class='ocrx_word' id='word_1_256' title='bbox 385 2527 416 2555; x_wconf 88' lang='lat' dir='ltr'>et</span> <span class='ocrx_word' id='word_1_257' title='bbox 440 2522 524 2555; x_wconf 82' lang='lat' dir='ltr'>nihil</span> <span class='ocrx_word' id='word_1_258' title='bbox 554 2532 698 2566; x_wconf 83' lang='lat' dir='ltr'>unquam</span> <span class='ocrx_word' id='word_1_259' title='bbox 723 2522 858 2566; x_wconf 85' lang='lat' dir='ltr'>recipiet</span> <span class='ocrx_word' id='word_1_260' title='bbox 879 2525 928 2558; x_wconf 89' lang='lat' dir='ltr'>vel</span> 
     </span>
     <span class='ocr_line' id='line_1_49' title="bbox 190 2575 929 2619; baseline 0.001 -9"><span class='ocrx_word' id='word_1_261' title='bbox 190 2576 327 2610; x_wconf 86' lang='lat' dir='ltr'>habebit</span> <span class='ocrx_word' id='word_1_262' title='bbox 351 2585 407 2609; x_wconf 86' lang='lat' dir='ltr'>seu</span> <span class='ocrx_word' id='word_1_263' title='bbox 433 2575 603 2616; x_wconf 88' lang='lat' dir='ltr'>retinebit,</span> <span class='ocrx_word' id='word_1_264' title='bbox 631 2576 679 2609; x_wconf 90' lang='lat' dir='ltr'>vel</span> <span class='ocrx_word' id='word_1_265' title='bbox 705 2576 826 2619; x_wconf 89' lang='lat' dir='ltr'>poterit</span> <span class='ocrx_word' id='word_1_266' title='bbox 849 2577 929 2611; x_wconf 86' lang='lat' dir='ltr'>reci-</span> 
     </span>
    </p>

    <p class='ocr_par' dir='ltr' id='par_1_8' title="bbox 276 2638 908 2669">
     <span class='ocr_line' id='line_1_50' title="bbox 276 2638 908 2669; baseline 0 -2"><span class='ocrx_word' id='word_1_267' title='bbox 276 2638 362 2668; x_wconf 82' lang='lat' dir='ltr'>Bull.</span> <span class='ocrx_word' id='word_1_268' title='bbox 380 2638 466 2668; x_wconf 82' lang='lat' dir='ltr'>Rom.</span> <span class='ocrx_word' id='word_1_269' title='bbox 488 2656 519 2659; x_wconf 97' lang='lat'><strong>—</strong></span> <span class='ocrx_word' id='word_1_270' title='bbox 546 2639 608 2669; x_wconf 85' lang='lat' dir='ltr'>Vol.</span> <span class='ocrx_word' id='word_1_271' title='bbox 627 2639 731 2667; x_wconf 77' lang='lat' dir='ltr'><em>XXIV.</em></span> <span class='ocrx_word' id='word_1_272' title='bbox 875 2639 908 2668; x_wconf 78' lang='lat'>49</span> 
     </span>
    </p>
   </div>
   <div class='ocr_carea' id='block_1_8' title="bbox 971 178 1722 2511">
    <p class='ocr_par' dir='ltr' id='par_1_9' title="bbox 972 178 1722 1869">
     <span class='ocr_line' id='line_1_51' title="bbox 984 178 1100 202; baseline 0.009 -1"><span class='ocrx_word' id='word_1_273' title='bbox 984 178 1027 201; x_wconf 68' lang='grc' dir='ltr'>ΧΠ</span> <span class='ocrx_word' id='word_1_274' title='bbox 1052 178 1100 202; x_wconf 49' lang='lat' dir='ltr'>rr·</span> 
     </span>
     <span class='ocr_line' id='line_1_52' title="bbox 980 226 1721 269; baseline -0.001 -10"><span class='ocrx_word' id='word_1_275' title='bbox 980 237 1068 269; x_wconf 86' lang='lat' dir='ltr'>pere,</span> <span class='ocrx_word' id='word_1_276' title='bbox 1088 226 1208 260; x_wconf 81' lang='lat' dir='ltr'>habere</span> <span class='ocrx_word' id='word_1_277' title='bbox 1231 227 1280 260; x_wconf 88' lang='lat' dir='ltr'>vel</span> <span class='ocrx_word' id='word_1_278' title='bbox 1306 227 1403 260; x_wconf 81' lang='lat' dir='ltr'>etiam</span> <span class='ocrx_word' id='word_1_279' title='bbox 1429 227 1573 260; x_wconf 85' lang='lat' dir='ltr'>retinere</span> <span class='ocrx_word' id='word_1_280' title='bbox 1592 227 1623 259; x_wconf 86' lang='lat' dir='ltr'>in</span> <span class='ocrx_word' id='word_1_281' title='bbox 1646 227 1721 266; x_wconf 90' lang='lat' dir='ltr'>illis,</span> 
     </span>
     <span class='ocr_line' id='line_1_53' title="bbox 980 281 1720 323; baseline 0.003 -11"><span class='ocrx_word' id='word_1_282' title='bbox 980 291 1038 313; x_wconf 87' lang='lat' dir='ltr'>nec</span> <span class='ocrx_word' id='word_1_283' title='bbox 1065 281 1163 313; x_wconf 89' lang='lat' dir='ltr'>ullam</span> <span class='ocrx_word' id='word_1_284' title='bbox 1198 281 1425 323; x_wconf 84' lang='lat' dir='ltr'>potestariam,</span> <span class='ocrx_word' id='word_1_285' title='bbox 1451 281 1644 323; x_wconf 86' lang='lat' dir='ltr'>capitaniam</span> <span class='ocrx_word' id='word_1_286' title='bbox 1671 282 1720 314; x_wconf 85' lang='lat' dir='ltr'>vel</span> 
     </span>
     <span class='ocr_line' id='line_1_54' title="bbox 980 334 1721 377; baseline 0.003 -12"><span class='ocrx_word' id='word_1_287' title='bbox 980 334 1150 365; x_wconf 86' lang='lat' dir='ltr'>rectoriam</span> <span class='ocrx_word' id='word_1_288' title='bbox 1179 334 1370 377; x_wconf 82' lang='lat' dir='ltr'>nullumque</span> <span class='ocrx_word' id='word_1_289' title='bbox 1397 334 1484 366; x_wconf 82' lang='lat' dir='ltr'>aliud</span> <span class='ocrx_word' id='word_1_290' title='bbox 1512 334 1653 367; x_wconf 77' lang='lat' dir='ltr'>osticium</span> <span class='ocrx_word' id='word_1_291' title='bbox 1673 345 1721 367; x_wconf 87' lang='lat' dir='ltr'>re-</span> 
     </span>
     <span class='ocr_line' id='line_1_55' title="bbox 980 387 1717 430; baseline 0.001 -12"><span class='ocrx_word' id='word_1_292' title='bbox 980 387 1077 428; x_wconf 78' lang='lat' dir='ltr'>cipiet</span> <span class='ocrx_word' id='word_1_293' title='bbox 1113 397 1168 418; x_wconf 76' lang='lat' dir='ltr'>seu</span> <span class='ocrx_word' id='word_1_294' title='bbox 1206 387 1352 430; x_wconf 81' lang='lat' dir='ltr'>recipcre</span> <span class='ocrx_word' id='word_1_295' title='bbox 1377 387 1499 430; x_wconf 86' lang='lat' dir='ltr'>poterit</span> <span class='ocrx_word' id='word_1_296' title='bbox 1523 387 1555 419; x_wconf 92' lang='lat' dir='ltr'>in</span> <span class='ocrx_word' id='word_1_297' title='bbox 1582 387 1717 426; x_wconf 87' lang='lat' dir='ltr'>eisdem,</span> 
     </span>
     <span class='ocr_line' id='line_1_56' title="bbox 979 439 1721 483; baseline 0.001 -12"><span class='ocrx_word' id='word_1_298' title='bbox 979 449 1035 471; x_wconf 88' lang='lat' dir='ltr'>seu</span> <span class='ocrx_word' id='word_1_299' title='bbox 1063 439 1210 481; x_wconf 87' lang='lat' dir='ltr'>ipsorum</span> <span class='ocrx_word' id='word_1_300' title='bbox 1238 439 1357 483; x_wconf 89' lang='lat' dir='ltr'>aliquo,</span> <span class='ocrx_word' id='word_1_301' title='bbox 1381 451 1440 472; x_wconf 88' lang='lat' dir='ltr'>nec</span> <span class='ocrx_word' id='word_1_302' title='bbox 1466 440 1561 473; x_wconf 81' lang='lat' dir='ltr'>etiam</span> <span class='ocrx_word' id='word_1_303' title='bbox 1588 450 1721 483; x_wconf 86' lang='lat' dir='ltr'>occupa-</span> 
     </span>
     <span class='ocr_line' id='line_1_57' title="bbox 979 492 1722 535; baseline 0.004 -12"><span class='ocrx_word' id='word_1_304' title='bbox 979 492 1026 523; x_wconf 84' lang='lat' dir='ltr'>bit</span> <span class='ocrx_word' id='word_1_305' title='bbox 1063 493 1111 524; x_wconf 79' lang='lat' dir='ltr'>rel</span> <span class='ocrx_word' id='word_1_306' title='bbox 1150 492 1303 535; x_wconf 83' lang='lat' dir='ltr'>occupari</span> <span class='ocrx_word' id='word_1_307' title='bbox 1340 493 1508 535; x_wconf 82' lang='lat' dir='ltr'>permittet</span> <span class='ocrx_word' id='word_1_308' title='bbox 1543 503 1599 525; x_wconf 88' lang='lat' dir='ltr'>seu</span> <span class='ocrx_word' id='word_1_309' title='bbox 1627 493 1722 526; x_wconf 84' lang='lat' dir='ltr'>saciet</span> 
     </span>
     <span class='ocr_line' id='line_1_58' title="bbox 979 545 1718 589; baseline 0.003 -12"><span class='ocrx_word' id='word_1_310' title='bbox 979 545 1157 588; x_wconf 84' lang='lat' dir='ltr'>praemissa</span> <span class='ocrx_word' id='word_1_311' title='bbox 1189 546 1237 578; x_wconf 82' lang='lat' dir='ltr'>rel</span> <span class='ocrx_word' id='word_1_312' title='bbox 1264 551 1356 588; x_wconf 87' lang='lat' dir='ltr'>parte</span> <span class='ocrx_word' id='word_1_313' title='bbox 1382 546 1490 589; x_wconf 81' lang='lat' dir='ltr'>aliqua</span> <span class='ocrx_word' id='word_1_314' title='bbox 1516 547 1718 586; x_wconf 87' lang='lat' dir='ltr'>eorumdem,</span> 
     </span>
     <span class='ocr_line' id='line_1_59' title="bbox 979 597 1721 640; baseline 0.004 -11"><span class='ocrx_word' id='word_1_315' title='bbox 979 608 1084 640; x_wconf 86' lang='lat' dir='ltr'>neque</span> <span class='ocrx_word' id='word_1_316' title='bbox 1104 598 1190 630; x_wconf 86' lang='lat' dir='ltr'>illam</span> <span class='ocrx_word' id='word_1_317' title='bbox 1209 597 1352 631; x_wconf 75' lang='lat' dir='ltr'>offendet</span> <span class='ocrx_word' id='word_1_318' title='bbox 1377 605 1429 631; x_wconf 86' lang='lat' dir='ltr'>aut</span> <span class='ocrx_word' id='word_1_319' title='bbox 1455 599 1649 638; x_wconf 85' lang='lat' dir='ltr'>molestabit,</span> <span class='ocrx_word' id='word_1_320' title='bbox 1666 610 1721 632; x_wconf 88' lang='lat' dir='ltr'>ne-</span> 
     </span>
     <span class='ocr_line' id='line_1_60' title="bbox 980 651 1719 695; baseline 0.005 -14"><span class='ocrx_word' id='word_1_321' title='bbox 980 661 1040 693; x_wconf 86' lang='lat' dir='ltr'>que</span> <span class='ocrx_word' id='word_1_322' title='bbox 1067 651 1161 683; x_wconf 85' lang='lat' dir='ltr'>etiam</span> <span class='ocrx_word' id='word_1_323' title='bbox 1183 651 1361 685; x_wconf 80' lang='lat' dir='ltr'>Romanam</span> <span class='ocrx_word' id='word_1_324' title='bbox 1380 652 1558 685; x_wconf 78' lang='lat' dir='ltr'>Ecclesiam</span> <span class='ocrx_word' id='word_1_325' title='bbox 1587 663 1719 695; x_wconf 86' lang='lat' dir='ltr'>quoquo</span> 
     </span>
     <span class='ocr_line' id='line_1_61' title="bbox 978 703 1719 748; baseline 0.001 -13"><span class='ocrx_word' id='word_1_326' title='bbox 978 703 1086 744; x_wconf 89' lang='lat' dir='ltr'>modo,</span> <span class='ocrx_word' id='word_1_327' title='bbox 1105 705 1166 736; x_wconf 87' lang='lat' dir='ltr'>sub</span> <span class='ocrx_word' id='word_1_328' title='bbox 1192 704 1338 738; x_wconf 78' lang='lat' dir='ltr'>censuris</span> <span class='ocrx_word' id='word_1_329' title='bbox 1364 704 1542 747; x_wconf 79' lang='lat' dir='ltr'>poenisque</span> <span class='ocrx_word' id='word_1_330' title='bbox 1568 705 1719 748; x_wconf 86' lang='lat' dir='ltr'>spiritua-</span> 
     </span>
     <span class='ocr_line' id='line_1_62' title="bbox 978 755 1719 800; baseline 0.004 -13"><span class='ocrx_word' id='word_1_331' title='bbox 978 755 1062 788; x_wconf 86' lang='lat' dir='ltr'>libus</span> <span class='ocrx_word' id='word_1_332' title='bbox 1089 762 1120 789; x_wconf 88' lang='lat' dir='ltr'>et</span> <span class='ocrx_word' id='word_1_333' title='bbox 1146 757 1380 800; x_wconf 83' lang='lat' dir='ltr'>temporalibus</span> <span class='ocrx_word' id='word_1_334' title='bbox 1412 757 1444 789; x_wconf 91' lang='lat' dir='ltr'>iu</span> <span class='ocrx_word' id='word_1_335' title='bbox 1477 757 1719 791; x_wconf 87' lang='lat' dir='ltr'>conditionibus</span> 
     </span>
     <span class='ocr_line' id='line_1_63' title="bbox 978 808 1720 853; baseline 0.005 -13"><span class='ocrx_word' id='word_1_336' title='bbox 978 813 1009 840; x_wconf 89' lang='lat' dir='ltr'>et</span> <span class='ocrx_word' id='word_1_337' title='bbox 1023 808 1245 842; x_wconf 81' lang='lat' dir='ltr'>infeudatione</span> <span class='ocrx_word' id='word_1_338' title='bbox 1259 810 1436 853; x_wconf 87' lang='lat' dir='ltr'>praedictis</span> <span class='ocrx_word' id='word_1_339' title='bbox 1456 810 1625 849; x_wconf 87' lang='lat' dir='ltr'>contentis,</span> <span class='ocrx_word' id='word_1_340' title='bbox 1641 821 1720 853; x_wconf 84' lang='lat' dir='ltr'>quas</span> 
     </span>
     <span class='ocr_line' id='line_1_64' title="bbox 978 861 1719 907; baseline 0.003 -14"><span class='ocrx_word' id='word_1_341' title='bbox 978 861 1029 893; x_wconf 89' lang='lat' dir='ltr'>bic</span> <span class='ocrx_word' id='word_1_342' title='bbox 1049 862 1163 894; x_wconf 83' lang='lat' dir='ltr'>baberi</span> <span class='ocrx_word' id='word_1_343' title='bbox 1183 864 1256 896; x_wconf 85' lang='lat' dir='ltr'>volo</span> <span class='ocrx_word' id='word_1_344' title='bbox 1282 863 1313 895; x_wconf 90' lang='lat' dir='ltr'>in</span> <span class='ocrx_word' id='word_1_345' title='bbox 1335 863 1472 906; x_wconf 79' lang='lat' dir='ltr'>singulis</span> <span class='ocrx_word' id='word_1_346' title='bbox 1490 863 1555 896; x_wconf 86' lang='lat' dir='ltr'>suis</span> <span class='ocrx_word' id='word_1_347' title='bbox 1572 864 1719 907; x_wconf 85' lang='lat' dir='ltr'>partibus</span> 
     </span>
     <span class='ocr_line' id='line_1_65' title="bbox 978 914 1719 959; baseline 0.003 -13"><span class='ocrx_word' id='word_1_348' title='bbox 978 914 1055 946; x_wconf 76' lang='lat' dir='ltr'>alias</span> <span class='ocrx_word' id='word_1_349' title='bbox 1074 925 1135 958; x_wconf 90' lang='lat' dir='ltr'>pro</span> <span class='ocrx_word' id='word_1_350' title='bbox 1154 915 1306 958; x_wconf 80' lang='lat' dir='ltr'>specifice</span> <span class='ocrx_word' id='word_1_351' title='bbox 1328 916 1489 959; x_wconf 85' lang='lat' dir='ltr'>expressis</span> <span class='ocrx_word' id='word_1_352' title='bbox 1508 921 1538 949; x_wconf 88' lang='lat' dir='ltr'>et</span> <span class='ocrx_word' id='word_1_353' title='bbox 1560 916 1719 959; x_wconf 84' lang='lat' dir='ltr'>repetitis,</span> 
     </span>
     <span class='ocr_line' id='line_1_66' title="bbox 977 966 1718 1012; baseline 0.001 -13"><span class='ocrx_word' id='word_1_354' title='bbox 977 966 1184 1000; x_wconf 87' lang='lat' dir='ltr'>schismatico</span> <span class='ocrx_word' id='word_1_355' title='bbox 1226 973 1280 1001; x_wconf 90' lang='lat' dir='ltr'>aut</span> <span class='ocrx_word' id='word_1_356' title='bbox 1320 969 1486 1002; x_wconf 85' lang='lat' dir='ltr'>haeretico</span> <span class='ocrx_word' id='word_1_357' title='bbox 1524 968 1718 1012; x_wconf 88' lang='lat' dir='ltr'>cuicumque</span> 
     </span>
     <span class='ocr_line' id='line_1_67' title="bbox 976 1019 1718 1065; baseline 0.001 -13"><span class='ocrx_word' id='word_1_358' title='bbox 976 1020 1025 1052; x_wconf 88' lang='lat' dir='ltr'>vel</span> <span class='ocrx_word' id='word_1_359' title='bbox 1052 1031 1069 1052; x_wconf 86' lang='lat' dir='ltr'>a</span> <span class='ocrx_word' id='word_1_360' title='bbox 1093 1019 1156 1053; x_wconf 79' lang='lat' dir='ltr'>side</span> <span class='ocrx_word' id='word_1_361' title='bbox 1183 1020 1275 1054; x_wconf 82' lang='lat' dir='ltr'>devio</span> <span class='ocrx_word' id='word_1_362' title='bbox 1303 1021 1342 1053; x_wconf 87' lang='lat' dir='ltr'>ab</span> <span class='ocrx_word' id='word_1_363' title='bbox 1369 1021 1439 1065; x_wconf 75' lang='lat' dir='ltr'>ipsa</span> <span class='ocrx_word' id='word_1_364' title='bbox 1459 1021 1604 1054; x_wconf 72' lang='lat' dir='ltr'>Ecclesia</span> <span class='ocrx_word' id='word_1_365' title='bbox 1629 1031 1718 1064; x_wconf 89' lang='lat' dir='ltr'>prae-</span> 
     </span>
     <span class='ocr_line' id='line_1_68' title="bbox 977 1073 1716 1118; baseline 0 -12"><span class='ocrx_word' id='word_1_366' title='bbox 977 1073 1056 1113; x_wconf 86' lang='lat' dir='ltr'>ciso,</span> <span class='ocrx_word' id='word_1_367' title='bbox 1082 1073 1215 1117; x_wconf 86' lang='lat' dir='ltr'>eiusque</span> <span class='ocrx_word' id='word_1_368' title='bbox 1242 1074 1435 1118; x_wconf 85' lang='lat' dir='ltr'>sequacibus</span> <span class='ocrx_word' id='word_1_369' title='bbox 1453 1080 1482 1107; x_wconf 93' lang='lat' dir='ltr'>et</span> <span class='ocrx_word' id='word_1_370' title='bbox 1500 1074 1651 1107; x_wconf 83' lang='lat' dir='ltr'>dantibus</span> <span class='ocrx_word' id='word_1_371' title='bbox 1671 1074 1716 1107; x_wconf 90' lang='lat' dir='ltr'>eis</span> 
     </span>
     <span class='ocr_line' id='line_1_69' title="bbox 976 1127 1716 1167; baseline 0.001 -9"><span class='ocrx_word' id='word_1_372' title='bbox 976 1127 1131 1160; x_wconf 79' lang='lat' dir='ltr'>auxilium</span> <span class='ocrx_word' id='word_1_373' title='bbox 1152 1154 1159 1167; x_wconf 96' lang='lat'>,</span> <span class='ocrx_word' id='word_1_374' title='bbox 1187 1127 1360 1160; x_wconf 88' lang='lat' dir='ltr'>consilium</span> <span class='ocrx_word' id='word_1_375' title='bbox 1397 1128 1446 1160; x_wconf 89' lang='lat' dir='ltr'>vel</span> <span class='ocrx_word' id='word_1_376' title='bbox 1474 1127 1625 1166; x_wconf 87' lang='lat' dir='ltr'>savorem,</span> <span class='ocrx_word' id='word_1_377' title='bbox 1652 1137 1716 1160; x_wconf 89' lang='lat' dir='ltr'>non</span> 
     </span>
     <span class='ocr_line' id='line_1_70' title="bbox 977 1180 1715 1224; baseline 0.001 -12"><span class='ocrx_word' id='word_1_378' title='bbox 977 1180 1065 1212; x_wconf 85' lang='lat' dir='ltr'>dabit</span> <span class='ocrx_word' id='word_1_379' title='bbox 1090 1180 1204 1223; x_wconf 85' lang='lat' dir='ltr'>quovis</span> <span class='ocrx_word' id='word_1_380' title='bbox 1231 1181 1341 1221; x_wconf 88' lang='lat' dir='ltr'>modo,</span> <span class='ocrx_word' id='word_1_381' title='bbox 1363 1191 1421 1224; x_wconf 87' lang='lat' dir='ltr'>per</span> <span class='ocrx_word' id='word_1_382' title='bbox 1447 1191 1501 1221; x_wconf 88' lang='lat' dir='ltr'>se,</span> <span class='ocrx_word' id='word_1_383' title='bbox 1527 1180 1576 1213; x_wconf 81' lang='lat' dir='ltr'>vel</span> <span class='ocrx_word' id='word_1_384' title='bbox 1604 1180 1715 1219; x_wconf 81' lang='lat' dir='ltr'>aliurn.</span> 
     </span>
     <span class='ocr_line' id='line_1_71' title="bbox 975 1233 1717 1279; baseline 0.008 -14"><span class='ocrx_word' id='word_1_385' title='bbox 975 1244 1033 1266; x_wconf 86' lang='lat' dir='ltr'>seu</span> <span class='ocrx_word' id='word_1_386' title='bbox 1059 1233 1149 1275; x_wconf 85' lang='lat' dir='ltr'>alios,</span> <span class='ocrx_word' id='word_1_387' title='bbox 1172 1233 1294 1266; x_wconf 86' lang='lat' dir='ltr'>directe</span> <span class='ocrx_word' id='word_1_388' title='bbox 1319 1235 1367 1267; x_wconf 79' lang='lat' dir='ltr'>vel</span> <span class='ocrx_word' id='word_1_389' title='bbox 1393 1234 1562 1275; x_wconf 87' lang='lat' dir='ltr'>indirecte,</span> <span class='ocrx_word' id='word_1_390' title='bbox 1588 1236 1717 1279; x_wconf 88' lang='lat' dir='ltr'>publice</span> 
     </span>
     <span class='ocr_line' id='line_1_72' title="bbox 974 1290 1717 1330; baseline -0.001 -6"><span class='ocrx_word' id='word_1_391' title='bbox 974 1291 1024 1324; x_wconf 86' lang='lat' dir='ltr'>vel</span> <span class='ocrx_word' id='word_1_392' title='bbox 1043 1291 1178 1329; x_wconf 83' lang='lat' dir='ltr'>occulte,</span> <span class='ocrx_word' id='word_1_393' title='bbox 1195 1290 1359 1330; x_wconf 81' lang='lat' dir='ltr'>auxilium,</span> <span class='ocrx_word' id='word_1_394' title='bbox 1374 1290 1544 1323; x_wconf 85' lang='lat' dir='ltr'>consilium</span> <span class='ocrx_word' id='word_1_395' title='bbox 1564 1291 1613 1323; x_wconf 92' lang='lat' dir='ltr'>vel</span> <span class='ocrx_word' id='word_1_396' title='bbox 1632 1291 1717 1324; x_wconf 85' lang='lat' dir='ltr'>savo-</span> 
     </span>
     <span class='ocr_line' id='line_1_73' title="bbox 974 1344 1716 1387; baseline 0.003 -11"><span class='ocrx_word' id='word_1_397' title='bbox 974 1354 1054 1383; x_wconf 87' lang='lat' dir='ltr'>rem,</span> <span class='ocrx_word' id='word_1_398' title='bbox 1071 1354 1131 1376; x_wconf 90' lang='lat' dir='ltr'>nec</span> <span class='ocrx_word' id='word_1_399' title='bbox 1156 1344 1195 1376; x_wconf 88' lang='lat' dir='ltr'>ab</span> <span class='ocrx_word' id='word_1_400' title='bbox 1216 1344 1298 1383; x_wconf 84' lang='lat' dir='ltr'>aliis,</span> <span class='ocrx_word' id='word_1_401' title='bbox 1317 1349 1473 1387; x_wconf 88' lang='lat' dir='ltr'>quantum</span> <span class='ocrx_word' id='word_1_402' title='bbox 1492 1344 1524 1376; x_wconf 93' lang='lat' dir='ltr'>in</span> <span class='ocrx_word' id='word_1_403' title='bbox 1543 1355 1582 1377; x_wconf 87' lang='lat' dir='ltr'>eo</span> <span class='ocrx_word' id='word_1_404' title='bbox 1601 1345 1671 1385; x_wconf 84' lang='lat' dir='ltr'>erit,</span> <span class='ocrx_word' id='word_1_405' title='bbox 1690 1346 1716 1378; x_wconf 89' lang='lat' dir='ltr'>si</span> 
     </span>
     <span class='ocr_line' id='line_1_74' title="bbox 974 1397 1717 1441; baseline 0.003 -11"><span class='ocrx_word' id='word_1_406' title='bbox 974 1397 1127 1441; x_wconf 88' lang='lat' dir='ltr'>impediri</span> <span class='ocrx_word' id='word_1_407' title='bbox 1148 1397 1278 1440; x_wconf 89' lang='lat' dir='ltr'>poterit,</span> <span class='ocrx_word' id='word_1_408' title='bbox 1293 1397 1362 1430; x_wconf 88' lang='lat' dir='ltr'>dari</span> <span class='ocrx_word' id='word_1_409' title='bbox 1380 1398 1557 1441; x_wconf 86' lang='lat' dir='ltr'>permittet,</span> <span class='ocrx_word' id='word_1_410' title='bbox 1573 1399 1630 1431; x_wconf 86' lang='lat' dir='ltr'>sed</span> <span class='ocrx_word' id='word_1_411' title='bbox 1651 1409 1717 1439; x_wconf 88' lang='lat' dir='ltr'>eos,</span> 
     </span>
     <span class='ocr_line' id='line_1_75' title="bbox 974 1451 1714 1494; baseline 0 -10"><span class='ocrx_word' id='word_1_412' title='bbox 974 1452 1061 1484; x_wconf 82' lang='lat' dir='ltr'>iuxta</span> <span class='ocrx_word' id='word_1_413' title='bbox 1086 1462 1181 1494; x_wconf 81' lang='lat' dir='ltr'>posse</span> <span class='ocrx_word' id='word_1_414' title='bbox 1206 1461 1321 1491; x_wconf 84' lang='lat' dir='ltr'>suum,</span> <span class='ocrx_word' id='word_1_415' title='bbox 1357 1451 1462 1484; x_wconf 89' lang='lat' dir='ltr'>donec</span> <span class='ocrx_word' id='word_1_416' title='bbox 1487 1452 1714 1492; x_wconf 85' lang='lat' dir='ltr'>convertant¹,</span> 
     </span>
     <span class='ocr_line' id='line_1_76' title="bbox 974 1505 1715 1549; baseline -0.001 -11"><span class='ocrx_word' id='word_1_417' title='bbox 974 1511 1190 1549; x_wconf 85' lang='lat' dir='ltr'>persequetur</span> <span class='ocrx_word' id='word_1_418' title='bbox 1216 1511 1247 1538; x_wconf 91' lang='lat' dir='ltr'>et</span> <span class='ocrx_word' id='word_1_419' title='bbox 1272 1505 1487 1548; x_wconf 79' lang='lat' dir='ltr'>impugnabit.</span> <span class='ocrx_word' id='word_1_420' title='bbox 1516 1505 1554 1537; x_wconf 93' lang='lat' dir='ltr'>Et</span> <span class='ocrx_word' id='word_1_421' title='bbox 1578 1505 1715 1538; x_wconf 90' lang='lat' dir='ltr'>ulterius</span> 
     </span>
     <span class='ocr_line' id='line_1_77' title="bbox 974 1557 1715 1602; baseline 0.001 -12"><span class='ocrx_word' id='word_1_422' title='bbox 974 1559 1131 1602; x_wconf 85' lang='lat' dir='ltr'>promitto</span> <span class='ocrx_word' id='word_1_423' title='bbox 1165 1559 1251 1601; x_wconf 87' lang='lat' dir='ltr'>quod</span> <span class='ocrx_word' id='word_1_424' title='bbox 1284 1557 1353 1601; x_wconf 87' lang='lat' dir='ltr'>ipse</span> <span class='ocrx_word' id='word_1_425' title='bbox 1383 1558 1514 1591; x_wconf 80' lang='lat' dir='ltr'>Carolus</span> <span class='ocrx_word' id='word_1_426' title='bbox 1551 1568 1606 1591; x_wconf 84' lang='lat' dir='ltr'>rex</span> <span class='ocrx_word' id='word_1_427' title='bbox 1632 1557 1715 1591; x_wconf 78' lang='lat' dir='ltr'>infra</span> 
     </span>
     <span class='ocr_line' id='line_1_78' title="bbox 974 1611 1715 1654; baseline 0 -11"><span class='ocrx_word' id='word_1_428' title='bbox 974 1622 1095 1644; x_wconf 88' lang='lat' dir='ltr'>annum</span> <span class='ocrx_word' id='word_1_429' title='bbox 1121 1611 1231 1644; x_wconf 87' lang='lat' dir='ltr'>omnia</span> <span class='ocrx_word' id='word_1_430' title='bbox 1257 1617 1287 1645; x_wconf 90' lang='lat' dir='ltr'>et</span> <span class='ocrx_word' id='word_1_431' title='bbox 1313 1611 1441 1654; x_wconf 80' lang='lat' dir='ltr'>singula</span> <span class='ocrx_word' id='word_1_432' title='bbox 1470 1611 1634 1644; x_wconf 84' lang='lat' dir='ltr'>mediante</span> <span class='ocrx_word' id='word_1_433' title='bbox 1660 1622 1715 1644; x_wconf 87' lang='lat' dir='ltr'>au-</span> 
     </span>
     <span class='ocr_line' id='line_1_79' title="bbox 975 1664 1714 1698; baseline 0.001 -1"><span class='ocrx_word' id='word_1_434' title='bbox 975 1668 1026 1698; x_wconf 74' lang='lat' dir='ltr'>rea</span> <span class='ocrx_word' id='word_1_435' title='bbox 1053 1666 1146 1698; x_wconf 75' lang='lat' dir='ltr'>Bulla</span> <span class='ocrx_word' id='word_1_436' title='bbox 1179 1664 1363 1697; x_wconf 83' lang='lat' dir='ltr'>ratificabit.</span> <span class='ocrx_word' id='word_1_437' title='bbox 1390 1664 1442 1698; x_wconf 84' lang='lat' dir='ltr'>Sic</span> <span class='ocrx_word' id='word_1_438' title='bbox 1475 1665 1594 1698; x_wconf 86' lang='lat' dir='ltr'>dictum</span> <span class='ocrx_word' id='word_1_439' title='bbox 1619 1664 1714 1698; x_wconf 90' lang='lat' dir='ltr'>Caro-</span> 
     </span>
     <span class='ocr_line' id='line_1_80' title="bbox 973 1718 1715 1761; baseline 0 -9"><span class='ocrx_word' id='word_1_440' title='bbox 973 1720 1040 1752; x_wconf 91' lang='lat' dir='ltr'>lum</span> <span class='ocrx_word' id='word_1_441' title='bbox 1062 1729 1172 1761; x_wconf 78' lang='lat' dir='ltr'>regem</span> <span class='ocrx_word' id='word_1_442' title='bbox 1190 1718 1273 1751; x_wconf 86' lang='lat' dir='ltr'>Deus</span> <span class='ocrx_word' id='word_1_443' title='bbox 1290 1718 1430 1758; x_wconf 82' lang='lat' dir='ltr'>adiuvet,</span> <span class='ocrx_word' id='word_1_444' title='bbox 1450 1724 1480 1752; x_wconf 86' lang='lat' dir='ltr'>et</span> <span class='ocrx_word' id='word_1_445' title='bbox 1507 1719 1587 1752; x_wconf 82' lang='lat' dir='ltr'>baec</span> <span class='ocrx_word' id='word_1_446' title='bbox 1604 1724 1715 1752; x_wconf 86' lang='lat' dir='ltr'>sancta</span> 
     </span>
     <span class='ocr_line' id='line_1_81' title="bbox 973 1771 1713 1816; baseline 0 -11"><span class='ocrx_word' id='word_1_447' title='bbox 973 1773 1028 1806; x_wconf 92' lang='lat' dir='ltr'>Dei</span> <span class='ocrx_word' id='word_1_448' title='bbox 1050 1772 1234 1816; x_wconf 81' lang='lat' dir='ltr'>Evangelia.</span> <span class='ocrx_word' id='word_1_449' title='bbox 1256 1790 1301 1795; x_wconf 80' lang='lat'><em>-</em></span> <span class='ocrx_word' id='word_1_450' title='bbox 1324 1771 1462 1812; x_wconf 71' lang='lat' dir='ltr'>Iuravit²‚</span> <span class='ocrx_word' id='word_1_451' title='bbox 1485 1777 1520 1804; x_wconf 90' lang='lat' dir='ltr'>ut</span> <span class='ocrx_word' id='word_1_452' title='bbox 1545 1783 1651 1815; x_wconf 85' lang='lat' dir='ltr'>supra.</span> <span class='ocrx_word' id='word_1_453' title='bbox 1672 1792 1713 1795; x_wconf 81' lang='lat'>——</span> 
     </span>
     <span class='ocr_line' id='line_1_82' title="bbox 972 1825 1669 1869; baseline -0.001 -10"><span class='ocrx_word' id='word_1_454' title='bbox 972 1826 1039 1869; x_wconf 76' lang='lat' dir='ltr'>Ego</span> <span class='ocrx_word' id='word_1_455' title='bbox 1064 1825 1226 1859; x_wconf 66' lang='lat' dir='ltr'>Tnomuus</span> <span class='ocrx_word' id='word_1_456' title='bbox 1250 1826 1336 1859; x_wconf 86' lang='lat' dir='ltr'>card.</span> <span class='ocrx_word' id='word_1_457' title='bbox 1367 1826 1405 1859; x_wconf 92' lang='lat' dir='ltr'>de</span> <span class='ocrx_word' id='word_1_458' title='bbox 1431 1826 1619 1863; x_wconf 55' lang='lat' dir='ltr'>Acouaviva</span> <span class='ocrx_word' id='word_1_459' title='bbox 1640 1838 1669 1858; x_wconf 67' lang='grc' dir='ltr'>ι).</span> 
     </span>
    </p>

    <p class='ocr_par' dir='ltr' id='par_1_10' title="bbox 971 1879 1716 2396">
     <span class='ocr_line' id='line_1_83' title="bbox 1016 1879 1714 1923; baseline 0 -11"><span class='ocrx_word' id='word_1_460' title='bbox 1016 1880 1108 1923; x_wconf 66' lang='lat'>545.</span> <span class='ocrx_word' id='word_1_461' title='bbox 1137 1879 1222 1913; x_wconf 90' lang='lat' dir='ltr'>Nulli</span> <span class='ocrx_word' id='word_1_462' title='bbox 1260 1889 1336 1922; x_wconf 82' lang='lat' dir='ltr'>ergo</span> <span class='ocrx_word' id='word_1_463' title='bbox 1373 1879 1509 1912; x_wconf 91' lang='lat' dir='ltr'>omnino</span> <span class='ocrx_word' id='word_1_464' title='bbox 1545 1879 1714 1912; x_wconf 90' lang='lat' dir='ltr'>hominum</span> 
     </span>
     <span class='ocr_line' id='line_1_84' title="bbox 972 1933 1713 1977; baseline -0.001 -11"><span class='ocrx_word' id='word_1_465' title='bbox 972 1934 1069 1967; x_wconf 84' lang='lat' dir='ltr'>liceat</span> <span class='ocrx_word' id='word_1_466' title='bbox 1094 1934 1177 1966; x_wconf 88' lang='lat' dir='ltr'>hanc</span> <span class='ocrx_word' id='word_1_467' title='bbox 1202 1933 1356 1977; x_wconf 80' lang='lat' dir='ltr'>paginam</span> <span class='ocrx_word' id='word_1_468' title='bbox 1374 1938 1503 1966; x_wconf 85' lang='lat' dir='ltr'>nostrae</span> <span class='ocrx_word' id='word_1_469' title='bbox 1522 1933 1713 1966; x_wconf 84' lang='lat' dir='ltr'>reservatio-</span> 
     </span>
     <span class='ocr_line' id='line_1_85' title="bbox 972 1986 1715 2030; baseline 0 -10"><span class='ocrx_word' id='word_1_470' title='bbox 972 1987 1032 2028; x_wconf 84' lang='lat' dir='ltr'>nis,</span> <span class='ocrx_word' id='word_1_471' title='bbox 1051 1987 1270 2028; x_wconf 82' lang='lat' dir='ltr'>admissionis,</span> <span class='ocrx_word' id='word_1_472' title='bbox 1289 1986 1512 2020; x_wconf 89' lang='lat' dir='ltr'>concessionis</span> <span class='ocrx_word' id='word_1_473' title='bbox 1526 2014 1533 2027; x_wconf 95' lang='lat'>,</span> <span class='ocrx_word' id='word_1_474' title='bbox 1553 1987 1715 2030; x_wconf 86' lang='lat' dir='ltr'>elargitio-</span> 
     </span>
     <span class='ocr_line' id='line_1_86' title="bbox 971 2040 1716 2081; baseline 0.001 -8"><span class='ocrx_word' id='word_1_475' title='bbox 971 2042 1032 2081; x_wconf 89' lang='lat' dir='ltr'>nis,</span> <span class='ocrx_word' id='word_1_476' title='bbox 1056 2040 1302 2081; x_wconf 74' lang='lat' dir='ltr'>infeudationis,</span> <span class='ocrx_word' id='word_1_477' title='bbox 1325 2040 1546 2081; x_wconf 87' lang='lat' dir='ltr'>investiturae,</span> <span class='ocrx_word' id='word_1_478' title='bbox 1573 2041 1716 2074; x_wconf 85' lang='lat' dir='ltr'>volunta-</span> 
     </span>
     <span class='ocr_line' id='line_1_87' title="bbox 974 2094 1715 2138; baseline 0 -11"><span class='ocrx_word' id='word_1_479' title='bbox 974 2095 1012 2128; x_wconf 88' lang='lat' dir='ltr'>tis</span> <span class='ocrx_word' id='word_1_480' title='bbox 1031 2096 1080 2128; x_wconf 91' lang='lat' dir='ltr'>vel</span> <span class='ocrx_word' id='word_1_481' title='bbox 1101 2094 1290 2128; x_wconf 89' lang='lat' dir='ltr'>intentionis</span> <span class='ocrx_word' id='word_1_482' title='bbox 1316 2095 1504 2138; x_wconf 81' lang='lat' dir='ltr'>infringere,</span> <span class='ocrx_word' id='word_1_483' title='bbox 1522 2095 1572 2128; x_wconf 89' lang='lat' dir='ltr'>vel</span> <span class='ocrx_word' id='word_1_484' title='bbox 1590 2094 1619 2127; x_wconf 89' lang='lat' dir='ltr'>ei</span> <span class='ocrx_word' id='word_1_485' title='bbox 1637 2105 1715 2128; x_wconf 86' lang='lat' dir='ltr'>ausu</span> 
     </span>
     <span class='ocr_line' id='line_1_88' title="bbox 973 2147 1715 2191; baseline 0.001 -10"><span class='ocrx_word' id='word_1_486' title='bbox 973 2149 1148 2182; x_wconf 86' lang='lat' dir='ltr'>temerario</span> <span class='ocrx_word' id='word_1_487' title='bbox 1175 2147 1335 2181; x_wconf 85' lang='lat' dir='ltr'>contraire</span> <span class='ocrx_word' id='word_1_488' title='bbox 1351 2159 1358 2189; x_wconf 90' lang='lat'>;</span> <span class='ocrx_word' id='word_1_489' title='bbox 1377 2148 1402 2180; x_wconf 84' lang='lat' dir='ltr'>si</span> <span class='ocrx_word' id='word_1_490' title='bbox 1428 2149 1498 2191; x_wconf 91' lang='lat' dir='ltr'>quis</span> <span class='ocrx_word' id='word_1_491' title='bbox 1524 2153 1633 2181; x_wconf 87' lang='lat' dir='ltr'>autem</span> <span class='ocrx_word' id='word_1_492' title='bbox 1651 2149 1715 2182; x_wconf 88' lang='lat' dir='ltr'>boc</span> 
     </span>
     <span class='ocr_line' id='line_1_89' title="bbox 972 2201 1713 2245; baseline 0 -10"><span class='ocrx_word' id='word_1_493' title='bbox 972 2207 1132 2235; x_wconf 85' lang='lat' dir='ltr'>attentare</span> <span class='ocrx_word' id='word_1_494' title='bbox 1159 2201 1428 2245; x_wconf 79' lang='lat' dir='ltr'>praesumpserit,</span> <span class='ocrx_word' id='word_1_495' title='bbox 1453 2202 1713 2245; x_wconf 80' lang='lat' dir='ltr'>indignationem</span> 
     </span>
     <span class='ocr_line' id='line_1_90' title="bbox 973 2255 1714 2300; baseline 0 -12"><span class='ocrx_word' id='word_1_496' title='bbox 973 2255 1210 2300; x_wconf 88' lang='lat' dir='ltr'>omnipotentis</span> <span class='ocrx_word' id='word_1_497' title='bbox 1236 2255 1291 2288; x_wconf 91' lang='lat' dir='ltr'>Dei</span> <span class='ocrx_word' id='word_1_498' title='bbox 1318 2265 1353 2288; x_wconf 82' lang='lat' dir='ltr'>ac</span> <span class='ocrx_word' id='word_1_499' title='bbox 1377 2256 1549 2288; x_wconf 86' lang='lat' dir='ltr'>beatorum</span> <span class='ocrx_word' id='word_1_500' title='bbox 1575 2255 1660 2288; x_wconf 88' lang='lat' dir='ltr'>Petri</span> <span class='ocrx_word' id='word_1_501' title='bbox 1683 2261 1714 2288; x_wconf 92' lang='lat' dir='ltr'>et</span> 
     </span>
     <span class='ocr_line' id='line_1_91' title="bbox 972 2309 1714 2353; baseline -0.001 -11"><span class='ocrx_word' id='word_1_502' title='bbox 972 2310 1063 2342; x_wconf 87' lang='lat' dir='ltr'>Pauli</span> <span class='ocrx_word' id='word_1_503' title='bbox 1088 2310 1316 2353; x_wconf 87' lang='lat' dir='ltr'>apostolorum</span> <span class='ocrx_word' id='word_1_504' title='bbox 1350 2309 1418 2342; x_wconf 86' lang='lat' dir='ltr'>eius</span> <span class='ocrx_word' id='word_1_505' title='bbox 1449 2319 1483 2342; x_wconf 87' lang='lat' dir='ltr'>se</span> <span class='ocrx_word' id='word_1_506' title='bbox 1508 2309 1636 2342; x_wconf 89' lang='lat' dir='ltr'>noverit</span> <span class='ocrx_word' id='word_1_507' title='bbox 1665 2309 1714 2342; x_wconf 87' lang='lat' dir='ltr'>in-</span> 
     </span>
     <span class='ocr_line' id='line_1_92' title="bbox 973 2373 1152 2396; baseline 0 0"><span class='ocrx_word' id='word_1_508' title='bbox 973 2373 1152 2396; x_wconf 86' lang='lat' dir='ltr'>cursurum.</span> 
     </span>
    </p>

    <p class='ocr_par' dir='ltr' id='par_1_11' title="bbox 972 2415 1714 2511">
     <span class='ocr_line' id='line_1_93' title="bbox 1016 2415 1714 2460; baseline -0.001 -11"><span class='ocrx_word' id='word_1_509' title='bbox 1016 2417 1128 2449; x_wconf 87' lang='lat' dir='ltr'>Datum</span> <span class='ocrx_word' id='word_1_510' title='bbox 1155 2416 1293 2457; x_wconf 88' lang='lat' dir='ltr'>Romae,</span> <span class='ocrx_word' id='word_1_511' title='bbox 1319 2416 1405 2460; x_wconf 86' lang='lat' dir='ltr'>apud</span> <span class='ocrx_word' id='word_1_512' title='bbox 1430 2415 1461 2449; x_wconf 87' lang='lat' dir='ltr'>S.</span> <span class='ocrx_word' id='word_1_513' title='bbox 1496 2415 1626 2448; x_wconf 86' lang='lat' dir='ltr'>Mariam</span> <span class='ocrx_word' id='word_1_514' title='bbox 1651 2415 1714 2448; x_wconf 83' lang='lat' dir='ltr'>Ma-</span> 
     </span>
     <span class='ocr_line' id='line_1_94' title="bbox 972 2468 1712 2511; baseline 0.001 -9"><span class='ocrx_word' id='word_1_515' title='bbox 972 2470 1101 2511; x_wconf 86' lang='lat' dir='ltr'>iorem,</span> <span class='ocrx_word' id='word_1_516' title='bbox 1135 2480 1220 2503; x_wconf 90' lang='lat' dir='ltr'>anno</span> <span class='ocrx_word' id='word_1_517' title='bbox 1257 2468 1493 2503; x_wconf 81' lang='lat' dir='ltr'>incarnationis</span> <span class='ocrx_word' id='word_1_518' title='bbox 1532 2469 1712 2503; x_wconf 86' lang='lat' dir='ltr'>dominicae</span> 
     </span>
    </p>
   </div>
   <div class='ocr_carea' id='block_1_9' title="bbox 1006 2539 1561 2620">
    <p class='ocr_par' dir='ltr' id='par_1_12' title="bbox 1006 2539 1561 2620">
     <span class='ocr_line' id='line_1_95' title="bbox 1008 2539 1492 2571; baseline -0.004 -3"><span class='ocrx_word' id='word_1_519' title='bbox 1008 2542 1019 2568; x_wconf 91' lang='lat'>1</span> <span class='ocrx_word' id='word_1_520' title='bbox 1043 2540 1142 2568; x_wconf 82' lang='lat' dir='ltr'>Forsan</span> <span class='ocrx_word' id='word_1_521' title='bbox 1162 2542 1369 2568; x_wconf 70' lang='lat' dir='ltr'>convertantur</span> <span class='ocrx_word' id='word_1_522' title='bbox 1388 2540 1426 2571; x_wconf 80' lang='lat' dir='ltr'>(n.</span> <span class='ocrx_word' id='word_1_523' title='bbox 1444 2539 1492 2571; x_wconf 87' lang='lat' dir='ltr'>T.).</span> 
     </span>
     <span class='ocr_line' id='line_1_96' title="bbox 1006 2583 1561 2620; baseline -0.004 -8"><span class='ocrx_word' id='word_1_524' title='bbox 1006 2585 1022 2612; x_wconf 73' lang='lat'><strong>2</strong></span> <span class='ocrx_word' id='word_1_525' title='bbox 1042 2586 1147 2614; x_wconf 83' lang='lat' dir='ltr'>Forsan</span> <span class='ocrx_word' id='word_1_526' title='bbox 1167 2584 1315 2620; x_wconf 80' lang='lat' dir='ltr'>tegendum</span> <span class='ocrx_word' id='word_1_527' title='bbox 1334 2584 1437 2612; x_wconf 74' lang='lat' dir='ltr'>Iuravt&#39;</span> <span class='ocrx_word' id='word_1_528' title='bbox 1459 2584 1495 2620; x_wconf 74' lang='lat' dir='ltr'>(R.</span> <span class='ocrx_word' id='word_1_529' title='bbox 1512 2583 1561 2619; x_wconf 87' lang='lat' dir='ltr'><strong>T.).</strong></span> 
     </span>
    </p>
   </div>
   <div class='ocr_carea' id='block_1_10' title="bbox 1620 168 1917 206">
    <p class='ocr_par' dir='ltr' id='par_1_13' title="bbox 1620 168 1917 206">
     <span class='ocr_line' id='line_1_97' title="bbox 1620 168 1917 206; baseline 0.017 -5"><span class='ocrx_word' id='word_1_530' title='bbox 1620 168 1684 202; x_wconf 75' lang='grc'>385</span> <span class='ocrx_word' id='word_1_531' title='bbox 1730 177 1782 204; x_wconf 82' lang='lat' dir='ltr'>An.</span> <span class='ocrx_word' id='word_1_532' title='bbox 1799 176 1827 205; x_wconf 90' lang='lat' dir='ltr'>C.</span> <span class='ocrx_word' id='word_1_533' title='bbox 1849 176 1917 206; x_wconf 72' lang='lat'>1738</span> 
     </span>
    </p>
   </div>
   <div class='ocr_carea' id='block_1_11' title="bbox 1753 1889 1875 1912">
    <p class='ocr_par' dir='ltr' id='par_1_14' title="bbox 1753 1889 1875 1912">
     <span class='ocr_line' id='line_1_98' title="bbox 1753 1889 1875 1912; baseline 0.016 -2"><span class='ocrx_word' id='word_1_534' title='bbox 1753 1889 1875 1912; x_wconf 74' lang='lat' dir='ltr'>Clausulas.</span> 
     </span>
    </p>
   </div>
  </div>
 </body>
</html>
