2232 3178
25 226 75 255 An.
92 224 122 252 C.
143 223 211 252 ¹735

215 271 422 311 abolitionis,
448 271 596 312 decreti,
623 270 862 311 declarationis,
889 281 957 304 ere-

217 325 355 365 ctionis,
380 324 636 366 iurisdictionis,
662 325 893 364 subiectionis,
921 324 955 357 li-

215 379 362 419 centiae,
396 378 652 421 immi-titionis,
679 378 902 420 derogationis
928 383 959 411 et

215 433 390 466 voluntatis
415 432 617 475 infringere,
655 433 704 465 vel
731 433 760 465 ei
787 442 866 464 ausu
906 437 955 465 te-

214 486 356 519 merario
391 485 580 526 contraire,
608 486 634 518 si
660 485 733 529 quis
761 491 868 518 autem
895 485 959 518 lioc

214 544 375 572 attentare
398 539 667 582 praesumpserit,
696 538 959 581 indignationem

215 592 453 636 omnipotentis
485 593 540 625 Dei
559 603 595 625 ac
619 591 789 625 beatorum
816 592 902 624 Petri
929 598 960 625 et

215 646 304 680 Pauli
332 647 557 689 apostolorum
590 646 658 679 eius
693 656 726 679 se
752 645 880 679 noverit
905 645 956 678 in-

216 710 401 733 cursurum.

258 753 374 786 Datum
400 753 532 793 Romae,
565 753 649 796 apud
676 752 705 786 S.
735 752 864 785 Mariam
897 753 960 785 Ma-

215 808 341 847 iorem,
379 817 465 839 anno
502 806 737 839 Incarnationis
774 806 960 839 dominicae

215 869 396 899 iinccxxim
415 870 443 892 1x
470 859 627 892 kalendas
654 858 803 899 ianuarii,
830 858 961 902 pontiti-

215 919 306 948 catus
332 914 435 947 nostri
462 923 547 946 anno
573 923 615 946 v1.

252 975 312 1003 Dat.
333 975 376 1003 die
396 976 432 1003 Ἡ
451 975 606 1002 decembris
623 975 702 1009 1735,
721 974 815 1010 pontif.
833 983 904 1002 anno
925 981 959 1002 Vt.

504 1029 539 1062 F.
568 1029 657 1062 card.
685 1028 869 1063 OleEntus.

529 1183 658 1216 CLXXI.

219 1255 431 1298 Confirmatio
456 1253 573 1288 decreti
605 1253 872 1297 Coiiyreqati‘onis
896 1253 963 1296 epi-

261 1319 430 1352 scoporum
455 1307 727 1351 et*⁷·e9ularz'zem,
755 1317 818 1350 quo
842 1305 963 1349 prohi-

262 1363 353 1395 betur
388 1362 424 1394 in
454 1362 606 1404 futurum
643 1360 787 1404 capitulo
815 1359 964 1403 qenerali

264 1414 399 1448 Ordinis
423 1415 567 1457 fratrum
592 1414 817 1448 Eremiturmn
843 1414 876 1446 S.
896 1413 964 1446 Au-

261 1468 390 1512 qustim'
405 1468 672 1501 Excalcealorwn
699 1471 964 1510 nimcupulorum

264 1522 533 1565 Conqreqaliom's
556 1522 741 1565 Hispaniae
777 1526 804 1554 et
840 1520 963 1554 India-

264 1576 540 1619 rimi‚quomimts
565 1576 714 1608 concedat
736 1574 961 1619 provinciola-

266 1634 316 1663 tus
342 1630 544 1663 lzonorarios.

435 1711 570 1737 Clemens
591 1711 672 1744 Papa
691 1710 757 1744 XII,

363 1756 400 1783 ad
419 1756 556 1783 futuram
575 1756 620 1783 rei
636 1755 822 1782 memoriam.

79 1837 159 1858 Abusus
189 1836 209 1857 in

264 1829 279 1872 ἓ
306 1828 338 1861 t.
365 1827 473 1871 Nuper
498 1838 559 1871 pro
585 1832 675 1871 parte
702 1827 812 1860 dilecti
839 1826 894 1860 filii
914 1827 965 1859 Al-

26 1863 340 1926 ἷῦἷξῖἶῖωῗῖῗῖῗρὴοηεί
379 1893 396 1915 a
428 1882 637 1924 Magdatena,
667 1882 774 1914 fratris
813 1891 964 1924 expresse

27 1917 107 1938 ‹li-trum
153 1922 209 1936 inve-

27 1935 360 1991 Kukssz'sslsslf'ft'pmseSSi
387 1946 423 1968 ae
447 1935 557 1968 vicarii
585 1935 748 1977 generalis
774 1935 962 1977 Congrega-

27 1997 208 2046 ιμᾮεοῇᾞιιιῐηυυ
222 1989 318 2022 tionis
356 1989 530 2032 Hispaniae
568 1994 600 2021 et
635 1989 798 2021 Indiaruin
838 1988 964 2021 Ordinis

71 2042 74 2043 ⁷
159 2039 164 2044 “
220 2042 430 2075 Eremitarum
449 2042 480 2075 S.
498 2041 671 2085 Augustini
692 2042 963 2075 Disralceatorum

221 2102 498 2138 nuncupatorum,
525 2095 775 2139 Congregationi
795 2095 962 2129 venerabi-

220 2149 299 2183 lium
327 2150 458 2182 sratrum
484 2155 671 2183 nostrorum
694 2150 725 2182 S.
747 2149 784 2182 R.
806 2149 839 2182 E.
861 2150 964 2182 cardi-

220 2203 341 2237 nalium
369 2202 508 2245 negotiis
534 2208 565 2236 et
590 2203 883 2236 consultationibus
902 2203 965 2246 epi-

221 2267 396 2300 scoporum
444 2261 476 2288 et
514 2256 709 2298 regularium
754 2256 963 2299 praepositae

221 2310 377 2354 exposito,
406 2310 492 2353 quod
518 2310 667 2353 pluribus
693 2310 732 2343 ab
760 2310 836 2342 binc
871 2310 962 2343 annis

221 2364 253 2396 in
279 2363 392 2396 eadem
415 2363 677 2406 Congregatione
703 2363 820 2396 abusus
847 2364 963 2396 eonse-

221 2417 313 2450 rendi
333 2416 500 2450 nonnullis
518 2416 676 2460 religiosis
694 2417 963 2460 Congregationis

220 2470 402 2514 praefatae,
429 2470 484 2514 qui
517 2481 634 2502 munus
669 2470 806 2503 ministri
832 2470 963 2514 provin-

221 2524 312 2556 cialis
337 2523 471 2556 minime
498 2528 720 2563 exercuerant,
747 2524 877 2566 gradus,
905 2524 963 2557 lio-

223 2587 329 2617 nores,
349 2586 471 2617 vocem,
492 2576 663 2619 privilegia
680 2581 712 2609 et
729 2576 962 2620 exemptiones,

223 2630 340 2674 quibus
377 2629 518 2674 gaudere
552 2630 700 2664 solebant
735 2629 783 2664 illi
809 2630 863 2674 qui
889 2640 963 2674 pro-

851 220 995 246 CLEMENS
1021 221 1036 244 X
1042 220 1065 245 11
1089 221 1137 245 ΡΡ.

1646 213 1711 248 103
1756 224 1850 252 Aac.
1871 226 1936 254 1736

1001 270 1192 304 vincialatus
1232 270 1419 305 huiusmodi
1468 282 1602 305 munere
1644 273 1744 306 suncti

1002 324 1145 365 suerunt,
1164 335 1235 358 cum
1263 325 1393 358 nomine
1412 326 1660 370 provincialium
1688 328 1745 360 lio-

1002 378 1217 418 norariorum,
1246 379 1434 423 irrepserat,
1459 384 1627 423 totumque
1653 379 1683 412 id
1711 380 1743 412 in

1003 431 1236 465 detrimentum
1263 432 1423 475 regularis
1449 432 1674 466 observantiae
1699 445 1746 467 re-

1003 485 1180 526 dundabat,
1201 486 1386 519 ambitionis
1405 497 1532 519 causam
1552 487 1742 530 praebebat,

1004 545 1036 572 et
1061 539 1093 572 in
1120 539 1289 582 religionis
1316 540 1441 573 ruinam
1469 541 1632 581 tendebat,
1661 541 1745 574 inter

1004 593 1178 635 religiosos
1210 593 1363 626 invidiam
1395 594 1587 634 concitabat,
1615 605 1744 628 necnon

1004 646 1036 678 in
1062 646 1171 679 multis
1197 646 1330 679 dissidia
1356 647 1497 688 fovebat,
1523 647 1653 680 videns*
1680 658 1745 681 non

1005 710 1077 733 esse
1113 701 1317 734 necessarios
1355 701 1485 733 labores
1518 700 1550 732 in
1583 701 1745 744 religione

1004 764 1063 797 pro
1081 753 1288 797 acquirendis
1304 753 1367 786 illis
1386 754 1566 786 honoribus
1584 760 1616 787 et
1640 765 1746 787 exem-

1005 808 1171 851 ptionibus
1205 807 1258 851 qui
1296 808 1335 840 de
1363 807 1432 840 iure
1457 807 1562 840 solum
1595 807 1658 840 illis
1688 807 1747 840 im—

1004 861 1241 905 pertiebantur,
1275 861 1373 904 idque
1406 860 1540 893 aliarum
1572 860 1746 894 dissensio-

1006 925 1081 947 num
1107 925 1203 947 causa
1229 915 1347 947 suerat:

1050 967 1112 1011 §2
1127 968 1162 1001 Et
1177 968 1208 1000 in
1224 968 1337 1000 eadem
1353 967 1556 1012 expositione
1572 968 1745 1002 subiuncto

1006 1022 1092 1066 quod
1112 1021 1287 1065 capitulum
1306 1022 1459 1064 generale
1478 1022 1584 1055 dictae
1610 1022 1747 1065 Congre-
1813 1031 1941 1067 rustum&

1006 1076 1144 1120 gationis
1166 1076 1217 1109 die
1234 1086 1272 1109 xx
1292 1075 1366 1108 maii
1385 1075 1533 1119 proxime
1551 1076 1678 1109 venturi
1697 1058 1941 1110 ce-fss'f'¹d⁹.[‘1¹'³sl.¹iqiii3

1006 1128 1199 1162 lebrandum
1219 1133 1297 1168 erat,
1313 1126 1356 1160 et⁴²
1370 1128 1440 1171 ipse
1455 1128 1643 1171 Alpbonsus
1658 1138 1748 1171 prae-
1759 1114 1801 1132 ω’

1006 1181 1134 1215 videbat
1151 1181 1249 1225 quod,
1271 1181 1358 1214 iuxta
1383 1181 1517 1214 abusum
1543 1181 1747 1225 praedictum

1006 1237 1039 1269 in
1060 1235 1327 1269 antecedentibus
1345 1235 1495 1278 capitulis
1517 1235 1747 1277 introductum,

1006 1291 1116 1323 forsan
1143 1289 1244 1332 aliqui
1270 1299 1335 1322 nou
1362 1288 1524 1330 deliciunt,
1547 1289 1599 1332 qui
1627 1289 1748 1323 similes

1007 1344 1139 1387 gradus,
1165 1343 1308 1376 honores
1343 1348 1375 1376 et
1408 1343 1628 1386 exemptiones
1654 1343 1749 1376 mini-

1007 1405 1150 1431 strorum
1175 1397 1431 1442 provincialium,
1458 1397 1581 1441 absque
1604 1408 1641 1431 eo
1660 1398 1748 1441 quod

1007 1452 1145 1485 ministri
1182 1451 1403 1495 provinciales
1443 1451 1580 1491 suerint,
1605 1453 1749 1495 postula-

1008 1511 1100 1548 rent3
1134 1506 1273 1549 ideoque
1306 1516 1365 1549 pro
1398 1511 1491 1550 parte
1525 1505 1670 1538 eiusdem
1696 1506 1750 1538 At-

1008 1561 1124 1605 plionsi
1147 1561 1310 1605 praefatae
1329 1560 1582 1603 Congregationi
1603 1559 1751 1592 cardina-

1008 1615 1085 1648 lium
1115 1614 1307 1657 supplicato,
1333 1619 1381 1654 ut,
1407 1613 1446 1646 ad
1471 1613 1749 1656 praecludendam

1009 1668 1136 1701 ianuam
1166 1668 1204 1700 ad
1240 1672 1303 1700 tam
1337 1666 1537 1710 perniciosas
1561 1666 1751 1710 postulatio-

1009 1733 1066 1755 nes
1103 1727 1133 1755 et
1169 1722 1205 1755 ad
1243 1721 1481 1765 providendum
1509 1726 1555 1754 tot
1579 1721 1749 1761 abusibus,

1009 1783 1072 1809 tam
1099 1775 1219 1809 vicario
1245 1774 1403 1817 generali,
1421 1785 1457 1807 ac
1477 1774 1671 1817 cuicumque
1698 1774 1751 1806 alii

1008 1840 1067 1873 pro
1100 1834 1246 1871 tempore
1273 1827 1420 1861 existenti
1449 1827 1629 1870 superiori,
1655 1838 1752 1871 quam

1009 1883 1239 1916 definitoribus
1265 1892 1301 1914 ac
1326 1881 1476 1925 capitulis
1495 1881 1751 1924 provincialibus

1008 1943 1039 1969 et
1063 1936 1273 1979 generalibus
1301 1934 1421 1968 similes
1447 1935 1565 1977 gradus
1592 1941 1623 1968 et
1648 1945 1752 1968 exem-

1008 1991 1138 2034 ptiones
1163 1989 1353 2023 conserendi
1380 1989 1564 2021 facultatem
1601 1988 1751 2021 interdici

1008 2044 1187 2088 plurimum
1225 2042 1397 2086 cupiebat,
1424 2048 1455 2075 et
1480 2052 1577 2081 casu,
1604 2053 1667 2086 quo
1704 2041 1751 2075 illi

1009 2099 1162 2142 deinceps
1177 2103 1287 2130 contra
1303 2096 1557 2140 prohibitionem
1573 2096 1750 2140 praefatam

1008 2151 1167 2185 eiusmodi
1182 2151 1302 2194 gradus
1318 2150 1469 2183 conferre
1484 2150 1650 2190 auderent,
1669 2150 1752 2183 nulli

1008 2210 1039 2238 et
1060 2205 1144 2237 irriti
1168 2205 1382 2237 haberentur:
1401 2203 1561 2237 emanavit
1587 2213 1603 2235 a
1628 2202 1753 2246 praedi-

1008 2262 1057 2293 cta
1072 2258 1333 2301 Congregatione
1352 2257 1566 2290 cardinalium
1587 2256 1751 2290 decretum

1010 2313 1133 2346 tenoris
1160 2312 1216 2356 qui
1242 2311 1400 2355 sequitur,
1425 2310 1596 2344 videlicet:

1047 2378 1134 2408 Sacra
1168 2376 1358 2415 Congregatio
1391 2375 1690 2406 eminentissimorum
1724 2379 1751 2404 et
1774 2380 1946 2401 necminmoon-

1007 2427 1321 2458 reverendissimorum
1360 2426 1388 2456 S.
1421 2426 1454 2455 lt.
1486 2425 1516 2454 E.
1558 2424 1749 2454 cardinalium
1762 2411 1947 2459 5{?L.².3¹.‡¹122.”.'31‘'.¹213

1007 2477 1135 2515 negotiis
1160 2480 1188 2506 et
1210 2474 1478 2505 consultationibus
1494 2474 1699 2513 episcoporum
1723 2461 1867 2507 etfig¹c³¹'¹'¹¹¹
1884 2467 1946 2486 ΝΜ

1008 2525 1185 2564 regularium
1205 2523 1379 2563 praeposita,
1397 2524 1507 2552 attenta
1525 2522 1667 2552 relatione
1685 2531 1748 2562 pro-

1043 2593 1054 2619 ¹1
1080 2593 1179 2619 Forsan
1202 2591 1328 2618 videntes
1348 2594 1395 2616 aut
1416 2589 1578 2616 vitlentz'btcs
1597 2592 1635 2623 (n.
1653 2590 1701 2623 T.).

1043 2638 1058 2664 2
1081 2636 1246 2664 Particulain
1268 2638 1293 2663 ee
1314 2642 1363 2662 nos
1383 2634 1508 2661 addimus
1527 2641 1565 2669 tn.
1584 2635 1633 2668 T.).
