2232 3178
48 177 94 203 An.
111 174 140 202 C.
162 174 230 202 1740

84 237 132 257 Car.
149 236 193 257 XX.

71 264 98 284 be
115 263 229 283 hebdoma-

49 291 109 311 dario
121 295 214 311 mensae.

99 1355 150 1376 Cae.
165 1356 180 1377 l.

77 1382 106 1402 De
119 1388 235 1408 congr-eea·

50 1409 107 1429 tione
122 1410 225 1435 generali.

846 174 990 198 CLEMt-:Ns
1016 172 1062 196 xl!
1089 173 1139 197 FP.

279 233 298 254 ι.
324 224 419 254 Abbas
451 224 638 263 monasterii,
663 233 712 254 seu
746 224 809 254 eius
842 222 980 259 vicarius,

240 272 365 312 singulis
387 273 580 303 hebdomadis
602 273 764 312 catalogum
789 272 886 310 faciet,
911 281 979 311 qu0,

240 331 292 361 per
314 326 432 352 turnum
462 322 670 352 monachorum
701 321 832 351 omnium
862 321 912 360 qui
942 320 982 350 le-

241 379 308 408 gere
325 374 444 408 norunt,
459 375 575 400 notetur
591 370 836 399 hebdomadarius
853 377 980 398 mensae.

272 428 309 448 «ιι.
332 419 466 449 Officium
490 419 707 448 hebdomadarii
732 427 848 447 mensae
877 422 919 447 est
948 417 983 447 li-

242 467 311 498 bros
333 468 367 498 ad
391 477 520 498 mensam
544 467 650 506 legere.
669 467 711 497 Ab
727 467 781 497 hoc
804 466 899 496 ol'ficio
921 466 984 495 exi-

242 516 332 546 mitur
354 516 445 546 abbas
468 516 649 546 monasterii.

281 574 321 594 111.
347 564 600 594 Ilebdomadarius
623 573 740 594 mensae
763 563 852 593 libros
875 572 927 602 pro
944 563 985 593 le-

242 613 340 643 ctione
374 617 440 643 ante
474 622 605 643 mensam
637 617 754 652 apertos
791 612 920 648 habeat3
957 616 985 641 et

242 661 358 700 quando
389 661 476 700 leget,
500 661 631 692 attendat
664 661 693 690 in
725 670 783 700 quo
813 661 985 690 emendetur

243 710 279 739 ab
301 709 405 739 abbate
427 714 477 739 aut
500 710 609 740 vicario
624 720 631 747 ς
649 714 676 739 et
691 709 864 739 emendatus
887 718 986 738 assur-

243 763 292 797 gat
314 768 378 788 cum
402 759 577 793 humilitate,
594 763 622 788 et
643 762 767 798 repetat,
787 762 872 797 prout
888 767 986 788 emen-

243 808 327 837 datus
350 808 447 837 suerit.
471 807 513 836 Ad
536 807 650 845 signum
674 806 790 836 abbatis
812 810 861 836 aut
885 807 985 836 vicarii

245 856 325 886 finiet
348 857 525 893 lectionem;
549 856 615 886 libri
639 860 747 894 autem,
765 856 814 894 qui
838 855 984 894 legentur,

244 909 326 934 sunt:
363 905 449 935 Sacra
482 904 650 944 Scriptura,
685 905 762 934 vitae
796 908 984 941 sanctorum,

247 953 368 983 historia
385 952 593 991 ecclesiastica,
609 957 637 982 et
653 962 741 992 opera
759 953 896 992 ascetica,
912 963 986 993 quae

244 1001 279 1030 ab
303 1001 406 1031 abbate
429 1002 572 1039 assignari
598 1001 715 1039 debent,
734 1005 848 1031 servato
871 1002 984 1040 ordine,

246 1055 276 1080 ut
308 1051 433 1090 primum
465 1050 600 1088 legantur
632 1050 743 1089 aliquot
778 1051 913 1081 versiculi
949 1060 986 1080 ex

244 1099 413 1138 Scriptura,
437 1099 543 1128 deinde
572 1099 709 1129 succedat
739 1100 824 1129 lectio
853 1109 891 1128 ex
919 1099 986 1129 vitis

246 1152 425 1181 sanctorum,
456 1153 506 1178 aut
529 1157 562 1177 ex
586 1148 710 1177 historia
732 1149 942 1186 ecclesiastica,
960 1152 987 1178 et

246 1196 400 1227 claudatur
415 1196 542 1227 lectione
559 1197 683 1226 alicuius
701 1201 840 1238 tractatus
856 1197 985 1227 ascetici.

498 1281 573 1302 PARS
604 1281 732 1306 Qt'ARTA.

286 1353 305 1374 1.
329 1343 521 1382 Congregatio
551 1343 697 1381 generalis
730 1343 764 1373 de
798 1343 923 1374 triennio
957 1344 986 1373 in

248 1394 405 1424 triennium
429 1393 606 1432 celebretur,
625 1393 679 1423 nisi
704 1395 777 1424 sorte
800 1394 836 1424 ob
859 1394 987 1434 aliquam

246 1447 400 1482 urgentem
430 1443 632 1472 necessitatem
663 1447 739 1473 esset
767 1443 986 1482 anticipandum

247 1496 360 1531 tempus
390 1495 439 1521 aut
469 1491 680 1530 prorogandum
713 1501 747 1521 ex
775 1491 892 1521 decreto
919 1501 989 1521 con-

246 1540 424 1580 gregationis
454 1540 702 1578 hegmnenorum,
727 1541 803 1580 quod
830 1540 915 1570 debet
939 1550 988 1580 op-

246 1593 370 1628 portune
388 1589 440 1619 toti
457 1588 558 1619 Ordini
582 1589 754 1627 significari.
773 1590 861 1619 Casus
877 1593 986 1625 autem,

246 1638 281 1668 ob
304 1647 376 1678 quos
397 1638 585 1676 congregatio
608 1638 752 1675 generalis
775 1638 927 1677 prorogari
944 1638 987 1667 vel

245 1686 401 1726 anticipari
426 1690 530 1725 potest,
555 1691 634 1716 sunt:
653 1704 687 1708 —
706 1686 820 1724 Primo,
846 1696 923 1716 mors
942 1686 989 1716 ab·

246 1735 321 1766 batis
343 1736 500 1774 generalis,
518 1740 567 1766 aut
583 1736 646 1766 eius
662 1736 697 1766 ad
714 1736 847 1765 altiorem
866 1736 991 1774 dignita-

247 1790 304 1816 tem
334 1786 494 1824 promotio,
519 1789 569 1815 aut
591 1785 706 1824 quando
728 1785 763 1815 de
786 1785 916 1814 eiusdem
941 1785 990 1815 de-

247 1834 404 1873 positione,
428 1834 621 1873 suspensione
639 1834 681 1863 vel
698 1833 815 1873 publica
831 1834 991 1873 reprehen-

246 1883 328 1913 sione
360 1883 505 1921 agendum
538 1883 597 1921 sit,
631 1887 662 1913 ut
690 1883 798 1913 dictum
829 1887 872 1913 est
901 1892 988 1922 supra

247 1937 328 1972 parte
351 1941 392 1969 ιιι,
416 1941 480 1971 cap.
505 1941 543 1969 tv,
567 1942 596 1961 n.
621 1941 657 1962 11:
685 1951 716 1955 —-
742 1932 850 1962 Deinde
875 1932 988 1972 publica

249 1991 347 2012 rerum
371 1981 583 2020 regionumque
615 1980 795 2020 perturbatio
817 1981 853 2010 ob
880 1984 990 2020 pestem

248 2030 292 2060 vol
315 2030 437 2067 bellum,
457 2034 507 2060 aut
528 2034 647 2069 propter
671 2030 902 2069 persecutionem
925 2030 991 2060 infi-

247 2079 355 2110 delium
388 2080 432 2109 vel
463 2079 678 2109 haereticorum
711 2078 756 2109 vel
788 2079 989 2108 schismatico-

249 2138 339 2167 rum,
373 2133 422 2158 aut
454 2137 639 2158 communem
673 2128 762 2158 totius
795 2128 914 2158 Ordinis
947 2128 990 2157 vel

249 2177 454 2216 principalium
498 2177 701 2216 potiorumque
745 2176 989 2207 monasteriorum

249 2226 474 2262 necessitatem,
505 2234 579 2264 quae
612 2225 719 2255 iudicio
756 2226 991 2264 congregationis

250 2274 480 2312 hegumenorum
509 2282 617 2311 urgens
645 2274 704 2303 visa
737 2274 840 2303 suerit:
870 2275 898 2303 in
934 2284 991 2313 quo

249 2323 441 2353 nihilominus
464 2332 533 2352 casu
556 2322 781 2360 significandum
810 2323 838 2352 id
865 2324 921 2353 erit
943 2323 992 2353 ab·

249 2368 365 2401 batibus
389 2371 645 2401 monasteriorum.

290 2429 320 2450 11.
346 2421 437 2450 Penes
457 2420 591 2450 abbatem
615 2420 780 2458 generalem
806 2424 849 2450 est
872 2430 993 2459 congre-

250 2469 396 2507 gationem
427 2469 568 2507 indicere,
592 2469 678 2508 eique
702 2469 867 2508 praesidere
901 2480 992 2509 usque

251 2518 286 2548 ad
322 2518 499 2548 successoris
534 2518 719 2548 electionem.
759 2518 787 2548 Si
826 2528 894 2548 vero
930 2519 992 2559 ipse

252 2571 385 2598 mortuus
406 2567 494 2598 suerit
516 2571 566 2598 aut
590 2571 753 2607 promotus,
771 2572 819 2599 aut
843 2568 877 2598 dc
899 2568 992 2608 ipsius

1024 223 1113 252 causa
1131 221 1354 252 consultandum
1378 223 1426 257 sit,
1445 228 1514 253 tunc
1533 223 1566 253 ad
1584 223 1765 262 liegumenos

1024 271 1166 311 spectabit
1195 271 1274 301 illam
1306 271 1456 309 indicere,
1487 272 1572 312 eique
1599 272 1766 312 praesidere

1026 330 1117 360 usque
1139 322 1173 351 ad
1197 322 1262 351 novi
1286 321 1398 351 abbatis
1420 322 1566 360 generalis
1581 322 1765 358 electionem,

1026 374 1074 398 aut
1097 370 1203 399 veteris
1228 370 1379 409 probatam
1410 370 1626 400 innocentiam:
1651 371 1767 400 servate

1026 426 1140 456 semper
1174 418 1272 448 vicarii
1305 419 1450 457 generalis
1483 418 1560 448 inter
1588 422 1767 457 hegumenos

1027 467 1276 505 praeeminentia,
1293 472 1325 497 ut
1348 467 1458 497 dictum
1481 472 1524 497 est
1546 467 1627 497 alibi.
1645 468 1768 498 Vivente

1027 521 1123 546 tamen
1156 516 1258 546 abbate
1291 517 1438 555 generali,
1461 517 1549 547 etiam
1584 517 1701 556 quando
1734 517 1768 546 de

1027 565 1120 603 ipsius
1150 566 1239 594 causa
1265 565 1409 603 agendum
1441 569 1496 603 est,
1521 566 1550 595 in
1584 565 1702 601 titteris,
1739 565 1767 595 in

1028 612 1136 652 quibus
1159 612 1194 642 ab
1214 613 1387 651 hegumenis
1403 615 1593 652 congregatio
1610 614 1768 652 indicetur,

1029 671 1135 691 nomen
1158 661 1290 691 eiusdem
1314 660 1427 691 abbatis
1450 666 1647 701 praeponatur
1676 663 1770 692 nomi-

1029 710 1115 740 nibus
1138 710 1382 748 hegumenorum.

1069 768 1110 788 ιιι.
1139 759 1259 789 Duobus
1289 760 1390 789 saltem
1420 760 1569 790 mensibus
1596 764 1662 790 ante
1692 761 1769 791 diem

1030 818 1086 847 quo
1109 807 1284 837 celebranda
1314 808 1369 837 erit
1396 809 1596 847 congregatio,
1625 808 1771 839 indicatur

1030 865 1080 896 per
1105 856 1268 895 encyclicas
1291 856 1427 895 epistolas
1459 856 1494 886 ab
1517 857 1619 887 abbate
1643 858 1771 895 generali

1030 909 1057 934 et
1080 905 1252 943 hegumenis
1275 905 1468 945 subscriptas,
1493 910 1520 936 et
1543 907 1577 936 ad
1601 907 1696 936 omnia
1721 916 1772 936 no-

1030 954 1083 984 stri
1106 954 1224 984 Ordinis
1240 955 1416 984 monasteria
1433 955 1548 984 missas.
1566 955 1594 985 Si
1611 955 1686 994 quod
1705 964 1772 984 vero

1031 1003 1242 1032 monasterium
1275 1003 1390 1041 longius
1421 1004 1528 1041 distet,
1557 1008 1598 1033 tot
1621 1004 1772 1033 mensibus

1031 1056 1098 1082 ante
1131 1052 1284 1081 indicenda
1319 1053 1396 1089 erit,
1421 1056 1491 1091 quot
1524 1053 1659 1081 sufficere
1694 1052 1774 1082 vide-

1031 1101 1141 1130 buntur
1164 1101 1271 1131 iudicio
1302 1101 1545 1139 hegumenorum.
1579 1101 1644 1130 Dies
1677 1105 1772 1130 autem

1031 1149 1264 1188 congregationis
1287 1149 1479 1178 celebrandae
1511 1149 1653 1179 destinari
1676 1150 1772 1185 solita,

1030 1202 1075 1228 est
1097 1207 1132 1227 xv
1155 1197 1292 1234 octobris,
1317 1207 1371 1236 qua
1395 1197 1514 1227 Ordinis
1537 1198 1628 1227 nostri
1652 1207 1774 1236 congre-

1030 1248 1108 1286 gatio
1131 1247 1261 1277 instituta
1286 1247 1350 1276 suit.

1071 1306 1109 1326 iv.
1134 1296 1176 1326 Ad
1190 1296 1445 1334 congregationem
1464 1296 1630 1334 generalem
1655 1296 1775 1326 vocandi

1031 1349 1129 1383 erunt,
1153 1345 1238 1385 eique
1261 1345 1413 1382 interesse,
1437 1349 1465 1374 et
1493 1345 1523 1374 in
1547 1346 1582 1375 ea
1605 1354 1704 1375 vocem
1727 1345 1775 1374 ha-

1031 1394 1099 1425 bere
1124 1398 1276 1434 poterunt,
1305 1399 1419 1434 praeter
1444 1394 1576 1425 abbatem
1608 1395 1774 1435 generalem

1031 1448 1059 1473 et
1091 1447 1217 1482 quatuor
1250 1444 1429 1481 hegumenos
1461 1453 1618 1483 eorumque
1652 1444 1776 1473 vicarios

1033 1493 1069 1531 (si
1094 1493 1143 1532 qui
1168 1497 1251 1522 antea
1276 1492 1361 1522 electi
1380 1493 1520 1531 fuerant),
1538 1492 1658 1522 abbates
1675 1502 1776 1522 omnes

1032 1546 1090 1571 tam
1116 1542 1333 1581 provinciarum
1357 1551 1443 1581 quam
1468 1541 1726 1579 monasteriorum,
1747 1546 1776 1571 et

1032 1600 1095 1620 cum
1120 1600 1294 1630 unoquoque
1324 1590 1427 1620 abbate
1456 1590 1553 1620 socius
1580 1600 1594 1620 a
1620 1600 1777 1629 congrega-

1032 1640 1110 1669 tione
1135 1639 1343 1668 monachorum
1368 1639 1447 1669 illius
1465 1639 1635 1668 monasterii
1652 1639 1775 1675 electus,

1033 1692 1175 1727 quotquot
1197 1692 1346 1727 praeterea
1377 1688 1472 1717 oflicio
1495 1687 1608 1717 abbatis
1631 1688 1777 1726 generalis

1033 1737 1079 1767 vel
1103 1737 1336 1775 hegumenorum
1372 1737 1463 1767 suncti
1497 1742 1587 1771 sunt,
1611 1737 1695 1767 modo
1718 1746 1777 1767 non

1033 1787 1143 1816 suerint
1166 1786 1200 1815 ob
1224 1786 1354 1815 desectus
1377 1786 1490 1825 aliquos
1512 1786 1648 1825 depositi.
1667 1786 1704 1815 lis
1727 1796 1778 1816 au-

1034 1840 1091 1865 tem
1114 1835 1344 1874 unumquodque
1375 1835 1585 1865 monasterium
1615 1835 1650 1864 de
1679 1844 1777 1864 neces-

1034 1884 1110 1914 sario
1134 1884 1241 1914 viatico
1265 1883 1439 1923 providebit,
1458 1888 1515 1913 tam
1532 1884 1562 1914 in
1578 1884 1673 1914 eundo
1689 1894 1776 1924 quam

1033 1933 1063 1963 in
1087 1932 1249 1970 redeundo,
1274 1932 1309 1963 ob
1332 1942 1418 1972 quem
1451 1934 1538 1963 finem
1561 1942 1576 1962 a
1600 1933 1778 1973 primoribus

1035 1986 1097 2013 tum
1127 1982 1333 2012 ecclesiasticis
1370 1987 1429 2012 tum
1466 1982 1665 2013 saecularibus
1700 1982 1779 2013 illius

1035 2031 1204 2071 provinciae
1232 2030 1352 2061 abbates
1382 2031 1596 2071 eleemosynam
1619 2031 1777 2069 colligant,

1034 2084 1062 2110 et
1085 2089 1147 2110 eam
1171 2089 1270 2109 secum
1294 2079 1437 2109 deserant.

1074 2140 1102 2159 v.
1120 2129 1148 2159 Si
1171 2129 1236 2168 quis
1258 2128 1358 2165 abbas,
1377 2129 1420 2158 vel
1440 2129 1535 2158 officio
1560 2129 1672 2159 abbatis
1694 2139 1779 2168 gene-

1034 2179 1103 2209 ralis
1125 2181 1174 2208 aut
1193 2178 1349 2216 hegumeni
1372 2177 1538 2215 defunctus,
1556 2178 1592 2208 ob
1615 2178 1778 2217 legitimum

1034 2227 1275 2266 impedimentum
1292 2236 1306 2255 a
1323 2227 1550 2265 congregatione
1569 2228 1778 2257 monachorum

1035 2276 1232 2316 probandum,
1258 2285 1307 2315 per
1329 2285 1359 2305 se
1382 2277 1476 2315 ipsum
1510 2276 1610 2306 adesse
1643 2277 1779 2316 nequive-

1035 2326 1119 2361 verit,
1138 2326 1234 2355 mittat
1250 2325 1424 2354 monachum
1449 2325 1602 2361 idoneum,
1627 2325 1676 2364 qui
1701 2326 1779 2355 vices

1034 2384 1102 2405 suas
1124 2374 1153 2404 in
1176 2373 1401 2410 congregatione
1417 2373 1545 2410 generali
1562 2374 1708 2412 suppleat,
1729 2374 1779 2403 ha-

1035 2422 1159 2461 beatque
1192 2421 1287 2451 locum
1319 2421 1348 2450 in
1381 2421 1606 2459 congregatione
1630 2425 1778 2461 tamquam

1035 2470 1164 2500 absentis
1188 2473 1369 2509 procurator.
1386 2468 1439 2504 Qui
1458 2478 1523 2499 vero
1541 2474 1660 2509 propter
1679 2476 1780 2500 cuntu-

1036 2520 1158 2549 maciam
1183 2519 1226 2548 vel
1250 2519 1351 2547 inanes
1369 2527 1470 2547 causas
1486 2518 1586 2548 adesse
1602 2519 1778 2557 neglexerit,

1035 2568 1153 2607 cognita
1175 2571 1203 2598 et
1225 2567 1373 2598 declarata
1400 2567 1463 2597 eius
1495 2568 1583 2597 causa
1605 2568 1634 2598 in
1659 2577 1780 2609 congre-

1665 164 1729 197 ss39
1775 175 1823 200 An.
1841 174 1869 202 C.
1891 175 1960 202 17⁴0
