2232 3178
275 277 324 304 An.
341 275 369 302 C.
392 275 458 302 1730
504 266 567 300 528

300 1112 461 1131 lustrum->ntum

277 1138 347 1183 iiiiii?
363 1137 461 1184 &22³3
471 1154 495 1179 et
511 1148 632 1188 Spiritus
648 1147 752 1177 Sancti.
770 1146 827 1184 Ego
847 1143 1083 1180 insranominata,
1102 1142 1208 1171 virtute

277 1191 380 1211 T¹¹⁸s⁰⁵¹³
394 1190 461 1211 ‘'¹³⁸¹‘'
474 1197 561 1226 huius
583 1195 691 1235 publici
715 1193 915 1231 instrumenti,
933 1192 1071 1232 profiteor
1093 1200 1126 1220 ac
1142 1199 1210 1220 con-

467 324 557 354 citum
581 320 767 363 provincialis
790 329 840 350 seu
863 318 1047 359 superiorum
1070 317 1204 357 supradi-

467 377 528 402 ctae
544 369 764 410 Argentinensis
786 378 837 398 seu
860 368 1018 408 superioris
1033 366 1204 398 Germaniae

467 420 634 460 provinciae
663 419 712 448 illo
743 422 872 456 tempore
902 416 1128 456 praesidentium
1151 416 1204 445 im-

468 469 566 508 pendi,
587 468 641 497 alia
666 475 733 496 vero
756 465 868 495 ratione
890 474 943 495 nec
962 468 1058 504 posset
1079 473 1132 493 nec
1154 463 1204 493 de-

467 518 547 547 beret
576 515 732 555 applicari:
757 515 803 544 cui
827 514 983 544 intentioni
1006 513 1203 548 conformiter,

467 570 548 605 pater
584 563 770 603 provincialis
802 567 831 592 et
867 566 1028 592 conventus
1064 560 1204 600 praedicti

467 614 551 644 nobis
574 613 696 644 ulterius
718 612 882 642 humillime
910 611 1112 650 supplicarunt
1134 619 1205 648 qua-

469 667 552 692 tenus
574 671 589 691 a
612 661 707 698 nobis,
732 662 801 690 seu¹
823 660 978 690 Ordinario
1011 668 1044 688 ac
1074 657 1205 698 principe

468 711 649 747 territoriali,
667 709 798 740 fundatio
820 714 848 739 et
870 708 1022 748 dispositio
1038 706 1206 737 huiusmodi

467 759 664 788 ratificarctur
696 762 724 787 et
756 757 992 794 confirmaretur,
1024 765 1057 785 ac
1089 755 1206 784 demum

469 807 623 847 principali
637 806 732 844 sigillo
748 810 846 835 nostro
862 805 1060 835 roboraretur:
1075 812 1160 842 quem
1178 802 1206 832 in

469 857 555 886 tinem
580 855 814 895 praenominatae
836 854 950 884 Glickin
985 852 1038 883 sub
1068 852 1135 882 data
1161 859 1207 880 xlv

470 905 640 935 novembris
662 904 819 934 novissime
842 903 931 942 elapsi
955 902 1024 932 anni
1052 908 1207 931 ninccxxxv

469 955 525 984 rite
539 953 684 983 confectas
699 961 731 981 36
747 951 877 989 legitime
895 950 1047 989 expeditas
1064 947 1208 978 fundatio-

470 1003 515 1033 nis
537 1003 649 1033 litteras
672 1002 701 1031 in
721 1000 856 1038 originali
879 999 963 1029 nobis
985 1000 1210 1038 praesentarunt

470 1052 506 1082 de
529 1051 618 1080 verbo
646 1050 680 1079 ad
710 1049 829 1079 verbum
852 1049 906 1078 hoc
929 1052 1028 1077 tenore
1051 1049 1206 1076 sonantes:

513 1110 527 1129 σε(
552 1100 583 1129 In
605 1100 713 1128 nomine
735 1097 785 1128 SS.
814 1097 973 1131 Trinitatis,
998 1095 1104 1130 Patris,
1128 1093 1206 1131 Filii,

476 1249 575 1281 testor,
593 1244 680 1283 quod,
704 1247 891 1282 posteaquam
914 1242 1025 1271 attenta
1045 1239 1210 1270 considera-

476 1293 553 1324 tione
573 1292 711 1332 perpendi
729 1291 902 1330 multiplices
921 1290 1031 1319 sructus
1047 1297 1082 1318 ex
1099 1287 1211 1317 missio-

475 1342 561 1372 nibus
578 1340 793 1380 sapientissima
811 1338 994 1369 ordinatione
1009 1336 1162 1367 celsissimi
1178 1345 1210 1365 ac

475 1389 712 1421 reverendissimi
725 1387 835 1418 domini
850 1386 984 1426 Leopoldi
997 1384 1210 1424 archiepiscopi

474 1437 716 1476 Salisburgensis,
734 1440 803 1473 etc.‚
820 1435 929 1465 domini
946 1444 979 1464 ac
995 1433 1136 1474 principis
1155 1432 1210 1461 mei

473 1486 710 1522 clementissimi,
744 1485 820 1515 intra
844 1488 979 1513 montana
1002 1482 1123 1519 erectis,
1148 1480 1212 1510 uni-

475 1546 575 1567 versae
591 1534 736 1565 Ecclesiae
752 1533 910 1563 catholicae
926 1534 1134 1567 accrescentes,
1152 1538 1213 1559 eos-

474 1585 538 1615 dem
556 1584 656 1623 aliqua
670 1593 704 1613 ex
721 1586 802 1621 parte
818 1581 1006 1619 cogitaverim
1028 1583 1210 1619 perpetuare.

473 1633 563 1669 Quem
586 1633 614 1662 in
639 1632 726 1661 finem
750 1630 851 1661 oculos
873 1629 979 1659 mentis
1000 1637 1080 1659 meae
1102 1628 1213 1658 conieci

474 1681 502 1710 in
526 1680 700 1711 reverendos
732 1683 828 1718 patres
851 1678 1060 1708 Franciscanos
1090 1677 1138 1706 liic
1164 1676 1214 1707 Sa-

474 1730 597 1768 lisburgi
630 1729 672 1759 sic
704 1729 798 1759 dictae
829 1726 1051 1766 Argentinensis
1079 1735 1131 1756 seu
1167 1736 1214 1756 su-

474 1778 597 1819 perioris
619 1777 807 1808 Alemanniae
829 1776 1014 1816 provinciae,
1038 1775 1214 1805 reflectendo

477 1828 554 1868 quod
575 1836 633 1857 non
656 1827 749 1856 solum
773 1835 823 1865 pro
844 1825 996 1862 moderno,
1019 1833 1077 1864 quo
1100 1833 1150 1863 per
1172 1823 1215 1854 bi-

475 1886 528 1906 nos
551 1880 647 1915 patres
669 1874 813 1905 indefesso
835 1874 947 1903 fervore
975 1882 1137 1912 magnoque
1158 1873 1214 1903 Ro-

481 1934 582 1955 manae
604 1923 755 1962 religionis
785 1922 965 1952 incremento
993 1921 1161 1952 missionem
1184 1921 1213 1950 in

477 1973 632 2012 Binzgavia
665 1970 786 2002 notabili
820 1971 876 2000 iam
906 1974 1037 2010 tempore
1066 1969 1212 2008 obierunt,

478 2022 528 2052 sed
550 2022 670 2061 insuper
692 2020 728 2050 ab
750 2019 976 2049 immemorabili
1007 2022 1135 2058 tempore
1157 2018 1215 2048 sin-

476 2071 551 2110 gulis
583 2069 667 2099 annis
699 2077 750 2109 per
782 2067 1031 2108 quadragesimam
1061 2076 1098 2096 ex
1126 2067 1215 2096 causa

478 2118 634 2149 incidentis
669 2116 859 2147 consessionis
895 2115 1039 2155 paschalis
1077 2115 1215 2144 similiter

478 2176 528 2206 per
561 2167 632 2196 duos
665 2169 762 2205 patres
794 2164 960 2194 ordinariae
993 2163 1123 2194 missioni
1146 2172 1212 2193 cum

477 2215 561 2245 laude
583 2219 612 2245 et
634 2215 729 2244 fructu
751 2213 952 2243 inservierint.
970 2212 1007 2242 Ut
1023 2212 1113 2250 igitur
1133 2220 1214 2241 sacra

477 2264 577 2294 missio
593 2273 644 2303 pro
666 2271 744 2292 nunc
766 2262 874 2291 durans
889 2262 1083 2301 praefatorum
1101 2265 1215 2300 patrum

477 2313 738 2344 Franciscanorum
768 2311 836 2341 dicti
864 2314 1026 2340 conventus
1055 2309 1135 2339 nullo
1163 2318 1216 2338 un-

478 2372 563 2402 quam
587 2365 717 2400 tempore
739 2359 912 2397 collabatur,
935 2359 985 2389 sed
1016 2358 1045 2388 in
1075 2362 1216 2397 perpetuo

478 2411 548 2441 ssore
577 2414 605 2439 et
634 2409 730 2447 vigore
752 2407 838 2438 etiam
871 2408 970 2437 sutura
995 2411 1088 2437 aetate
1121 2416 1217 2446 perse-

479 2463 558 2489 veret
572 2459 593 2497 ²,
616 2458 747 2488 eamdem
770 2466 821 2496 pro
844 2457 984 2487 tenuitate
1012 2456 1118 2486 virium
1142 2465 1218 2485 mea-

478 2518 556 2546 rum,
573 2507 647 2537 sub³
663 2516 713 2546 spe
735 2505 977 2536 clementissimae
1001 2504 1218 2544 approbationis

516 2572 525 2597 1
549 2569 663 2596 Videtur
682 2567 828 2603 legendum
848 2575 895 2595 ceu
917 2575 963 2602 pro
983 2575 1031 2594 seu
1050 2570 1088 2601 (3.
1105 2570 1154 2597 Τ.).

514 2613 532 2640 2
551 2613 621 2639 Edit.
643 2612 721 2639 Main.
743 2611 806 2646 legit
822 2614 1007 2646 perseverent
1024 2612 1064 2645 (3.
1081 2610 1130 2645 Τ.).

514 2657 531 2685 3
551 2657 668 2684 Pessime
689 2659 732 2684 ed.
754 2656 788 2683 M.
805 2655 872 2692 legit
890 2663 955 2684 sum
973 2663 1022 2693 pro
1042 2655 1093 2684 sub
1109 2655 1149 2690 (n.
1167 2655 1217 2690 Τ.).

1051 269 1232 294 BULLMttUM
1256 269 1413 294 ROMANUM

1245 317 1397 348 celsissimi
1420 316 1560 357 principis
1582 326 1615 347 36
1638 316 1748 347 domini
1776 316 1832 346 mei
1854 316 1981 347 clemen-

1245 367 1361 406 tissimi,
1391 371 1460 405 etc.‚
1491 366 1623 406 sequenti
1653 365 1737 396 modo
1766 365 1887 395 fundare
1912 374 1981 396 con·

1246 416 1327 446 stitui
1342 426 1348 445 ε

1274 475 1288 494 <t
1301 463 1538 504 Quandoquidem
1553 462 1773 503 praememorati
1787 466 1882 502 patres
1895 462 1984 492 Fran-

1247 513 1355 543 ciscani
1379 513 1404 542 vi
1428 522 1496 542 suae
1519 512 1636 550 regulae
1651 515 1680 541 et
1695 515 1868 541 statutorum
1890 510 1985 541 omnis

1249 561 1434 602 proprietatis
1464 570 1497 590 ac
1527 560 1694 590 reddituum
1724 564 1792 590 sunt
1820 559 1983 599 incapaces,

1248 611 1356 640 idcirco
1392 610 1532 648 consigno
1546 632 1553 646 ,
1589 609 1664 638 dono
1699 613 1727 638 et
1761 608 1895 647 relinquo
1929 608 1986 638 Deo

1249 663 1394 697 tamquam
1419 658 1494 697 patri
1516 657 1685 693 universali,
1703 656 1822 696 eiusque
1845 656 1986 686 immacu-

1249 707 1323 737 latae
1346 716 1467 746 sponsae
1489 706 1518 736 S.
1536 706 1570 736 R.
1595 705 1624 735 E.
1648 705 1727 735 velut
1749 704 1833 734 matri
1857 704 1987 734 fidelium

1250 754 1418 792 universali,
1439 754 1473 784 de
1495 753 1580 784 bonis
1603 763 1635 784 ac
1659 752 1893 793 possessionibus
1915 751 1987 782 mihi

1250 803 1372 832 caelitus
1394 802 1564 841 impertitis,
1588 802 1743 832 duodecies
1769 801 1849 831 mille
1870 804 1898 830 et
1920 809 1986 830 sex-

1250 855 1350 881 centos
1369 851 1505 887 ss01'enOS‚
1523 850 1597 880 idest
1614 850 1711 880 12600
1727 849 1862 884 florenos,
1880 848 1986 888 partim

1251 900 1284 930 ad
1305 909 1422 930 manum
1446 903 1510 929 actu
1533 899 1706 937 existentes,
1724 898 1831 938 partim
1851 898 1880 928 in
1903 897 1987 928 domo

1252 948 1341 988 partis
1364 947 1584 987 transpontinae
1606 947 1641 977 ad
1662 956 1780 977 auream
1803 955 1918 976 crucem
1946 945 1990 975 di-

1251 997 1298 1026 cta
1334 996 1489 1026 hodiedum
1525 996 1555 1025 in
1592 995 1676 1025 bonis
1711 994 1821 1025 domini
1854 993 1989 1023 Andreae

1251 1045 1388 1076 Ottmann
1411 1044 1483 1075 civis
1505 1049 1533 1074 et
1561 1044 1731 1074 mercatoris
1758 1041 1991 1080 salisburgensis

1251 1095 1394 1124 existente
1428 1092 1528 1123 censui
1564 1092 1731 1132 expositos,
1765 1101 1831 1122 curn
1863 1091 1918 1121 hac
1950 1094 1992 1120 ta-

1253 1153 1317 1173 men
1334 1142 1499 1173 conditione
1522 1151 1555 1171 ac
1576 1141 1775 1171 reservatione
1791 1140 1942 1180 expressa,
1960 1144 1992 1170 ut

1251 1201 1289 1221 ex
1311 1195 1377 1220 ante
1409 1191 1486 1220 dicto
1519 1189 1636 1228 capitali
1669 1188 1803 1228 equidem
1836 1188 1880 1218 bis
1911 1187 1992 1218 mille

1253 1240 1354 1271 ssoreni
1382 1240 1460 1269 illico
1492 1239 1521 1268 in
1552 1237 1693 1268 fabricam
1723 1237 1826 1267 domus
1847 1242 1876 1267 et
1897 1236 1994 1276 capel-

1253 1290 1296 1319 lae
1325 1287 1526 1318 missionariae
1558 1287 1620 1316 loco
1653 1285 1777 1325 quodam
1811 1289 1993 1324 competente

1252 1337 1426 1369 commutari
1458 1336 1594 1372 valeant;
1627 1335 1740 1374 reliqua
1776 1343 1844 1364 vero
1879 1342 1993 1364 summa

1253 1387 1333 1417 omni
1356 1390 1485 1424 tempore
1508 1384 1542 1414 ad
1566 1393 1686 1414 censum
1702 1383 1832 1423 quinque
1853 1392 1905 1422 pro
1927 1392 1995 1413 cen-

1254 1440 1313 1465 turn
1337 1437 1452 1464 maneat
1474 1432 1625 1472 exposita,
1649 1431 1732 1461 cuius
1755 1430 1905 1470 pensionis
1926 1440 1994 1461 cen-

1254 1484 1345 1514 sualis
1371 1482 1522 1513 dimidium
1546 1481 1582 1511 ad
1605 1484 1721 1520 tempus
1743 1489 1825 1510 meae
1847 1480 1923 1511 vitae
1944 1489 1994 1520 pa-

1256 1531 1349 1564 tribus
1364 1530 1569 1562 Franciscanis
1587 1529 1780 1559 missionariis
1796 1538 1848 1568 pro
1864 1532 1995 1568 tempore

1255 1580 1449 1612 existentibus
1473 1581 1502 1610 in
1525 1578 1782 1616 sustentationem,
1806 1577 1860 1607 sub
1882 1577 1995 1608 ratione

1256 1639 1347 1669 purae
1369 1629 1582 1666 eleemosynae,
1606 1626 1691 1656 modo
1713 1626 1833 1656 meliore
1849 1635 1906 1665 quo
1928 1629 1996 1656 sunt

1256 1678 1318 1708 eius
1340 1685 1472 1716 capaceS‚
1495 1675 1602 1710 cedat3
1636 1675 1726 1704 altera
1757 1674 1896 1704 medletas
1926 1682 1995 1704 vero

1257 1726 1327 1756 mihi
1366 1725 1528 1755 etiamnum
1567 1732 1619 1763 pro
1656 1722 1880 1753 necessitatibus
1923 1721 1995 1752 meis

1256 1774 1382 1805 serviat:
1414 1777 1542 1803 attamen
1565 1775 1629 1811 post
1657 1770 1771 1801 obitum
1802 1780 1911 1808 meum,
1935 1770 1997 1801 sive

1256 1823 1362 1861 serius,
1385 1822 1445 1851 sive
1467 1821 1565 1859 citius,
1584 1820 1664 1850 iuxta
1687 1819 1900 1859 providentiam
1923 1819 1997 1849 divi-

1258 1882 1312 1902 nae
1344 1870 1514 1908 voluntatis,
1538 1872 1725 1907 eventurum,
1748 1872 1840 1898 totum
1872 1868 1997 1908 capitale

1257 1922 1316 1951 una
1338 1929 1405 1950 cum
1438 1919 1524 1959 pleno
1556 1927 1646 1948 censu
1678 1917 1713 1947 ad
1745 1917 1996 1948 conservationem

1257 1971 1351 2001 dictae
1374 1966 1521 1998 missionis
1544 1967 1714 2006 deputatum
1745 1966 1782 1996 sit
1808 1970 1836 1996 et
1864 1975 1926 1996 esse
1948 1965 1998 1996 de-

1257 2019 1333 2049 beat.
1358 2017 1389 2047 ln
1412 2025 1528 2046 omnem
1550 2018 1686 2045 eventum
1716 2018 1826 2053 autem,
1850 2023 1906 2054 quo
1928 2024 1998 2045 con-

1258 2071 1300 2097 tra
1324 2075 1404 2106 spem
1427 2073 1520 2095 meam
1543 2072 1727 2104 quocumque
1751 2067 1879 2103 tempore
1899 2063 1997 2093 futuro

1259 2115 1381 2146 mutatio
1404 2114 1502 2153 aliqua
1526 2113 1602 2142 circa
1626 2121 1712 2152 saepe
1744 2112 1851 2142 dictam
1884 2121 1997 2142 sacram

1259 2164 1427 2194 missionem
1451 2162 1625 2200 obtingeret,
1648 2164 1677 2190 et
1700 2164 1796 2200 patres
1810 2160 1998 2191 Franciscani

1259 2211 1482 2253 praememorati
1505 2213 1666 2240 conventus
1684 2219 1717 2239 ac
1736 2209 1903 2249 provinciae
1921 2218 1999 2239 earn-

1259 2263 1322 2292 dem
1342 2261 1423 2292 obire
1445 2270 1503 2291 non
1527 2260 1652 2299 amplius
1668 2259 1923 2299 permitterentur,
1940 2259 1998 2289 dis-

1259 2319 1335 2350 pono
1358 2309 1476 2349 proprio
1499 2312 1579 2338 mot-u
1611 2312 1640 2338 et
1668 2307 1807 2337 instinctu
1831 2308 1887 2347 (ex
1910 2308 1998 2337 causa

1259 2358 1454 2398 spiritualium
1476 2356 1696 2393 beneficiorum,
1717 2365 1791 2395 quae
1813 2365 1828 2385 a
1850 2355 2000 2395 saepelau-

1259 2408 1327 2438 dato
1350 2400 1458 2438 Ordine
1491 2405 1584 2435 sancti
1606 2405 1754 2435 Francisci
1787 2405 1816 2434 in
1850 2405 1999 2443 singulare

1260 2456 1374 2486 animae
1397 2464 1477 2485 meae
1499 2454 1635 2484 solatium
1657 2453 1766 2493 accepi,
1783 2453 1898 2493 alioque
1913 2453 1999 2484 modo

1260 2513 1448 2544 compensare
1470 2511 1526 2533 non
1550 2502 1662 2541 valui),
1687 2506 1718 2532 ut
1748 2511 1781 2531 ex
1815 2505 1885 2532 tunc
1908 2505 1998 2531 totum
2026 2507 2028 2509 ’

1261 2553 1397 2593 capitale,
1415 2551 1590 2591 ubicumque
1606 2559 1639 2581 eo
1654 2555 1785 2590 tempore
1807 2549 1997 2590 reperietur¹‚

1298 2656 1308 2681 1
1332 2654 1403 2682 Edit.
1424 2652 1505 2682 Μαίη.
1527 2652 1602 2689 legit.
1623 2651 1810 2688 reperientur
1827 2651 1867 2687 (3.
1882 2650 1920 2690 r).

1986 267 2038 295 An.
2054 267 2083 295 C.
2107 269 2170 297 ¹739
2215 282 2216 298 1
