2232 3178
294 247 342 273 An.
363 245 392 271 c.
412 244 479 272 ¹739
524 236 588 269 5802

294 308 348 339 05an
389 299 549 333 amantes,
583 299 612 325 et
649 304 761 326 eorum
799 293 979 334 singulares
1015 303 1171 336 personas
1208 303 1225 325 a

293 336 345 353 alin<
365 335 382 354 il

401 336 440 355 mill

293 347 385 381 ..u-msa
429 343 654 389 lisl¹7quibusvis
693 346 1051 385 excommunicationis,
1085 356 1223 388 suspen—

293 390 356 407 cluit),

487 399 587 431 sionis
613 406 643 431 et
668 399 841 438 interdicti,
867 399 1003 442 aliisque
1030 399 1224 432 ecclesiasti-

486 452 530 483 cis
557 451 739 491 sententiis,
760 452 908 484 censuris
930 457 960 484 et
978 453 1103 495 poenis,
1121 463 1137 484 a
1155 452 1223 484 iure

486 505 535 536 vel
573 504 611 536 ab
649 505 794 544 homine,
823 505 936 547 quavis
974 505 1142 538 occasione
1175 505 1223 537 vel

485 559 579 590 causa
605 558 685 599 latis,
707 558 731 590 si
760 559 878 601 quibus
906 559 1153 601 quomodolibet
1178 559 1223 590 in-

485 612 625 644 nodatae
654 612 803 652 existant,
830 613 868 645 ad
895 611 1043 645 effectum
1070 622 1224 656 praesen-

484 664 559 696 tium
586 665 751 697 dumtaxat
786 666 1074 708 consequendum,
1107 666 1222 698 barum

482 717 563 749 serie
590 717 793 751 absolventes
819 724 850 750 et
874 719 1038 752 absolutas
1058 719 1125 752 sore
1151 729 1223 752 cen-

482 776 602 812 sentes,
629 770 814 804 huiusmodi
846 772 1142 815 supplicationibus
1167 772 1219 804 in-

481 823 603 863 clinati,
630 825 874 858 concessionem
899 831 1097 858 memoratae
1119 826 1223 858 eccle-

481 877 546 909 siae
567 877 599 910 S.
620 878 737 911 Mariae
756 879 787 911 in
805 878 971 912 Dominica
989 890 1046 912 seu
1066 879 1220 913 Domnica

481 931 600 963 eisdem
627 932 797 964 monacbis
824 931 953 965 Graecis
979 933 1154 975 Melchffis,
1181 933 1219 966 de

480 994 642 1016 consensu
669 984 743 1016 dieti
770 984 891 1017 Nloolai
917 985 1089 1018 cardinalis
1127 991 1159 1018 et
1185 986 1220 1017 ti-

480 1037 612 1077 tularis,
639 1048 711 1070 cum
746 1038 898 1071 omnibus
933 1043 965 1071 et
998 1038 1135 1081 singulis
1169 1049 1218 1071 re·

479 1090 539 1122 bus
567 1096 599 1123 et
623 1091 879 1133 supellectilibus
908 1097 971 1124 tam
998 1092 1097 1124 sacris
1122 1102 1217 1135 quam

478 1143 623 1185 profanis
660 1144 693 1175 in
731 1145 767 1176 ea
803 1144 1038 1184 existentibus,
1075 1144 1219 1177 aedium-

479 1206 540 1238 que
566 1196 724 1229 ecclesiae
751 1197 935 1240 praedictae
958 1208 1157 1231 annexarum
1187 1203 1219 1230 et

479 1259 709 1290 connexarum,
726 1260 851 1283 necnon
868 1250 1111 1294 possessionem
1128 1261 1218 1295 prae-

478 1302 652 1335 missorum
677 1303 823 1336 omnium
848 1315 866 1337 a
891 1305 1062 1338 monacbis
1087 1304 1218 1348 praedi-

477 1356 537 1389 ctis
563 1362 701 1400 captam,
717 1362 748 1389 et
768 1358 899 1400 regulas
917 1358 1148 1401 praeinsertas,
1165 1368 1218 1390 au-

478 1409 626 1443 ctoritate
644 1410 832 1453 apostoliea,
852 1416 965 1444 tenore
982 1411 1215 1454 praesentium,

477 1464 704 1506 approbamus,
723 1463 853 1507 illisque
872 1464 1068 1498 inviolabilis
1088 1470 1219 1508 aposto-

477 1516 558 1549 licae
583 1515 746 1549 firmitatis
772 1518 875 1550 robur
899 1517 1218 1558 adiicimus,omnes-

476 1579 539 1613 que
566 1576 597 1603 et
622 1570 771 1613 singulos
794 1571 871 1603 iuris
898 1577 928 1603 et
953 1571 1025 1604 sacti
1052 1571 1216 1611 desectus,

477 1623 501 1655 si
524 1623 578 1666 qui
605 1623 747 1666 desuper
765 1623 1017 1666 quomodolibet
1034 1624 1218 1658 intervene-

476 1676 553 1717 rint,
580 1678 771 1720 supplemus
798 1682 829 1710 et
853 1687 1019 1719 sanamus,
1047 1678 1216 1722 dictosque

475 1731 673 1772 monachos,
699 1730 804 1764 donec
832 1736 864 1764 et
897 1741 1069 1775 quousque
1095 1731 1216 1764 ibidem

475 1784 716 1824 remanserint,
761 1790 793 1817 et
833 1786 992 1818 ecclesiae
1031 1784 1216 1828 praedictae

475 1837 695 1878 inservierint,
714 1837 747 1870 in
766 1839 873 1871 locum
892 1838 1037 1872 eiusdem
1055 1838 1215 1871 Francisci

475 1888 659 1931 Clementis,
681 1891 788 1934 quoad
815 1892 1056 1935 possessionem
1078 1892 1216 1936 praefati

474 1943 629 1987 simplicis
652 1943 801 1977 beneficii
834 1945 1047 1978 ecclesiastici
1081 1956 1138 1978 seu
1165 1956 1217 1979 ca-

474 1997 644 2030 nonicatus
680 1998 878 2040 nuncupati,
913 1998 1017 2033 dictae
1057 1999 1215 2032 ecclesiae

475 2051 614 2091 annexi,
635 2056 712 2094 post
736 2051 899 2084 Francisci
924 2051 1099 2085 Clementis
1124 2063 1216 2096 prae-

476 2103 552 2136 dicti
579 2103 710 2144 obitum,
730 2104 762 2136 in
781 2104 932 2137 omnibus
958 2110 990 2138 et
1014 2116 1075 2148 per
1095 2106 1213 2147 omnia,

475 2157 666 2190 auctoritate
692 2163 724 2190 et
749 2163 862 2191 tenore
887 2159 1074 2202 praedietis,
1098 2159 1215 2192 substi-

475 2211 596 2244 tuimus
621 2216 653 2244 et
676 2211 904 2254 subrogamus.
943 2212 1090 2246 Ceterum
1126 2214 1216 2246 volu-

474 2274 556 2304 mus,
582 2268 618 2297 nt
643 2264 775 2305 fructus,
809 2265 956 2299 redditus
981 2271 1012 2299 et
1036 2272 1213 2310 proventus

475 2318 550 2351 dicti
576 2318 738 2359 beneficii,
764 2319 869 2352 donec
895 2325 926 2353 et
951 2330 1120 2363 quousque
1145 2320 1214 2363 ipse

476 2369 666 2404 Franciseus
691 2371 840 2404 Clemens
864 2372 993 2413 vixerit,
1019 2372 1065 2405 illi
1091 2374 1216 2416 persol-

476 2429 614 2465 vantur,
641 2429 673 2457 et
696 2425 849 2458 monachi
875 2426 1056 2469 praedicti,
1084 2426 1214 2459 nonnisi

473 2483 547 2520 post
565 2478 687 2511 obitum
707 2478 904 2518 huiusmodi,
922 2489 981 2512 seu
998 2480 1216 2512 renunciatio-

474 2541 548 2564 nem
577 2537 629 2564 aut
654 2532 834 2565 cessionem
853 2532 1006 2566 beneficii
1025 2533 1214 2566 huiusmodi

473 2594 533 2627 per
556 2590 773 2618 memoratum
795 2585 1000 2619 Franciscum
1018 2586 1215 2620 Clementem

474 2637 513 2670 ad
539 2648 654 2672 eorum
681 2639 825 2673 savorem
851 2638 1039 2682 faciendam,
1067 2640 1143 2674 dicti
1163 2641 1216 2674 be-

1066 244 1249 268 BULLARIUM
1273 244 1432 269 ROMANUM

1268 293 1374 326 neficii
1399 294 1644 336 possessionem
1670 295 1934 337 apprehendere,
1967 295 2005 329 it-

1268 346 1395 389 liusque
1413 346 1574 379 bonorum
1596 357 1631 379 ac
1652 346 1812 379 dictorum
1832 348 2001 388 fructuum,

1266 399 1451 431 reddituum
1479 404 1509 431 et
1536 405 1728 442 proventum
1754 400 2005 434 administratio-

1268 463 1340 485 nem
1368 452 1545 495 suscipere,
1565 463 1679 495 gerere
1705 458 1736 486 et
1762 463 1913 487 exercere
1931 464 2005 497 pos-

1267 506 1331 537 sint
1348 511 1379 538 et
1396 507 1532 545 valeant,
1551 516 1609 538 nee
1624 506 1718 538 alicui
1734 506 1856 539 licitum
1872 507 1913 539 sit
1932 511 2006 549 post

1268 559 1391 591 obitum
1417 559 1577 591 Francisci
1603 559 1776 592 Clementis
1794 559 1953 603 praedicti
1971 559 2004 592 in

1268 611 1323 645 illo
1343 623 1377 644 se
1403 612 1564 654 ingerere,
1585 622 1641 645 seu
1672 613 1711 645 de
1738 613 1794 646 illo
1813 614 2000 656 disponere.

1311 665 1324 708 ἓ
1350 665 1380 697 5.
1400 665 1631 706 Decernentes,
1657 666 1787 699 easdem
1809 671 2001 709 praesentes

1267 718 1393 751 litteras
1419 728 1548 761 semper
1573 718 1700 760 sirmas,
1726 719 1847 752 validas
1874 724 1905 752 et
1938 719 2003 752 effi-

1266 783 1355 805 caces
1373 773 1512 805 existere
1532 777 1562 805 et
1580 773 1657 812 sore,
1677 783 1818 816 suosque
1835 773 2001 816 plenarios

1266 832 1297 859 et
1323 827 1467 869 integros
1494 826 1626 860 effectus
1649 827 1757 860 sortiri
1785 832 1815 860 et
1839 827 2000 868 obtinere,

1265 890 1301 912 ac
1327 880 1366 912 ab
1392 880 1464 919 illis,
1485 880 1522 912 ad
1543 890 1623 923 quos
1643 885 1766 923 spectat
1785 885 1816 913 et
1840 890 1898 923 pro
1924 884 2003 912 tem-

1266 944 1347 975 pore
1374 933 1644 976 quandocumque
1663 932 1832 976 spectabit,
1850 933 1882 965 in
1901 932 2004 966 omni-

1262 986 1323 1018 bus
1345 991 1376 1018 et
1399 996 1456 1028 per
1482 986 1589 1018 omnia
1614 985 1803 1028 plenissime
1822 984 2002 1029 suffragari,

1263 1044 1293 1071 et
1319 1039 1358 1071 ab
1378 1039 1423 1071 eis
1442 1039 1622 1082 respective
1641 1039 1873 1072 inviolabiliter
1892 1039 2003 1072 obser-

1262 1093 1351 1132 vari,
1379 1093 1492 1135 sicque
1519 1092 1550 1124 in
1577 1092 1764 1135 praemissis
1800 1103 1861 1136 per
1896 1103 1998 1136 quos-

1262 1157 1398 1188 cumque
1425 1146 1547 1178 iudices
1572 1145 1753 1178 ordinarios
1772 1151 1804 1178 et
1821 1146 2000 1188 delegatos,

1262 1199 1358 1232 etiam
1384 1209 1553 1232 causarum
1579 1198 1691 1242 palatii
1717 1199 1889 1242 apostolici
1915 1199 2002 1231 audi-

1262 1257 1370 1292 tores,
1407 1251 1541 1284 iudicari
1576 1256 1608 1285 et
1633 1250 1759 1284 definiri
1786 1252 1928 1292 debere,
1964 1261 2000 1284 ac

1261 1305 1389 1339 irritum
1415 1310 1446 1339 et
1470 1305 1568 1338 inane
1596 1305 1754 1348 quidquid
1783 1315 1875 1338 secus
1902 1315 2000 1348 super

1261 1359 1311 1392 liis
1330 1369 1346 1391 a
1364 1369 1537 1402 quoquam,
1554 1357 1665 1401 quavis
1684 1358 2000 1400 auctoritate,scien-

1261 1417 1310 1445 ter
1334 1413 1382 1445 vel
1408 1412 1609 1454 ignoranter,
1637 1412 1812 1454 contigerit
1834 1411 1997 1444 attentari.

1303 1465 1318 1508 g
1342 1464 1374 1497 6.
1405 1464 1476 1497 Non
1501 1464 1703 1497 obstantibus
1727 1458 1935 1507 praemissis,
1952 1474 1996 1505 ac,

1259 1522 1421 1561 quatenus
1440 1528 1521 1561 opus
1543 1517 1594 1558 sit,
1620 1517 1694 1561 piae
1719 1517 1896 1551 memoriae
1917 1517 1998 1550 Pau-

1260 1571 1281 1604 li
1308 1571 1332 1603 ll
1358 1576 1389 1604 et
1414 1571 1549 1604 aliorum
1570 1571 1791 1604 Romanorum
1809 1571 2000 1604 Pontificum

1260 1624 1548 1668 praedecessorum
1567 1629 1751 1657 nostrorum
1770 1625 1810 1658 de
1827 1625 1924 1657 rebus
1942 1624 2000 1658 Ec-

1261 1677 1378 1711 clesiae
1403 1688 1469 1711 non
1494 1677 1687 1719 alienandis,
1712 1678 1824 1711 aliisve
1847 1678 2000 1721 apostoli-

1260 1731 1314 1774 cis,
1327 1742 1363 1764 ac
1378 1731 1410 1764 in
1421 1731 1659 1764 universalibus
1677 1731 1996 1775 provincialibusque

1260 1784 1406 1818 conciliis
1432 1784 1539 1824 editis,
1566 1784 1775 1827 generalibus
1800 1785 1850 1818 vel
1876 1783 1998 1828 specia-

1260 1839 1353 1879 libus,
1369 1838 1655 1872 constitutionibus
1675 1844 1706 1871 et
1723 1837 1994 1878 ordinationibus,

1260 1902 1296 1925 ac
1321 1892 1426 1925 dictae
1459 1891 1618 1924 eeclesiae
1643 1897 1676 1925 et
1700 1891 1871 1932 beneficii,
1901 1891 1998 1924 etiam

1258 1945 1453 1985 iuramento,
1473 1944 1721 1978 confirmatione
1740 1944 1928 1988 apostolica,
1948 1944 1997 1978 vel

1259 1999 1369 2043 quavis
1402 1999 1554 2032 firmitate
1588 1999 1648 2032 alia
1675 1998 1846 2039 roboratis,
1871 1997 1997 2031 statutis

1258 2058 1291 2086 et
1314 2052 1620 2094 consuetudinibus,
1645 2052 1822 2095 privilegiis
1848 2061 1995 2096 quoque,

1257 2106 1395 2139 indultis
1418 2111 1448 2138 et
1476 2106 1594 2139 litteris
1612 2105 1802 2149 apostolicis
1819 2105 1852 2138 in
1870 2109 1998 2138 contra-

1256 2159 1340 2192 rium
1366 2159 1620 2203 praemissorum
1648 2159 1896 2203 quomodolibet
1921 2169 1997 2193 con·

1257 2213 1379 2253 cessis,
1412 2212 1610 2246 confirmatis
1643 2218 1674 2245 et
1708 2212 1893 2254 innovatis;
1926 2213 1996 2256 qui—

1256 2267 1316 2300 bus
1338 2266 1488 2300 omnibus
1511 2271 1542 2299 et
1566 2265 1700 2309 singulis
1718 2266 1847 2299 illorum
1865 2271 1996 2300 tenores

1258 2320 1486 2364 praesentibus
1517 2330 1576 2363 pro
1609 2321 1707 2363 plene
1740 2325 1773 2353 et
1797 2320 1996 2353 sufficienter

1258 2374 1418 2418 expressis
1450 2384 1486 2406 ac
1517 2373 1556 2406 de
1585 2373 1684 2407 verbo
1719 2374 1757 2406 ad
1788 2374 1923 2407 verbum
1947 2373 1997 2406 in-

1259 2427 1354 2459 sertis
1380 2427 1550 2467 babentes,
1570 2426 1633 2459 illis
1652 2427 1730 2459 alias
1748 2427 1781 2459 in
1799 2436 1856 2460 suo
1873 2427 1995 2460 robore

1259 2480 1489 2523 permansuris,
1517 2480 1555 2513 ad
1577 2480 1828 2523 praemissorum
1847 2479 1996 2514 effectum

1259 2533 1319 2566 hae
1353 2534 1420 2567 viee
1451 2534 1629 2574 dumtaxat,
1665 2533 1852 2577 specialiter
1880 2538 1912 2566 et
1943 2543 1996 2566 ex-

1258 2597 1369 2630 presse
1388 2587 1603 2630 derogamus·,
1621 2587 1802 2631 ceterisque
1820 2586 1993 2621 contrariis

1260 2641 1532 2685 quibuscumque.

2013 247 2063 276 An.
2082 248 2112 277 C.
2128 251 2193 280 ¹739

2054 680 2193 704 Praesentium

2011 707 2130 737 litterarum
2162 709 2194 730 tir·

2013 736 2083 756 mnas.

2035 1475 2190 1498 Contrariorum

2008 1502 2126 1528 derogatio.
