2232 3178
46 186 94 213 An.
114 182 142 209 C.
161 181 225 209 ¹737

65 1193 203 1216 Prooemium.

5 1415 8 1418 >
51 1406 156 1432 Indulgent
161 1406 180 1426 ia
192 1405 217 1426 de

40 1439 80 1461 qua
93 1434 114 1455 in
124 1432 216 1454 rubrica.

847 179 989 205 CLEMENS
1014 180 1060 205 ΧΗ
1086 181 1134 206 Pr.

236 227 414 261 haberetur
439 227 517 272 ipsis
543 228 791 272 praesentibus,
819 228 845 262 si
873 229 980 263 forent

236 281 399 315 exhibitae
424 282 475 314 vel
501 286 663 315 ostensae.

281 334 392 368 Datum
417 334 538 368 Romae
557 362 564 376 ‚
587 336 674 379 apud
701 335 732 369 S.
763 336 891 369 Mariam
918 336 978 368 Ma-

235 387 336 421 iorem
353 415 360 428 ,
386 387 445 420 sub
471 389 594 421 annulo
620 389 810 429 piscatoris,
832 390 882 423 die
904 400 977 423 xxiv

234 440 346 485 aprilis
381 451 594 482 nnccxxxrn,
634 443 841 486 pontificatus
875 444 976 476 nostri

232 505 318 528 anno
344 504 399 528 vn.

267 557 329 583 Dat.
351 555 395 583 die
415 557 448 583 24
469 557 564 593 aprilis
587 558 664 590 1737,
687 558 785 593 pontis.
808 566 880 584 anno
901 566 948 586 vu.

566 611 600 643 F.
628 612 717 645 card.
744 611 930 646 Otivmuus.

569 760 627 794 CC.

229 831 449 875 Indulyentia
472 831 628 875 plenaria
653 833 804 866 omnibus
825 833 975 876 christifi-

274 885 410 925 delibus,
437 886 497 929 qui
513 886 655 919 orationi
674 886 905 930 Qnadraqinla
914 887 976 920 Ho-

274 949 391 971 rarum
415 939 449 971 in
469 938 611 972 ecclesiis
626 944 761 983 patrum
782 941 975 984 Capuccino-

274 1002 350 1025 rum
374 992 599 1035 interfuerint.

442 1073 577 1100 Clemens
598 1074 678 1107 Papa
697 1074 760 1106 ΧΠ,

366 1117 403 1144 ad
423 1117 558 1145 futuram
582 1118 629 1145 rei
648 1119 836 1146 memoriam.

276 1188 323 1222 Ad
349 1198 397 1229 ea,
424 1198 482 1232 per
506 1199 588 1232 quae
606 1189 869 1222 christifidelium
888 1191 974 1224 salus

229 1248 426 1287 procuratur
451 1242 656 1283 animarum,
696 1243 836 1277 libenter
869 1244 974 1277 inten-

230 1296 350 1337 dimus,
378 1295 498 1340 eaque⁴
524 1296 634 1330 favore
660 1297 891 1340 prosequimur
915 1308 973 1341 op-

227 1355 384 1394 portuno.

272 1403 288 1447 §
313 1403 344 1436 1.
371 1402 448 1436 Cum
473 1403 583 1447 itaque
602 1430 609 1444 ,
635 1403 720 1437 sicut
755 1404 943 1448 accepimus
963 1431 970 1445 ‚

229 1456 338 1491 dilecti
364 1455 422 1490 filii
441 1457 554 1492 fratres
573 1457 702 1492 Ordinis
721 1458 879 1492 Minorum
901 1470 974 1492 san-

229 1510 270 1544 cti
287 1510 450 1544 Francisci
469 1510 747 1555 Cappuccinorum
769 1518 972 1556 nuncupato-

228 1575 300 1597 rum
318 1563 510 1597 orationem²
523 1563 742 1608 Quadraginta
757 1566 913 1600 Horarum
933 1567 971 1599 ad

227 1618 408 1651 animarum
436 1618 571 1651 salutem
598 1619 792 1662 aagendam,
815 1620 846 1652 in
874 1621 971 1652 ultra-

227 1671 387 1715 montanis
412 1671 570 1715 partibus,
589 1672 620 1704 in
643 1672 790 1706 ecclesiis
809 1673 973 1706 civitatum

229 1730 260 1759 et
283 1726 429 1759 locorum
455 1724 508 1757 ubi
535 1725 596 1768 ipsi
623 1731 800 1758 conventus
835 1727 957 1760 liabent

229 1778 399 1811 instituere
413 1778 553 1811 soleant:
575 1789 642 1815 nos.
663 1778 750 1821 pium
771 1785 802 1812 et
816 1769 972 1826 sanctiunt

227 1842 357 1866 necnon
383 1831 448 1865 Deo
466 1832 666 1875 acceptabile
686 1843 768 1876 opus
785 1833 974 1867 huiusmodi

228 1896 420 1930 promovere
442 1885 620 1929 cupientes,
637 1886 787 1919 omnibus
805 1888 974 1931 utriusque

229 1949 323 1974 Sexus
350 1938 620 1972 christifidelibus
638 1949 712 1972 vere
732 1939 974 1983 poenitentibus

229 1999 260 2028 et
284 1992 438 2026 confessis
458 2019 466 2033 ‚
493 2003 531 2026 ac
557 1995 648 2026 saera
674 1994 903 2028 conmunione
930 2006 974 2028 rc-

229 2046 319 2079 sectis
336 2073 343 2086 ,
371 2045 425 2089 qui
451 2045 591 2079 orationi
629 2046 850 2090 Quadraginta
877 2047 974 2081 Hora·

229 2111 299 2133 rum
341 2099 527 2132 huiusmodi
569 2100 834 2133 continuatarum
876 2101 887 2143 (
910 2112 974 2134 non

229 2158 334 2186 autem
360 2153 421 2185 nisi
448 2153 551 2186 noctis
577 2158 723 2196 tempore
761 2153 974 2197 interpolata-

230 2206 323 2248 rum)
343 2206 382 2239 de
402 2206 532 2239 licentia
557 2206 800 2239 Ordinariorum
827 2208 973 2240 locorum

231 2259 262 2291 in
289 2259 491 2302 quibuslibet
517 2259 663 2292 ecclesiis
689 2260 852 2292 dictorum
886 2260 975 2293 loco-

231 2321 302 2345 rum
339 2313 438 2345 semel
476 2312 507 2345 in
546 2323 631 2345 anno
669 2312 890 2346 instituendae
918 2324 975 2355 per

230 2365 362 2409 aliquod
390 2366 546 2409 temporis
572 2365 711 2408 spatium
738 2366 854 2399 devote
881 2366 974 2400 inter-

231 2419 371 2460 fuerint,
400 2424 431 2453 et
456 2419 500 2451 ibi
528 2429 585 2462 pro
612 2419 863 2452 christianorum
886 2414 974 2464 prin'-

231 2471 337 2515 cipum
353 2472 535 2512 concordia,
551 2472 732 2513 haeresum,
748 2472 973 2516 extirpatione,

266 2544 277 2569 1
302 2542 372 2569 Edit.
395 2542 474 2569 Maia.
496 2542 563 2577 legit
582 2551 667 2578 eoque
687 2549 729 2573 (n.
746 2543 795 2576 τ.).

264 2587 281 2613 2
300 2586 369 2615 Edit.
394 2587 472 2615 lllain.
491 2588 556 2623 legit
576 2589 705 2616 oratione
726 2590 764 2621 (n.
781 2589 828 2621 Τ.).

282 2641 365 2669 Bull.
381 2642 467 2669 Rom.
486 2657 521 2663 —-
545 2642 608 2670 Vol.
629 2641 730 2670 XXIV.
875 2641 908 2667 29

996 704 998 717 t

996 795 999 826 Ι

1664 174 1727 207 ‘2⁶25
1776 185 1863 211 Aac
1893 185 1959 212 ¹737

1022 241 1059 263 ac
1087 230 1119 264 S.
1146 230 1184 263 M.
1213 231 1248 264 E.
1276 231 1472 265 exaltatione
1497 232 1566 276 pias
1593 232 1630 265 ad
1666 233 1765 265 Deum

1023 294 1139 327 preces
1175 284 1368 325 effuderint,
1403 285 1582 329 plenariam
1620 286 1764 318 omnium

1021 342 1235 381 peccatorum
1277 349 1411 371 suorum
1459 339 1693 381 indulgentiam
1737 345 1763 371 et

1022 390 1248 423 remissionem
1286 391 1544 425 misericorditer
1571 391 1602 424 iu
1630 392 1764 425 Domino

1021 444 1244 476 concedimus.

1064 496 1078 539 ἓ
1103 496 1134 528 2.
1161 496 1315 529 Omnibus
1341 508 1418 531 vero
1445 504 1477 531 et
1514 499 1652 541 singulis
1688 509 1765 532 con·
1795 511 1916 532 Facultates
1932 511 1959 531 aa

1021 549 1182 589 sessariis,
1211 550 1250 581 ab
1275 549 1455 583 Ordinariis
1482 553 1628 584 locorum
1654 539 1959 595 respe-i-'insefs‘ss‘iifsiff-

1020 601 1101 634 ctive
1127 603 1333 645 approbatis,
1362 604 1414 647 qui
1441 604 1474 636 in
1500 605 1644 638 ecclesiis
1670 601 1879 648 pi·ae-p¹¹⁰⁰¹'³¹³'

1020 656 1113 688 dictis
1139 656 1310 689 occasione
1336 657 1441 690 dictae
1467 658 1624 691 orationis
1651 659 1688 691 ad
1709 669 1765 691 au-

1019 709 1153 743 diendas
1187 711 1406 744 consessiones
1440 712 1584 755 deputati
1622 713 1762 753 suerint,

997 783 998 789 κ
1020 772 1133 794 omnes
1159 768 1190 795 et
1216 774 1438 807 quoscumque
1463 765 1632 808 utriusque
1666 776 1762 798 sexus

1019 814 1251 848 christifideles
1287 817 1497 859 poenitentes
1535 818 1573 849 ab
1611 818 1763 851 omnibus

1007 867 1276 912 *quibuscumque
1303 869 1335 901 in
1362 870 1573 912 praeteritum
1601 872 1760 914 usquead

1019 921 1103 953 diem
1131 921 1223 954 datae
1250 922 1469 964 praesentium
1496 923 1676 956 commissis
1702 924 1763 956 cri-

1019 974 1159 1007 minibus
1185 979 1217 1007 et
1242 975 1452 1015 excessibus,
1478 977 1571 1009 etiam
1611 978 1704 1010 nobis
1731 984 1762 1010 ct

1019 1028 1226 1071 Apostolicae
1263 1028 1337 1062 Sedi
1377 1030 1547 1062 reservatis
1581 1031 1760 1073 (haeresis,

1018 1081 1174 1114 simoniae
1200 1092 1236 1114 ac
1262 1082 1383 1122 duelli,
1410 1087 1441 1115 et
1466 1083 1650 1115 violationis
1676 1085 1762 1116 clau-

1017 1144 1111 1167 surae
1138 1135 1412 1168 monasteriorum
1439 1136 1639 1176 monialium,
1665 1143 1696 1170 et
1713 1149 1763 1170 re-

1018 1198 1129 1220 cursus
1155 1188 1192 1220 ad
1219 1188 1342 1221 iudices
1369 1189 1467 1222 laicos
1494 1195 1606 1222 contra
1625 1190 1760 1223 sormam

1018 1251 1184 1274 sacrorum
1223 1252 1406 1283 canonum,
1434 1243 1605 1286 exceptis)
1632 1254 1760 1277 necnon

1019 1295 1365 1328 excommunicationis
1383 1323 1390 1336 ,
1417 1296 1554 1339 aliisque
1580 1297 1760 1337 sententiis,

995 1349 1162 1381 icensuris
1188 1354 1219 1382 et
1245 1349 1367 1392 poenis,
1395 1349 1491 1382 etiam
1519 1350 1550 1382 in
1573 1350 1688 1383 litteris
1710 1351 1761 1384 die

1016 1401 1141 1435 Coenae
1168 1402 1292 1435 Domini
1318 1403 1381 1445 legi
1408 1403 1512 1436 solitis
1538 1405 1708 1443 contentis,
1729 1404 1760 1436 in

1017 1456 1230 1498 praeteritum
1267 1456 1418 1489 similiter
1455 1468 1555 1499 usque
1593 1457 1631 1489 ad
1674 1457 1760 1490 diem

1017 1509 1109 1541 datae
1122 1509 1342 1552 praesentium
1356 1509 1491 1542 incursis
1503 1537 1510 1550 ,
1531 1510 1679 1553 imposita
1695 1511 1760 1542 cui-

1017 1562 1097 1594 libet
1121 1563 1253 1595 arbit.rio
1272 1573 1328 1595 suo
1348 1563 1546 1606 poenitentia
1564 1564 1708 1601 salutari,
1728 1565 1759 1596 in

1016 1616 1086 1648 soro
1112 1616 1333 1649 conscientiae
1360 1621 1483 1649 tantum
1510 1617 1699 1650 absolvendi
1720 1619 1762 1651 sa-

1017 1670 1179 1710 cultatem,
1195 1669 1475 1709 etauctoritatem,
1494 1681 1552 1712 pro
1568 1670 1671 1713 prima
1690 1672 1760 1706 vice

1019 1727 1150 1761 tantum,
1171 1728 1285 1755 tenore
1303 1722 1535 1766 praesentium,
1551 1725 1760 1758 concedimus

1019 1781 1051 1808 et
1075 1775 1291 1819 impertimur.

1063 1830 1077 1872 ἓ
1102 1829 1134 1863 3.
1161 1829 1231 1863 Non
1258 1830 1463 1863 obstantibus
1495 1832 1699 1874 apostolicis,
1726 1844 1761 1866 ac
1819 1845 1954 1868 obsantsum

1020 1883 1048 1915 in
1077 1883 1332 1926 provincialibus
1359 1889 1391 1916 et
1416 1884 1624 1926 generalibus
1655 1873 1889 1918 conci-‘¹⁰¹'03M'0'

1019 1937 1067 1969 liis
1094 1937 1215 1976 editis,
1240 1937 1449 1980 generalibus
1474 1938 1521 1970 vel
1549 1938 1758 1981 specialibus,

1018 1991 1307 2024 constitutionibus
1333 1996 1365 2023 et.
1390 1991 1675 2030 ordinationibus,
1710 2004 1761 2025 ce-

1020 2045 1162 2088 terisque
1187 2044 1359 2078 contrariis
1381 2044 1646 2088 quibuscumque.
1666 2046 1761 2078 Prac-

1018 2098 1189 2132 sentibus¹
1216 2098 1322 2142 quoad
1351 2098 1574 2140 indulgentiae
1594 2099 1760 2132 huiusmo-

1019 2153 1049 2185 di
1076 2152 1323 2186 concessionem
1349 2151 1386 2183 ad
1424 2151 1630 2194 septennium
1658 2153 1759 2195 proxi-

1019 2217 1106 2239 mum
1134 2211 1259 2238 tantum
1286 2204 1446 2237 valituris.

1062 2261 1076 2303 ξ
1101 2261 1133 2293 4.
1158 2260 1309 2293 Volumus
1329 2264 1438 2291 autem
1473 2265 1506 2291 ut
1540 2259 1758 2301 praesentium
1770 2270 1952 2323 2„.1.*[.'sl‡,',...¹,‘³‘¹'

1019 2313 1238 2357 transumptis,
1256 2324 1312 2346 seu
1330 2312 1503 2356 exemplis,
1520 2313 1614 2345 etiam
1631 2314 1759 2356 impres-

1016 2368 1079 2407 sis,
1111 2378 1205 2400 manu
1235 2367 1371 2399 alicuius
1396 2366 1511 2398 notarii
1535 2365 1654 2408 publici
1685 2368 1759 2399 sub-

1017 2420 1144 2463 scriptis
1162 2448 1169 2460 ,
1196 2425 1227 2453 et
1254 2420 1364 2461 sigillo
1391 2429 1551 2462 personae
1589 2419 1620 2451 in
1659 2420 1759 2451 cccle-

1017 2474 1143 2506 siastica
1162 2472 1318 2515 dignitate
1340 2471 1533 2504 constitutae
1560 2483 1616 2504 seu
1643 2482 1758 2514 procu-

1018 2527 1132 2560 ratoris
1158 2525 1318 2568 generalis
1343 2525 1417 2557 dicti
1442 2524 1571 2557 Ordinis
1606 2525 1756 2566 manius,

1054 2590 1063 2616 1
1091 2590 1191 2616 Vocem
1211 2588 1417 2616 Praesentibus
1437 2596 1485 2615 nos
1505 2587 1629 2615 addimus
1652 2590 1691 2623 (n.
1708 2595 1756 2624 L).
