2232 3178
265 167 316 195 Λη.
333 168 361 196 c.
384 168 450 197 1737
500 159 564 193 ⁶278

280 1394 393 1414 Sat-mrum
411 1394 450 1414 tir·

266 1426 336 1445 gruum
347 1424 450 1441 monaste·
480 1436 487 1441 .

267 1454 319 1467 itum
343 1453 449 1471 inpressa,

266 1473 319 1493 alias
345 1474 412 1493 voitu<
429 1476 450 1493 vt

267 1501 360 1525 exemplo
368 1501 450 1521 edocet.

1044 169 1224 194 BULLARIUM
1248 168 1404 194 ROMANUM

459 217 608 250 sublimia
647 217 795 250 virtutum
837 217 1039 259 ascendens,
1079 222 1196 261 quanto
1239 218 1456 261 spernendam
1482 227 1552 251 esse
1577 218 1714 251 vestium
1739 218 1923 259 vanitatem,
1942 222 1977 251 ut

459 270 560 313 magis
597 270 628 302 in
665 270 832 303 sanctitate
864 269 1078 313 proficiebat,
1110 274 1196 304 tanto
1240 271 1272 303 B.
1299 270 1438 313 Virginis
1473 270 1627 313 religioso
1664 271 1774 305 habitu
1812 271 1976 314 digniores

458 324 558 365 magis
585 334 617 356 se
644 323 831 355 humiliabat
856 323 887 355 in
914 324 1074 363 omnibus,
1097 328 1130 356 ut
1148 334 1198 356 co-

458 387 528 408 ram
563 377 628 409 Deo
665 375 824 408 inveniret
860 375 1008 417 gratiam.
1044 376 1197 408 Defuncta

459 428 556 470 igitur
587 432 688 460 matre
704 454 711 467 ‚
737 439 754 460 a
778 428 851 470 iugo
877 428 949 471 piae
975 428 1134 461 servitut1s
1159 428 1197 461 li-

458 481 546 521 bera,
571 481 665 514 nudis
692 481 840 523 pedibus,
867 481 941 514 sune
959 482 998 514 ad
1019 481 1136 514 collum
1158 481 1198 514 al-

458 535 577 576 ligato,
604 535 642 566 ad
680 534 990 575 sanctimonialium,
1017 545 1094 577 quas
1128 535 1197 577 ipsa

459 587 660 627 instituerat,
687 588 816 620 domum
850 587 1050 627 convolavit·,
1088 587 1198 630 ibique

459 650 566 673 coram
592 640 739 673 omnibus
755 640 935 683 genuflexa,
954 650 1034 683 quae
1053 640 1197 674 omnium

460 697 526 725 erat
552 697 663 733 mater,
679 698 841 736 tamquam
861 692 1079 726 addictissima
1097 703 1198 733 serva,

459 749 492 779 ut
517 746 549 778 in
575 756 688 779 eorum
726 746 922 779 consortium
950 746 1196 786 admitteretur,

460 798 651 831 humillimis
678 799 830 842 precibus
849 799 1048 841 efflagitavit.
1068 800 1106 831 At
1122 810 1198 832 vcro

459 861 568 883 sacrae
607 852 766 893 virgines,
793 852 988 894 profundam
1025 852 1196 894 magistrae

459 914 534 937 suae
562 905 775 938 humilitatem
800 910 831 938 et
855 904 1027 937 sublimem
1048 905 1196 938 virtutem

459 958 653 998 admiratae,
674 958 820 991 unanimi
846 968 1004 991 consensu
1024 958 1051 991 ei
1071 969 1199 991 monas-

460 1011 531 1045 terii
558 1012 705 1054 regimen
742 1012 909 1051 detulere3
939 1012 1025 1055 quod
1050 1012 1121 1055 ipsa
1153 1012 1200 1044 in-

458 1064 520 1096 vita
541 1070 572 1097 et
587 1066 756 1105 reluctans,
775 1065 830 1097 sed
851 1065 977 1097 tandem
995 1065 1198 1107 superiorum

460 1117 577 1149 cedens
595 1117 745 1158 iussibus,
765 1127 919 1160 suamque
938 1117 1127 1150 submittens
1149 1127 1200 1150 vo—

460 1171 628 1211 luntatem,
648 1171 783 1214 accepit„
803 1175 1003 1214 tamtumque
1029 1171 1138 1204 oneris
1158 1172 1199 1204 ob

461 1224 677 1257 humilitatem
707 1229 912 1266 recusatum,
946 1235 982 1258 ex
1018 1225 1199 1258 obedientia

461 1283 661 1321 susceptum,
687 1278 862 1321 prudentia
897 1277 1013 1320 gessit,
1044 1278 1198 1311 charitate

461 1330 703 1363 administravit.

504 1384 518 1427 ἓ
544 1383 575 1416 9.
601 1383 678 1416 Nam
705 1385 803 1418 corde
830 1384 971 1426 humilis,
996 1385 1103 1418 verbis
1128 1395 1199 1427 gra-

459 1446 526 1476 vis,
552 1436 657 1469 animo
683 1437 844 1480 prudens,
870 1438 1025 1481 loquendi
1050 1438 1199 1480 parcior,

461 1489 575 1522 orandi
601 1490 786 1530 studiosior,
804 1500 967 1533 nunquam
993 1490 1112 1531 otiosa,
1130 1491 1198 1523 aut¹

463 1542 554 1586 operi
580 1553 730 1576 manuum
756 1543 894 1583 intenta,
920 1543 1014 1576 solita
1039 1553 1119 1586 quae
1144 1543 1199 1576 Dei

460 1601 546 1636 sunt,
570 1606 636 1628 non
662 1607 744 1639 quae
762 1606 827 1638 sua,
849 1607 1015 1640 quaerere,
1035 1596 1199 1631 offendere

458 1649 640 1689 neminem,
666 1650 775 1683 iuvare
801 1659 921 1691 omnes,
949 1650 1059 1692 sugere
1086 1651 1202 1683 iactan-

459 1702 550 1742 tiam,
577 1703 734 1735 rationem
759 1703 871 1747 sequi,
891 1714 1000 1736 amare
1021 1704 1201 1744 virtutem&

461 1755 541 1787 sacta
556 1760 603 1788 est
619 1756 720 1788 forma
737 1756 784 1788 sui
803 1756 890 1799 parvi
909 1756 1024 1799 gregis,
1038 1757 1200 1790 instruens

459 1809 559 1841 verbo
596 1814 627 1842 et
663 1811 820 1852 exemplo.
858 1810 983 1843 Etenim
1016 1810 1203 1854 frequenter

461 1860 544 1894 silias
580 1872 652 1894 suas
688 1872 819 1895 monere
855 1863 993 1904 solebat,
1030 1863 1201 1906 Deiparam

462 1914 623 1956 Virginem
649 1926 725 1958 prae
751 1916 854 1949 oculis
876 1926 1004 1960 semper
1022 1916 1202 1949 habendam

463 1977 532 2000 esse
559 1973 721 2011 tamquam
747 1968 1019 2011 perfectissimum
1044 1969 1204 2011 virginita-

462 2020 501 2053 tis
528 2021 717 2064 exemplar,
744 2021 775 2053 in
802 2032 865 2065 quo
892 2024 981 2055 velut
1013 2023 1044 2055 iu
1071 2023 1203 2066 speculo

462 2073 601 2116 refulget
627 2074 752 2117 species
779 2075 935 2108 castitatis
962 2080 993 2108 et
1019 2075 1120 2108 forma
1146 2076 1204 2108 vir-

462 2127 559 2167 tutis,
587 2127 665 2160 hinc
690 2128 846 2161 sumenda
878 2128 1024 2171 exempla
1055 2128 1203 2168 vivendi,

461 2179 516 2212 ubi
542 2191 693 2224 expressa
718 2181 907 2223 magisteria
924 2181 1109 2225 probitatis,
1127 2181 1202 2225 quid

463 2234 593 2277 corrigi,
619 2234 696 2278 quid
722 2235 846 2276 evitari,
872 2235 948 2278 quid
976 2240 1087 2268 tenere
1109 2245 1205 2278 opor-

464 2293 558 2328 teret,
575 2288 803 2321 ostenderent:
822 2288 995 2322 dolorosae
1013 2299 1122 2321 earum
1143 2300 1205 2321 ma-

463 2340 521 2380 tri,
547 2340 601 2373 Dei
627 2341 751 2374 scilicet
776 2340 945 2383 genitrici,
972 2345 1006 2373 ut
1031 2341 1204 2374 similiores

466 2394 692 2434 efficerentur,
725 2395 893 2427 amandam
920 2405 990 2427 csse
1015 2395 1121 2438 potius
1149 2395 1205 2427 do-

465 2458 553 2480 mum
589 2448 716 2488 luctus,
750 2459 845 2491 quam
880 2448 1011 2481 domum
1049 2448 1203 2488 convivii;

503 2522 511 2543 ¹
533 2519 584 2546 Pro
596 2522 656 2551 aut,
675 2520 740 2546 sors.
757 2519 865 2554 legend.
877 2520 1204 2554 semperautemmin).

500 2563 517 2589 ¹2
538 2562 608 2591 Edit,
630 2563 712 2591 Maiu.
735 2563 800 2598 tegit
819 2564 959 2593 virtulum
979 2563 1020 2598 (n.
1036 2562 1083 2597 n).

1240 322 1372 363 tierent;
1400 323 1547 356 militiam
1571 334 1640 356 esse
1659 323 1754 357 vitam
1772 324 1911 357 hominis
1929 334 1978 357 su-

1241 387 1300 419 per
1326 382 1464 417 terram,
1491 377 1564 410 ideo
1602 387 1728 420 semper
1763 378 1800 411 ad
1835 388 1978 421 pugnam

1241 434 1368 472 paratas
1393 440 1461 463 esse
1488 431 1626 470 debere3
1661 436 1838 464 amatorum
1865 431 1978 464 mundi

1241 481 1409 514 irrisiones
1435 487 1465 514 ct
1489 483 1744 516 obtrectameuta
1760 510 1767 523 ,
1791 483 1909 527 quibus
1936 483 1980 516 se-

1242 535 1346 567 minae
1372 535 1437 567 Deo
1463 535 1586 568 dicatae
1611 535 1829 579 impetuntur,
1855 537 1979 570 animae

1242 587 1366 620 lucrum
1394 587 1592 620 aestimanda
1619 598 1708 630 esse,
1735 588 1872 632 ideoque
1898 590 1981 632 Apo-

1241 640 1314 673 stoli
1341 641 1438 673 verba
1463 641 1569 674 animo
1596 647 1756 684 perpetuo
1787 642 1978 675 retinenda:

1240 694 1270 725 si
1293 694 1478 726 hominibus
1503 694 1682 737 placerem,
1719 695 1842 729 Christi
1872 705 1981 728 servus

1241 756 1306 779 non
1330 757 1425 780 essem
1440 759 1449 787 ;
1484 753 1571 780 recte
1597 748 1636 780 ab
1670 748 1716 780 cis
1744 748 1882 788 factum,
1913 758 1981 781 non

1242 811 1370 842 semper
1394 801 1433 833 ab
1467 801 1538 833 aliis
1571 802 1736 834 laudatum
1765 801 1827 841 iri;
1863 801 1981 834 malum

1242 858 1348 886 autem
1375 854 1473 895 magis
1509 854 1541 886 in
1575 854 1690 887 Mariae
1724 854 1849 887 aucillis
1886 865 1982 897 quam

1243 906 1274 939 in
1292 907 1408 939 ceteris
1427 907 1618 940 mulieribus
1644 908 1885 950 exagerandum
1903 908 1981 949 sore,

1241 970 1300 1002 pro
1334 965 1420 992 certo
1454 960 1633 1000 haberent,
1671 961 1772 994 otium
1798 966 1832 993 ut
1856 967 1982 1004 pestem

1243 1013 1352 1056 sugere
1387 1018 1417 1046 et
1441 1013 1565 1056 aliquid
1602 1013 1825 1046 indesinenter
1853 1013 1983 1057 operari

1243 1071 1414 1106 curarent,
1443 1077 1574 1099 vacuum
1601 1066 1684 1099 enim
1718 1066 1983 1109 desidiosumque

1243 1123 1355 1162 pectus
1381 1120 1466 1151 vanis
1492 1119 1741 1161 cogitationibus
1766 1123 1797 1151 et
1813 1118 1983 1152 diabolicis

1244 1171 1367 1204 insidiis
1405 1177 1539 1214 patere;
1579 1172 1734 1205 arbitrum
1771 1171 1887 1204 mentis
1918 1181 1985 1205 non

1245 1224 1423 1265 hominem,
1439 1225 1494 1258 sed
1510 1225 1611 1257 Deum
1626 1225 1856 1268 quaerendum;
1873 1224 1984 1257 mundi

1243 1279 1377 1320 plausus
1403 1278 1615 1310 declinandos
1642 1288 1732 1319 esse,
1760 1289 1826 1311 non
1851 1289 1869 1311 a
1893 1287 1984 1311 crea-

1245 1330 1323 1364 turis
1341 1358 1348 1372 ,
1376 1331 1431 1364 sed
1458 1342 1473 1363 a
1499 1331 1568 1364 solo
1594 1331 1658 1364 Deo
1691 1331 1721 1363 iu
1754 1330 1985 1364 afflictionibus

1244 1384 1410 1425 solatium,
1429 1384 1460 1416 in
1479 1389 1564 1417 recte
1584 1384 1673 1417 sactis
1691 1384 1820 1417 laudem
1838 1395 1875 1417 ac
1891 1393 1984 1427 prae-

1244 1438 1342 1470 mium
1369 1442 1592 1480 expcctarent;
1620 1438 1702 1471 nihil
1728 1438 1863 1471 arduum
1889 1437 1989 1471 acin.

1243 1491 1371 1523 solitum
1397 1490 1464 1523 sine
1488 1490 1617 1533 praevio
1636 1496 1828 1534 maturoque
1848 1490 1985 1524 consilio

1245 1544 1516 1586 aggrediendum,
1542 1544 1767 1588 humanaeque
1794 1543 1984 1587 prudentiae

1245 1597 1403 1631 dictamen
1430 1597 1647 1639 respuendum
1673 1606 1753 1638 esse,
1774 1597 1828 1629 ubi
1858 1596 1986 1630 divinae

1245 1650 1326 1693 legis
1341 1650 1544 1694 praescripto
1558 1651 1766 1691 adversatur,
1794 1651 1986 1684 charitatem

1245 1714 1328 1744 vero,
1355 1714 1438 1747 quae
1460 1703 1540 1737 nulli
1558 1703 1696 1744 inimica,
1715 1704 1864 1737 omnibus
1884 1708 1987 1737 mater

1245 1763 1310 1798 est,
1337 1757 1424 1790 inter
1449 1768 1577 1791 sorores
1604 1758 1647 1790 ita
1671 1758 1861 1791 servandam
1894 1767 1987 1798 esse,

1245 1817 1280 1843 ut
1303 1810 1393 1843 nulla
1418 1810 1553 1843 divitum
1587 1812 1637 1844 vel
1662 1821 1864 1854 pauperum,
1897 1811 1988 1844 nulla

1247 1863 1405 1897 nobilium
1431 1868 1484 1895 aut
1509 1863 1714 1906 ignobilium,
1741 1864 1829 1896 nulla
1846 1863 1987 1907 denique

1247 1926 1456 1960 personarum
1484 1916 1638 1950 discretio
1663 1917 1767 1950 fieret.
1802 1916 1857 1949 His
1892 1921 1987 1960 atque

1247 1969 1317 2002 aliis
1338 1969 1442 2002 tidelis
1462 1974 1493 2002 ct
1510 1969 1654 2012 prudens
1675 1969 1730 2002 Dei
1746 1969 1873 2009 ancilla,
1892 1980 1987 2013 quam

1247 2022 1456 2056 constituerat
1472 2020 1626 2056 Dominus
1643 2033 1743 2066 super
1757 2022 1909 2055 familiam
1925 2022 1987 2056 Ma-

1249 2075 1304 2108 tris
1330 2085 1417 2116 suae,
1441 2075 1580 2108 assiduis
1598 2075 1753 2108 virtutum
1772 2075 1986 2117 documentis,

1247 2129 1285 2162 ad
1311 2129 1505 2162 currendum
1531 2130 1562 2162 in
1588 2129 1638 2162 via
1664 2129 1791 2162 Domini
1811 2129 1890 2163 filias
1916 2139 1988 2163 suas

1248 2183 1427 2216 muniebat.

1291 2237 1305 2280 ἓ
1332 2235 1384 2269 10.
1411 2236 1481 2279 Ipsa
1506 2241 1613 2270 autem
1640 2237 1710 2270 luce
1737 2247 1867 2270 suarum
1892 2237 1989 2270 virtu-

1250 2295 1315 2322 tum
1342 2290 1491 2323 omnibus
1517 2290 1674 2333 praeibat,
1698 2296 1730 2323 et
1747 2291 1894 2334 angelica
1912 2301 1989 2334 qua-

1249 2342 1320 2375 dam
1338 2343 1507 2382 modestia,
1527 2343 1710 2376 admirabili
1728 2344 1988 2382 mansuetudine,

1249 2396 1405 2438 singulari
1444 2396 1540 2429 animi
1578 2397 1774 2430 demissione
1809 2408 1918 2430 secum
1951 2397 1989 2430 ad

1250 2450 1350 2482 Deum
1375 2450 1452 2482 alias
1480 2450 1635 2493 rapiebat.
1672 2450 1793 2484 Memor
1817 2451 1989 2484 verborum

1250 2502 1371 2535 Christi
1398 2502 1543 2543 domini,
1571 2503 1624 2546 qui
1652 2503 1727 2536 fecit
1752 2509 1783 2537 et
1809 2504 1918 2537 docuit
1943 2504 1990 2537 di-

1250 2567 1328 2590 ceus
1357 2556 1527 2599 discipulis
1555 2557 1639 2590 suis:
1669 2556 1733 2596 Qua·
1757 2558 1863 2591 maior
1886 2561 1931 2591 es!
1954 2558 1991 2590 in

1985 169 2038 198 An.
2053 170 2082 198 C.
2103 170 2171 199 173⁷
2213 186 2216 192 v

2012 2245 2135 2274 numilitate*
2145 2248 2178 2266 efl-

2000 2273 2093 2298 terisque
2117 2274 2178 2292 virtu·

2000 2299 2056 2320 titius
2071 2297 2162 2320 excellit.
