2232 3178
283 202 331 230 An.
350 203 379 230 C.
404 203 469 229 1737

302 1053 381 1078 Corpus
394 1054 463 1074 duer-

280 1086 288 1098 ε
292 1086 331 1099 ιιιιιι
334 1081 359 1100 de
393 1087 463 1101 mace-

521 192 582 225 204

478 251 574 293 gnine
606 251 791 285 diffluentis.
819 251 917 290 Quam
944 251 1085 295 speciem
1111 250 1217 284 animo

478 306 540 337 alte
559 304 700 343 insuam,
722 305 863 348 vivisque
890 315 1075 348 expressam
1102 304 1217 338 colori-

476 358 549 398 bus,
572 358 614 390 ita
633 363 740 390 mente
764 359 795 390 in
822 364 988 401 posterum
1015 358 1160 398 retinuit,
1183 363 1218 390 ut

477 421 702 454 quaecumque
738 410 839 443 oeulis
876 416 1048 451 cerneret,
1075 410 1216 453 pretioso

476 463 594 496 Christi
613 463 771 505 sanguine
791 463 818 495 ei
839 463 1026 496 viderentur
1043 463 1214 506 adspersw,

477 526 681 558 qUOCUtthtle
707 526 739 548 se
766 521 920 556 verteret,
946 515 1118 548 Salvatoris
1155 526 1212 558 pa·

480 568 587 601 tientis
612 567 786 610 imaginem
806 568 865 600 sibi
891 569 1058 601 videretur
1083 568 1213 601 intueri.

476 621 559 654 llinc
585 621 700 663 ingens
728 621 869 663 patiendi
896 622 1000 661 ardor,
1028 627 1061 653 ut
1085 632 1118 654 se
1142 632 1217 665 pas-

476 674 558 706 sioni
585 673 703 706 Christi
729 674 852 706 domini
872 674 1088 712 conformans.
1110 675 1149 707 de
1167 675 1217 707 ad·

475 726 580 758 missis
614 727 662 758 vel
700 726 823 759 levibus
849 727 951 769 culpis
977 726 1101 760 divinae
1127 728 1218 760 iusti-

477 778 537 811 tiae
563 779 595 811 in
620 779 777 821 sangnine
815 785 846 812 et
876 790 936 823 per
968 780 1084 812 merita
1118 780 1216 812 divini

476 832 661 864 lllediatoris
688 833 905 872 satisfaceret,
932 839 963 866 et
987 838 1129 866 veterem
1161 834 1215 866 ho·

474 885 594 918 minem
620 885 651 917 in
678 896 711 918 se
738 886 954 929 crucifigeret,
978 892 1009 919 et
1034 887 1217 919 destrueret

474 949 594 981 eorpus
618 939 756 982 peccati,
774 944 890 972 utnon
918 939 1056 983 amplius
1082 945 1215 982 peccato

473 992 622 1025 serviret.

517 1047 531 1089 ἓ
556 1045 587 1078 9.
607 1045 717 1088 Itaque
743 1055 875 1078 carnem
901 1056 990 1078 suam
1018 1045 1140 1086 ciliciis,
1161 1046 1216 1078 ssa-

473 1099 579 1142 gellis‚
606 1099 697 1138 same,
723 1098 792 1138 siti,
822 1098 958 1141 vigitiis,
986 1098 1115 1131 ieiuniis
1142 1099 1216 1132 edo—

474 1152 585 1192 muit‚-
606 1162 646 1184 ne
673 1151 783 1194 spinas
821 1162 856 1183 ac
894 1151 1028 1184 tribulos
1066 1152 1216 1185 vitiorum

474 1205 690 1248 produceret,
713 1204 769 1237 sed
795 1210 905 1237 sancta
936 1215 1073 1248 corpore
1099 1211 1130 1238 et
1154 1206 1216 1248 spi-

473 1258 537 1291 ritu
556 1258 693 1291 hostiam
712 1257 776 1290 Deo
804 1258 988 1301 placentem
1014 1268 1047 1291 se
1073 1258 1213 1291 offerret.

474 1310 559 1344 Uno¹
577 1311 626 1344 vel
646 1311 748 1343 altero
767 1321 852 1343 anno
872 1312 910 1343 ab
929 1310 1126 1344 admirabilis
1147 1311 1214 1344 eius

475 1364 696 1398 conversionis
718 1364 781 1403 die,
798 1374 875 1397 voce
894 1364 1011 1397 Christi
1034 1364 1154 1397 domini
1176 1365 1213 1397 ad

473 1418 648 1450 interiores
674 1417 781 1450 cordis
809 1428 903 1450 aures
930 1423 1117 1457 resonante,
1135 1417 1215 1451 invi-

475 1476 536 1503 tata
557 1475 607 1502 est
625 1470 662 1502 ad
682 1470 905 1512 peragendum
932 1481 1002 1503 cum
1030 1470 1135 1503 divino
1152 1470 1215 1503 Sal-

473 1529 580 1556 vatore
617 1523 895 1566 quadragesimale
930 1523 1109 1564 ieiunium,
1149 1534 1213 1567 quo

473 1576 635 1616 exercita,
668 1575 728 1608 tria
753 1575 806 1609 illa
834 1576 1048 1609 tentationum
1074 1586 1209 1618 genera,

472 1630 590 1672 quibus
608 1629 663 1662 ille
681 1629 791 1662 volens
817 1634 956 1661 tentatus
979 1635 1038 1669 est,
1057 1640 1211 1672 superare

472 1682 648 1716 edisceret:
666 1692 796 1725 nempe,
817 1682 904 1714 intus
922 1682 1018 1715 verbo
1036 1682 1092 1715 Dei
1111 1683 1213 1716 nutri-

472 1742 511 1775 ta,
530 1746 596 1768 non
622 1740 793 1779 quaereret
817 1736 850 1767 in
875 1735 936 1768 ista
960 1736 1105 1768 mortalis
1127 1736 1210 1770 vitae

471 1799 581 1822 eremo
607 1790 816 1832 voluptatem,
835 1788 900 1822 imo
921 1788 965 1821 ita
990 1788 1143 1821 domitam
1162 1799 1212 1822 cu-

471 1842 639 1886 piditatem
664 1842 814 1883 haberet,
835 1847 869 1873 ut
886 1852 946 1875 nec
967 1841 1041 1874 sami
1060 1842 1208 1883 cederet;

470 1896 525 1929 uni
550 1896 616 1930 Deo
643 1901 764 1928 tanturn
789 1895 956 1936 subiecta,
991 1906 1057 1929 non
1083 1896 1210 1929 deside—

470 1955 559 1982 raret
582 1949 614 1981 in
640 1954 761 1988 monte,
787 1947 848 1981 hoc
868 1953 915 1981 est
939 1948 971 1981 in
998 1950 1129 1981 terrena
1150 1950 1210 1982 ela-

472 2003 578 2043 tione,
613 2002 795 2035 iaetantiam
813 2029 820 2041 ‚
852 2002 909 2034 sed
934 2001 1016 2035 nulli
1042 2007 1209 2036 creaturae

470 2056 623 2096 serviens,
642 2060 673 2088 et
690 2056 853 2088 neminem
871 2060 1001 2098 praeter
1018 2055 1118 2088 Deum
1139 2056 1209 2089 ado·

470 2119 558 2150 rans,
578 2109 763 2151 superbiam
781 2109 902 2141 saeculi
928 2114 959 2141 et
982 2109 1140 2142 vanitates
1159 2120 1209 2142 va-

470 2161 642 2195 nitantium
668 2162 828 2202 calcaret3
851 2166 985 2194 aeterno
1011 2162 1140 2195 demum
1164 2161 1209 2195 in-

469 2214 708 2248 commutabilis
734 2214 877 2247 veritatis
894 2216 1077 2257 spectaculo
1096 2215 1209 2248 inbae-

469 2277 553 2307 rens,
573 2266 769 2300 curiositatis
794 2266 981 2299 illecebram
1012 2272 1208 2300 comtemne-

468 2325 541 2360 ret,
567 2329 627 2353 nec
651 2319 750 2352 Deum
776 2324 933 2359 tentaret,
960 2330 1020 2352 nec
1045 2330 1103 2363 per
1120 2320 1208 2353 sasti-

469 2373 557 2416 ginm
584 2373 705 2416 templi,
724 2373 754 2405 id
774 2377 823 2405 est
846 2383 905 2415 per
929 2373 1039 2406 oculos
1060 2373 1208 2417 corporis

468 2437 501 2459 se
525 2426 734 2469 praecipitem
760 2431 882 2469 ageret,
901 2431 934 2458 ut
952 2426 991 2459 ad
1017 2426 1207 2470 temporalia

469 2485 500 2513 et
524 2480 688 2519 inferiora,
707 2479 890 2513 recedendo
916 2489 932 2512 a
956 2479 1021 2514 Deo
1042 2481 1204 2524 templum,

505 2550 515 2575 1
538 2548 606 2576 Male
635 2548 699 2576 edit.
720 2549 799 2576 Main.
821 2553 920 2584 puncto
950 2549 1061 2578 sublato
1091 2550 1154 2586 legit
1178 2558 1206 2579 se

466 2595 580 2630 offerret
600 2602 656 2621 uno
678 2598 729 2622 etc.
750 2599 787 2629 (a.
805 2595 853 2629 Τ.).

1062 202 1244 227 BULLARIUM
1268 201 1426 227 ROMANUM

1260 250 1325 284 hoc
1351 255 1422 292 est,
1449 251 1588 285 animam
1613 258 1754 285 nostram
1779 252 1997 293 inhabitante,

1260 304 1457 346 perveniret:
1473 310 1569 347 atque
1584 304 1625 338 ita
1644 305 1703 338 tria
1717 305 1770 338 illa
1787 316 1919 349 prorsus
1937 306 1998 339 sibi

1260 356 1387 389 subdita
1417 362 1448 389 et
1468 357 1596 399 penitus
1628 358 1794 391 confracta
1818 358 1939 391 ieiunio
1967 363 1999 392 et

1260 410 1405 443 oratione
1421 412 1868 454 teneret,concupiscentiam
1885 412 1999 453 carnis,

1260 463 1553 505 concupiscentiam
1591 465 1759 497 oculorum
1795 470 1826 497 et
1851 465 1999 498 ambitio-

1261 526 1333 547 nem
1359 515 1488 548 saeculi.
1516 516 1728 549 Auscultavit¹
1755 517 1861 550 subito
1887 517 1999 550 invita-

1263 573 1372 600 menta
1398 568 1559 601 dominica
1578 569 1668 601 sortis
1687 569 1742 602 Dei
1762 570 1888 610 mulier,
1905 575 1934 603 et
1952 580 2000 603 se-

1260 626 1331 653 cuta
1349 627 1398 654 est
1422 621 1571 665 spiritum
1598 622 1768 656 ducentem
1786 623 1817 655 in
1837 623 1998 656 desertum

1260 674 1491 716 poenitentiae,
1512 676 1608 717 longe
1630 686 1646 708 a
1667 675 1839 708 mundanis
1859 676 1997 709 oblecta-

1260 726 1376 759 mentis
1407 733 1438 760 et
1462 728 1679 761 saecularibus
1706 729 1791 761 curis
1817 728 1997 762 inhabitan-

1262 779 1344 812 tibus
1364 785 1476 813 terras.
1496 780 1532 813 Et
1550 792 1615 814 non
1641 782 1743 815 solum
1769 782 1891 825 primae
1909 781 1997 815 illius

1261 833 1532 876 quadragesimae
1560 838 1698 878 tempus,
1719 835 1787 875 sed,
1808 845 1867 878 per
1891 845 1995 868 annos

1261 889 1327 918 tres
1353 890 1385 918 et
1410 886 1542 928 viginti,
1568 887 1687 920 nedum
1714 886 1995 930 Quadragesimae,

1261 939 1478 971 verumetiam
1494 939 1657 972 Adventus
1672 940 1766 973 serias
1778 941 1848 973 solo
1864 941 1996 973 caelesti

1261 991 1417 1024 orationis
1450 991 1522 1025 cibo
1558 998 1589 1024 et
1618 998 1823 1026 sacrosancto
1848 993 1997 1025 Euchari-

1260 1043 1340 1076 stiae
1362 1054 1444 1086 pane
1469 1049 1649 1078 sustentata
1675 1046 1839 1088 transegit,
1866 1047 1997 1079 amaris-

1261 1096 1342 1130 simo
1362 1101 1486 1130 tantum
1512 1108 1613 1141 aquae
1633 1099 1775 1142 liquatae
1805 1099 1880 1132 salis
1901 1105 1996 1143 atque

1261 1150 1342 1182 aceti
1366 1156 1442 1193 potu
1471 1151 1558 1183 sitim
1584 1152 1778 1196 quandoque
1805 1153 1994 1187 excrucians

1261 1202 1367 1244 potius
1395 1213 1490 1246 quam
1523 1204 1753 1247 restinguens:
1792 1216 1854 1249 quo
1888 1211 1995 1239 tamen

1260 1255 1370 1288 ieiunii
1398 1262 1543 1300 tempore
1563 1259 1729 1292 robustior
1747 1264 1841 1303 atque
1861 1260 1996 1294 vividior

1259 1308 1431 1342 laboriosis
1456 1309 1619 1343 charitatis
1649 1313 1838 1346 muneribus
1864 1313 1995 1357 perfun-

1259 1362 1407 1404 gebatur.
1428 1362 1471 1395 Ita
1497 1373 1554 1406 per
1579 1364 1712 1406 gratiam
1731 1365 1870 1409 Spiritus
1889 1366 1995 1401 Sancti

1257 1421 1391 1448 naturae
1432 1427 1524 1449 usum
1569 1423 1600 1450 et
1638 1427 1731 1451 sexus
1771 1418 1993 1454 infirmitatem

1258 1468 1513 1511 transgrediens,
1535 1469 1606 1502 cibo
1624 1470 1838 1505 abstinentiae
1864 1478 1895 1505 et
1918 1478 1995 1515 potu

1257 1521 1481 1554 amaritudinis
1506 1523 1586 1555 aluit
1606 1534 1720 1566 corpus
1747 1535 1852 1565 suum,
1874 1526 1994 1559 docens

1256 1585 1322 1607 non
1347 1575 1451 1607 solum
1469 1576 1594 1609 nescire
1624 1577 1698 1610 vitia
1713 1604 1720 1617 ‚
1737 1578 1791 1610 sed
1810 1578 1904 1611 etiam
1926 1589 1995 1612 cau-

1256 1638 1305 1660 sas
1329 1628 1453 1661 nescire
1478 1629 1640 1662 vitiorum.

1298 1682 1313 1724 §
1339 1681 1392 1714 10.
1420 1682 1466 1714 Ad
1493 1683 1672 1716 sanctitatis
1695 1683 1792 1726 igitur
1817 1685 1992 1718 sublimita·
2029 1692 2182 1719 Egenisetin·
2229 1672 2232 1706 j

2003 1718 2065 1740 fimus
2097 1721 2181 1743 insurvit

1256 1739 1318 1766 tem
1355 1745 1413 1777 per
1449 1741 1570 1768 erectas
1607 1737 1826 1779 poenitentiae
1862 1739 2180 1795 semitasssuffmqgnuuui·

1254 1787 1351 1820 celeri
1385 1787 1485 1830 gradu
1515 1789 1727 1832 progrediens
1752 1790 1937 1832 catharina,
1960 1799 1992 1826 et

1254 1851 1270 1872 a
1307 1840 1413 1874 divino
1455 1841 1643 1875 humilitatis
1684 1844 1840 1886 magistro
1877 1845 1991 1880 edocta

1253 1893 1458 1927 altitudinem
1484 1895 1691 1937 perfectionis
1710 1908 1892 1933 mensuram
1919 1910 1991 1933 esse

1254 1947 1374 1980 debere
1400 1948 1616 1989 humilitatis,
1645 1951 1744 1992 elegit
1768 1951 1894 1986 abiecta
1919 1963 1990 1987 esse

1252 2000 1285 2033 in
1312 2000 1406 2033 domo
1433 2001 1532 2044 patris
1558 2002 1619 2043 sui,
1647 2004 1748 2046 magis
1775 2016 1870 2048 quam
1896 2006 1990 2041 habi-

1254 2058 1321 2085 tare
1347 2053 1378 2085 in
1406 2053 1622 2088 tabernaculis
1638 2062 1854 2099 peccatorum.
1878 2059 1989 2103 ltaque

1252 2117 1287 2139 se
1314 2106 1467 2140 comitem
1492 2107 1657 2149 adficiens,
1677 2111 1725 2143 rel
1750 2111 1855 2154 potius
1877 2111 1907 2144 in
1925 2113 1988 2156 pie-

1253 2165 1314 2192 tate
1346 2161 1460 2193 ducem
1497 2161 1569 2194 aliis
1605 2162 1771 2196 nobilibus
1808 2166 1984 2206 matronis,

1252 2224 1388 2256 quarum
1414 2224 1490 2246 cura
1524 2219 1593 2247 erat
1617 2214 1753 2249 infirmis
1778 2218 1988 2261 pauperibus-

1251 2276 1313 2309 que
1340 2276 1539 2307 succurrere,
1561 2272 1593 2300 et
1609 2267 1802 2302 miserorum
1828 2270 1988 2305 calamita-

1250 2325 1297 2352 tes
1324 2324 1354 2352 et
1379 2320 1543 2362 angustias
1570 2331 1669 2363 opere
1695 2326 1725 2354 et
1751 2322 1893 2365 pecunia
1911 2324 1987 2357 sub-

1249 2373 1379 2414 levare,
1407 2373 1563 2406 circuibat
1597 2384 1658 2417 per
1694 2374 1781 2408 vicos
1807 2381 1839 2409 et
1862 2377 1986 2420 plateas

1251 2436 1410 2469 quaerens
1430 2427 1460 2459 in
1476 2427 1672 2470 pauperibus
1692 2433 1723 2460 et
1740 2427 1873 2462 infirmis
1890 2440 1984 2473 quem

1251 2479 1407 2523 diligebat
1440 2480 1546 2513 anima
1583 2491 1649 2513 sua.
1675 2480 1848 2515 Incedebat
1877 2487 1984 2516 autem

1285 2552 1296 2577 1
1319 2551 1466 2586 Pei-peram
1481 2551 1577 2579 iterum
1593 2555 1691 2587 puncto
1707 2552 1812 2579 sublato
1828 2552 1924 2580 eadem
1939 2553 1983 2582 ed.

1248 2594 1311 2631 legit
1322 2595 1509 2625 ambitionem
1519 2596 1628 2625 saeculi
1639 2597 1811 2626 auscultavit
1822 2599 1874 2625 etc.
1887 2597 1983 2634 (usn).

2007 204 2056 231 An.
2074 204 2092 232 c
2125 190 2191 236 173⁷?
2218 194 2223 221 ²
