2232 3178
12 207 60 235 Aa.
74 203 102 232 C.
126 201 194 230 ¹739

61 797 195 819 Condtzinnes

17 831 54 853 per
87 825 197 845 missiona-

19 853 60 873 rios
80 851 196 877 adimplen-

19 879 64 900 dae.

822 197 963 223 CLEMENS
989 197 1035 221 xtt
1060 197 1109 221 1³1³.

241 249 319 286 Quae
346 248 454 286 omnia,
484 251 627 288 quatenus
654 255 726 287 opus
755 250 809 285 est,
839 246 941 276 harum

203 299 314 338 vigore,
332 301 413 328 motu
435 297 566 337 proprio,
583 301 611 326 et
626 305 693 326 cum
710 296 791 325 certa
807 295 941 333 scientia,

202 347 297 378 denuo
319 346 510 383 ratificamuS,
534 345 755 381 confirmamus,
784 353 816 373 ac
846 352 945 382 respe-

202 397 276 426 ctive
311 395 523 434 indulgemus3
561 393 732 424 mandantes
772 396 804 422 ut
841 392 942 421 iisdem

203 444 297 484 quoad
334 444 431 473 omnia
466 448 494 473 et
523 442 638 481 singula
678 445 783 481 puncta
821 439 945 469 firmiter

203 493 415 529 adhaereatur,
435 491 522 522 simul
539 495 637 521 tamen
652 494 788 520 caventes
805 493 836 518 ut.
861 488 946 518 vicis-

204 542 259 572 sim
282 540 507 581 praememorati
539 544 635 579 patres
658 538 775 569 Ordinis
799 537 944 567 Minorum

204 592 299 620 sancti
320 589 469 620 Francisci
498 588 734 619 Recollectorum
767 586 859 616 dictae
893 585 946 614 Ar-

204 639 388 678 gentinensis
410 648 460 668 seu
478 637 669 668 Alemanniae
691 635 859 676 provinciae
879 633 948 663 sub-

205 688 297 718 iectas
318 687 500 718 conditiones
516 696 551 716 ex
573 687 626 715 sua
645 689 725 725 parte
751 683 948 724 punctualiter

206 737 346 776 impleant
368 741 396 766 et
418 735 586 773 observent,
611 734 747 764 scilicet:

246 795 266 816 1.
296 785 496 826 Apostolicum
530 784 678 814 missionis
710 782 839 813 officium
872 781 948 811 intra

208 835 349 866 terminos
382 833 491 864 iamdiu
520 832 574 863 sihi
610 832 778 872 praefixos,
812 830 949 860 videlicet

208 885 236 915 in
260 883 452 924 praefecturis
483 892 516 912 ac
547 881 683 921 satrapiis
711 880 805 910 Zellae
828 880 951 918 Pinzgo-

209 933 328 971 viensis,
351 931 517 962 Taxenbaci
546 935 574 961 et
598 930 711 968 Rourii,
743 939 799 969 qua
832 929 887 959 late
920 929 949 958 in

209 980 420 1021 temporalibus
437 989 467 1010 se
484 979 655 1017 extendunt,
673 978 753 1008 obire
773 983 948 1014 teneantur3

211 1031 289 1061 ultra
311 1030 378 1060 illos
394 1038 476 1068 vero,
493 1028 567 1059 citra
591 1031 723 1058 nostrum
740 1030 768 1057 et
785 1030 950 1056 nostrorum

210 1079 240 1109 in
263 1078 515 1118 archiepiscopatu
538 1085 742 1106 successorum
775 1075 951 1115 praescitum

211 1132 239 1158 et
255 1136 441 1165 consensum,
459 1127 628 1156 nullatenus
645 1124 780 1165 progredi
797 1125 839 1154 eis
855 1124 951 1153 liceat.

252 1186 283 1207 11.
307 1176 429 1207 Domum
452 1175 601 1206 missionis
623 1175 683 1204 una
704 1183 769 1204 cum
787 1173 893 1203 sacello
909 1172 953 1202 vel

211 1226 337 1257 ecclesia
360 1225 422 1265 (cui
438 1225 472 1255 de
488 1224 567 1254 omni
583 1223 752 1254 necessaria
767 1222 953 1262 supellectili,

211 1274 373 1305 luminibus
395 1278 424 1304 et
445 1273 513 1303 vino
534 1273 570 1303 ad
593 1272 772 1303 sacrificium
802 1271 954 1311 providere

212 1324 323 1354 eisdem
358 1322 527 1362 incumbit)
565 1321 755 1352 conformiter
790 1320 954 1350 fundationi

213 1373 381 1404 Glickianae
397 1373 428 1403 in
441 1371 632 1411 amplitudine
650 1370 802 1400 moderata
819 1379 871 1409 pro
887 1368 956 1399 sub-

213 1423 348 1453 sistentia
379 1421 632 1452 missionariorum
669 1424 777 1460 quanto
806 1419 893 1450 citius
928 1423 956 1449 et

214 1471 302 1502 talem
324 1471 353 1502 in
377 1472 498 1502 formam
518 1470 614 1500 extrui
638 1473 805 1509 procurent,
830 1472 861 1499 ut
884 1468 956 1498 illud

215 1520 381 1551 aedificium
417 1529 469 1559 pro
499 1523 625 1559 quatuor
659 1522 776 1557 patrum
806 1517 958 1548 missiona-

214 1570 326 1600 riorum
350 1569 489 1599 etunius
521 1567 619 1597 fratris
651 1566 718 1596 laici
751 1567 879 1596 incolatu
912 1576 959 1596 ac-

216 1617 381 1656 comodum,
400 1626 432 1647 ac
455 1621 607 1656 praeterea
629 1615 741 1645 duabus
766 1615 890 1645 cameris
906 1624 957 1654 pro

216 1667 390 1708 provinciali
412 1666 457 1696 vel
480 1665 665 1705 hospitibus,
695 1673 808 1694 necnon
837 1664 958 1694 refecto-

215 1717 302 1755 riolo,
326 1715 438 1752 culina,
456 1715 528 1744 cella
551 1714 666 1744 vinaria
687 1717 715 1743 et
731 1713 884 1753 penuaria,
900 1714 960 1743 una

217 1775 283 1796 cum
308 1764 495 1798 bibliotheca,
520 1763 650 1803 pomario
682 1766 710 1792 et
742 1762 849 1801 ligniti,
878 1762 959 1792 iuxta

216 1814 311 1845 ideam
347 1816 584 1854 praesentatam,
618 1815 819 1851 competenter
850 1811 960 1841 instru-

216 1867 316 1893 ctum:
340 1861 466 1902 amplius
489 1870 542 1890 nec
560 1860 656 1900 ipsum
680 1869 733 1890 nec
755 1859 878 1890 ecclesia
895 1869 959 1899 pos-

217 1912 255 1942 sit
276 1911 402 1942 dilatari.
428 1909 590 1950 Siquidem.

258 1970 299 1991 m.
323 1960 468 1990 Numerus
484 1963 601 1998 patrum
618 1958 870 1989 missionariorum
893 1966 959 1987 cum

219 2009 371 2050 superiore
393 2009 490 2048 (cuius
512 2007 658 2038 institutio
683 2011 764 2047 pater
787 2006 959 2046 provinciali

219 2059 385 2099 competat)
417 2058 560 2088 inclusive
582 2057 684 2097 quovis
711 2060 843 2096 tempore
869 2055 960 2086 indis-

220 2107 410 2149 pensabiliter
432 2107 461 2137 in
485 2111 610 2146 quatuor
632 2106 765 2146 personis
794 2105 958 2143 consistat,

221 2158 260 2188 ita
283 2161 315 2187 ut
336 2157 391 2186 iste
413 2164 566 2192 numerus,
590 2154 700 2194 absque
722 2158 822 2184 nostro
844 2153 889 2183 vel
913 2162 962 2183 no-

221 2210 348 2237 strorum
372 2213 575 2235 successorum
598 2204 743 2243 praescitu
773 2208 801 2233 et
828 2203 960 2241 licentia,

222 2256 343 2296 insuper
365 2263 505 2294 expresso
529 2262 672 2283 consensu
695 2252 788 2282 nostri
810 2251 964 2282 venerabi-

222 2304 259 2334 lis
278 2303 398 2344 capituli
421 2302 640 2341 metropolitici,
659 2301 807 2341 perpetuis
824 2300 963 2340 tempori-

222 2353 277 2384 bus
298 2353 468 2383 nullatenus
490 2351 638 2387 imminui,
670 2351 761 2381 multo
789 2350 885 2380 minus
912 2359 963 2380 au-

223 2402 284 2441 geri
307 2402 412 2432 valeat.
436 2400 490 2436 Qui
512 2399 657 2439 proinde:

263 2459 301 2481 1v.
333 2449 420 2480 Nobis
449 2449 615 2488 nostrisque
650 2448 679 2477 in
712 2447 964 2487 archiepiscopatu

224 2498 444 2530 successoribus
460 2497 568 2536 singuli
591 2506 605 2527 a
630 2501 710 2537 patre
727 2497 898 2537 provinciali
916 2506 966 2526 no-

225 2548 356 2579 minandi
379 2557 411 2577 ac
434 2546 641 2587 praesentandi
663 2550 752 2583 sunt,
771 2546 846 2576 sacta
867 2550 963 2576 autem

225 2597 314 2629 semel
348 2595 555 2637 approbatione
588 2596 700 2633 nostra,
725 2603 783 2625 non
816 2594 899 2626 aliter
931 2595 966 2625 ab

1626 181 1685 215 531

986 255 1019 276 eo
1036 248 1173 285 poterunt
1194 242 1326 274 revocari
1349 246 1377 273 et
1398 240 1518 281 mutari,
1535 240 1606 281 quin
1623 240 1726 270 saltem

987 304 1063 324 unus
1099 294 1245 334 ipsorum,
1281 292 1331 332 qui
1368 302 1474 322 munus
1510 290 1657 320 missionis
1693 289 1726 319 ad

986 342 1137 372 biennium
1160 342 1276 378 obierit,
1300 341 1397 380 sitque
1423 341 1453 370 in
1486 350 1519 370 eo
1549 339 1729 369 sufficienter

987 391 1164 421 exercitatus
1188 395 1216 421 et
1238 394 1388 430 expertus,
1412 399 1445 419 ac
1467 398 1519 429 per
1546 396 1729 427 consequens

988 440 1265 470 neoadventantium
1298 438 1486 468 instructioni
1522 441 1551 467 et
1588 436 1730 466 manudu-

989 488 1078 518 ctioni
1111 492 1207 527 aptus,
1233 488 1262 517 in
1289 487 1414 526 hospitio
1448 485 1596 516 missionis
1627 484 1730 524 quovis

989 541 1120 576 tempore
1144 536 1279 575 persistat
1301 540 1329 565 et
1352 534 1532 564 inveniatur.
1557 534 1729 572 Propterea:

1029 593 1056 613 v.
1084 584 1249 624 Supradicti
1279 588 1375 623 patres
1408 582 1587 613 missionarii
1620 582 1655 611 ab
1688 582 1733 611 in-

990 633 1079 663 stanti
1114 633 1310 672 susceptionis
1346 637 1374 662 et
1410 632 1603 670 ablegationis
1639 640 1730 668 suae,

991 691 1103 712 necnon
1126 682 1251 712 durante
1276 681 1423 711 missionis
1445 680 1541 710 officio
1564 680 1593 710 in
1616 689 1734 719 praeas-

991 731 1113 770 signatis
1135 730 1287 770 dynastiis,
1323 729 1504 760 solummodo
1528 729 1611 759 nobis
1633 733 1661 758 et
1683 737 1734 758 no-

992 781 1060 811 stris
1084 780 1113 810 in
1147 779 1399 819 archiepiscopatu
1431 777 1649 808 successoribus
1681 777 1734 807 im-

993 829 1118 860 mediate
1151 828 1277 859 subiecti
1311 828 1462 865 existant,
1499 827 1540 857 sic
1577 831 1671 857 tamen
1704 830 1735 856 ut

994 884 1052 910 tam
1081 889 1182 909 eorum
1217 878 1380 918 personalis
1413 887 1499 918 quam
1531 877 1650 913 localis,
1684 885 1735 906 seu

993 929 1096 959 domus
1119 929 1272 969 ipsiusmet
1294 927 1428 966 directio,
1451 927 1525 957 sicut
1548 930 1575 956 et
1598 929 1735 956 consueta

995 979 1135 1016 visitatio,
1151 979 1226 1018 patri
1242 977 1413 1017 provinciali
1431 980 1578 1006 reservata
1591 979 1619 1005 ct
1635 975 1735 1004 illaesa

995 1032 1179 1067 permaneat.
1213 1027 1295 1063 Quod
1330 1031 1425 1057 autem
1459 1026 1556 1066 ipsum
1589 1024 1737 1055 missionis

995 1077 1122 1106 officium
1146 1076 1310 1115 concernit,
1334 1076 1422 1106 iidem

1036 1135 1074 1156 vt.
1098 1126 1285 1163 Missionarfi,
1311 1125 1440 1165 propri0‚
1459 1129 1490 1155 ut
1509 1124 1603 1162 decet,
1627 1123 1738 1153 anima-

996 1185 1059 1205 rum
1097 1175 1159 1205 zelo
1191 1174 1302 1213 afflati,
1327 1183 1441 1204 summo
1474 1183 1506 1203 ac
1538 1172 1737 1203 irremissibili

997 1224 1093 1254 studio
1117 1225 1316 1261 connitentur,
1340 1223 1506 1258 turmatim,
1530 1222 1592 1260 vel,
1617 1222 1646 1251 in
1670 1230 1740 1251 casu

997 1273 1174 1312 exigentiae,
1188 1273 1274 1303 etiam
1288 1272 1415 1303 ostiatim
1429 1270 1647 1309 circumeundo,
1661 1279 1740 1300 com-

999 1323 1120 1353 missum
1132 1322 1186 1352 sibi
1200 1331 1306 1352 munus
1320 1321 1510 1361 apostolicum
1524 1321 1562 1350 ita
1578 1320 1741 1359 peraganv,

998 1376 1030 1402 ut
1053 1371 1257 1408 instructione,
1284 1371 1401 1401 hortatu
1424 1374 1451 1400 et
1473 1369 1649 1400 excitatione
1672 1377 1741 1398 con-

999 1422 1082 1452 tinua
1103 1421 1272 1460 ignorantes
1305 1429 1378 1461 quae
1400 1424 1468 1450 sunt
1490 1419 1557 1449 fidei
1580 1418 1740 1448 catholicae

999 1471 1188 1507 edoceantur,
1210 1471 1353 1510 ancipites
1375 1470 1404 1500 in
1428 1469 1505 1500 viam
1524 1468 1634 1507 regiam
1653 1466 1742 1497 dedu-

1000 1524 1115 1559 cantur,
1139 1520 1249 1550 infirmi
1282 1520 1493 1555 confortentur,
1518 1517 1607 1548 fortes
1643 1520 1741 1546 autem

1000 1569 1035 1599 ad
1059 1569 1270 1609 perfectionem
1294 1569 1486 1599 christianam
1507 1567 1609 1606 magis,
1635 1565 1741 1604 magis-

1001 1627 1057 1657 que
1079 1618 1288 1648 accendantur.
1313 1617 1437 1657 Insuper
1469 1615 1612 1655 singulari
1644 1615 1741 1645 studio

1001 1667 1153 1706 explorare
1176 1671 1321 1706 satagant,
1342 1667 1511 1706 qualesnam
1536 1673 1678 1705 personae
1697 1663 1742 1694 sui

1001 1717 1152 1746 districtus
1183 1716 1303 1746 de·fide
1335 1720 1485 1756 suspectae
1517 1714 1687 1750 evaserint,
1714 1716 1743 1743 et

1002 1767 1121 1807 quinam
1142 1774 1244 1795 earum
1266 1769 1476 1804 receptatores,
1497 1764 1638 1801 fautores,
1672 1771 1744 1802 quo-

1002 1825 1128 1855 cumque
1141 1815 1225 1845 modo
1242 1814 1434 1845 auxiliatores
1458 1814 1599 1849 existant;
1624 1812 1742 1842 ubinam

1001 1865 1132 1895 locorum
1156 1863 1224 1894 libri
1246 1863 1387 1894 haeretici
1415 1863 1459 1893 vel
1490 1872 1528 1892 ex
1557 1862 1677 1901 antiquo
1700 1870 1744 1890 re-

1002 1913 1110 1944 servati
1133 1913 1179 1943 vel
1201 1913 1237 1943 de
1259 1922 1333 1942 novo
1366 1911 1527 1942 introducti
1561 1910 1742 1946 habeantur3

1003 1963 1071 1993 item
1094 1962 1310 2002 quisjistorum
1337 1961 1382 1991 vel
1409 1960 1530 1990 alterius
1557 1967 1658 1989 eorum
1693 1967 1745 1988 no-

1003 2012 1097 2042 titiam
1121 2016 1169 2042 aut
1193 2015 1302 2052 partem
1326 2010 1442 2040 habeat.
1461 2008 1631 2040 Cuiusmodi
1655 2009 1745 2048 pesti-

1003 2061 1095 2090 lentes
1128 2060 1277 2095 homines,
1310 2059 1500 2098 ipsorumque
1533 2057 1676 2093 fautores,
1701 2055 1745 2086 vel

1003 2109 1103 2148 nobis,
1128 2109 1172 2139 vel
1197 2113 1315 2139 nostrae
1338 2108 1367 2138 in
1391 2108 1480 2137 causa
1502 2106 1653 2145 religionis
1685 2114 1746 2136 ere-

1004 2164 1067 2189 ctae
1082 2163 1210 2189 secretae
1226 2157 1422 2198 deputationi‚
1440 2156 1610 2196 tempestive
1634 2155 1746 2185 denun-

1004 2208 1118 2245 ciandi,
1144 2212 1172 2238 et
1194 2216 1395 2247 quaecumque
1428 2206 1463 2236 ad
1494 2205 1677 2236 formandum
1702 2204 1745 2234 vel

1005 2258 1165 2288 finiendum
1204 2266 1372 2297 processum
1409 2255 1614 2286 haereticalem
1648 2263 1747 2284 neces-

1005 2307 1079 2337 saria
1115 2306 1277 2337 ferventius
1310 2305 1484 2335 assumenda
1507 2308 1535 2334 et
1559 2303 1746 2343 producenda

1006 2360 1084 2386 sunt.
1109 2356 1230 2396 Insuper
1255 2354 1447 2393 verbumbei
1471 2357 1499 2383 et
1522 2353 1683 2383 doctrinam
1702 2361 1747 2381 ea-

1008 2405 1322 2436 tholico-christianam
1346 2413 1397 2443 per
1419 2403 1516 2433 omnia
1539 2402 1600 2432 loca
1631 2401 1676 2431 sui
1707 2401 1748 2431 di-

1007 2455 1125 2484 strictus
1142 2454 1218 2493 (sine
1237 2452 1445 2492 impedimento
1469 2456 1565 2481 tamen
1583 2450 1747 2480 officiorum

1008 2504 1271 2535 ecclesiasticorum
1286 2502 1515 2540 ordinariorum)
1539 2500 1644 2540 populo
1661 2500 1747 2530 etiam

1046 2600 1055 2625 1
1080 2597 1173 2633 Aptius
1193 2597 1282 2625 forsan
1302 2598 1437 2632 legeretur
1454 2602 1593 2630 perayere
1611 2595 1641 2630 (n
1662 2595 1712 2629 τ,).

1736 190 1785 216 An.
1803 189 1831 216 C.
1856 188 1923 216 1739
