2232 3178
285 248 334 275 An.
353 248 382 274 c.
405 247 473 274 ¹738
518 237 582 271 4302

478 295 602 325 domada
637 294 834 325 conferentiae
877 303 928 333 per
963 293 1089 332 spatium
1127 292 1215 323 unius

479 345 565 373 horae
588 343 655 381 sint,
679 348 707 372 et
729 342 817 372 semel
841 342 965 380 singulis
981 340 1131 371 mensibus
1147 350 1215 370 con-

479 392 624 422 clusiones
659 400 710 429 per
742 391 813 419 duas
843 390 928 419 horas
962 394 1087 419 tantum.
1118 389 1216 418 Patres

479 446 574 470 autem
598 439 736 476 ministri,
761 439 897 475 lectores,
922 443 1007 477 prout
1030 438 1088 467 illis
1111 437 1216 467 melius

479 488 617 527 expedire
641 488 734 517 visum
757 487 855 523 suerit,
869 486 1064 525 designabunt
1087 491 1216 525 tempora

480 546 532 576 pro
554 537 640 566 dictis
658 536 806 566 exercitiis
828 535 990 572 litterariis,
1005 535 1133 574 exceptis
1149 543 1218 564 eon-

456 585 660 626 ⁴clusionibus
694 589 822 623 tempore
854 593 970 620 cursus,
994 593 1066 623 quae
1099 583 1128 612 in
1159 583 1215 612 iam

479 634 631 672 designato
653 633 859 662 defenduntur.

518 691 557 712 Vl.
581 681 750 712 Communis
772 681 908 711 mentalis
927 681 1030 718 oratio,
1053 684 1109 710 tam
1126 683 1219 708 matu-

481 731 539 760 tina
563 740 649 769 quarn
674 730 850 773 vespefflna,
874 739 990 768 semper
1015 729 1052 758 sit
1075 738 1090 758 a
1113 728 1218 767 quinta

481 779 553 808 hora
575 787 666 817 usque
688 778 721 807 ad
744 781 865 807 sextam.
890 778 923 807 Et
953 778 1036 807 finita
1059 776 1216 812 matutina,

480 827 642 856 recitentur
674 826 761 855 simul
793 826 900 860 Prima,
934 825 1042 861 Tertia,
1076 826 1161 855 Sexta
1192 827 1219 852 et

480 875 572 913 Nona,
596 875 625 904 iu
649 875 742 914 spatio
761 874 975 914 aliquantulum
992 872 1118 911 longiori
1133 871 1220 901 dimi-

481 923 531 953 dia
565 923 650 960 hora,
685 927 713 952 et
735 923 909 962 quandoque
941 921 1105 961 prolixiori,
1139 920 1218 949 iuxta

480 972 620 1001 maiorem
643 980 742 1001 earum
759 971 962 1011 quantitatem.
988 970 1022 1000 Et
1039 970 1073 999 ad
1094 969 1218 998 initum¹

480 1021 608 1059 Primae,
625 1025 653 1051 et
669 1030 726 1050 non
743 1025 838 1058 antea,
856 1019 977 1059 incipiat
995 1019 1151 1048 missarum
1175 1026 1220 1047 ce-

481 1070 615 1100 lebratio.

521 1129 571 1150 vn.
595 1119 626 1149 In
651 1119 752 1157 vigilia
769 1118 933 1148 Nativitatis
955 1117 1070 1148 Domini
1089 1119 1220 1146 cantetur

482 1169 590 1206 Prima,
609 1173 636 1198 et
658 1168 688 1198 in
704 1168 750 1198 die
765 1167 954 1197 Ascensionis
976 1167 1068 1204 Nona,
1085 1175 1118 1195 eo
1136 1164 1220 1194 modo

483 1224 512 1250 et
535 1224 664 1259 tempore
685 1228 718 1248 ac
737 1218 767 1248 in
790 1216 994 1247 conventibus,
1027 1215 1124 1245 Tertia
1148 1224 1220 1254 quo-

482 1277 538 1307 que
561 1272 681 1297 canatur
703 1266 873 1296 immediate
905 1271 971 1295 ante
1005 1265 1124 1294 missam
1152 1273 1242 1301 con-¹

484 1317 650 1347 ventualem
673 1316 702 1346 in
725 1316 772 1345 die
794 1315 961 1345 Nativitatis
981 1314 1108 1351 Domini,
1126 1313 1222 1353 prima

483 1366 529 1396 die
552 1365 693 1403 Paschae,
717 1374 750 1394 ac
774 1364 869 1403 prima
891 1364 1091 1399 Pentecostes,
1108 1372 1221 1392 necnon

483 1414 513 1444 in
532 1413 738 1444 festivitatibus
766 1413 818 1443 SS.
842 1412 1005 1450 Trinitatis,
1030 1410 1220 1450 Epiphaniae,

483 1462 700 1502 Assumptionis
722 1461 753 1491 B.
772 1461 888 1497 Mariae,
905 1460 1071 1490 Nativitatis
1094 1461 1123 1489 S.
1142 1459 1222 1489 Ioan-

483 1512 530 1542 nis
553 1511 713 1550 Baptistae,
738 1509 863 1540 natalitii
886 1514 1054 1539 sanctorum
1077 1508 1221 1547 apostolo-

472 1570 548 1591 vrum
566 1560 643 1590 Petri
657 1565 685 1590 et
698 1559 790 1596 Pauli,
805 1562 973 1588 sanctorum
988 1557 1221 1596 patriarcharum

484 1614 650 1639 nostrorum
682 1608 799 1638 Ioannis
828 1611 856 1636 et
878 1606 994 1644 Felicis,
1028 1606 1085 1635 nisi
1117 1605 1222 1634 horum

485 1659 556 1688 festa
590 1667 655 1687 cum
688 1657 810 1686 aliarum
847 1656 1023 1693 religionum
1057 1653 1223 1684 celebretur

486 1716 630 1737 concursu
654 1710 681 1736 et
703 1705 882 1742 assistentia,
900 1714 933 1733 ae
952 1704 980 1733 in
997 1704 1070 1733 festo
1086 1702 1222 1733 Omnium

486 1756 671 1793 Sanctorum,
690 1755 719 1784 in
742 1753 848 1793 quihus
866 1753 969 1782 diebus
990 1752 1074 1782 Sexta
1099 1756 1127 1781 et
1142 1751 1224 1781 Nona

486 1805 620 1835 dicentur
642 1803 743 1833 eodem
776 1807 906 1841 tempore
934 1806 961 1832 et
994 1800 1163 1840 pausatione
1190 1809 1223 1830 ac

485 1855 515 1884 in
540 1852 742 1883 conventibus.

527 1912 586 1932 vul.
610 1902 696 1931 Missa
718 1900 920 1930 conventualis
946 1904 1068 1930 canatur
1090 1899 1224 1930 omnibus

487 1950 643 1981 dominicis
666 1953 694 1979 et
716 1949 818 1979 diebus
840 1949 963 1986 feriatis,
981 1958 1013 1978 ac
1036 1949 1065 1978 in
1085 1948 1225 1978 festivita-

487 2000 565 2030 tibus
587 1999 618 2029 B.
644 1998 750 2028 Mariae
777 1997 907 2035 Virginis
929 2001 957 2027 et
979 1996 1098 2027 Ordinis
1119 1996 1223 2033 nostri,

486 2053 573 2087 atque
595 2048 681 2078 etiam
704 2047 734 2076 in
758 2047 804 2076 die
827 2046 974 2085 Cinerum,
998 2046 1028 2075 in
1050 2046 1125 2076 seria
1148 2054 1174 2083 v,
1198 2054 1225 2075 Vl

486 2102 514 2127 et
536 2096 654 2126 sabbato
678 2095 796 2125 maioris
828 2094 1047 2131 hebdomadae,
1071 2094 1101 2123 in
1125 2094 1225 2132 vigili-:1

487 2144 719 2182 Pentecostes,in
734 2143 780 2173 die
793 2143 1082 2173 Commemorationis
1095 2142 1224 2172 omnium

488 2194 704 2229 defunctorum,
722 2197 809 2232 atque
826 2192 912 2222 etiam
935 2192 965 2221 in
988 2192 1034 2221 die
1057 2191 1225 2221 immediato

489 2247 552 2282 post
575 2242 677 2271 festum
697 2241 827 2270 omnium
850 2244 1017 2270 sanctorum
1040 2239 1171 2274 Ordinis,
1194 2240 1224 2269 in

489 2301 547 2331 quo
570 2291 633 2320 fieri
656 2289 762 2320 debent
785 2289 925 2328 exequiae
948 2298 1000 2328 pro
1029 2289 1136 2318 nostris
1159 2288 1225 2318 reli-

488 2341 578 2380 giosis
599 2340 756 2376 defunctis,
773 2348 839 2369 cum
863 2339 963 2377 vigilia
981 2343 1008 2368 et
1030 2347 1170 2378 responso
1195 2338 1224 2368 in

489 2390 626 2427 ecclesia,
650 2389 726 2418 sicut
748 2388 777 2418 in
802 2387 1006 2425 conventibus,
1031 2392 1079 2417 aut
1102 2387 1130 2417 in
1155 2397 1225 2426 qua-

491 2443 556 2468 tuor
578 2437 646 2467 anni
669 2436 894 2473 anniversariis,
918 2443 1032 2466 necnon
1056 2436 1172 2475 quando
1195 2436 1226 2465 fit

489 2487 619 2517 officium
642 2486 677 2515 de
700 2485 797 2524 aliquo
819 2489 918 2514 sancto
937 2489 1063 2523 martyre
1086 2484 1115 2514 in
1138 2485 1224 2514 colle·

489 2535 536 2574 gio
558 2535 607 2564 illo
630 2534 680 2564 ubi
696 2543 800 2573 corpus
818 2533 861 2563 vel
877 2533 1001 2571 insignis
1017 2533 1080 2563 eius
1103 2533 1225 2573 reliquia

491 2589 668 2614 asservatur.
701 2583 854 2613 Praeterea
883 2582 912 2612 in
936 2582 1070 2612 omnibus
1096 2582 1225 2621 collegiis

526 2639 536 2666 1
561 2637 670 2665 Videtur
689 2637 835 2673 tegendum
854 2637 974 2665 initium
994 2638 1035 2671 (n.
1051 2636 1100 2672 13).

1060 243 1243 268 BULLARIUM
1267 243 1426 268 ROMANUM

1258 291 1342 321 debet
1378 292 1489 322 cantari
1525 292 1611 322 missa
1644 292 1673 322 in
1710 292 1844 331 exequiis
1879 297 1992 322 nostro-

1258 349 1322 369 rum
1346 340 1549 378 religiosorum
1575 341 1795 379 defunctorum,
1822 345 1849 370 et
1877 341 1993 380 quando

1258 398 1295 417 ex
1317 388 1465 418 dotatione
1498 389 1541 418 vel
1574 389 1633 418 alia
1655 389 1830 427 obligatione
1854 390 1994 428 perpetua.

1258 441 1307 466 aut
1331 437 1483 476 temporali
1505 437 1540 466 ad
1569 437 1597 467 id
1627 441 1753 467 tenetur.
1777 437 1920 467 Secundis
1947 447 1995 467 ve-

1258 495 1290 514 ro
1319 486 1401 514 feriis
1424 495 1438 515 a
1465 486 1565 524 regula
1591 486 1749 524 designatis
1777 486 1891 515 dicatur
1908 486 1994 516 missa

1259 534 1321 563 sine
1344 538 1429 563 cantu
1453 544 1504 573 pro
1527 534 1680 571 defunctis,
1698 539 1725 564 et
1748 536 1782 564 ea
1804 535 1897 573 finita,
1915 535 1964 564 fiat
1980 543 1994 564 a

1260 583 1469 612 communitate
1485 582 1629 612 absolutio
1646 583 1774 612 fidelium
1790 582 1995 612 defunctorum

1260 639 1324 659 cum
1358 634 1457 660 cantu.
1491 631 1522 660 ln
1555 635 1680 670 quatuor
1711 636 1809 660 autem
1839 631 1995 670 praedictis

1260 678 1468 708 anniversariis
1487 684 1514 709 et
1533 679 1562 708 in
1579 680 1852 709 commemoratione
1867 679 1996 709 fidelium

1261 727 1464 757 defunctorum
1490 731 1553 766 post
1575 728 1692 757 missam
1716 728 1765 757 fiat
1783 727 1930 767 processio
1946 737 1998 767 per

1261 775 1433 813 claustrum,
1458 781 1486 805 et
1509 775 1557 805 ubi
1581 775 1635 805 hoc
1657 785 1715 805 non
1737 775 1840 812 fuerit,
1864 779 1998 805 cantetur

1261 823 1403 853 absolutio
1426 824 1455 853 in
1478 824 1617 853 ecclesia.

1302 881 1341 901 ix.
1363 872 1504 911 Vesperae
1527 877 1669 902 canantur
1691 877 1750 903 tam
1774 872 1883 912 primae
1910 881 1998 912 quam

1261 921 1405 950 secundae
1428 921 1475 960 (eo
1499 925 1628 960 tempore
1651 926 1680 952 et
1702 922 1886 952 solemnitate
1912 931 1945 951 ac
1967 921 1998 952 in

1262 969 1468 1008 conventibus)
1488 969 1581 999 trihus
1598 970 1699 1009 primis
1717 970 1820 1000 diebus
1835 970 2000 1001 Nativitatis

1262 1018 1388 1056 Domini,
1413 1018 1505 1047 tribus
1528 1018 1688 1055 Paschatis,
1718 1028 1751 1048 ac
1780 1018 1874 1048 tribus
1897 1018 2000 1049 Pente-

1263 1070 1378 1103 costes;
1407 1075 1521 1096 necnon
1545 1067 1574 1096 in
1596 1067 1801 1096 festivitatibus
1831 1066 1881 1097 SS.
1905 1066 2002 1097 Trini-

1264 1115 1342 1153 tatis,
1367 1114 1501 1154 Corporis
1523 1115 1642 1153 Christi,
1666 1116 1914 1154 Circumcisionis,
1934 1116 2001 1156 Epi-

1265 1163 1399 1202 phaniae,
1422 1165 1610 1194 Ascensionis
1632 1165 1758 1204 Domini,
1783 1165 2001 1195 Purificationis

1264 1216 1291 1242 et
1323 1213 1542 1252 Assutuptionis
1573 1214 1604 1243 B.
1629 1213 1753 1252 Mariae,
1787 1214 1816 1243 in
1845 1213 2001 1244 Nativitate

1264 1264 1292 1293 S.
1307 1263 1424 1293 loannis
1437 1263 1595 1302 Baptistae,
1610 1263 1743 1293 natalitio
1756 1267 1922 1293 sanctorum
1935 1272 2002 1304 apo-

1264 1313 1407 1343 stolorum
1421 1313 1498 1343 l'etri
1514 1317 1542 1342 et
1558 1312 1650 1346 Pauli,
1665 1322 1698 1342 ac
1712 1312 1863 1342 beatorum
1880 1313 2004 1352 patriar-

1264 1363 1384 1391 charum
1404 1366 1571 1391 nostrorum
1594 1361 1710 1391 loannis
1731 1366 1759 1391 et
1782 1361 1898 1399 Felicis,
1922 1366 1950 1392 et
1972 1361 2002 1392 in

1264 1411 1393 1441 secundo
1416 1411 1489 1440 sesto
1511 1410 1540 1441 S.
1558 1411 1680 1449 Agnetis
1702 1410 1824 1449 virginis
1847 1415 1875 1440 et
1899 1415 2004 1450 marty·

1264 1460 1316 1498 ris,
1342 1459 1433 1489 nostri
1456 1459 1574 1489 Ordinis
1597 1464 1745 1498 patronae,
1767 1468 1800 1489 ac
1822 1459 1852 1489 in
1874 1459 1946 1489 festo
1969 1459 2004 1489 ti-

1266 1509 1353 1539 tulari
1376 1509 1522 1546 familiae,
1555 1508 1721 1547 provinciae
1743 1512 1793 1538 aut
1825 1508 1949 1546 domus,
1972 1508 2004 1538 in

1265 1567 1322 1596 quo
1345 1562 1373 1588 et
1394 1557 1482 1587 missa
1505 1557 1644 1586 solemnis
1667 1557 1796 1587 canenda
1819 1561 1873 1587 est.
1905 1557 1937 1586 In
1965 1557 2004 1587 fe-

1264 1607 1392 1636 stivitate
1415 1611 1511 1636 autem
1534 1605 1670 1636 Omnium
1693 1606 1866 1636 Sanctorum
1889 1615 2004 1646 semper

1265 1660 1410 1685 canantur
1434 1655 1543 1694 primae
1561 1664 1716 1694 vesperae3
1743 1655 1836 1694 quoad
1859 1654 2003 1685 secundas

1266 1714 1333 1734 vero
1357 1704 1541 1741 observetur,
1577 1704 1653 1733 sicut
1684 1708 1712 1733 et
1743 1703 1837 1742 quoad
1866 1712 2004 1743 vesperas

1265 1755 1482 1790 defunctorum,
1499 1753 1575 1792 quod
1597 1752 1705 1782 dictum
1729 1758 1772 1782 est
1796 1752 1831 1782 de
1854 1753 2005 1783 conventi-

1266 1803 1331 1841 bus,
1355 1812 1419 1841 cap.
1444 1811 1483 1840 xi,
1507 1802 1520 1839 ξ
1544 1802 1571 1839 t,
1597 1810 1626 1830 n.
1650 1810 1710 1831 vm.
1739 1801 1770 1830 ln
1794 1801 1914 1840 reliquis
1935 1810 2004 1831 vero

1267 1851 1472 1881 festivitatibus
1505 1850 1615 1890 primae
1647 1854 1675 1879 et
1707 1849 1852 1880 secundae
1885 1849 2003 1887 classis,

1267 1910 1340 1940 quae
1373 1900 1408 1929 ad
1440 1899 1594 1929 colendum
1631 1898 1877 1937 pronunciantur,
1911 1898 2005 1928 solum

1268 1959 1404 1989 vesperae
1427 1948 1572 1979 secundae
1595 1952 1748 1985 canantur,
1765 1948 1822 1977 nisi
1844 1947 1944 1977 eodem
1959 1948 2006 1978 die

1267 1997 1463 2028 defendendae
1486 1997 1544 2026 sint
1566 1996 1781 2034 conclusiones,
1802 2004 1876 2035 quae
1892 2005 2007 2035 semper

1268 2047 1409 2087 praeferri
1432 2045 1538 2075 debent
1560 2045 1690 2084 vesperis
1712 2044 1849 2074 secundis
1865 2045 2008 2076 festivita-

1268 2101 1328 2126 tum
1346 2096 1374 2125 in
1390 2094 1496 2134 quibus
1511 2094 1565 2124 hae
1581 2093 1673 2123 solum
1687 2093 1752 2123 cani
1764 2092 1899 2123 debeant.
1916 2093 1948 2124 In
1962 2103 2007 2124 re-

1267 2145 1390 2175 citandis
1403 2148 1499 2173 autem
1512 2147 1614 2183 quarta
1629 2152 1695 2182 pars
1710 2143 1798 2172 horae
1811 2144 2004 2182 expendatur.

1308 2203 1336 2223 x.
1362 2193 1530 2223 immediate
1564 2196 1627 2231 post
1658 2192 1813 2221 mentalem
1843 2192 2005 2223 orationem

1268 2242 1465 2281 vespertinam
1500 2241 1615 2270 dicatur
1648 2240 1890 2280 Completorium,
1928 2241 2005 2281 quod

1267 2292 1326 2321 sere
1349 2300 1399 2330 per
1421 2290 1613 2330 quadrantem
1636 2290 1723 2319 horae
1746 2289 1883 2327 durabit;
1916 2295 1945 2321 et
1971 2300 2005 2321 eo

1268 2340 1360 2377 finito,
1385 2340 1474 2369 cellas
1497 2343 1597 2378 petant
1615 2338 1649 2368 ad
1664 2338 1838 2368 studendum
1854 2348 1947 2378 usque
1969 2339 2004 2369 ad

1267 2389 1368 2419 horam
1392 2393 1523 2419 octavam
1546 2397 1611 2419 cum
1634 2388 1765 2426 dimidia,
1793 2388 1850 2418 nisi
1874 2388 1955 2427 quies
1977 2393 2006 2419 et

1267 2435 1410 2465 recreatio
1443 2445 1480 2465 ex
1508 2434 1703 2464 instructione
1736 2435 1773 2464 sit
1801 2434 1946 2464 habenda.
1976 2435 2005 2466 Si

1267 2489 1365 2514 autem
1393 2484 1481 2514 fuerit
1510 2492 1567 2513 nox
1597 2483 1759 2513 eommunis
1788 2483 2004 2522 flagellationis,

1268 2533 1454 2572 flagellentur
1477 2536 1607 2572 tempore
1630 2532 1740 2571 hyemis
1764 2536 1828 2571 post
1846 2532 2007 2572 Completo-

1267 2583 1344 2612 rium
1360 2586 1426 2612 ante
1442 2581 1589 2612 studium:
1614 2581 1736 2620 reliquis
1751 2590 1820 2611 vero
1842 2580 1915 2611 anni
1933 2585 2007 2611 tem-

1268 2631 1387 2672 poribus
1403 2634 1467 2672 post
1478 2634 1655 2662 nocturnum
1667 2629 1863 2662 conscientiae
1872 2638 2004 2662 examen.

2000 244 2050 272 An.
2065 244 2094 273 c.
2114 246 2177 277 ¹738
2197 233 2198 238 ’
