2232 3178
21 211 71 236 Αη.
86 209 117 236 C.
138 208 205 235 1736

213 255 303 285 tineat
338 259 468 294 tempore
499 254 676 285 visitationis
699 259 882 294 computare,
907 265 954 285 co-

211 312 370 341 gnoscere,
394 303 538 332 rationem
572 304 704 342 exigere,
735 304 893 342 omniaque
926 308 953 333 et

211 351 324 389 singula
359 352 527 391 praecipere
562 356 589 381 et
623 352 795 391 providere,
829 352 952 381 durante

210 400 289 430 dicta
311 401 490 438 visitatione,
515 411 588 440 quae
611 406 668 431 tam
692 411 745 440 pro
767 401 843 430 bono
876 401 951 438 regi-

210 449 288 479 mine
318 450 525 489 hospitalium,
549 459 635 489 quam
665 459 715 488 pro
738 450 887 488 spirituali
920 459 951 478 ac

210 499 366 537 temporali
393 499 594 529 consolatione
628 499 811 528 infirmorum
835 503 863 528 et
884 498 952 527 reli-

209 548 372 586 giosorum,
397 548 445 587 qui
464 548 579 578 illorum
600 557 700 578 curam
717 552 833 586 gerunt,
852 557 952 577 neces-

209 597 287 626 saria
311 606 386 635 esse,
411 598 471 627 sive
494 598 574 627 iuxta
597 597 732 636 proprias
755 597 951 626 conscientias

208 645 239 675 in
263 646 383 676 Domino
406 646 542 685 expedire
565 646 747 676 censuerint.

57 702 198 732 nairausuu
249 704 319 725 xvn.
342 694 396 730 Qui
420 695 454 724 ad
478 694 609 724 habitum
632 695 801 733 religiosum
821 695 950 725 cuculla-

18 729 197 777 mmmm-affl
210 748 270 773 tum
298 743 334 773 ob
363 743 480 783 aliquod
507 743 748 782 impedimentum
778 754 828 773 seu
857 744 952 782 legiti-

18 782 174 809 ⁹‘⁰s‘⁵⁵¹⁰¹¹²¹¹¹'
210 802 286 822 mam
309 802 425 822 causam
449 792 565 822 admitti
588 802 645 822 non
669 797 801 832 possunt,
820 792 863 821 vel
889 797 951 822 tan-

209 847 269 872 tum
286 842 471 881 recipiuntur
494 841 554 871 ιιιίι
570 841 718 880 simplices
735 841 869 878 tertiarii,
890 841 951 871 vul-

207 899 244 928 go
262 890 367 928 donati,
384 890 408 920 si
433 890 538 919 deinde
554 889 684 929 ipsorum
701 889 791 928 aliqui
812 894 950 929 perpetuo

208 939 237 968 in
267 939 408 977 religione
438 938 534 968 vivere
568 942 703 978 optarent
732 942 759 968 et
789 939 949 968 solemnem

209 988 416 1026 professionem
441 987 588 1025 emittere,
613 991 766 1026 postquam
791 997 842 1027 per
870 987 950 1017 bien-

207 1037 289 1066 nium
316 1037 417 1066 saltem
442 1041 589 1075 tamquam
612 1037 710 1066 donati
740 1037 948 1074 inservierint,

209 1085 319 1123 possint
336 1093 388 1124 per
405 1085 565 1124 praefectos
581 1090 779 1114 conventuum
802 1087 861 1114 una
883 1094 949 1114 cum

207 1134 343 1163 discretis
365 1143 416 1163 seu
439 1133 577 1172 gravibus
607 1143 639 1163 ac
667 1134 860 1173 prudentibus
883 1135 951 1164 reli-

206 1182 296 1221 giosis
330 1183 451 1222 proponi
486 1183 633 1221 praefecto
665 1183 795 1221 generali
828 1183 949 1222 eiusque

206 1231 432 1267 assistentibus,
454 1231 561 1270 quibus
584 1231 668 1270 plena
691 1236 719 1261 et
742 1232 855 1261 sincera
878 1232 949 1261 insi-

207 1279 267 1310 mul
293 1280 510 1310 transmittatur
532 1281 699 1310 informatio
729 1290 818 1319 super
847 1290 947 1310 eorum

207 1330 267 1359 vita.
289 1334 316 1359 et
342 1329 483 1367 moribus3
501 1329 678 1369 obtentaque
694 1330 814 1359 licentia
830 1330 859 1359 in
876 1330 948 1359 scri-

208 1379 264 1418 ptis
292 1379 327 1409 ab
352 1379 454 1409 eodem
482 1379 627 1419 praefecto
660 1379 791 1418 generali
824 1379 947 1419 eiusque

207 1428 384 1465 definitorio,
419 1439 451 1458 ac
485 1429 646 1468 praemisso
679 1438 755 1458 anno
788 1428 947 1459 novitiatus

206 1487 271 1508 cum
295 1479 438 1515 clausura,
455 1478 635 1517 servatisque
658 1478 794 1508 omnibus
817 1479 881 1509 aliis
903 1488 948 1509 re-

206 1527 334 1567 quisitis,
359 1537 432 1566 quae
455 1527 578 1557 cuilibet
600 1527 710 1557 novitio
733 1527 875 1565 facienda,
900 1537 946 1566 ge-

205 1575 295 1606 renda
328 1580 356 1605 et
388 1576 529 1605 servanda
563 1580 652 1613 sunt,
687 1576 878 1606 admittantur
911 1577 944 1606 ad

206 1624 415 1664 professionem
449 1624 502 1655 sub
531 1625 670 1664 qualitate
693 1629 720 1655 et
743 1626 860 1656 nomine
890 1632 946 1657 ter-

206 1674 358 1703 tiariorum
381 1674 443 1703 sive
465 1673 662 1704 donatorum:
693 1675 836 1705 cucullam
871 1685 946 1706 nun-

205 1731 291 1762 quam
315 1722 458 1758 deferant,
479 1731 548 1752 voce
570 1723 667 1752 activa
689 1728 716 1753 et
739 1725 855 1762 passiva
881 1735 946 1764 per-

205 1777 292 1811 petuo
324 1776 462 1809 careant,
487 1777 514 1801 et
544 1772 726 1803 solummodo
748 1774 855 1804 addicti
886 1776 945 1805 sint

204 1821 263 1852 illis
286 1822 436 1852 exercitiis
458 1826 487 1852 et
509 1823 625 1859 officiis,
642 1832 716 1862 quae
735 1823 864 1862 ipsorum
887 1830 946 1855 sta-

205 1871 247 1900 tui
269 1871 459 1907 conveniunt,
483 1871 632 1901 sacristiae
656 1872 801 1911 videlicet,
820 1873 945 1904 eleemo-

204 1929 343 1958 synarum
369 1920 584 1959 perquisitioni,
608 1921 696 1959 horti,
719 1923 875 1961 coquinae,
900 1933 944 1953 re-

203 1968 328 2005 fectorii,
353 1968 475 2007 aliisque
499 1969 664 1999 huiusmodi
687 1979 761 2010 quae
784 1972 944 2011 unicuique

204 2017 362 2056 prudenter
389 2022 417 2048 et
441 2022 606 2057 opportune
638 2019 876 2059 distribuentur3
909 2022 943 2052 de

203 2066 281 2095 bisce
304 2071 400 2096 autem
424 2070 490 2096 ante
519 2071 547 2096 et
579 2071 708 2107 tempore
731 2069 889 2100 novitiatus
911 2081 944 2100 ac

201 2114 369 2145 immediate
391 2121 459 2145 ante
482 2116 691 2154 professionem
722 2118 873 2148 certiorari
896 2119 944 2148 de-

202 2162 288 2193 beant
321 2173 354 2194 ac
387 2164 471 2204 plene
503 2164 633 2203 edoceri,
667 2170 699 2196 ut
732 2167 821 2206 probe
852 2169 944 2199 sciant

202 2213 298 2242 omnia
330 2217 359 2243 et
391 2213 524 2252 singula,
549 2215 583 2244 ad
616 2225 691 2254 quae
725 2216 894 2255 obligantur
916 2222 943 2248 et

201 2270 317 2291 servare
334 2266 481 2300 tenentur,
499 2272 570 2292 neve
587 2263 646 2292 ullo
664 2273 793 2303 unquam
812 2269 943 2305 tempore

201 2310 360 2349 quidquam
384 2320 434 2350 pro
457 2312 591 2342 nullitate
607 2314 795 2352 professionis
817 2315 942 2354 allegare

201 2359 327 2389 audeant
348 2360 394 2389 vel
418 2366 616 2399 praesumant.

35 2414 130 2445 eapituta
156 2421 190 2442 ge·
240 2416 320 2438 xvnl.
337 2408 503 2448 Capitulum
524 2411 661 2448 generale
683 2411 718 2440 de
741 2413 888 2442 novennio
912 2413 940 2442 in

9 2441 190 2493 ἓξὶἷξῇἓῖἳιζξξι
200 2457 390 2495 novennium,
409 2458 489 2487 iuxta
512 2459 673 2489 antedictas
697 2460 807 2490 litteras
825 2467 940 2501 aposto-

9 2494 271 2544 ?;?;d²}}efifi¹;ssglicas
305 2511 424 2537 sanctae
447 2508 606 2538 memoriae
628 2508 777 2540 Benedicti
800 2510 861 2540 Xlll
894 2512 940 2541 die

237 2606 247 2631 t
272 2604 344 2632 Edit.
367 2604 447 2633 Main.
470 2605 531 2639 legit
553 2606 612 2634 riri
632 2615 681 2640 pro
704 2608 745 2636 uti
765 2609 802 2642 (R.
820 2611 868 2643 r).

846 206 993 230 CLEMENS
1020 207 1066 231 xit
1091 208 1139 232 1¹1³.

1635 198 1698 232 t09
1746 207 1934 236 Amen-136

996 265 1022 285 tv
1047 257 1115 286 maii
1138 265 1275 287 moccxxv
1299 257 1440 296 signatas,
1464 257 1639 288 celebretur.
1664 257 1735 292 Quia
1747 269 1934 294 proximumdiffu-

997 308 1091 334 tamen
1127 306 1245 335 evenire
1279 311 1390 345 posset,
1414 311 1583 346 praesentes
1605 296 1850 342 declara-22¹}‚ffi'f„†“¹
1870 297 1933 316 “¹⁸⁸⁰

996 353 1107 391 tioneS,
1132 354 1330 384 ordinationes
1352 360 1380 385 et
1409 360 1534 393 statuta,
1558 355 1594 384 ob
1617 355 1734 393 longum

995 401 1083 430 nimis
1106 402 1141 431 ab
1165 402 1240 432 Urbe
1263 403 1297 432 ad
1322 404 1449 442 praefata
1473 412 1560 441 regna
1591 405 1660 439 iter,
1686 413 1737 442 cp-

996 455 1120 487 portuno
1144 456 1273 490 tempore
1296 457 1363 481 ante
1387 452 1513 491 proximi
1546 453 1636 482 futuri
1659 453 1736 491 capi-

995 498 1048 527 tuli
1085 499 1310 530 celebrationem
1344 510 1400 530 non
1435 502 1609 540 pervenire,
1643 511 1736 541 neque

995 546 1046 584 (ob
1063 548 1264 586 perdifficilem
1284 550 1553 580 transfretationem
1570 555 1656 589 atque
1669 559 1735 580 raro

994 595 1149 624 admodum
1172 597 1392 634 contingentem
1415 597 1450 627 ab
1474 608 1530 628 uuo
1553 599 1588 628 ad
1611 599 1734 628 alterum

994 652 1130 681 regnum,
1156 649 1187 674 ut
1210 645 1319 674 dictum
1342 650 1394 680 cst,
1420 647 1667 677 transfretationis
1690 657 1735 677 oc-

993 692 1156 732 casionem)
1173 693 1207 722 ad
1224 694 1355 723 omnium
1373 695 1514 724 vocalium
1537 696 1668 725 notitiam
1685 696 1735 726 de-

994 741 1060 771 duci
1084 751 1183 780 posse:
1202 742 1288 776 binc,
1312 743 1346 773 ad
1369 744 1518 773 evitandas
1542 745 1736 783 perturbatio-

993 799 1045 820 nes
1063 796 1091 821 et
1107 793 1321 822 controversias
1337 802 1411 832 quae
1427 794 1498 823 oriri
1516 794 1581 824 inde
1605 799 1733 833 possent,

994 841 1157 878 praefectus
1179 841 1324 878 generalis
1340 841 1411 871 illud
1431 842 1465 871 ad
1489 852 1597 872 annum
1622 847 1734 873 tantum

994 898 1151 928 prorogare
1176 890 1281 926 valeat,
1305 890 1328 920 si
1352 890 1390 920 ita
1413 900 1465 930 pro
1488 891 1563 921 bono
1586 892 1735 929 religionis

993 939 1192 968 necessarium
1222 940 1283 969 fore
1315 944 1365 969 aut
1395 941 1535 979 expedire
1565 947 1733 980 cognoscat,

993 986 1161 1024 dummodo,
1178 997 1214 1017 ex
1238 997 1355 1026 novem,
1372 993 1437 1018 octo
1460 989 1560 1019 saltem
1584 989 1732 1029 suffragia,

992 1035 1027 1064 ab
1055 1036 1155 1065 eodem
1191 1037 1337 1074 praefecto
1359 1037 1506 1074 generali,
1530 1038 1734 1068 assistentibus

992 1084 1194 1122 generalibus,
1220 1084 1343 1124 aliisque
1365 1086 1414 1124 qui
1437 1086 1465 1115 in
1490 1086 1596 1116 litteris
1618 1092 1734 1125 aposto-

993 1133 1057 1162 licis
1079 1134 1136 1162 diei
1162 1143 1239 1163 xxvii
1266 1134 1332 1163 maii
1359 1143 1519 1164 moccxxxir
1543 1144 1593 1174 pro
1616 1136 1735 1166 electio-

992 1183 1078 1212 nibus
1116 1184 1330 1222 praefectorum
1367 1183 1575 1221 designantur,
1620 1190 1733 1216 secreto

992 1232 1175 1270 praestanda,
1199 1237 1393 1262 concurrant:
1418 1233 1507 1262 iidem
1530 1238 1627 1263 autem
1653 1244 1733 1264 voca-

992 1281 1033 1310 les
1057 1281 1091 1310 ad
1115 1281 1276 1320 capitulum
1300 1281 1339 1310 ita
1364 1286 1550 1320 prorogatum
1580 1283 1732 1320 accedant,

991 1330 1040 1368 qui
1064 1330 1144 1359 nulla
1160 1330 1236 1359 facta
1252 1330 1456 1369 prorogatione
1472 1331 1677 1369 accessissent;
1693 1337 1732 1371 et,

991 1379 1014 1408 si
1038 1388 1139 1408 eorum
1163 1378 1254 1417 aliqui
1279 1383 1348 1408 tunc
1372 1379 1512 1418 temporis
1534 1379 1664 1417 legitimo
1686 1380 1735 1409 de-

991 1427 1139 1456 tineantur
1162 1427 1383 1466 impedimento,
1404 1427 1601 1466 subrogentur
1623 1429 1683 1465 alii,
1701 1434 1732 1459 ut

990 1485 1075 1515 supra
1101 1485 1181 1505 num.
1206 1485 1235 1505 ιιι
1258 1480 1285 1506 et
1309 1485 1335 1505 x1
1357 1481 1499 1506 statutum
1524 1481 1578 1506 est.
1603 1477 1732 1517 Cumque

990 1535 1047 1555 non
1071 1530 1129 1555 tam
1154 1525 1236 1555 facile
1266 1534 1280 1554 a
1312 1526 1449 1565 praefatis
1478 1526 1575 1564 regnis
1597 1526 1631 1556 ad
1655 1527 1731 1566 Apo-

989 1575 1121 1604 stolicam
1146 1574 1248 1604 Sedem
1272 1584 1409 1605 recursus
1432 1574 1533 1604 haberi
1557 1580 1657 1614 queat,
1682 1575 1731 1606 ubi

990 1624 1065 1654 iusta
1089 1633 1121 1653 ac
1144 1633 1253 1662 urgens
1276 1633 1363 1653 causa
1388 1624 1569 1658 intercedat,
1594 1625 1732 1664 imposte-

990 1681 1053 1702 rum
1077 1673 1164 1702 etiam
1189 1673 1315 1711 capitula
1339 1672 1498 1710 generalia,
1516 1673 1615 1702 eodem
1634 1678 1730 1703 tamen

989 1730 1110 1760 prorsus
1128 1721 1212 1750 modo
1229 1721 1476 1751 concurrentibus
1492 1726 1556 1751 octo
1573 1731 1609 1751 ex
1626 1731 1730 1751 novem

990 1770 1148 1809 praedictis
1170 1770 1329 1807 suffragiis,
1353 1780 1407 1800 nec
1430 1780 1557 1810 unquam
1582 1771 1655 1801 ultra
1679 1781 1731 1801 an-

989 1829 1078 1855 num,
1112 1819 1263 1858 prorogari
1288 1819 1411 1858 possint.

1028 1878 1086 1898 xix.
1110 1868 1153 1898 Ad
1176 1869 1327 1898 evitandas
1350 1878 1550 1909 quascumque
1575 1870 1659 1906 lites,
1684 1879 1731 1900 co·
1768 1884 1925 1905 fl,.,—01„n.,du.

987 1917 1078 1955 gnitio
1101 1916 1259 1946 dubiorum
1282 1926 1546 1956 quorumcumque,
1571 1923 1628 1947 tam
1652 1919 1727 1948 circa
1740 1912 1925 1964 {ss,'{¹¹‘2‚,¹‘,¹,ug}³„'

989 1966 1147 2005 praemissa
1177 1975 1265 2004 quant
1298 1966 1427 2005 reliquas
1449 1966 1566 1996 Ordinis
1588 1967 1852 1996 constitu-¹¹⁶²¹¹¹¹²“¹·

988 2015 1104 2053 tiones,
1129 2025 1203 2054 quae
1234 2016 1331 2045 forsan
1366 2016 1556 2055 imposterum
1581 2017 1651 2046 oriri
1685 2017 1728 2047 vel

987 2064 1109 2094 excitari
1145 2068 1297 2103 poterunt,
1322 2074 1483 2104 eorumque
1506 2065 1726 2104 interpretatio,

988 2113 1128 2142 resolutio
1151 2118 1178 2142 et
1198 2113 1359 2153 respective
1382 2114 1541 2143 declaratio
1559 2114 1729 2152 (dummodo

987 2163 1058 2202 ipsis
1092 2163 1376 2201 constitutionilms,
1414 2163 1505 2192 Bullis
1538 2164 1727 2202 apostolicis,

986 2211 1077 2241 sacris
1106 2211 1266 2241 canonibus
1295 2216 1323 2241 et
1350 2212 1474 2241 decretis
1502 2213 1577 2241 sacri
1607 2212 1728 2242 Concilii

986 2260 1151 2290 Tridentini
1185 2271 1242 2290 non
1276 2261 1506 2298 adversentur),
1530 2270 1563 2290 ac
1597 2261 1726 2300 plenaria

985 2310 1130 2346 executio,
1154 2309 1188 2339 ad
1212 2310 1388 2348 praefectum
1411 2309 1578 2347 generalem
1601 2309 1724 2347 eiusque

985 2358 1184 2388 definitorium
1219 2368 1270 2397 pro
1303 2363 1434 2397 tempore
1466 2357 1608 2397 privative
1637 2358 1725 2396 perti-

985 2412 1085 2437 neant.

1028 2493 1042 2537 ἓ
1068 2493 1098 2526 2.
1125 2494 1229 2532 Quare
1255 2493 1316 2536 ipsi
1334 2497 1534 2536 exponentes
1552 2492 1647 2526 nobis
1665 2492 1724 2525 liu-
1763 2500 1918 2521 ¹’vti1a'1u1w2

1735 2528 1791 2546 modi
1816 2531 1918 2547 constitu-

985 2547 1106 2580 militer
1130 2547 1305 2590 supplicari
1334 2547 1485 2586 fecerunt,
1509 2551 1668 2589 quatenus
1691 2547 1814 2601 infflfflfu
1845 2554 1919 2575 mutir-

985 2600 1171 2643 praemissis
1191 2605 1374 2643 opportune
1394 2599 1564 2642 providere
1580 2605 1610 2632 et
1626 2605 1655 2631 ut
1678 2599 1724 2631 in-
