2232 3178
100 204 152 236 An.
173 203 204 230 G.
222 201 290 231 1735

129 264 239 286 Terminus
250 268 287 290 pe-

104 292 210 312 rentorius
259 289 285 309 ad

104 319 165 338 tunm
183 317 285 337 consinu-

103 347 165 364 tinnis
176 344 286 368 obligatio-

103 377 157 391 neni.

127 1429 249 1450 Clautulae.

912 198 1054 224 CLEMENS
1079 198 1126 222 XII
1150 199 1200 222 PP.

340 249 354 292 ξ
378 247 432 282 18.
460 248 613 281 Volumus
635 253 761 288 autem,
782 253 834 286 ut,
860 248 959 291 lapsis
983 248 1040 280 de—

297 313 364 335 cem
391 307 544 346 respectu
582 302 685 335 dictae
710 301 804 335 Urbis
830 302 965 345 eiusque
992 301 1040 334 di-

296 356 438 395 strictus,
464 366 501 389 ae
526 356 637 398 viginti
676 355 792 388 diebus
819 361 966 398 respectu
993 360 1040 388 to-

297 410 358 442 tius
385 409 502 453 reliqui
529 409 635 442 Status
660 409 765 441 nostri
803 408 1037 448 Ecclesiastiei,

295 468 468 506 postquam
496 467 685 505 praesentes
711 463 839 495 litterae
865 461 963 494 valvis
988 472 1039 494 ec-

295 517 411 550 clesiae
437 516 661 550 Lateranensis
686 522 716 549 et
740 516 891 549 basilicae
917 514 1040 548 Princi-

295 570 345 613 pis
372 571 603 613 Apostolorum
624 575 656 602 et
681 569 712 602 in
730 569 798 602 acie
824 568 1039 612 Campillorae

296 623 334 656 de
361 623 474 657 eadem
500 624 584 656 Urbe
611 633 668 666 per
693 623 837 666 aliquem
864 633 900 655 ex
926 633 1038 655 curso-

294 677 384 710 ribus
410 677 532 710 nostris
557 677 669 710 affixae
696 682 727 709 et
751 676 935 719 publicatae
973 675 1041 708 sue-

296 730 380 771 rint,
408 741 522 764 omnes
560 736 592 763 et
628 730 774 772 singulos
801 735 863 762 tam
889 729 921 761 in
956 728 1040 762 Urbe

296 794 394 826 quam
420 783 452 816 in
477 784 566 816 Statu
592 783 746 826 praefatis
772 783 949 816 existentes
985 793 1040 825 pe-

296 837 390 869 rinde
416 842 555 877 aretem,
580 847 616 869 ac
651 837 677 869 si
714 836 891 880 unicnique
928 847 1039 869 eorum

295 890 513 933 personaliter
525 900 561 923 ac
576 890 771 923 nominatim
788 890 955 923 intimatae
971 890 1041 922 suis-

295 949 385 983 sent3
414 948 515 986 utque
541 943 684 986 ipsarum
710 943 934 987 praesentium
959 943 1040 976 litte-

296 1007 403 1030 rarum
436 997 674 1040 transumptis,
714 997 809 1030 etiam
849 997 1038 1040 impressis,

295 1060 392 1082 manu
424 1049 561 1083 alieuius
593 1051 712 1083 notarii
745 1050 866 1094 publici
897 1050 1040 1083 subscri-

295 1103 368 1145 ptis,
390 1108 422 1136 et
438 1103 547 1146 sigillo
572 1114 736 1147 personae
762 1104 794 1136 in
816 1103 1040 1137 ecclesiastica

296 1156 456 1199 dignitate
492 1158 690 1190 constitutae
731 1158 891 1197 munitis,
925 1157 1039 1190 eadem

296 1220 429 1252 prorsus
455 1210 535 1243 sides
560 1211 592 1243 in
626 1211 747 1244 iudicio
778 1216 810 1244 et,
840 1215 929 1243 extra
958 1210 1039 1243 illud

296 1263 415 1306 ubique
434 1264 641 1301 adhibeatur,
660 1275 743 1307 qnae
765 1263 843 1307 ipsis
861 1263 1042 1306 praesenti-

295 1317 356 1350 hus
387 1317 600 1350 adhiberetur
625 1317 650 1350 si
677 1318 784 1350 forent
805 1317 972 1351 exhibitae
991 1319 1041 1351 vel

296 1375 460 1404 ostensae.

340 1423 434 1467 ξ19.
461 1424 546 1457 Nulli
580 1435 659 1468 ergo
698 1426 834 1458 omnino
868 1425 1039 1458 hominum

296 1477 393 1510 liceat
417 1478 569 1521 paginam
596 1479 681 1511 hanc
702 1485 888 1512 nostrorum
921 1489 1040 1522 appro-

295 1530 445 1572 bationis,
473 1531 733 1565 confirmationis
760 1538 792 1566 et
809 1532 1039 1573 innovationis,

1123 248 1204 276 Anno
1226 257 1241 276 a
1262 246 1414 277 Nativitate
1435 246 1539 276 domini
1560 248 1647 275 nostri
1664 246 1723 275 Iesu
1742 245 1824 275 Chri-

1082 297 1116 325 sti
1138 304 1307 333 aincexxxv‚
1332 296 1480 325 indictione
1510 304 1570 331 xiii,
1604 295 1647 324 die
1675 304 1737 323 vero
1766 303 1825 323 xxn

1082 345 1181 373 mensis
1211 344 1358 382 februarii,
1393 344 1568 383 pontificatus
1600 343 1768 372 sanctissimi
1796 344 1825 371 in

1085 391 1194 422 Christo
1215 394 1306 431 patris
1328 397 1352 422 et
1381 393 1484 422 domini
1513 393 1599 421 nostri
1628 391 1731 421 domini
1765 390 1826 419 cte-

1082 441 1182 469 mentis
1204 441 1300 469 ‹tit-imi
1321 441 1495 479 providentii
1519 440 1612 478 Papae
1629 439 1686 468 XII
1706 448 1778 467 anno
1797 447 1823 471 v,

1083 490 1259 527 supradictae
1281 489 1389 518 litterae
1416 490 1518 529 affirae
1541 494 1565 518 et
1586 488 1742 528 publicatae
1764 490 1826 526 fue-

1083 543 1150 566 runt
1172 538 1206 566 ad
1228 538 1323 567 ruli-as
1354 538 1483 568 ecclesiae
1515 538 1710 567 Latet-ariensis
1732 541 1756 566 et
1779 537 1825 565 ba-

1083 586 1178 615 silicae
1201 586 1343 625 Principt's
1366 587 1574 625 Apostolorum,
1603 588 1630 615 in
1661 586 1720 615 acie
1744 584 1825 615 Cam-

1082 635 1207 673 pifloroe,
1230 645 1261 664 ac
1283 636 1312 664 in
1335 635 1399 664 aliis
1422 635 1487 665 locis
1519 636 1607 664 solitis
1636 639 1661 664 et
1690 636 1825 664 consuetis

1086 684 1176 722 Urbis,
1199 694 1252 723 per
1274 694 1314 713 me
1334 684 1462 713 Ioannem
1483 684 1670 721 Triphellium
1694 683 1826 722 apostoli-

1084 743 1144 763 cum
1167 743 1318 763 cursorem.

1285 782 1391 812 Iosssrii
1411 783 1581 821 OLn'ETANt,
1606 793 1681 822 mag.
1706 792 1783 813 curs.

1413 931 1498 965 CLll.

1083 1014 1208 1047 Annua
1256 1013 1451 1046 contributio
1492 1024 1550 1056 per
1592 1011 1824 1046 ”monsterium

1127 1067 1159 1099 S.
1201 1067 1422 1100 scholasticae
1459 1067 1726 1110 Conoreyatiom's
1752 1067 1827 1100 Cos-

1127 1121 1268 1153 sinensis
1290 1119 1425 1153 Ordinis
1446 1121 1552 1153 sanati
1572 1120 1750 1159 Benedicti,
1777 1120 1826 1162 fa-

1128 1174 1243 1206 cienda
1268 1174 1464 1206 monasterio
1489 1174 1583 1206 Sacri
1606 1173 1722 1216 Specus
1748 1173 1828 1205 eius·

1127 1226 1199 1259 dem
1225 1227 1492 1269 Conqreqationis
1516 1231 1544 1259 et
1574 1226 1729 1265 Ordinis,
1755 1226 1828 1268 fieri

1128 1284 1275 1313 censetur
1298 1281 1397 1312 etiam
1435 1280 1531 1312 titulo
1557 1280 1827 1323 compensationis

1128 1332 1349 1376 quorumdam
1374 1333 1553 1371 bonorum,
1582 1343 1618 1365 ac
1641 1333 1715 1374 fieri
1739 1332 1828 1365 debet

1128 1387 1163 1418 in
1188 1387 1327 1430 pecuniti
1351 1387 1530 1419 meincratd.

1294 1466 1432 1493 Clemens
1452 1466 1534 1500 Papa
1553 1466 1619 1497 xli,

1222 1513 1259 1538 ad
1281 1512 1419 1538 futuram
1440 1511 1485 1538 rei
1506 1512 1694 1538 memoriam.

1744 187 1786 221 37
1833 196 1882 222 An.
1904 194 2019 223 C.1735

1127 1583 1142 1627 ἓ
1167 1582 1198 1615 t.
1227 1580 1313 1616 Alias
1345 1583 1431 1615 inter
1467 1582 1611 1616 diversas
1644 1583 1825 1616 ordinatio·
1851 1585 2021 1609 stammam

1836 1622 1847 1635 a
1857 1614 1963 1637 t'nntiflce,
1973 1619 2020 1633 can-

1083 1646 1151 1676 nes,
1170 1646 1261 1679 quas,
1281 1646 1341 1679 pro
1367 1636 1605 1668 instauratione
1631 1636 1980 1679 salubriqueratumne-n,
1996 1640 2021 1659 ¹¹⁰

1816 1689 1821 1694 Α
1836 1671 1876 1694 φιλ
1893 1674 1912 1687 ιη
1928 1668 2021 1689 rubrica,

1082 1689 1242 1732 regimine
1269 1694 1301 1721 et
1326 1689 1487 1732 gubernio
1514 1688 1705 1721 monasterii
1735 1689 1880 1721 Samium·
1910 1700 1972 1719 rme
2001 1699 2021 1712 ¹¹¹

1836 1727 1898 1746 panc,
1912 1726 1966 1742 unu,
1978 1722 2019 1739 etr.

1082 1743 1204 1787 Specus
1229 1753 1334 1786 prope
1354 1742 1509 1786 oppidum
1527 1742 1728 1775 Snblacense
1746 1741 1856 1775 Con-et
1896 1748 2022 1772 procurato-

1836 1780 1879 1794 rem
1903 1774 2021 1798 gon-natvm

1082 1796 1284 1840 gregationis
1320 1795 1522 1829 Cassinensis
1552 1795 1682 1827 Ordinis
1719 1795 2021 1847 sancti5321335333202105

1083 1849 1264 1889 Benedicti,
1292 1860 1350 1892 per
1373 1848 1488 1881 terras¹
1516 1855 1644 1882 nostras
1671 1849 1703 1880 in
1730 1845 1883 1881 similium
1908 1859 1954 1873 2⁴⁵0
1985 1842 2022 1898 3¹53

1837 1886 1941 1906 pefltlfssm
1978 1885 2009 1898 ni]

1084 1903 1186 1936 forma
1200 1902 1309 1935 Brevis
1328 1902 1495 1945 expeditas
1510 1902 1635 1934 litteras
1655 1901 1923 1953 edidiiniis,g³f;ggi51
1961 1906 2021 1926 sm.

1083 1957 1182 1990 certis
1207 1967 1244 1989 ex
1270 1956 1377 1989 causis
1404 1961 1478 1988 tunc
1505 1955 1667 1999 expressis
1695 1940 1860 1987 manda-⁸¹
1923 1948 1928 1954 ’

1083 2010 1206 2049 vimus,
1242 2014 1277 2042 ut
1315 2009 1549 2042 monasterinm
1594 2007 1626 2041 S.
1653 2007 1828 2040 Scholasti-

1084 2074 1139 2096 cae
1166 2062 1356 2096 eorumdem
1382 2060 1652 2104 Congregationis
1679 2066 1710 2093 et
1734 2059 1827 2092 Ordi-

1083 2116 1146 2155 nis,
1174 2115 1235 2159 ipsi
1262 2115 1460 2148 monasterio
1486 2114 1571 2146 Sacri
1593 2114 1714 2157 Specus
1740 2113 1828 2146 adia—

1084 2180 1180 2210 cens,
1209 2179 1368 2202 summam
1402 2167 1656 2211 quingentorum
1690 2166 1827 2210 quadra-

1084 2223 1174 2266 ginta
1199 2222 1346 2266 quinque
1372 2226 1542 2254 scutorum
1581 2225 1733 2253 monetae
1775 2230 1827 2252 ro-

1084 2286 1198 2310 manae
1236 2275 1411 2319 quotannis
1450 2274 1657 2307 contribuere
1691 2273 1826 2305 deberet

1084 2330 1115 2363 in
1142 2329 1264 2363 duabus
1297 2328 1487 2372 aequalibus
1523 2326 1741 2360 solutionibus
1765 2336 1825 2369 pro

1083 2383 1322 2417 sustentatione
1342 2387 1480 2425 quatuor
1497 2380 1729 2414 monachorum
1749 2379 1825 2411 dno-

1083 2448 1218 2481 rumque
1243 2444 1492 2473 conversorum,
1520 2444 1556 2466 ac
1580 2433 1675 2465 unius
1700 2432 1823 2472 famuli,

1083 2502 1154 2524 cum
1180 2500 1264 2534 equo
1290 2490 1354 2522 sive
1381 2488 1465 2520 mula
1492 2487 1523 2519 in
1550 2486 1636 2519 dicto
1662 2491 1825 2519 monaste-

1084 2544 1132 2577 rio
1159 2542 1247 2576 Sacri
1273 2543 1406 2585 Specus,
1433 2550 1505 2573 cum
1532 2539 1693 2579 facultate,
1720 2538 1751 2570 in
1779 2538 1824 2570 di-

296 1585 544 1628 prohibitionis,
564 1586 799 1628 abrogationis,
819 1586 1040 1626 decretorum,

297 1645 569 1682 praeceptorum,
597 1640 826 1673 mandatorum
852 1645 884 1672 et
908 1645 1041 1672 statuto-

297 1702 379 1733 rum,
404 1693 659 1734 ordinationum,
686 1694 861 1727 volnntatis
887 1699 919 1727 et
945 1694 1041 1727 dero-

297 1747 436 1789 gationis
450 1747 641 1790 intringere,
658 1749 706 1780 vel
722 1747 750 1780 ei
768 1758 845 1780 ausu
862 1747 1039 1780 temerario

297 1800 482 1840 contraire;
514 1799 537 1832 si
569 1800 641 1844 quis
658 1805 766 1835 autem
793 1801 854 1833 hoc
880 1805 1040 1833 attentare

297 1853 574 1896 praesumpserit,
602 1853 866 1896 indignationem
895 1854 1039 1896 omnipo-

297 1905 393 1938 tentis
407 1905 464 1939 Dei
478 1907 693 1939 etbeatorum
708 1907 793 1939 Petri
813 1912 844 1939 et
859 1906 946 1939 Pauli
967 1916 1040 1950 apo·

297 1959 457 1992 stolorum
483 1959 554 1992 eius
579 1970 612 1992 se
639 1960 769 1993 noverit
793 1960 1015 1992 incursurum.

340 2013 454 2046 Datum
480 2013 621 2052 Romae,
655 2014 742 2057 apud
775 2014 806 2046 S.
830 2013 961 2046 Mariam
979 2013 1042 2046 Ma-

297 2066 423 2108 iorem,
454 2077 541 2100 anno
578 2067 814 2100 incarnationis
840 2067 1039 2107 dominicae,

298 2130 475 2161 MnccxxxV‚
504 2120 652 2153 kalendis
680 2120 841 2161 februarii,
868 2120 1042 2164 pontifica-

300 2178 350 2206 tus
383 2174 491 2207 nostri
517 2184 602 2206 anno
626 2183 654 2206 v.

335 2235 392 2262 Dat.
415 2236 458 2263 die
482 2238 489 2263 t
512 2237 644 2264 februarii
666 2237 749 2270 1735,
772 2237 866 2273 pontis.
888 2245 958 2265 anno
979 2246 1002 2263 v.

521 2292 557 2323 A.
586 2291 674 2324 card.
701 2291 934 2335 pro-datariuS.

521 2344 554 2376 F.
583 2345 671 2378 card.
698 2345 881 2379 OLivErnus.

404 2396 464 2426 Visa
486 2397 517 2426 de
536 2397 641 2427 Curiri:

576 2446 598 2478 Ι.
622 2447 766 2491 archiep.
792 2448 992 2491 Ancyranus.

400 2498 468 2528 Loco
489 2500 506 2535 †
526 2498 643 2538 plumbi.

704 2549 727 2583 Ι.
757 2549 790 2583 B.
818 2549 992 2585 nocemus.

370 2602 435 2641 Beg.
457 2606 483 2633 in
505 2610 602 2634 secret.
622 2606 755 2633 Brevium.
1120 2607 1129 2632 1
1154 2605 1266 2634 Videtur
1281 2602 1427 2638 tegendum
1442 2605 1533 2630 certas
1548 2609 1596 2637 pro
1614 2605 1707 2630 terras
1726 2607 1761 2636 [n.
1775 2602 1823 2634 Ta).
