<?xml version="1.0" encoding="UTF-8"?>
<!DOCTYPE html PUBLIC "-//W3C//DTD XHTML 1.0 Transitional//EN"
    "http://www.w3.org/TR/xhtml1/DTD/xhtml1-transitional.dtd">
<html xmlns="http://www.w3.org/1999/xhtml" xml:lang="en" lang="en">
 <head>
  <title>
</title>
<meta http-equiv="Content-Type" content="text/html;charset=utf-8" />
  <meta name='ocr-system' content='tesseract 3.04.00' />
  <meta name='ocr-capabilities' content='ocr_page ocr_carea ocr_par ocr_line ocrx_word'/>
</head>
<body>
  <div class='ocr_page' id='page_1' title='image "./bullarumdiplomat24cath_0112.png"; bbox 0 0 2232 3178; ppageno 0'>
   <div class='ocr_carea' id='block_1_1' title="bbox 232 238 509 276">
    <p class='ocr_par' dir='ltr' id='par_1_1' title="bbox 232 238 509 276">
     <span class='ocr_line' id='line_1_1' title="bbox 232 238 509 276; baseline -0.011 -2"><span class='ocrx_word' id='word_1_1' title='bbox 232 249 283 276; x_wconf 72' lang='lat' dir='ltr'>An.</span> <span class='ocrx_word' id='word_1_2' title='bbox 303 248 333 275; x_wconf 85' lang='lat' dir='ltr'>c.</span> <span class='ocrx_word' id='word_1_3' title='bbox 351 247 421 276; x_wconf 81' lang='lat'>1735</span> <span class='ocrx_word' id='word_1_4' title='bbox 467 238 509 272; x_wconf 88' lang='grc'>78</span> 
     </span>
    </p>
   </div>
   <div class='ocr_carea' id='block_1_2' title="bbox 229 1851 413 1957">
    <p class='ocr_par' dir='ltr' id='par_1_2' title="bbox 229 1851 413 1957">
     <span class='ocr_line' id='line_1_2' title="bbox 239 1851 412 1873; baseline -0.012 0"><span class='ocrx_word' id='word_1_5' title='bbox 239 1852 353 1873; x_wconf 58' lang='lat' dir='ltr'>Pannonias</span> <span class='ocrx_word' id='word_1_6' title='bbox 362 1851 412 1872; x_wconf 69' lang='lat' dir='ltr'>resi-</span> 
     </span>
     <span class='ocr_line' id='line_1_3' title="bbox 230 1879 413 1905; baseline -0.005 -6"><span class='ocrx_word' id='word_1_7' title='bbox 230 1879 305 1905; x_wconf 56' lang='lat' dir='ltr'>finandi</span> <span class='ocrx_word' id='word_1_8' title='bbox 323 1885 342 1899; x_wconf 88' lang='lat' dir='ltr'>in</span> <span class='ocrx_word' id='word_1_9' title='bbox 357 1884 413 1898; x_wconf 82' lang='lat' dir='ltr'>sum·</span> 
     </span>
     <span class='ocr_line' id='line_1_4' title="bbox 229 1907 411 1926; baseline -0.005 0"><span class='ocrx_word' id='word_1_10' title='bbox 229 1912 261 1926; x_wconf 77' lang='lat' dir='ltr'>ina</span> <span class='ocrx_word' id='word_1_11' title='bbox 272 1907 411 1926; x_wconf 79' lang='lat' dir='ltr'>trecentorum</span> 
     </span>
     <span class='ocr_line' id='line_1_5' title="bbox 230 1933 367 1957; baseline -0.007 -4"><span class='ocrx_word' id='word_1_12' title='bbox 230 1933 353 1953; x_wconf 72' lang='lat' dir='ltr'>ducatorum</span> <span class='ocrx_word' id='word_1_13' title='bbox 362 1948 367 1957; x_wconf 85' lang='lat'>,</span> 
     </span>
    </p>
   </div>
   <div class='ocr_carea' id='block_1_3' title="bbox 421 293 1169 2689">
    <p class='ocr_par' dir='ltr' id='par_1_3' title="bbox 421 293 1167 1821">
     <span class='ocr_line' id='line_1_6' title="bbox 424 293 1165 336; baseline -0.004 -7"><span class='ocrx_word' id='word_1_14' title='bbox 424 297 597 336; x_wconf 88' lang='lat' dir='ltr'>sionibus,</span> <span class='ocrx_word' id='word_1_15' title='bbox 626 295 803 329; x_wconf 84' lang='lat' dir='ltr'>homicidio</span> <span class='ocrx_word' id='word_1_16' title='bbox 836 293 976 334; x_wconf 78' lang='lat' dir='ltr'>casuali,</span> <span class='ocrx_word' id='word_1_17' title='bbox 1011 304 1165 327; x_wconf 88' lang='lat' dir='ltr'>manuum</span> 
     </span>
     <span class='ocr_line' id='line_1_7' title="bbox 424 347 1164 391; baseline -0.004 -9"><span class='ocrx_word' id='word_1_18' title='bbox 424 349 634 382; x_wconf 87' lang='lat' dir='ltr'>violentarum</span> <span class='ocrx_word' id='word_1_19' title='bbox 661 349 693 380; x_wconf 91' lang='lat' dir='ltr'>in</span> <span class='ocrx_word' id='word_1_20' title='bbox 719 347 847 391; x_wconf 81' lang='lat' dir='ltr'>quasvis</span> <span class='ocrx_word' id='word_1_21' title='bbox 879 357 1034 390; x_wconf 76' lang='lat' dir='ltr'>personas</span> <span class='ocrx_word' id='word_1_22' title='bbox 1069 347 1164 380; x_wconf 86' lang='lat' dir='ltr'>etiam</span> 
     </span>
     <span class='ocr_line' id='line_1_8' title="bbox 425 401 1164 444; baseline -0.003 -9"><span class='ocrx_word' id='word_1_23' title='bbox 425 403 658 435; x_wconf 80' lang='lat' dir='ltr'>ecclesiasticas</span> <span class='ocrx_word' id='word_1_24' title='bbox 685 402 768 443; x_wconf 92' lang='lat' dir='ltr'>(non</span> <span class='ocrx_word' id='word_1_25' title='bbox 797 407 903 433; x_wconf 89' lang='lat' dir='ltr'>tamen</span> <span class='ocrx_word' id='word_1_26' title='bbox 927 401 1097 444; x_wconf 86' lang='lat' dir='ltr'>episcopos</span> <span class='ocrx_word' id='word_1_27' title='bbox 1116 401 1164 433; x_wconf 86' lang='lat' dir='ltr'>vel</span> 
     </span>
     <span class='ocr_line' id='line_1_9' title="bbox 424 455 1166 498; baseline -0.003 -10"><span class='ocrx_word' id='word_1_28' title='bbox 424 456 505 488; x_wconf 87' lang='lat' dir='ltr'>alios</span> <span class='ocrx_word' id='word_1_29' title='bbox 542 456 728 498; x_wconf 73' lang='lat' dir='ltr'>superiores</span> <span class='ocrx_word' id='word_1_30' title='bbox 764 455 956 497; x_wconf 86' lang='lat' dir='ltr'>praelatos)</span> <span class='ocrx_word' id='word_1_31' title='bbox 995 455 1033 487; x_wconf 87' lang='lat' dir='ltr'>de</span> <span class='ocrx_word' id='word_1_32' title='bbox 1072 464 1166 497; x_wconf 88' lang='lat' dir='ltr'>prae-</span> 
     </span>
     <span class='ocr_line' id='line_1_10' title="bbox 425 507 1164 547; baseline -0.001 -6"><span class='ocrx_word' id='word_1_33' title='bbox 425 509 520 541; x_wconf 86' lang='lat' dir='ltr'>terito</span> <span class='ocrx_word' id='word_1_34' title='bbox 558 508 816 547; x_wconf 87' lang='lat' dir='ltr'>iniectionibus,</span> <span class='ocrx_word' id='word_1_35' title='bbox 853 518 908 540; x_wconf 82' lang='lat' dir='ltr'>seu</span> <span class='ocrx_word' id='word_1_36' title='bbox 946 507 1074 540; x_wconf 87' lang='lat' dir='ltr'>consilii</span> <span class='ocrx_word' id='word_1_37' title='bbox 1116 508 1164 540; x_wconf 88' lang='lat' dir='ltr'>vel</span> 
     </span>
     <span class='ocr_line' id='line_1_11' title="bbox 424 559 1165 603; baseline -0.001 -9"><span class='ocrx_word' id='word_1_38' title='bbox 424 561 541 594; x_wconf 83' lang='lat' dir='ltr'>favoris</span> <span class='ocrx_word' id='word_1_39' title='bbox 568 561 607 593; x_wconf 89' lang='lat' dir='ltr'>ad</span> <span class='ocrx_word' id='word_1_40' title='bbox 634 560 664 592; x_wconf 91' lang='lat' dir='ltr'>id</span> <span class='ocrx_word' id='word_1_41' title='bbox 702 560 994 603; x_wconf 87' lang='lat' dir='ltr'>praestationibus,</span> <span class='ocrx_word' id='word_1_42' title='bbox 1032 559 1165 593; x_wconf 90' lang='lat' dir='ltr'>ieiunio-</span> 
     </span>
     <span class='ocr_line' id='line_1_12' title="bbox 423 613 1166 656; baseline 0 -10"><span class='ocrx_word' id='word_1_43' title='bbox 423 626 494 647; x_wconf 90' lang='lat' dir='ltr'>rum</span> <span class='ocrx_word' id='word_1_44' title='bbox 520 613 751 646; x_wconf 88' lang='lat' dir='ltr'>omissionibus</span> <span class='ocrx_word' id='word_1_45' title='bbox 778 614 866 656; x_wconf 86' lang='lat' dir='ltr'>(non</span> <span class='ocrx_word' id='word_1_46' title='bbox 884 619 988 646; x_wconf 87' lang='lat' dir='ltr'>tamen</span> <span class='ocrx_word' id='word_1_47' title='bbox 1006 613 1166 646; x_wconf 84' lang='lat' dir='ltr'>recitatio-</span> 
     </span>
     <span class='ocr_line' id='line_1_13' title="bbox 423 666 1164 709; baseline -0.001 -9"><span class='ocrx_word' id='word_1_48' title='bbox 423 668 472 700; x_wconf 85' lang='lat' dir='ltr'>nis</span> <span class='ocrx_word' id='word_1_49' title='bbox 498 668 654 700; x_wconf 75' lang='lat' dir='ltr'>Horarum</span> <span class='ocrx_word' id='word_1_50' title='bbox 680 666 933 706; x_wconf 87' lang='lat' dir='ltr'>Canonicarum,</span> <span class='ocrx_word' id='word_1_51' title='bbox 961 667 1164 709; x_wconf 88' lang='lat' dir='ltr'>aliorumque</span> 
     </span>
     <span class='ocr_line' id='line_1_14' title="bbox 424 720 1164 759; baseline 0 -7"><span class='ocrx_word' id='word_1_52' title='bbox 424 721 604 753; x_wconf 79' lang='lat' dir='ltr'>divinorum</span> <span class='ocrx_word' id='word_1_53' title='bbox 642 720 858 759; x_wconf 65' lang='lat' dir='ltr'>officiorum),</span> <span class='ocrx_word' id='word_1_54' title='bbox 897 725 929 752; x_wconf 87' lang='lat' dir='ltr'>et</span> <span class='ocrx_word' id='word_1_55' title='bbox 965 720 1084 752; x_wconf 86' lang='lat' dir='ltr'>deinde</span> <span class='ocrx_word' id='word_1_56' title='bbox 1125 721 1164 752; x_wconf 89' lang='lat' dir='ltr'>ab</span> 
     </span>
     <span class='ocr_line' id='line_1_15' title="bbox 422 773 1165 816; baseline -0.003 -9"><span class='ocrx_word' id='word_1_57' title='bbox 422 774 572 807; x_wconf 86' lang='lat' dir='ltr'>omnibus</span> <span class='ocrx_word' id='word_1_58' title='bbox 596 779 628 806; x_wconf 87' lang='lat' dir='ltr'>et</span> <span class='ocrx_word' id='word_1_59' title='bbox 658 773 918 816; x_wconf 85' lang='lat' dir='ltr'>quibuscumque</span> <span class='ocrx_word' id='word_1_60' title='bbox 948 773 1018 806; x_wconf 88' lang='lat' dir='ltr'>aliis</span> <span class='ocrx_word' id='word_1_61' title='bbox 1050 773 1165 806; x_wconf 89' lang='lat' dir='ltr'>vestris</span> 
     </span>
     <span class='ocr_line' id='line_1_16' title="bbox 422 827 1165 870; baseline -0.003 -9"><span class='ocrx_word' id='word_1_62' title='bbox 422 827 574 870; x_wconf 83' lang='lat' dir='ltr'>peccatis,</span> <span class='ocrx_word' id='word_1_63' title='bbox 593 827 784 860; x_wconf 79' lang='lat' dir='ltr'>criminibus</span> <span class='ocrx_word' id='word_1_64' title='bbox 802 833 833 860; x_wconf 87' lang='lat' dir='ltr'>et</span> <span class='ocrx_word' id='word_1_65' title='bbox 852 827 1038 860; x_wconf 81' lang='lat' dir='ltr'>excessibus</span> <span class='ocrx_word' id='word_1_66' title='bbox 1056 838 1092 860; x_wconf 90' lang='lat' dir='ltr'>ac</span> <span class='ocrx_word' id='word_1_67' title='bbox 1110 827 1165 859; x_wconf 88' lang='lat' dir='ltr'>de-</span> 
     </span>
     <span class='ocr_line' id='line_1_17' title="bbox 423 880 1166 924; baseline 0 -12"><span class='ocrx_word' id='word_1_68' title='bbox 423 880 518 920; x_wconf 90' lang='lat' dir='ltr'>lictis,</span> <span class='ocrx_word' id='word_1_69' title='bbox 535 886 833 924; x_wconf 87' lang='lat' dir='ltr'>quantumcumque</span> <span class='ocrx_word' id='word_1_70' title='bbox 852 880 1000 923; x_wconf 82' lang='lat' dir='ltr'>gravibus</span> <span class='ocrx_word' id='word_1_71' title='bbox 1018 885 1050 913; x_wconf 83' lang='lat' dir='ltr'>et</span> <span class='ocrx_word' id='word_1_72' title='bbox 1074 891 1166 912; x_wconf 90' lang='lat' dir='ltr'>enor-</span> 
     </span>
     <span class='ocr_line' id='line_1_18' title="bbox 423 932 1166 976; baseline 0 -11"><span class='ocrx_word' id='word_1_73' title='bbox 423 933 549 973; x_wconf 85' lang='lat' dir='ltr'>mibus,</span> <span class='ocrx_word' id='word_1_74' title='bbox 575 933 671 966; x_wconf 88' lang='lat' dir='ltr'>etiam</span> <span class='ocrx_word' id='word_1_75' title='bbox 698 933 813 966; x_wconf 90' lang='lat' dir='ltr'>talibus</span> <span class='ocrx_word' id='word_1_76' title='bbox 837 938 977 976; x_wconf 84' lang='lat' dir='ltr'>propter</span> <span class='ocrx_word' id='word_1_77' title='bbox 1002 943 1085 976; x_wconf 86' lang='lat' dir='ltr'>quae</span> <span class='ocrx_word' id='word_1_78' title='bbox 1111 932 1166 965; x_wconf 87' lang='lat' dir='ltr'>Sc-</span> 
     </span>
     <span class='ocr_line' id='line_1_19' title="bbox 423 985 1163 1029; baseline -0.003 -11"><span class='ocrx_word' id='word_1_79' title='bbox 423 986 479 1018; x_wconf 89' lang='lat' dir='ltr'>des</span> <span class='ocrx_word' id='word_1_80' title='bbox 505 986 672 1029; x_wconf 87' lang='lat' dir='ltr'>praedicta</span> <span class='ocrx_word' id='word_1_81' title='bbox 697 986 815 1018; x_wconf 90' lang='lat' dir='ltr'>merito</span> <span class='ocrx_word' id='word_1_82' title='bbox 841 985 1042 1018; x_wconf 88' lang='lat' dir='ltr'>consulenda</span> <span class='ocrx_word' id='word_1_83' title='bbox 1069 986 1163 1025; x_wconf 78' lang='lat' dir='ltr'>soret,</span> 
     </span>
     <span class='ocr_line' id='line_1_20' title="bbox 421 1039 1164 1072; baseline 0.001 -1"><span class='ocrx_word' id='word_1_84' title='bbox 421 1039 572 1072; x_wconf 83' lang='lat' dir='ltr'>videlicet</span> <span class='ocrx_word' id='word_1_85' title='bbox 596 1050 612 1071; x_wconf 90' lang='lat' dir='ltr'>a</span> <span class='ocrx_word' id='word_1_86' title='bbox 637 1039 797 1072; x_wconf 90' lang='lat' dir='ltr'>contentis</span> <span class='ocrx_word' id='word_1_87' title='bbox 820 1040 851 1071; x_wconf 93' lang='lat' dir='ltr'>in</span> <span class='ocrx_word' id='word_1_88' title='bbox 874 1039 990 1072; x_wconf 87' lang='lat' dir='ltr'>litteris</span> <span class='ocrx_word' id='word_1_89' title='bbox 1013 1039 1064 1072; x_wconf 89' lang='lat' dir='ltr'>dic</span> <span class='ocrx_word' id='word_1_90' title='bbox 1085 1039 1164 1072; x_wconf 90' lang='lat' dir='ltr'>Coc-</span> 
     </span>
     <span class='ocr_line' id='line_1_21' title="bbox 422 1093 1163 1136; baseline 0 -11"><span class='ocrx_word' id='word_1_91' title='bbox 422 1103 481 1125; x_wconf 86' lang='lat' dir='ltr'>nae</span> <span class='ocrx_word' id='word_1_92' title='bbox 507 1093 631 1126; x_wconf 84' lang='lat' dir='ltr'>Domini</span> <span class='ocrx_word' id='word_1_93' title='bbox 664 1093 823 1136; x_wconf 88' lang='lat' dir='ltr'>publicari</span> <span class='ocrx_word' id='word_1_94' title='bbox 857 1094 1038 1133; x_wconf 78' lang='lat' dir='ltr'>consuetis,</span> <span class='ocrx_word' id='word_1_95' title='bbox 1065 1093 1163 1125; x_wconf 84' lang='lat' dir='ltr'>semel</span> 
     </span>
     <span class='ocr_line' id='line_1_22' title="bbox 421 1146 1164 1187; baseline 0 -9"><span class='ocrx_word' id='word_1_96' title='bbox 421 1150 544 1178; x_wconf 88' lang='lat' dir='ltr'>tantum</span> <span class='ocrx_word' id='word_1_97' title='bbox 569 1147 601 1179; x_wconf 90' lang='lat' dir='ltr'>in</span> <span class='ocrx_word' id='word_1_98' title='bbox 627 1146 688 1178; x_wconf 78' lang='lat' dir='ltr'>vita</span> <span class='ocrx_word' id='word_1_99' title='bbox 711 1152 741 1179; x_wconf 90' lang='lat' dir='ltr'>et</span> <span class='ocrx_word' id='word_1_100' title='bbox 760 1146 872 1179; x_wconf 88' lang='lat' dir='ltr'>mortis</span> <span class='ocrx_word' id='word_1_101' title='bbox 890 1147 1044 1187; x_wconf 83' lang='lat' dir='ltr'>articulo,</span> <span class='ocrx_word' id='word_1_102' title='bbox 1066 1146 1098 1178; x_wconf 92' lang='lat' dir='ltr'>in</span> <span class='ocrx_word' id='word_1_103' title='bbox 1113 1156 1164 1178; x_wconf 92' lang='lat' dir='ltr'>re-</span> 
     </span>
     <span class='ocr_line' id='line_1_23' title="bbox 422 1199 1163 1243; baseline 0 -11"><span class='ocrx_word' id='word_1_104' title='bbox 422 1199 518 1242; x_wconf 89' lang='lat' dir='ltr'>liquis</span> <span class='ocrx_word' id='word_1_105' title='bbox 540 1211 614 1233; x_wconf 89' lang='lat' dir='ltr'>vero</span> <span class='ocrx_word' id='word_1_106' title='bbox 641 1200 747 1233; x_wconf 86' lang='lat' dir='ltr'>dictae</span> <span class='ocrx_word' id='word_1_107' title='bbox 765 1200 839 1233; x_wconf 90' lang='lat' dir='ltr'>Sedi</span> <span class='ocrx_word' id='word_1_108' title='bbox 858 1200 1163 1243; x_wconf 78' lang='lat' dir='ltr'>quomodocumque</span> 
     </span>
     <span class='ocr_line' id='line_1_24' title="bbox 422 1253 1164 1297; baseline 0.001 -12"><span class='ocrx_word' id='word_1_109' title='bbox 422 1253 593 1286; x_wconf 67' lang='lat' dir='ltr'>reservatis</span> <span class='ocrx_word' id='word_1_110' title='bbox 620 1253 758 1297; x_wconf 83' lang='lat' dir='ltr'>aliisque</span> <span class='ocrx_word' id='word_1_111' title='bbox 777 1254 916 1294; x_wconf 79' lang='lat' dir='ltr'>casibus,</span> <span class='ocrx_word' id='word_1_112' title='bbox 937 1254 1039 1286; x_wconf 89' lang='lat' dir='ltr'>semel</span> <span class='ocrx_word' id='word_1_113' title='bbox 1058 1253 1090 1286; x_wconf 89' lang='lat' dir='ltr'>in</span> <span class='ocrx_word' id='word_1_114' title='bbox 1108 1264 1164 1286; x_wconf 90' lang='lat' dir='ltr'>an-</span> 
     </span>
     <span class='ocr_line' id='line_1_25' title="bbox 421 1306 1164 1349; baseline -0.003 -9"><span class='ocrx_word' id='word_1_115' title='bbox 421 1317 474 1346; x_wconf 87' lang='lat' dir='ltr'>no,</span> <span class='ocrx_word' id='word_1_116' title='bbox 497 1306 756 1340; x_wconf 79' lang='lat' dir='ltr'>confessionibus</span> <span class='ocrx_word' id='word_1_117' title='bbox 778 1306 893 1339; x_wconf 83' lang='lat' dir='ltr'>vestris</span> <span class='ocrx_word' id='word_1_118' title='bbox 920 1306 1164 1349; x_wconf 80' lang='lat' dir='ltr'>diligenterau-</span> 
     </span>
     <span class='ocr_line' id='line_1_26' title="bbox 423 1359 1162 1402; baseline 0 -10"><span class='ocrx_word' id='word_1_119' title='bbox 423 1359 515 1400; x_wconf 80' lang='lat' dir='ltr'>ditis,</span> <span class='ocrx_word' id='word_1_120' title='bbox 543 1359 611 1392; x_wconf 90' lang='lat' dir='ltr'>sine</span> <span class='ocrx_word' id='word_1_121' title='bbox 638 1366 745 1392; x_wconf 86' lang='lat' dir='ltr'>tamen</span> <span class='ocrx_word' id='word_1_122' title='bbox 771 1359 906 1393; x_wconf 88' lang='lat' dir='ltr'>alicuius</span> <span class='ocrx_word' id='word_1_123' title='bbox 939 1359 1162 1402; x_wconf 80' lang='lat' dir='ltr'>praeiudicio,</span> 
     </span>
     <span class='ocr_line' id='line_1_27' title="bbox 422 1413 1165 1457; baseline 0.001 -12"><span class='ocrx_word' id='word_1_124' title='bbox 422 1413 612 1446; x_wconf 87' lang='lat' dir='ltr'>auctoritate</span> <span class='ocrx_word' id='word_1_125' title='bbox 638 1413 815 1457; x_wconf 72' lang='lat' dir='ltr'>apostolica</span> <span class='ocrx_word' id='word_1_126' title='bbox 841 1413 1023 1454; x_wconf 85' lang='lat' dir='ltr'>absolvere,</span> <span class='ocrx_word' id='word_1_127' title='bbox 1051 1418 1083 1446; x_wconf 87' lang='lat' dir='ltr'>et</span> <span class='ocrx_word' id='word_1_128' title='bbox 1111 1424 1165 1446; x_wconf 90' lang='lat' dir='ltr'>vo-</span> 
     </span>
     <span class='ocr_line' id='line_1_28' title="bbox 422 1466 1165 1510; baseline 0 -12"><span class='ocrx_word' id='word_1_129' title='bbox 422 1466 470 1499; x_wconf 90' lang='lat' dir='ltr'>bis</span> <span class='ocrx_word' id='word_1_130' title='bbox 495 1477 554 1510; x_wconf 89' lang='lat' dir='ltr'>pro</span> <span class='ocrx_word' id='word_1_131' title='bbox 581 1467 762 1500; x_wconf 85' lang='lat' dir='ltr'>commissis</span> <span class='ocrx_word' id='word_1_132' title='bbox 788 1467 1024 1510; x_wconf 84' lang='lat' dir='ltr'>poenitentiam</span> <span class='ocrx_word' id='word_1_133' title='bbox 1057 1467 1165 1499; x_wconf 89' lang='lat' dir='ltr'>iniun-</span> 
     </span>
     <span class='ocr_line' id='line_1_29' title="bbox 423 1522 1165 1563; baseline 0 -10"><span class='ocrx_word' id='word_1_134' title='bbox 423 1531 501 1563; x_wconf 82' lang='lat' dir='ltr'>gere</span> <span class='ocrx_word' id='word_1_135' title='bbox 527 1522 716 1560; x_wconf 87' lang='lat' dir='ltr'>salutarem,</span> <span class='ocrx_word' id='word_1_136' title='bbox 743 1531 873 1554; x_wconf 86' lang='lat' dir='ltr'>necnon</span> <span class='ocrx_word' id='word_1_137' title='bbox 898 1526 970 1553; x_wconf 89' lang='lat' dir='ltr'>vota</span> <span class='ocrx_word' id='word_1_138' title='bbox 996 1530 1165 1563; x_wconf 86' lang='lat' dir='ltr'>quaecum-</span> 
     </span>
     <span class='ocr_line' id='line_1_30' title="bbox 423 1573 1163 1617; baseline 0.001 -12"><span class='ocrx_word' id='word_1_139' title='bbox 423 1584 484 1617; x_wconf 88' lang='lat' dir='ltr'>que</span> <span class='ocrx_word' id='word_1_140' title='bbox 511 1573 748 1615; x_wconf 89' lang='lat' dir='ltr'>(ultramarino</span> <span class='ocrx_word' id='word_1_141' title='bbox 764 1600 771 1613; x_wconf 89' lang='lat'>,</span> <span class='ocrx_word' id='word_1_142' title='bbox 796 1573 988 1607; x_wconf 63' lang='lat' dir='ltr'>visitationis</span> <span class='ocrx_word' id='word_1_143' title='bbox 1014 1574 1163 1606; x_wconf 90' lang='lat' dir='ltr'>liminum</span> 
     </span>
     <span class='ocr_line' id='line_1_31' title="bbox 422 1627 1163 1671; baseline 0 -11"><span class='ocrx_word' id='word_1_144' title='bbox 422 1627 593 1660; x_wconf 87' lang='lat' dir='ltr'>beatorum</span> <span class='ocrx_word' id='word_1_145' title='bbox 618 1627 702 1661; x_wconf 85' lang='lat' dir='ltr'>Petri</span> <span class='ocrx_word' id='word_1_146' title='bbox 737 1633 769 1660; x_wconf 86' lang='lat' dir='ltr'>et</span> <span class='ocrx_word' id='word_1_147' title='bbox 795 1627 883 1660; x_wconf 81' lang='lat' dir='ltr'>Pauli</span> <span class='ocrx_word' id='word_1_148' title='bbox 918 1629 1163 1671; x_wconf 89' lang='lat' dir='ltr'>apostolorum,</span> 
     </span>
     <span class='ocr_line' id='line_1_32' title="bbox 424 1680 1165 1724; baseline 0 -11"><span class='ocrx_word' id='word_1_149' title='bbox 424 1680 644 1724; x_wconf 72' lang='lat' dir='ltr'>castitatisque</span> <span class='ocrx_word' id='word_1_150' title='bbox 670 1685 701 1713; x_wconf 91' lang='lat' dir='ltr'>et</span> <span class='ocrx_word' id='word_1_151' title='bbox 726 1681 896 1723; x_wconf 80' lang='lat' dir='ltr'>religionis</span> <span class='ocrx_word' id='word_1_152' title='bbox 920 1680 1002 1714; x_wconf 88' lang='lat' dir='ltr'>votis</span> <span class='ocrx_word' id='word_1_153' title='bbox 1038 1681 1165 1714; x_wconf 85' lang='lat' dir='ltr'>dumta-</span> 
     </span>
     <span class='ocr_line' id='line_1_33' title="bbox 424 1734 1167 1779; baseline 0.001 -12"><span class='ocrx_word' id='word_1_154' title='bbox 424 1740 475 1767; x_wconf 87' lang='lat' dir='ltr'>xat</span> <span class='ocrx_word' id='word_1_155' title='bbox 499 1735 660 1778; x_wconf 83' lang='lat' dir='ltr'>exceptis)</span> <span class='ocrx_word' id='word_1_156' title='bbox 687 1734 718 1768; x_wconf 89' lang='lat' dir='ltr'>in</span> <span class='ocrx_word' id='word_1_157' title='bbox 739 1735 801 1768; x_wconf 89' lang='lat' dir='ltr'>alia</span> <span class='ocrx_word' id='word_1_158' title='bbox 820 1735 948 1778; x_wconf 85' lang='lat' dir='ltr'>pietatis</span> <span class='ocrx_word' id='word_1_159' title='bbox 968 1746 1069 1779; x_wconf 87' lang='lat' dir='ltr'>opera</span> <span class='ocrx_word' id='word_1_160' title='bbox 1080 1745 1167 1768; x_wconf 87' lang='lat' dir='ltr'>coiu-</span> 
     </span>
     <span class='ocr_line' id='line_1_34' title="bbox 425 1789 694 1821; baseline 0.004 -1"><span class='ocrx_word' id='word_1_161' title='bbox 425 1793 550 1821; x_wconf 89' lang='lat' dir='ltr'>mutare</span> <span class='ocrx_word' id='word_1_162' title='bbox 578 1789 694 1821; x_wconf 88' lang='lat' dir='ltr'>valeat.</span> 
     </span>
    </p>

    <p class='ocr_par' dir='ltr' id='par_1_4' title="bbox 423 1842 1169 2689">
     <span class='ocr_line' id='line_1_35' title="bbox 468 1842 1165 1886; baseline 0.003 -12"><span class='ocrx_word' id='word_1_163' title='bbox 468 1842 482 1885; x_wconf 58' lang='grc' dir='ltr'>ᾖ</span> <span class='ocrx_word' id='word_1_164' title='bbox 507 1842 538 1875; x_wconf 83' lang='grc'>6.</span> <span class='ocrx_word' id='word_1_165' title='bbox 565 1842 732 1886; x_wconf 82' lang='lat' dir='ltr'>Vobisque</span> <span class='ocrx_word' id='word_1_166' title='bbox 759 1844 906 1884; x_wconf 88' lang='lat' dir='ltr'>ulterius,</span> <span class='ocrx_word' id='word_1_167' title='bbox 927 1844 1165 1886; x_wconf 89' lang='lat' dir='ltr'>etcuicumque</span> 
     </span>
     <span class='ocr_line' id='line_1_36' title="bbox 423 1896 1165 1940; baseline 0.001 -13"><span class='ocrx_word' id='word_1_168' title='bbox 423 1900 565 1928; x_wconf 86' lang='lat' dir='ltr'>vestrum</span> <span class='ocrx_word' id='word_1_169' title='bbox 593 1896 797 1938; x_wconf 85' lang='lat' dir='ltr'>respective,</span> <span class='ocrx_word' id='word_1_170' title='bbox 823 1902 857 1929; x_wconf 93' lang='lat' dir='ltr'>ut</span> <span class='ocrx_word' id='word_1_171' title='bbox 883 1896 1078 1940; x_wconf 89' lang='lat' dir='ltr'>quicumque</span> <span class='ocrx_word' id='word_1_172' title='bbox 1104 1896 1165 1929; x_wconf 90' lang='lat' dir='ltr'>loci</span> 
     </span>
     <span class='ocr_line' id='line_1_37' title="bbox 423 1947 1166 1993; baseline 0.003 -13"><span class='ocrx_word' id='word_1_173' title='bbox 423 1947 586 1981; x_wconf 84' lang='lat' dir='ltr'>Ordinarii</span> <span class='ocrx_word' id='word_1_174' title='bbox 603 1949 650 1981; x_wconf 89' lang='lat' dir='ltr'>vcl</span> <span class='ocrx_word' id='word_1_175' title='bbox 670 1949 818 1982; x_wconf 83' lang='lat' dir='ltr'>canonici</span> <span class='ocrx_word' id='word_1_176' title='bbox 842 1950 1166 1993; x_wconf 88' lang='lat' dir='ltr'>metropolitanarum</span> 
     </span>
     <span class='ocr_line' id='line_1_38' title="bbox 423 2001 1163 2043; baseline 0.003 -10"><span class='ocrx_word' id='word_1_177' title='bbox 423 2010 480 2033; x_wconf 80' lang='lat' dir='ltr'>seu</span> <span class='ocrx_word' id='word_1_178' title='bbox 507 2001 641 2034; x_wconf 87' lang='lat' dir='ltr'>aliarum</span> <span class='ocrx_word' id='word_1_179' title='bbox 667 2001 902 2035; x_wconf 82' lang='lat' dir='ltr'>cathedralium</span> <span class='ocrx_word' id='word_1_180' title='bbox 929 2002 1139 2035; x_wconf 86' lang='lat' dir='ltr'>ecclesiarum</span> <span class='ocrx_word' id='word_1_181' title='bbox 1156 2029 1163 2043; x_wconf 93' lang='lat'>,</span> 
     </span>
     <span class='ocr_line' id='line_1_39' title="bbox 426 2054 1166 2098; baseline 0.004 -12"><span class='ocrx_word' id='word_1_182' title='bbox 426 2060 480 2087; x_wconf 91' lang='lat' dir='ltr'>aut</span> <span class='ocrx_word' id='word_1_183' title='bbox 504 2065 664 2098; x_wconf 87' lang='lat' dir='ltr'>personae</span> <span class='ocrx_word' id='word_1_184' title='bbox 690 2054 722 2087; x_wconf 90' lang='lat' dir='ltr'>in</span> <span class='ocrx_word' id='word_1_185' title='bbox 749 2055 905 2098; x_wconf 80' lang='lat' dir='ltr'>dignitate</span> <span class='ocrx_word' id='word_1_186' title='bbox 944 2055 1166 2089; x_wconf 72' lang='lat' dir='ltr'>ecclesiastica</span> 
     </span>
     <span class='ocr_line' id='line_1_40' title="bbox 426 2107 1165 2152; baseline 0.003 -12"><span class='ocrx_word' id='word_1_187' title='bbox 426 2107 624 2141; x_wconf 70' lang='lat' dir='ltr'>constitutae</span> <span class='ocrx_word' id='word_1_188' title='bbox 663 2113 724 2140; x_wconf 89' lang='lat' dir='ltr'>tam</span> <span class='ocrx_word' id='word_1_189' title='bbox 758 2107 791 2140; x_wconf 89' lang='lat' dir='ltr'>in</span> <span class='ocrx_word' id='word_1_190' title='bbox 828 2108 912 2141; x_wconf 76' lang='lat' dir='ltr'>dicta</span> <span class='ocrx_word' id='word_1_191' title='bbox 943 2109 1039 2142; x_wconf 70' lang='lat' dir='ltr'>Curia</span> <span class='ocrx_word' id='word_1_192' title='bbox 1071 2120 1165 2152; x_wconf 88' lang='lat' dir='ltr'>quam</span> 
     </span>
     <span class='ocr_line' id='line_1_41' title="bbox 424 2161 1167 2206; baseline 0.003 -12"><span class='ocrx_word' id='word_1_193' title='bbox 424 2167 514 2194; x_wconf 82' lang='lat' dir='ltr'>extra</span> <span class='ocrx_word' id='word_1_194' title='bbox 539 2172 608 2194; x_wconf 86' lang='lat' dir='ltr'>eain</span> <span class='ocrx_word' id='word_1_195' title='bbox 633 2162 673 2194; x_wconf 91' lang='lat' dir='ltr'>ad</span> <span class='ocrx_word' id='word_1_196' title='bbox 699 2161 730 2194; x_wconf 91' lang='lat' dir='ltr'>id</span> <span class='ocrx_word' id='word_1_197' title='bbox 756 2172 817 2205; x_wconf 83' lang='lat' dir='ltr'>per</span> <span class='ocrx_word' id='word_1_198' title='bbox 840 2173 896 2195; x_wconf 84' lang='lat' dir='ltr'>vos</span> <span class='ocrx_word' id='word_1_199' title='bbox 916 2163 1097 2206; x_wconf 81' lang='lat' dir='ltr'>respective</span> <span class='ocrx_word' id='word_1_200' title='bbox 1116 2174 1167 2196; x_wconf 88' lang='lat' dir='ltr'>co-</span> 
     </span>
     <span class='ocr_line' id='line_1_42' title="bbox 423 2216 1165 2259; baseline 0.004 -11"><span class='ocrx_word' id='word_1_201' title='bbox 423 2226 490 2248; x_wconf 90' lang='lat' dir='ltr'>ram</span> <span class='ocrx_word' id='word_1_202' title='bbox 517 2216 644 2249; x_wconf 82' lang='lat' dir='ltr'>notario</span> <span class='ocrx_word' id='word_1_203' title='bbox 671 2221 701 2249; x_wconf 90' lang='lat' dir='ltr'>et</span> <span class='ocrx_word' id='word_1_204' title='bbox 727 2216 863 2249; x_wconf 88' lang='lat' dir='ltr'>testibus</span> <span class='ocrx_word' id='word_1_205' title='bbox 888 2216 950 2250; x_wconf 80' lang='lat' dir='ltr'>fide</span> <span class='ocrx_word' id='word_1_206' title='bbox 976 2217 1083 2259; x_wconf 81' lang='lat' dir='ltr'>dignis</span> <span class='ocrx_word' id='word_1_207' title='bbox 1109 2219 1165 2251; x_wconf 92' lang='lat' dir='ltr'>cli-</span> 
     </span>
     <span class='ocr_line' id='line_1_43' title="bbox 425 2269 1167 2315; baseline 0.004 -14"><span class='ocrx_word' id='word_1_208' title='bbox 425 2269 522 2312; x_wconf 80' lang='lat' dir='ltr'>gcndi</span> <span class='ocrx_word' id='word_1_209' title='bbox 548 2280 602 2302; x_wconf 87' lang='lat' dir='ltr'>seu</span> <span class='ocrx_word' id='word_1_210' title='bbox 631 2269 818 2312; x_wconf 78' lang='lat' dir='ltr'>eligendae,</span> <span class='ocrx_word' id='word_1_211' title='bbox 845 2280 1064 2314; x_wconf 86' lang='lat' dir='ltr'>quascumque</span> <span class='ocrx_word' id='word_1_212' title='bbox 1089 2281 1167 2315; x_wconf 90' lang='lat' dir='ltr'>pen-</span> 
     </span>
     <span class='ocr_line' id='line_1_44' title="bbox 424 2323 1166 2367; baseline 0.003 -12"><span class='ocrx_word' id='word_1_213' title='bbox 424 2323 532 2356; x_wconf 74' lang='lat' dir='ltr'>siones</span> <span class='ocrx_word' id='word_1_214' title='bbox 569 2333 694 2356; x_wconf 88' lang='lat' dir='ltr'>annuas</span> <span class='ocrx_word' id='word_1_215' title='bbox 719 2323 809 2356; x_wconf 86' lang='lat' dir='ltr'>vobis</span> <span class='ocrx_word' id='word_1_216' title='bbox 844 2334 945 2367; x_wconf 87' lang='lat' dir='ltr'>super</span> <span class='ocrx_word' id='word_1_217' title='bbox 980 2335 1166 2358; x_wconf 86' lang='lat' dir='ltr'>mensarum</span> 
     </span>
     <span class='ocr_line' id='line_1_45' title="bbox 424 2376 1167 2421; baseline 0.003 -12"><span class='ocrx_word' id='word_1_218' title='bbox 424 2376 636 2410; x_wconf 88' lang='lat' dir='ltr'>abbatialium</span> <span class='ocrx_word' id='word_1_219' title='bbox 662 2387 719 2410; x_wconf 89' lang='lat' dir='ltr'>seu</span> <span class='ocrx_word' id='word_1_220' title='bbox 744 2377 971 2420; x_wconf 78' lang='lat' dir='ltr'>capitularium</span> <span class='ocrx_word' id='word_1_221' title='bbox 989 2388 1024 2410; x_wconf 89' lang='lat' dir='ltr'>ac</span> <span class='ocrx_word' id='word_1_222' title='bbox 1043 2378 1167 2421; x_wconf 88' lang='lat' dir='ltr'>cpisco-</span> 
     </span>
     <span class='ocr_line' id='line_1_46' title="bbox 424 2430 1168 2475; baseline 0.003 -13"><span class='ocrx_word' id='word_1_223' title='bbox 424 2431 544 2473; x_wconf 89' lang='lat' dir='ltr'>palium</span> <span class='ocrx_word' id='word_1_224' title='bbox 582 2434 614 2463; x_wconf 91' lang='lat' dir='ltr'>et</span> <span class='ocrx_word' id='word_1_225' title='bbox 649 2430 979 2474; x_wconf 79' lang='lat' dir='ltr'>archiepiscopalium</span> <span class='ocrx_word' id='word_1_226' title='bbox 1016 2442 1052 2463; x_wconf 91' lang='lat' dir='ltr'>ac</span> <span class='ocrx_word' id='word_1_227' title='bbox 1088 2443 1168 2475; x_wconf 92' lang='lat' dir='ltr'>quo-</span> 
     </span>
     <span class='ocr_line' id='line_1_47' title="bbox 425 2483 1168 2527; baseline 0.003 -11"><span class='ocrx_word' id='word_1_228' title='bbox 425 2494 640 2527; x_wconf 85' lang='lat' dir='ltr'>rumcumque</span> <span class='ocrx_word' id='word_1_229' title='bbox 666 2483 898 2517; x_wconf 77' lang='lat' dir='ltr'>beneficiorum</span> <span class='ocrx_word' id='word_1_230' title='bbox 933 2484 1168 2518; x_wconf 85' lang='lat' dir='ltr'>ecclesiastico-</span> 
     </span>
     <span class='ocr_line' id='line_1_48' title="bbox 426 2537 1166 2571; baseline 0.003 -2"><span class='ocrx_word' id='word_1_231' title='bbox 426 2547 496 2570; x_wconf 90' lang='lat' dir='ltr'>rum</span> <span class='ocrx_word' id='word_1_232' title='bbox 522 2547 593 2570; x_wconf 89' lang='lat' dir='ltr'>cum</span> <span class='ocrx_word' id='word_1_233' title='bbox 619 2538 696 2570; x_wconf 71' lang='lat' dir='ltr'>cura</span> <span class='ocrx_word' id='word_1_234' title='bbox 720 2543 752 2570; x_wconf 85' lang='lat' dir='ltr'>et</span> <span class='ocrx_word' id='word_1_235' title='bbox 771 2537 839 2571; x_wconf 83' lang='lat' dir='ltr'>sine</span> <span class='ocrx_word' id='word_1_236' title='bbox 857 2548 933 2570; x_wconf 89' lang='lat' dir='ltr'>cura</span> <span class='ocrx_word' id='word_1_237' title='bbox 951 2538 1166 2571; x_wconf 83' lang='lat' dir='ltr'>saecularium</span> 
     </span>
     <span class='ocr_line' id='line_1_49' title="bbox 427 2590 1169 2633; baseline 0 -9"><span class='ocrx_word' id='word_1_238' title='bbox 427 2596 458 2624; x_wconf 88' lang='lat' dir='ltr'>ct</span> <span class='ocrx_word' id='word_1_239' title='bbox 483 2590 670 2633; x_wconf 83' lang='lat' dir='ltr'>quorumvis</span> <span class='ocrx_word' id='word_1_240' title='bbox 694 2590 851 2624; x_wconf 81' lang='lat' dir='ltr'>Ordinum</span> <span class='ocrx_word' id='word_1_241' title='bbox 870 2596 901 2624; x_wconf 86' lang='lat' dir='ltr'>et</span> <span class='ocrx_word' id='word_1_242' title='bbox 917 2590 1103 2624; x_wconf 86' lang='lat' dir='ltr'>Militiarum</span> <span class='ocrx_word' id='word_1_243' title='bbox 1120 2602 1169 2624; x_wconf 87' lang='lat' dir='ltr'>re-</span> 
     </span>
     <span class='ocr_line' id='line_1_50' title="bbox 427 2643 1168 2689; baseline 0.004 -14"><span class='ocrx_word' id='word_1_244' title='bbox 427 2643 610 2689; x_wconf 79' lang='lat' dir='ltr'>gularium,</span> <span class='ocrx_word' id='word_1_245' title='bbox 637 2644 731 2678; x_wconf 81' lang='lat' dir='ltr'>etiam</span> <span class='ocrx_word' id='word_1_246' title='bbox 763 2644 936 2688; x_wconf 84' lang='lat' dir='ltr'>hospitalis</span> <span class='ocrx_word' id='word_1_247' title='bbox 973 2643 1002 2678; x_wconf 85' lang='lat' dir='ltr'>S.</span> <span class='ocrx_word' id='word_1_248' title='bbox 1039 2643 1168 2678; x_wconf 84' lang='lat' dir='ltr'>Ioannis</span> 
     </span>
    </p>
   </div>
   <div class='ocr_carea' id='block_1_4' title="bbox 1186 379 1190 2615">
    <p class='ocr_par' dir='ltr' id='par_1_5' title="bbox 1186 379 1190 2615">
     <span class='ocr_line' id='line_1_51' title="bbox 1186 379 1190 2615; baseline 0 0"><span class='ocrx_word' id='word_1_249' title='bbox 1186 379 1190 2615; x_wconf 95' lang='lat' dir='ltr'> </span> 
     </span>
    </p>
   </div>
   <div class='ocr_carea' id='block_1_5' title="bbox 1012 244 1385 270">
    <p class='ocr_par' dir='ltr' id='par_1_6' title="bbox 1012 244 1385 270">
     <span class='ocr_line' id='line_1_52' title="bbox 1012 244 1385 270; baseline 0.003 -1"><span class='ocrx_word' id='word_1_250' title='bbox 1012 244 1201 270; x_wconf 78' lang='lat' dir='ltr'><strong>BULLARIUM</strong></span> <span class='ocrx_word' id='word_1_251' title='bbox 1224 244 1385 270; x_wconf 72' lang='lat' dir='ltr'><strong>ROMANUM</strong></span> 
     </span>
    </p>
   </div>
   <div class='ocr_carea' id='block_1_6' title="bbox 1208 294 1954 2688">
    <p class='ocr_par' dir='ltr' id='par_1_7' title="bbox 1208 294 1954 2688">
     <span class='ocr_line' id='line_1_53' title="bbox 1209 294 1950 339; baseline 0.003 -13"><span class='ocrx_word' id='word_1_252' title='bbox 1209 294 1497 338; x_wconf 80' lang='lat' dir='ltr'>llierosolymitani</span> <span class='ocrx_word' id='word_1_253' title='bbox 1522 321 1530 335; x_wconf 94' lang='lat'>,</span> <span class='ocrx_word' id='word_1_254' title='bbox 1572 295 1877 339; x_wconf 86' lang='lat' dir='ltr'>quomodocumque</span> <span class='ocrx_word' id='word_1_255' title='bbox 1918 299 1950 328; x_wconf 85' lang='lat' dir='ltr'>et</span> 
     </span>
     <span class='ocr_line' id='line_1_54' title="bbox 1208 347 1948 392; baseline 0.003 -14"><span class='ocrx_word' id='word_1_256' title='bbox 1208 347 1487 392; x_wconf 84' lang='lat' dir='ltr'>qualitercumque</span> <span class='ocrx_word' id='word_1_257' title='bbox 1503 348 1768 391; x_wconf 75' lang='lat' dir='ltr'>qualificatorum,</span> <span class='ocrx_word' id='word_1_258' title='bbox 1781 348 1948 388; x_wconf 78' lang='lat' dir='ltr'>fructibus,</span> 
     </span>
     <span class='ocr_line' id='line_1_55' title="bbox 1208 401 1950 445; baseline 0.003 -13"><span class='ocrx_word' id='word_1_259' title='bbox 1208 401 1410 441; x_wconf 84' lang='lat' dir='ltr'>redditibus,</span> <span class='ocrx_word' id='word_1_260' title='bbox 1439 402 1652 445; x_wconf 84' lang='lat' dir='ltr'>proventibus</span> <span class='ocrx_word' id='word_1_261' title='bbox 1672 429 1678 442; x_wconf 94' lang='lat'>,</span> <span class='ocrx_word' id='word_1_262' title='bbox 1707 402 1830 434; x_wconf 88' lang='lat' dir='ltr'>iuribus</span> <span class='ocrx_word' id='word_1_263' title='bbox 1849 429 1856 443; x_wconf 97' lang='lat'>,</span> <span class='ocrx_word' id='word_1_264' title='bbox 1893 402 1950 434; x_wconf 83' lang='lat' dir='ltr'>ol)-</span> 
     </span>
     <span class='ocr_line' id='line_1_56' title="bbox 1208 454 1949 488; baseline 0.001 -3"><span class='ocrx_word' id='word_1_265' title='bbox 1208 454 1416 486; x_wconf 86' lang='lat' dir='ltr'>ventionibus</span> <span class='ocrx_word' id='word_1_266' title='bbox 1455 460 1486 487; x_wconf 88' lang='lat' dir='ltr'>et</span> <span class='ocrx_word' id='word_1_267' title='bbox 1525 454 1811 488; x_wconf 82' lang='lat' dir='ltr'>distributionibus</span> <span class='ocrx_word' id='word_1_268' title='bbox 1851 454 1949 487; x_wconf 89' lang='lat' dir='ltr'>etiam</span> 
     </span>
     <span class='ocr_line' id='line_1_57' title="bbox 1209 508 1948 550; baseline 0 -11"><span class='ocrx_word' id='word_1_269' title='bbox 1209 508 1418 550; x_wconf 84' lang='lat' dir='ltr'>quotidianis,</span> <span class='ocrx_word' id='word_1_270' title='bbox 1447 518 1522 547; x_wconf 88' lang='lat' dir='ltr'>seu,</span> <span class='ocrx_word' id='word_1_271' title='bbox 1547 508 1677 540; x_wconf 87' lang='lat' dir='ltr'>illarum</span> <span class='ocrx_word' id='word_1_272' title='bbox 1703 508 1786 547; x_wconf 87' lang='lat' dir='ltr'>loeo,</span> <span class='ocrx_word' id='word_1_273' title='bbox 1812 508 1948 548; x_wconf 82' lang='lat' dir='ltr'>fructus,</span> 
     </span>
     <span class='ocr_line' id='line_1_58' title="bbox 1209 561 1949 604; baseline 0.001 -12"><span class='ocrx_word' id='word_1_274' title='bbox 1209 561 1376 600; x_wconf 87' lang='lat' dir='ltr'>redditus,</span> <span class='ocrx_word' id='word_1_275' title='bbox 1402 566 1590 604; x_wconf 81' lang='lat' dir='ltr'>proventus,</span> <span class='ocrx_word' id='word_1_276' title='bbox 1617 561 1697 601; x_wconf 88' lang='lat' dir='ltr'>iura,</span> <span class='ocrx_word' id='word_1_277' title='bbox 1725 561 1949 601; x_wconf 86' lang='lat' dir='ltr'>obventiones,</span> 
     </span>
     <span class='ocr_line' id='line_1_59' title="bbox 1210 614 1951 648; baseline 0 -2"><span class='ocrx_word' id='word_1_278' title='bbox 1210 614 1460 648; x_wconf 83' lang='lat' dir='ltr'>distributiones</span> <span class='ocrx_word' id='word_1_279' title='bbox 1476 620 1507 647; x_wconf 90' lang='lat' dir='ltr'>et</span> <span class='ocrx_word' id='word_1_280' title='bbox 1522 616 1740 648; x_wconf 88' lang='lat' dir='ltr'>emolumenta</span> <span class='ocrx_word' id='word_1_281' title='bbox 1757 614 1849 647; x_wconf 90' lang='lat' dir='ltr'>vobis</span> <span class='ocrx_word' id='word_1_282' title='bbox 1863 624 1951 646; x_wconf 90' lang='lat' dir='ltr'>nunc</span> 
     </span>
     <span class='ocr_line' id='line_1_60' title="bbox 1209 669 1951 712; baseline 0.001 -12"><span class='ocrx_word' id='word_1_283' title='bbox 1209 673 1238 700; x_wconf 88' lang='lat' dir='ltr'>et</span> <span class='ocrx_word' id='word_1_284' title='bbox 1265 678 1324 711; x_wconf 89' lang='lat' dir='ltr'>pro</span> <span class='ocrx_word' id='word_1_285' title='bbox 1352 674 1498 712; x_wconf 88' lang='lat' dir='ltr'>tempore</span> <span class='ocrx_word' id='word_1_286' title='bbox 1524 669 1688 711; x_wconf 78' lang='lat' dir='ltr'>assignata</span> <span class='ocrx_word' id='word_1_287' title='bbox 1721 673 1752 701; x_wconf 89' lang='lat' dir='ltr'>et</span> <span class='ocrx_word' id='word_1_288' title='bbox 1786 673 1951 701; x_wconf 84' lang='lat' dir='ltr'>reservata</span> 
     </span>
     <span class='ocr_line' id='line_1_61' title="bbox 1209 722 1951 765; baseline 0.001 -12"><span class='ocrx_word' id='word_1_289' title='bbox 1209 731 1245 753; x_wconf 90' lang='lat' dir='ltr'>ac</span> <span class='ocrx_word' id='word_1_290' title='bbox 1270 722 1473 761; x_wconf 77' lang='lat' dir='ltr'>reservanda,</span> <span class='ocrx_word' id='word_1_291' title='bbox 1498 733 1558 765; x_wconf 87' lang='lat' dir='ltr'>pro</span> <span class='ocrx_word' id='word_1_292' title='bbox 1576 723 1700 754; x_wconf 77' lang='lat' dir='ltr'>summa</span> <span class='ocrx_word' id='word_1_293' title='bbox 1718 722 1870 754; x_wconf 84' lang='lat' dir='ltr'>videlieet</span> <span class='ocrx_word' id='word_1_294' title='bbox 1886 726 1951 754; x_wconf 87' lang='lat' dir='ltr'>tre-</span> 
     </span>
     <span class='ocr_line' id='line_1_62' title="bbox 1209 774 1951 808; baseline 0 -1"><span class='ocrx_word' id='word_1_295' title='bbox 1209 780 1378 807; x_wconf 86' lang='lat' dir='ltr'>centorum</span> <span class='ocrx_word' id='word_1_296' title='bbox 1410 776 1598 808; x_wconf 82' lang='lat' dir='ltr'>ducatorum</span> <span class='ocrx_word' id='word_1_297' title='bbox 1635 775 1705 808; x_wconf 88' lang='lat' dir='ltr'>auri</span> <span class='ocrx_word' id='word_1_298' title='bbox 1743 775 1781 808; x_wconf 90' lang='lat' dir='ltr'>de</span> <span class='ocrx_word' id='word_1_299' title='bbox 1818 774 1951 808; x_wconf 75' lang='lat' dir='ltr'>Camera</span> 
     </span>
     <span class='ocr_line' id='line_1_63' title="bbox 1210 829 1950 873; baseline 0 -13"><span class='ocrx_word' id='word_1_300' title='bbox 1210 829 1315 872; x_wconf 89' lang='lat' dir='ltr'>quoad</span> <span class='ocrx_word' id='word_1_301' title='bbox 1341 829 1486 872; x_wconf 79' lang='lat' dir='ltr'>singulos</span> <span class='ocrx_word' id='word_1_302' title='bbox 1504 835 1656 871; x_wconf 88' lang='lat' dir='ltr'>vestrum,</span> <span class='ocrx_word' id='word_1_303' title='bbox 1675 829 1950 873; x_wconf 82' lang='lat' dir='ltr'>quandocumque</span> 
     </span>
     <span class='ocr_line' id='line_1_64' title="bbox 1209 881 1952 926; baseline -0.001 -12"><span class='ocrx_word' id='word_1_304' title='bbox 1209 881 1304 914; x_wconf 90' lang='lat' dir='ltr'>alicui</span> <span class='ocrx_word' id='word_1_305' title='bbox 1330 887 1472 915; x_wconf 81' lang='lat' dir='ltr'>vestrum</span> <span class='ocrx_word' id='word_1_306' title='bbox 1498 883 1678 926; x_wconf 82' lang='lat' dir='ltr'>respective</span> <span class='ocrx_word' id='word_1_307' title='bbox 1703 882 1887 925; x_wconf 76' lang='lat' dir='ltr'>placuerit,</span> <span class='ocrx_word' id='word_1_308' title='bbox 1914 881 1952 914; x_wconf 93' lang='lat' dir='ltr'>si-</span> 
     </span>
     <span class='ocr_line' id='line_1_65' title="bbox 1209 935 1950 979; baseline 0 -12"><span class='ocrx_word' id='word_1_309' title='bbox 1209 936 1274 968; x_wconf 90' lang='lat' dir='ltr'>mul</span> <span class='ocrx_word' id='word_1_310' title='bbox 1300 936 1348 968; x_wconf 90' lang='lat' dir='ltr'>vel</span> <span class='ocrx_word' id='word_1_311' title='bbox 1374 936 1569 976; x_wconf 81' lang='lat' dir='ltr'>successive,</span> <span class='ocrx_word' id='word_1_312' title='bbox 1586 936 1618 968; x_wconf 91' lang='lat' dir='ltr'>in</span> <span class='ocrx_word' id='word_1_313' title='bbox 1645 941 1711 968; x_wconf 88' lang='lat' dir='ltr'>toto</span> <span class='ocrx_word' id='word_1_314' title='bbox 1729 936 1778 968; x_wconf 83' lang='lat' dir='ltr'>vel</span> <span class='ocrx_word' id='word_1_315' title='bbox 1797 935 1827 968; x_wconf 90' lang='lat' dir='ltr'>in</span> <span class='ocrx_word' id='word_1_316' title='bbox 1847 940 1950 979; x_wconf 85' lang='lat' dir='ltr'>parte,</span> 
     </span>
     <span class='ocr_line' id='line_1_66' title="bbox 1209 988 1950 1022; baseline 0 -1"><span class='ocrx_word' id='word_1_317' title='bbox 1209 988 1303 1021; x_wconf 90' lang='lat' dir='ltr'>etiam</span> <span class='ocrx_word' id='word_1_318' title='bbox 1330 989 1360 1021; x_wconf 91' lang='lat' dir='ltr'>in</span> <span class='ocrx_word' id='word_1_319' title='bbox 1387 988 1560 1022; x_wconf 89' lang='lat' dir='ltr'>cuiuslibet</span> <span class='ocrx_word' id='word_1_320' title='bbox 1583 994 1726 1022; x_wconf 86' lang='lat' dir='ltr'>vestrum</span> <span class='ocrx_word' id='word_1_321' title='bbox 1752 989 1866 1021; x_wconf 84' lang='lat' dir='ltr'>mortis</span> <span class='ocrx_word' id='word_1_322' title='bbox 1900 998 1950 1021; x_wconf 88' lang='lat' dir='ltr'>ar-</span> 
     </span>
     <span class='ocr_line' id='line_1_67' title="bbox 1211 1041 1952 1085; baseline 0 -11"><span class='ocrx_word' id='word_1_323' title='bbox 1211 1041 1319 1081; x_wconf 88' lang='lat' dir='ltr'>ticulo,</span> <span class='ocrx_word' id='word_1_324' title='bbox 1347 1052 1472 1075; x_wconf 87' lang='lat' dir='ltr'>cassare</span> <span class='ocrx_word' id='word_1_325' title='bbox 1498 1047 1530 1075; x_wconf 85' lang='lat' dir='ltr'>et</span> <span class='ocrx_word' id='word_1_326' title='bbox 1555 1043 1759 1085; x_wconf 71' lang='lat' dir='ltr'>extinguere,</span> <span class='ocrx_word' id='word_1_327' title='bbox 1785 1052 1834 1083; x_wconf 88' lang='lat' dir='ltr'>ac,</span> <span class='ocrx_word' id='word_1_328' title='bbox 1861 1046 1952 1085; x_wconf 87' lang='lat' dir='ltr'>post-</span> 
     </span>
     <span class='ocr_line' id='line_1_68' title="bbox 1209 1095 1950 1138; baseline 0.001 -12"><span class='ocrx_word' id='word_1_329' title='bbox 1209 1106 1303 1138; x_wconf 86' lang='lat' dir='ltr'>quam</span> <span class='ocrx_word' id='word_1_330' title='bbox 1325 1100 1465 1128; x_wconf 85' lang='lat' dir='ltr'>cassatae</span> <span class='ocrx_word' id='word_1_331' title='bbox 1484 1101 1516 1128; x_wconf 83' lang='lat' dir='ltr'>et</span> <span class='ocrx_word' id='word_1_332' title='bbox 1529 1096 1692 1129; x_wconf 55' lang='lat' dir='ltr'>extinctae</span> <span class='ocrx_word' id='word_1_333' title='bbox 1711 1095 1850 1135; x_wconf 87' lang='lat' dir='ltr'>suerint,</span> <span class='ocrx_word' id='word_1_334' title='bbox 1871 1095 1950 1128; x_wconf 87' lang='lat' dir='ltr'>alias</span> 
     </span>
     <span class='ocr_line' id='line_1_69' title="bbox 1208 1148 1950 1192; baseline 0.001 -12"><span class='ocrx_word' id='word_1_335' title='bbox 1208 1148 1330 1181; x_wconf 84' lang='lat' dir='ltr'>similes</span> <span class='ocrx_word' id='word_1_336' title='bbox 1356 1149 1533 1192; x_wconf 86' lang='lat' dir='ltr'>pensiones</span> <span class='ocrx_word' id='word_1_337' title='bbox 1559 1159 1681 1182; x_wconf 90' lang='lat' dir='ltr'>annuas</span> <span class='ocrx_word' id='word_1_338' title='bbox 1707 1159 1807 1192; x_wconf 89' lang='lat' dir='ltr'>super</span> <span class='ocrx_word' id='word_1_339' title='bbox 1828 1148 1950 1182; x_wconf 89' lang='lat' dir='ltr'>eisdem</span> 
     </span>
     <span class='ocr_line' id='line_1_70' title="bbox 1210 1201 1953 1246; baseline -0.001 -12"><span class='ocrx_word' id='word_1_340' title='bbox 1210 1202 1387 1242; x_wconf 75' lang='lat' dir='ltr'>fructibus,</span> <span class='ocrx_word' id='word_1_341' title='bbox 1416 1203 1619 1243; x_wconf 87' lang='lat' dir='ltr'>redditibus,</span> <span class='ocrx_word' id='word_1_342' title='bbox 1647 1202 1878 1246; x_wconf 86' lang='lat' dir='ltr'>proventibus,</span> <span class='ocrx_word' id='word_1_343' title='bbox 1903 1201 1953 1234; x_wconf 92' lang='lat' dir='ltr'>iu-</span> 
     </span>
     <span class='ocr_line' id='line_1_71' title="bbox 1208 1255 1951 1295; baseline -0.001 -8"><span class='ocrx_word' id='word_1_344' title='bbox 1208 1255 1309 1295; x_wconf 87' lang='lat' dir='ltr'>ribus,</span> <span class='ocrx_word' id='word_1_345' title='bbox 1337 1255 1590 1288; x_wconf 85' lang='lat' dir='ltr'>obventionibus</span> <span class='ocrx_word' id='word_1_346' title='bbox 1605 1260 1637 1288; x_wconf 88' lang='lat' dir='ltr'>et</span> <span class='ocrx_word' id='word_1_347' title='bbox 1651 1255 1951 1294; x_wconf 83' lang='lat' dir='ltr'>distributionibus,</span> 
     </span>
     <span class='ocr_line' id='line_1_72' title="bbox 1208 1308 1950 1349; baseline -0.004 -8"><span class='ocrx_word' id='word_1_348' title='bbox 1208 1308 1447 1349; x_wconf 85' lang='lat' dir='ltr'>emolumentis,</span> <span class='ocrx_word' id='word_1_349' title='bbox 1465 1319 1531 1349; x_wconf 86' lang='lat' dir='ltr'>seu,</span> <span class='ocrx_word' id='word_1_350' title='bbox 1554 1309 1684 1342; x_wconf 84' lang='lat' dir='ltr'>illarum</span> <span class='ocrx_word' id='word_1_351' title='bbox 1710 1310 1794 1348; x_wconf 88' lang='lat' dir='ltr'>loco,</span> <span class='ocrx_word' id='word_1_352' title='bbox 1817 1308 1950 1347; x_wconf 79' lang='lat' dir='ltr'>fructus,</span> 
     </span>
     <span class='ocr_line' id='line_1_73' title="bbox 1208 1361 1950 1406; baseline -0.003 -11"><span class='ocrx_word' id='word_1_353' title='bbox 1208 1362 1369 1403; x_wconf 86' lang='lat' dir='ltr'>redditus,</span> <span class='ocrx_word' id='word_1_354' title='bbox 1396 1367 1593 1406; x_wconf 81' lang='lat' dir='ltr'>proventus,</span> <span class='ocrx_word' id='word_1_355' title='bbox 1621 1362 1699 1403; x_wconf 88' lang='lat' dir='ltr'>iura,</span> <span class='ocrx_word' id='word_1_356' title='bbox 1725 1361 1950 1401; x_wconf 84' lang='lat' dir='ltr'>obventiones,</span> 
     </span>
     <span class='ocr_line' id='line_1_74' title="bbox 1209 1413 1951 1453; baseline -0.003 -5"><span class='ocrx_word' id='word_1_357' title='bbox 1209 1415 1455 1448; x_wconf 87' lang='lat' dir='ltr'>distributiones</span> <span class='ocrx_word' id='word_1_358' title='bbox 1470 1421 1500 1448; x_wconf 84' lang='lat' dir='ltr'>et</span> <span class='ocrx_word' id='word_1_359' title='bbox 1517 1415 1735 1448; x_wconf 82' lang='lat' dir='ltr'>emolumenta</span> <span class='ocrx_word' id='word_1_360' title='bbox 1755 1413 1951 1453; x_wconf 84' lang='lat' dir='ltr'>huiusmodi,</span> 
     </span>
     <span class='ocr_line' id='line_1_75' title="bbox 1208 1467 1954 1512; baseline -0.003 -11"><span class='ocrx_word' id='word_1_361' title='bbox 1208 1479 1309 1512; x_wconf 89' lang='lat' dir='ltr'>usque</span> <span class='ocrx_word' id='word_1_362' title='bbox 1335 1469 1374 1501; x_wconf 87' lang='lat' dir='ltr'>ad</span> <span class='ocrx_word' id='word_1_363' title='bbox 1399 1478 1557 1501; x_wconf 88' lang='lat' dir='ltr'>summam</span> <span class='ocrx_word' id='word_1_364' title='bbox 1584 1473 1614 1501; x_wconf 89' lang='lat' dir='ltr'>et</span> <span class='ocrx_word' id='word_1_365' title='bbox 1633 1467 1846 1511; x_wconf 83' lang='lat' dir='ltr'>quantitatem</span> <span class='ocrx_word' id='word_1_366' title='bbox 1861 1476 1954 1510; x_wconf 87' lang='lat' dir='ltr'>prae-</span> 
     </span>
     <span class='ocr_line' id='line_1_76' title="bbox 1210 1520 1952 1565; baseline -0.004 -10"><span class='ocrx_word' id='word_1_367' title='bbox 1210 1522 1345 1562; x_wconf 87' lang='lat' dir='ltr'>dictam,</span> <span class='ocrx_word' id='word_1_368' title='bbox 1372 1522 1428 1554; x_wconf 88' lang='lat' dir='ltr'>uni</span> <span class='ocrx_word' id='word_1_369' title='bbox 1458 1523 1507 1554; x_wconf 85' lang='lat' dir='ltr'>vel</span> <span class='ocrx_word' id='word_1_370' title='bbox 1534 1522 1681 1565; x_wconf 89' lang='lat' dir='ltr'>pluribus</span> <span class='ocrx_word' id='word_1_371' title='bbox 1707 1522 1777 1555; x_wconf 87' lang='lat' dir='ltr'>aliis</span> <span class='ocrx_word' id='word_1_372' title='bbox 1803 1520 1952 1564; x_wconf 89' lang='lat' dir='ltr'>personis</span> 
     </span>
     <span class='ocr_line' id='line_1_77' title="bbox 1210 1574 1952 1618; baseline -0.003 -10"><span class='ocrx_word' id='word_1_373' title='bbox 1210 1575 1305 1608; x_wconf 89' lang='lat' dir='ltr'>etiam</span> <span class='ocrx_word' id='word_1_374' title='bbox 1331 1585 1388 1618; x_wconf 89' lang='lat' dir='ltr'>per</span> <span class='ocrx_word' id='word_1_375' title='bbox 1413 1586 1468 1608; x_wconf 85' lang='lat' dir='ltr'>vos</span> <span class='ocrx_word' id='word_1_376' title='bbox 1493 1574 1712 1615; x_wconf 86' lang='lat' dir='ltr'>nominandis,</span> <span class='ocrx_word' id='word_1_377' title='bbox 1739 1574 1834 1607; x_wconf 89' lang='lat' dir='ltr'>etiam</span> <span class='ocrx_word' id='word_1_378' title='bbox 1857 1583 1952 1617; x_wconf 85' lang='lat' dir='ltr'>quae-</span> 
     </span>
     <span class='ocr_line' id='line_1_78' title="bbox 1209 1628 1952 1672; baseline -0.001 -11"><span class='ocrx_word' id='word_1_379' title='bbox 1209 1639 1368 1671; x_wconf 87' lang='lat' dir='ltr'>cumque,</span> <span class='ocrx_word' id='word_1_380' title='bbox 1394 1633 1613 1672; x_wconf 87' lang='lat' dir='ltr'>quotcumque</span> <span class='ocrx_word' id='word_1_381' title='bbox 1640 1633 1672 1661; x_wconf 89' lang='lat' dir='ltr'>et</span> <span class='ocrx_word' id='word_1_382' title='bbox 1703 1628 1952 1671; x_wconf 88' lang='lat' dir='ltr'>qualiacumque</span> 
     </span>
     <span class='ocr_line' id='line_1_79' title="bbox 1208 1680 1954 1715; baseline 0 -1"><span class='ocrx_word' id='word_1_383' title='bbox 1208 1681 1369 1715; x_wconf 74' lang='lat' dir='ltr'>beneficia</span> <span class='ocrx_word' id='word_1_384' title='bbox 1405 1681 1629 1714; x_wconf 85' lang='lat' dir='ltr'>ecclesiastica</span> <span class='ocrx_word' id='word_1_385' title='bbox 1664 1680 1888 1715; x_wconf 88' lang='lat' dir='ltr'>obtinentibus</span> <span class='ocrx_word' id='word_1_386' title='bbox 1922 1685 1954 1714; x_wconf 85' lang='lat' dir='ltr'>ct</span> 
     </span>
     <span class='ocr_line' id='line_1_80' title="bbox 1210 1734 1953 1778; baseline 0.001 -12"><span class='ocrx_word' id='word_1_387' title='bbox 1210 1734 1465 1778; x_wconf 84' lang='lat' dir='ltr'>expectantibus,</span> <span class='ocrx_word' id='word_1_388' title='bbox 1490 1734 1617 1767; x_wconf 85' lang='lat' dir='ltr'>clericis</span> <span class='ocrx_word' id='word_1_389' title='bbox 1642 1745 1697 1767; x_wconf 87' lang='lat' dir='ltr'>seu</span> <span class='ocrx_word' id='word_1_390' title='bbox 1712 1734 1856 1767; x_wconf 85' lang='lat' dir='ltr'>clericali</span> <span class='ocrx_word' id='word_1_391' title='bbox 1875 1734 1953 1767; x_wconf 86' lang='lat' dir='ltr'>cha-</span> 
     </span>
     <span class='ocr_line' id='line_1_81' title="bbox 1210 1787 1952 1831; baseline -0.003 -9"><span class='ocrx_word' id='word_1_392' title='bbox 1210 1794 1337 1822; x_wconf 83' lang='lat' dir='ltr'>ractere</span> <span class='ocrx_word' id='word_1_393' title='bbox 1371 1788 1521 1831; x_wconf 80' lang='lat' dir='ltr'>insigniri</span> <span class='ocrx_word' id='word_1_394' title='bbox 1547 1788 1750 1828; x_wconf 84' lang='lat' dir='ltr'>volentibus,</span> <span class='ocrx_word' id='word_1_395' title='bbox 1775 1788 1871 1821; x_wconf 82' lang='lat' dir='ltr'>etiam</span> <span class='ocrx_word' id='word_1_396' title='bbox 1906 1787 1952 1821; x_wconf 88' lang='lat' dir='ltr'>eis</span> 
     </span>
     <span class='ocr_line' id='line_1_82' title="bbox 1211 1840 1951 1885; baseline 0.001 -12"><span class='ocrx_word' id='word_1_397' title='bbox 1211 1842 1317 1885; x_wconf 88' lang='lat' dir='ltr'>quoad</span> <span class='ocrx_word' id='word_1_398' title='bbox 1344 1841 1503 1881; x_wconf 80' lang='lat' dir='ltr'>vixerint,</span> <span class='ocrx_word' id='word_1_399' title='bbox 1536 1852 1648 1874; x_wconf 87' lang='lat' dir='ltr'>eorum</span> <span class='ocrx_word' id='word_1_400' title='bbox 1684 1840 1951 1884; x_wconf 84' lang='lat' dir='ltr'>procuratoribus</span> 
     </span>
     <span class='ocr_line' id='line_1_83' title="bbox 1210 1895 1952 1939; baseline 0 -12"><span class='ocrx_word' id='word_1_401' title='bbox 1210 1896 1249 1928; x_wconf 91' lang='lat' dir='ltr'>ad</span> <span class='ocrx_word' id='word_1_402' title='bbox 1276 1896 1307 1928; x_wconf 92' lang='lat' dir='ltr'>id</span> <span class='ocrx_word' id='word_1_403' title='bbox 1333 1895 1474 1939; x_wconf 85' lang='lat' dir='ltr'>speciale</span> <span class='ocrx_word' id='word_1_404' title='bbox 1499 1895 1538 1927; x_wconf 89' lang='lat' dir='ltr'>ab</span> <span class='ocrx_word' id='word_1_405' title='bbox 1564 1895 1610 1927; x_wconf 88' lang='lat' dir='ltr'>eis</span> <span class='ocrx_word' id='word_1_406' title='bbox 1627 1895 1815 1927; x_wconf 88' lang='lat' dir='ltr'>mandatum</span> <span class='ocrx_word' id='word_1_407' title='bbox 1835 1895 1952 1928; x_wconf 86' lang='lat' dir='ltr'>haben-</span> 
     </span>
     <span class='ocr_line' id='line_1_84' title="bbox 1212 1948 1952 1992; baseline -0.003 -10"><span class='ocrx_word' id='word_1_408' title='bbox 1212 1950 1315 1990; x_wconf 89' lang='lat' dir='ltr'>tibus,</span> <span class='ocrx_word' id='word_1_409' title='bbox 1341 1949 1454 1982; x_wconf 85' lang='lat' dir='ltr'>iisdeni</span> <span class='ocrx_word' id='word_1_410' title='bbox 1481 1948 1577 1982; x_wconf 90' lang='lat' dir='ltr'>modo</span> <span class='ocrx_word' id='word_1_411' title='bbox 1610 1953 1641 1982; x_wconf 89' lang='lat' dir='ltr'>et</span> <span class='ocrx_word' id='word_1_412' title='bbox 1674 1948 1796 1990; x_wconf 76' lang='lat' dir='ltr'>forma,</span> <span class='ocrx_word' id='word_1_413' title='bbox 1832 1948 1952 1992; x_wconf 90' lang='lat' dir='ltr'>quibus</span> 
     </span>
     <span class='ocr_line' id='line_1_85' title="bbox 1210 2002 1953 2045; baseline -0.001 -9"><span class='ocrx_word' id='word_1_414' title='bbox 1210 2003 1301 2037; x_wconf 91' lang='lat' dir='ltr'>vobis</span> <span class='ocrx_word' id='word_1_415' title='bbox 1327 2002 1509 2045; x_wconf 81' lang='lat' dir='ltr'>assignatae</span> <span class='ocrx_word' id='word_1_416' title='bbox 1535 2008 1565 2036; x_wconf 87' lang='lat' dir='ltr'>et</span> <span class='ocrx_word' id='word_1_417' title='bbox 1589 2008 1792 2043; x_wconf 85' lang='lat' dir='ltr'>reservatae,</span> <span class='ocrx_word' id='word_1_418' title='bbox 1819 2012 1875 2035; x_wconf 87' lang='lat' dir='ltr'>seu</span> <span class='ocrx_word' id='word_1_419' title='bbox 1905 2012 1953 2035; x_wconf 70' lang='lat' dir='ltr'>as&lt;</span> 
     </span>
     <span class='ocr_line' id='line_1_86' title="bbox 1211 2055 1949 2099; baseline -0.003 -10"><span class='ocrx_word' id='word_1_420' title='bbox 1211 2056 1338 2099; x_wconf 80' lang='lat' dir='ltr'>signata</span> <span class='ocrx_word' id='word_1_421' title='bbox 1362 2061 1393 2089; x_wconf 93' lang='lat' dir='ltr'>et</span> <span class='ocrx_word' id='word_1_422' title='bbox 1417 2065 1572 2088; x_wconf 86' lang='lat' dir='ltr'>concessa</span> <span class='ocrx_word' id='word_1_423' title='bbox 1602 2055 1722 2089; x_wconf 78' lang='lat' dir='ltr'>suerint</span> <span class='ocrx_word' id='word_1_424' title='bbox 1752 2055 1949 2099; x_wconf 86' lang='lat' dir='ltr'>respective,</span> 
     </span>
     <span class='ocr_line' id='line_1_87' title="bbox 1210 2108 1954 2152; baseline -0.001 -10"><span class='ocrx_word' id='word_1_425' title='bbox 1210 2110 1307 2143; x_wconf 87' lang='lat' dir='ltr'>etiam</span> <span class='ocrx_word' id='word_1_426' title='bbox 1332 2110 1453 2152; x_wconf 89' lang='lat' dir='ltr'>absque</span> <span class='ocrx_word' id='word_1_427' title='bbox 1479 2119 1638 2142; x_wconf 86' lang='lat' dir='ltr'>consensu</span> <span class='ocrx_word' id='word_1_428' title='bbox 1665 2109 1796 2143; x_wconf 89' lang='lat' dir='ltr'>easdem</span> <span class='ocrx_word' id='word_1_429' title='bbox 1822 2108 1954 2152; x_wconf 85' lang='lat' dir='ltr'>pensio·</span> 
     </span>
     <span class='ocr_line' id='line_1_88' title="bbox 1210 2161 1953 2204; baseline -0.003 -8"><span class='ocrx_word' id='word_1_430' title='bbox 1210 2173 1266 2196; x_wconf 86' lang='lat' dir='ltr'>ncs</span> <span class='ocrx_word' id='word_1_431' title='bbox 1306 2163 1430 2196; x_wconf 86' lang='lat' dir='ltr'>solvere</span> <span class='ocrx_word' id='word_1_432' title='bbox 1468 2162 1678 2204; x_wconf 84' lang='lat' dir='ltr'>debentium,</span> <span class='ocrx_word' id='word_1_433' title='bbox 1717 2162 1842 2195; x_wconf 86' lang='lat' dir='ltr'>etiamsi</span> <span class='ocrx_word' id='word_1_434' title='bbox 1880 2161 1953 2195; x_wconf 86' lang='lat' dir='ltr'>illas</span> 
     </span>
     <span class='ocr_line' id='line_1_89' title="bbox 1211 2215 1952 2250; baseline -0.001 0"><span class='ocrx_word' id='word_1_435' title='bbox 1211 2217 1259 2250; x_wconf 86' lang='lat' dir='ltr'>vel</span> <span class='ocrx_word' id='word_1_436' title='bbox 1285 2216 1341 2250; x_wconf 85' lang='lat' dir='ltr'>illa</span> <span class='ocrx_word' id='word_1_437' title='bbox 1364 2216 1442 2249; x_wconf 72' lang='lat' dir='ltr'>alias</span> <span class='ocrx_word' id='word_1_438' title='bbox 1456 2215 1573 2249; x_wconf 86' lang='lat' dir='ltr'>cassari</span> <span class='ocrx_word' id='word_1_439' title='bbox 1591 2221 1622 2249; x_wconf 89' lang='lat' dir='ltr'>et</span> <span class='ocrx_word' id='word_1_440' title='bbox 1635 2215 1792 2249; x_wconf 85' lang='lat' dir='ltr'>reservari</span> <span class='ocrx_word' id='word_1_441' title='bbox 1811 2216 1849 2249; x_wconf 88' lang='lat' dir='ltr'>de</span> <span class='ocrx_word' id='word_1_442' title='bbox 1868 2226 1952 2249; x_wconf 90' lang='lat' dir='ltr'>novo</span> 
     </span>
     <span class='ocr_line' id='line_1_90' title="bbox 1211 2269 1953 2310; baseline -0.001 -7"><span class='ocrx_word' id='word_1_443' title='bbox 1211 2270 1349 2303; x_wconf 83' lang='lat' dir='ltr'>faciendi</span> <span class='ocrx_word' id='word_1_444' title='bbox 1382 2270 1566 2302; x_wconf 80' lang='lat' dir='ltr'>facultatem</span> <span class='ocrx_word' id='word_1_445' title='bbox 1598 2280 1662 2303; x_wconf 89' lang='lat' dir='ltr'>non</span> <span class='ocrx_word' id='word_1_446' title='bbox 1693 2269 1890 2310; x_wconf 82' lang='lat' dir='ltr'>habueritis,</span> <span class='ocrx_word' id='word_1_447' title='bbox 1916 2279 1953 2302; x_wconf 86' lang='lat' dir='ltr'>ac</span> 
     </span>
     <span class='ocr_line' id='line_1_91' title="bbox 1210 2322 1953 2367; baseline -0.003 -11"><span class='ocrx_word' id='word_1_448' title='bbox 1210 2323 1386 2367; x_wconf 82' lang='lat' dir='ltr'>pensiones</span> <span class='ocrx_word' id='word_1_449' title='bbox 1414 2327 1446 2356; x_wconf 87' lang='lat' dir='ltr'>et</span> <span class='ocrx_word' id='word_1_450' title='bbox 1472 2323 1602 2363; x_wconf 78' lang='lat' dir='ltr'>tructus,</span> <span class='ocrx_word' id='word_1_451' title='bbox 1628 2322 1787 2364; x_wconf 87' lang='lat' dir='ltr'>redditus,</span> <span class='ocrx_word' id='word_1_452' title='bbox 1813 2332 1953 2366; x_wconf 86' lang='lat' dir='ltr'>proven-</span> 
     </span>
     <span class='ocr_line' id='line_1_92' title="bbox 1212 2375 1952 2419; baseline -0.003 -9"><span class='ocrx_word' id='word_1_453' title='bbox 1212 2383 1282 2419; x_wconf 88' lang='lat' dir='ltr'>tus,</span> <span class='ocrx_word' id='word_1_454' title='bbox 1308 2377 1377 2410; x_wconf 86' lang='lat' dir='ltr'>iura</span> <span class='ocrx_word' id='word_1_455' title='bbox 1397 2403 1404 2417; x_wconf 92' lang='lat'>‚</span> <span class='ocrx_word' id='word_1_456' title='bbox 1430 2376 1665 2416; x_wconf 87' lang='lat' dir='ltr'>obventiones,</span> <span class='ocrx_word' id='word_1_457' title='bbox 1690 2387 1726 2409; x_wconf 90' lang='lat' dir='ltr'>ac</span> <span class='ocrx_word' id='word_1_458' title='bbox 1754 2375 1952 2409; x_wconf 88' lang='lat' dir='ltr'>distributio-</span> 
     </span>
     <span class='ocr_line' id='line_1_93' title="bbox 1211 2429 1952 2463; baseline -0.003 0"><span class='ocrx_word' id='word_1_459' title='bbox 1211 2441 1267 2463; x_wconf 88' lang='lat' dir='ltr'>nes</span> <span class='ocrx_word' id='word_1_460' title='bbox 1305 2435 1337 2463; x_wconf 84' lang='lat' dir='ltr'>et</span> <span class='ocrx_word' id='word_1_461' title='bbox 1372 2430 1592 2463; x_wconf 86' lang='lat' dir='ltr'>emolumenta</span> <span class='ocrx_word' id='word_1_462' title='bbox 1629 2429 1817 2463; x_wconf 88' lang='lat' dir='ltr'>huiusmodi</span> <span class='ocrx_word' id='word_1_463' title='bbox 1856 2430 1952 2462; x_wconf 87' lang='lat' dir='ltr'>etiam</span> 
     </span>
     <span class='ocr_line' id='line_1_94' title="bbox 1211 2483 1954 2528; baseline 0.001 -13"><span class='ocrx_word' id='word_1_464' title='bbox 1211 2484 1335 2528; x_wconf 86' lang='lat' dir='ltr'>pluries</span> <span class='ocrx_word' id='word_1_465' title='bbox 1371 2489 1495 2517; x_wconf 86' lang='lat' dir='ltr'>cassata</span> <span class='ocrx_word' id='word_1_466' title='bbox 1531 2488 1562 2516; x_wconf 90' lang='lat' dir='ltr'>et</span> <span class='ocrx_word' id='word_1_467' title='bbox 1598 2484 1637 2516; x_wconf 92' lang='lat' dir='ltr'>de</span> <span class='ocrx_word' id='word_1_468' title='bbox 1673 2493 1757 2517; x_wconf 89' lang='lat' dir='ltr'>novo</span> <span class='ocrx_word' id='word_1_469' title='bbox 1789 2483 1954 2526; x_wconf 82' lang='lat' dir='ltr'>assignata</span> 
     </span>
     <span class='ocr_line' id='line_1_95' title="bbox 1212 2536 1953 2581; baseline -0.001 -12"><span class='ocrx_word' id='word_1_470' title='bbox 1212 2537 1355 2578; x_wconf 84' lang='lat' dir='ltr'>suerint,</span> <span class='ocrx_word' id='word_1_471' title='bbox 1375 2547 1477 2580; x_wconf 87' lang='lat' dir='ltr'>usque</span> <span class='ocrx_word' id='word_1_472' title='bbox 1504 2537 1542 2570; x_wconf 88' lang='lat' dir='ltr'>ad</span> <span class='ocrx_word' id='word_1_473' title='bbox 1567 2547 1723 2570; x_wconf 88' lang='lat' dir='ltr'>summam</span> <span class='ocrx_word' id='word_1_474' title='bbox 1761 2542 1793 2570; x_wconf 90' lang='lat' dir='ltr'>et</span> <span class='ocrx_word' id='word_1_475' title='bbox 1827 2536 1953 2581; x_wconf 85' lang='lat' dir='ltr'>quanti-</span> 
     </span>
     <span class='ocr_line' id='line_1_96' title="bbox 1213 2590 1953 2634; baseline -0.001 -11"><span class='ocrx_word' id='word_1_476' title='bbox 1213 2595 1307 2624; x_wconf 89' lang='lat' dir='ltr'>tatem</span> <span class='ocrx_word' id='word_1_477' title='bbox 1339 2590 1562 2634; x_wconf 85' lang='lat' dir='ltr'>praedictam,</span> <span class='ocrx_word' id='word_1_478' title='bbox 1593 2591 1690 2624; x_wconf 90' lang='lat' dir='ltr'>etiam</span> <span class='ocrx_word' id='word_1_479' title='bbox 1721 2590 1839 2624; x_wconf 85' lang='lat' dir='ltr'>litteris</span> <span class='ocrx_word' id='word_1_480' title='bbox 1876 2600 1953 2633; x_wconf 89' lang='lat' dir='ltr'>apo-</span> 
     </span>
     <span class='ocr_line' id='line_1_97' title="bbox 1212 2643 1953 2688; baseline -0.003 -10"><span class='ocrx_word' id='word_1_481' title='bbox 1212 2643 1334 2678; x_wconf 80' lang='lat' dir='ltr'>stolicis</span> <span class='ocrx_word' id='word_1_482' title='bbox 1362 2654 1464 2688; x_wconf 77' lang='lat' dir='ltr'>super</span> <span class='ocrx_word' id='word_1_483' title='bbox 1496 2644 1772 2678; x_wconf 80' lang='lat' dir='ltr'>reservationibus</span> <span class='ocrx_word' id='word_1_484' title='bbox 1809 2648 1841 2677; x_wconf 86' lang='lat' dir='ltr'>et</span> <span class='ocrx_word' id='word_1_485' title='bbox 1877 2643 1953 2677; x_wconf 86' lang='lat' dir='ltr'>assi-</span> 
     </span>
    </p>
   </div>
   <div class='ocr_carea' id='block_1_7' title="bbox 1957 244 2141 275">
    <p class='ocr_par' dir='ltr' id='par_1_8' title="bbox 1957 244 2141 275">
     <span class='ocr_line' id='line_1_98' title="bbox 1957 244 2141 275; baseline 0.022 -5"><span class='ocrx_word' id='word_1_486' title='bbox 1957 244 2005 272; x_wconf 73' lang='lat' dir='ltr'>An.</span> <span class='ocrx_word' id='word_1_487' title='bbox 2022 245 2051 273; x_wconf 90' lang='lat' dir='ltr'>C.</span> <span class='ocrx_word' id='word_1_488' title='bbox 2073 245 2141 275; x_wconf 79' lang='lat'><strong>1735</strong></span> 
     </span>
    </p>
   </div>
  </div>
 </body>
</html>
