2232 3178
47 217 98 245 An.
117 212 146 242 C.
163 212 230 240 ¹739

0 666 4 671 ,
74 643 168 666 Studium
187 642 228 663 Ro-

0 675 2 691 t
48 677 154 694 manorum
174 670 228 699 Pon-

0 710 7 721 μ
49 699 125 720 tineam
137 703 156 717 in
167 696 214 716 libi-i

48 723 212 750 conquirendisa

48 740 335 805 zfiffigjisdfffflstionis
367 740 443 772 viris
468 740 566 772 visam
604 750 663 783 per
699 750 811 773 omnes
844 745 978 780 aetates,

58 2449 238 2500 biiiiffi‘itt‘ffltiff

59 2503 134 2526 utana.

873 209 1014 234 CLEMENS
1040 209 1084 234 xil
1108 210 1157 235 PP.

523 258 676 293 CCLXIII.

240 331 452 374 Confirmatio
494 341 709 363 censurarum
748 330 837 363 Siculi
876 330 903 362 V
940 340 977 361 ac

279 384 518 417 nonnullarum
550 383 806 417 Ordinaliomim
835 393 894 426 pro
919 383 978 415 Bi-

280 437 440 470 bliotheca
469 437 624 469 Vaticana
649 436 852 480 Apostolicd.

445 518 582 545 clemens
603 517 685 550 Papa
704 517 756 544 ΧΠ
770 538 777 550 ,

354 565 391 591 ad
410 565 588 597 perpetuam
609 562 655 589 rei
674 561 859 588 memoriam.

283 635 297 678 §
329 634 362 667 1.
398 634 626 677 Dignissimam
659 634 793 677 regibus
831 635 910 677 ipsis
943 643 979 666 ac

215 687 443 742 gprincipibus
469 688 620 721 ethnicae
656 698 784 731 quoque
822 687 980 731 supersti-

238 792 335 826 etiam
362 799 533 836 antequam
558 792 722 836 Evangelii
755 794 806 826 lux
832 793 865 825 in
891 798 981 826 tene-

237 846 304 879 bris
330 846 500 887 illuxisset,
527 857 636 879 curam
662 846 839 889 colligendi
866 846 981 887 libros,

239 905 271 933 et
286 899 505 933 bibliothecas
522 899 729 940 instituendi,
747 911 811 943 quo
832 899 979 943 priorum

239 959 422 996 temporum
457 963 508 986 res
545 958 651 995 gestas
688 958 719 985 et
755 953 893 986 illustria
928 963 981 986 ve-

240 1005 367 1039 tustatis
392 1012 603 1039 monumenta
636 1006 675 1038 ab
706 1006 838 1039 interitu
875 1005 982 1050 eripe-

239 1064 320 1099 rent,
340 1064 437 1102 atque
463 1059 495 1091 in
522 1060 664 1101 longam,
685 1059 723 1092 ad
750 1059 910 1093 sactorum
930 1070 982 1092 ce-

239 1111 393 1151 lebritati,
410 1111 578 1144 hominum
597 1112 696 1151 laudi,
712 1117 744 1145 et
758 1113 980 1155 exemplorum

239 1164 431 1207 splendori,
457 1174 585 1197 necnon
610 1165 819 1197 instituendis
851 1165 982 1208 populis

240 1218 486 1257 consulendum,
505 1218 709 1260 posteritatis
734 1218 926 1251 memoriam
952 1228 983 1251 e-

240 1270 503 1314 ruditionemque
513 1277 748 1314 propagarent,
760 1271 982 1304 laudatissimo

241 1324 346 1357 studio
376 1334 411 1357 ac
443 1324 665 1357 sollicitudine
700 1324 884 1357 incredibili
918 1335 983 1357 non

241 1378 339 1411 modo
372 1377 568 1421 adaequare,
603 1377 660 1411 sed
697 1387 852 1421 superare
888 1378 984 1411 etiam

242 1431 378 1464 Romani
400 1430 571 1464 Pontifices
591 1431 865 1474 praedecessores
882 1430 984 1464 nostri

242 1485 498 1525 adlaborarunt,
524 1489 619 1528 atque
650 1484 683 1517 in
716 1485 755 1518 iis
792 1485 983 1528 praesertim

241 1539 387 1582 undique
412 1538 647 1582 conquirendis
682 1539 775 1572 libris
800 1544 832 1572 et
866 1539 986 1572 codici-

242 1591 313 1634 bus,
340 1591 394 1635 qui
420 1592 458 1625 ad
482 1592 664 1625 catholicae
684 1591 853 1634 religionis
878 1592 985 1633 decus,

242 1647 441 1691 praesidium
475 1652 506 1680 et
541 1647 781 1679 incrementum
817 1646 984 1679 conduce-

242 1706 327 1734 rent.
369 1700 438 1739 Quo
482 1700 599 1733 sactum
644 1705 693 1733 cst
729 1705 765 1732 ut
805 1700 986 1743 apostolica

241 1753 455 1793 bibliotheca,
473 1753 511 1786 ab
533 1753 647 1786 iisdem
673 1764 739 1786 non
765 1753 836 1787 sine
862 1754 987 1795 magnis

243 1807 424 1851 sumptibus
450 1812 482 1839 et
506 1806 672 1840 laboribus
697 1807 868 1846 instructa,
906 1817 988 1840 sem-

243 1871 305 1905 per
329 1860 478 1902 insignis‚
506 1865 582 1903 post
606 1859 708 1892 varias
735 1865 917 1903 temporum
942 1860 988 1892 vi-

244 1924 310 1955 ces,
336 1914 368 1946 in
388 1912 550 1946 Vaticanis
577 1913 707 1946 demum
734 1913 879 1953 aedibus,
900 1913 987 1946 unde

243 1967 393 2000 Vaticana
418 1966 541 2010 pariter
564 1966 745 2010 nuncupari
777 1966 895 2010 coepit,
921 1968 989 2000 col-

244 2021 362 2061 locata,
391 2024 487 2063 atque
513 2019 633 2052 ibidem
659 2030 677 2052 a
702 2020 806 2053 felicis
838 2020 989 2053 recorda-

245 2073 342 2107 tionis
366 2072 454 2106 Sixto
480 2073 503 2105 V
528 2072 639 2106 itidem
660 2073 916 2116 praedecessore
936 2084 990 2105 no-

245 2131 326 2167 stro,
344 2126 481 2159 excitata
498 2136 514 2158 a
536 2126 758 2159 fundamentis
776 2126 988 2169 elegantioris

245 2180 369 2212 formae
396 2178 590 2221 ditiorisque
615 2184 797 2212 structurae
823 2180 929 2219 mole,
956 2179 989 2212 in

245 2232 461 2266 salubriorem
512 2232 835 2276 splendidioremque
882 2234 988 2266 locum

249 2287 416 2326 translata,
444 2290 626 2319 ceterarum
653 2287 794 2319 omnium
812 2287 990 2320 bibliothe-

248 2350 359 2373 carum
385 2339 585 2373 nobilissima
623 2344 655 2372 ct
680 2340 899 2374 celeberrima
931 2342 989 2374 lia-

248 2393 374 2427 beatur.
426 2386 431 2390 ”

292 2447 307 2490 ξ
332 2446 364 2479 9.
391 2447 481 2479 lianc
505 2446 636 2490 quidem
662 2445 733 2479 aliis
765 2446 861 2487 aulis,
887 2457 991 2480 arma-

248 2500 318 2542 riis,
334 2500 465 2544 pluteis,
481 2500 658 2540 codicibus,
673 2499 775 2539 libris,
790 2500 989 2544 picturisque

249 2564 309 2598 per
334 2554 438 2587 felicis
463 2553 698 2586 recordationis
724 2553 858 2587 Paulum
884 2554 916 2595 V,
935 2554 991 2587 Ur-

250 2607 368 2641 banum
407 2607 488 2649 Vlll,
521 2606 711 2650 Gregorium
749 2607 809 2648 XV,
847 2607 987 2641 Alexan-

1019 259 1112 292 drum
1149 258 1213 292 VIII
1250 265 1282 293 et
1317 259 1520 294 Clementem
1558 260 1598 293 xl
1637 260 1762 303 pariter

1019 312 1285 355 praedecessores
1310 319 1439 346 nostros
1466 314 1648 354 adauctam,
1676 314 1761 347 haud

1021 366 1222 409 excipiendis
1263 372 1294 400 et
1337 368 1550 401 adservandis
1593 367 1761 411 impressis

1021 420 1201 461 codicibus,
1225 421 1342 463 quibus
1378 422 1568 454 coemendis
1594 431 1658 454 non
1696 431 1762 454 me-

1022 473 1164 506 diocrem
1190 475 1350 517 pecuniae
1375 485 1531 508 summam
1557 485 1616 507 nos
1634 485 1763 518 quoque

1022 527 1235 566 contulimus,
1275 529 1349 560 satis
1390 538 1461 561 esse
1503 529 1762 567 considerantes,

1023 579 1163 621 primum
1188 581 1319 623 quidem
1345 580 1406 613 alia
1425 581 1542 623 insigni
1566 583 1638 614 aula
1662 592 1765 614 arma-

1022 632 1079 664 riis
1094 632 1277 676 pluteisque
1292 634 1480 666 constructis
1497 644 1581 666 anno
1593 643 1765 668 MDCCXXXII

1023 685 1270 728 ampliavimus,
1305 687 1423 719 deinde
1454 697 1529 719 vero
1567 687 1766 729 ‹piampluri-

1024 738 1083 771 mis
1108 738 1281 772 hetruscae
1307 739 1475 772 vetustatis
1500 739 1654 772 fictilibus
1680 739 1764 772 vasis

1023 802 1124 836 super
1156 793 1297 825 armaria
1334 793 1403 836 ipsa
1441 791 1560 826 ass‘abre
1599 793 1765 836 dispositis

1024 845 1231 886 ornavimus,
1267 850 1333 878 tum
1371 845 1466 878 etiam
1504 845 1767 889 trecentaviginti

1024 904 1099 931 octo
1125 910 1235 939 aurea,
1262 904 1417 942 argentea
1442 905 1473 932 et
1497 910 1592 933 aerea
1618 899 1766 942 antiquo-

1024 962 1094 984 rum
1120 951 1274 985 Graeciae
1301 958 1331 984 et
1354 952 1471 995 Egypti
1508 963 1621 995 regum
1647 963 1682 985 ac
1708 952 1769 985 Ro-

1025 1015 1197 1038 manorum
1230 1005 1463 1047 imperatorum
1490 1005 1619 1037 maximi
1645 1005 1766 1038 moduli

1024 1058 1233 1098 numismata,
1259 1058 1325 1091 suis
1351 1058 1481 1101 singula
1506 1059 1543 1091 ad
1569 1058 1672 1090 maius
1698 1068 1769 1101 spe-

1024 1111 1179 1143 ctantium
1213 1110 1419 1144 commodum
1452 1110 1685 1154 custodiaeque
1720 1121 1769 1143 se-

1026 1163 1194 1197 curitatem
1213 1164 1389 1197 mobilibus
1406 1164 1535 1197 circulis
1553 1164 1657 1196 aereis
1682 1163 1771 1196 inau-

1026 1217 1103 1250 ratis
1130 1217 1264 1257 innexa,
1290 1217 1323 1249 in
1351 1218 1464 1250 eadem
1489 1217 1693 1250 bibliotheca
1717 1227 1770 1249 cu-

1027 1271 1167 1303 ravimus
1193 1271 1400 1314 reponenda,
1428 1276 1494 1303 tum
1526 1271 1655 1303 demum
1681 1276 1770 1303 octo-

1027 1325 1117 1367 ginta
1140 1330 1231 1357 scuta
1255 1330 1407 1358 monetae
1424 1335 1579 1357 romanae
1605 1324 1637 1356 in
1663 1324 1772 1366 singu-

1027 1379 1074 1411 los
1099 1388 1202 1411 annos
1227 1377 1260 1411 in
1289 1383 1486 1422 perpetuum
1521 1377 1627 1410 eidem
1652 1376 1772 1410 biblio-

1028 1432 1142 1465 thecae
1182 1442 1242 1475 pro
1283 1432 1430 1465 emendis
1471 1432 1578 1473 carta,
1620 1431 1768 1473 calamis,

1027 1485 1268 1529 pergameneis,
1287 1485 1424 1529 aliisque
1443 1485 1634 1518 huiusmodi
1660 1495 1772 1518 neces·

1027 1539 1119 1572 sariis
1143 1539 1242 1572 rebus
1264 1539 1302 1571 ab
1321 1538 1503 1582 apostolico
1521 1538 1641 1582 palatio
1658 1543 1771 1571 nostro

1028 1592 1244 1635 persolvenda
1278 1591 1526 1634 assignavimus,
1563 1597 1599 1623 ut
1632 1591 1772 1634 pecunia

1029 1646 1095 1684 illa,
1114 1656 1196 1688 quae
1222 1656 1257 1677 ex
1284 1643 1480 1677 redditibus¹
1507 1655 1544 1677 ex
1570 1644 1699 1676 abbatia
1724 1645 1771 1677 ei-

1030 1699 1100 1731 dem
1115 1697 1335 1731 bibliothecae
1353 1697 1483 1730 addicla
1501 1697 1771 1741 provenientibus

1030 1753 1182 1795 exigitur,
1203 1753 1241 1785 ad
1263 1752 1457 1786 coemendos
1480 1753 1645 1785 dumtaxat
1669 1751 1771 1785 libros

1030 1810 1062 1839 et
1086 1805 1216 1838 codices
1242 1811 1405 1848 crogetur,
1439 1815 1566 1838 necnon
1600 1810 1773 1848 practerea

1030 1869 1251 1902 quascumque
1278 1868 1437 1901 expensas
1457 1869 1515 1901 pro
1534 1857 1771 1901 specularibus,

1031 1911 1195 1952 armariis,
1220 1912 1356 1955 pluteis,
1383 1912 1541 1951 clavibus,
1566 1911 1771 1954 pavimentis,

1031 1965 1221 2009 parietibus,
1250 1965 1362 2007 tectis,
1387 1965 1506 2008 portis,
1533 1964 1695 2004 fenestris,
1722 1975 1774 1997 ce-

1032 2020 1177 2063 terisque
1203 2018 1296 2051 rebus
1324 2025 1386 2051 tam
1413 2018 1443 2050 in
1469 2018 1538 2061 ipsa
1570 2017 1774 2051 bibliotheca

1032 2084 1127 2116 quam
1164 2072 1195 2105 in
1232 2072 1367 2106 aedibus
1398 2072 1504 2106 eidem
1541 2071 1675 2104 annexis
1708 2072 1774 2104 sive

1031 2126 1223 2170 reparandis
1260 2126 1324 2159 sive
1351 2126 1390 2159 de
1422 2136 1507 2158 novo
1534 2125 1691 2158 faciendis
1719 2135 1775 2157 ne-

1032 2180 1207 2220 cessarias,
1234 2180 1273 2212 ab
1307 2180 1423 2212 eodem
1449 2179 1628 2222 apostolico
1656 2177 1774 2221 palatio

1033 2234 1102 2267 fieri
1129 2233 1362 2266 mandavimus.

1076 2288 1091 2330 ἓ
1114 2287 1146 2320 3.
1174 2286 1329 2324 Quoniam
1356 2292 1461 2319 autem
1488 2285 1640 2318 diuturna
1677 2294 1774 2327 cxpe-

1033 2341 1149 2374 rientiz'i
1174 2347 1374 2383 compertum
1395 2344 1453 2379 est,
1475 2338 1593 2378 omnia,
1612 2348 1695 2381 quae
1716 2347 1775 2380 per

1034 2405 1192 2427 summam
1218 2393 1419 2431 industriam,
1439 2392 1594 2424 maximos
1615 2396 1774 2433 sumptus,

1033 2447 1182 2480 assiduos
1207 2446 1337 2479 labores
1364 2452 1555 2488 comparata,
1576 2455 1611 2477 ac
1629 2443 1773 2487 providis

1035 2500 1131 2533 ctiam
1180 2498 1443 2532 ordinationibus
1486 2497 1565 2529 alias
1615 2496 1774 2539 disposita

1034 2554 1183 2594 suerunt,
1208 2562 1304 2595 saepe
1331 2561 1389 2594 per
1422 2550 1589 2583 hominum
1616 2549 1773 2582 incuriam

1072 2617 1079 2642 1
1106 2615 1174 2643 Edit.
1197 2615 1281 2641 Μαίη.
1303 2613 1367 2648 legit
1387 2613 1527 2641 reditibus
1547 2613 1585 2645 (tt.
1602 2611 1650 2646 Tr).

1658 202 1718 236 571
1768 211 1820 239 An.
1844 211 1872 239 c.
1891 212 1956 239 1739

1826 2287 1865 2306 Pro
1882 2286 1969 2307 firmiori

1786 2313 1831 2333 otus
1840 2316 1969 2338 statuatque

1786 2340 1859 2359 ordine
1879 2341 1970 2360 nonnul-

1786 2367 1817 2385 la<
1828 2366 1969 2386 stabiliendas

1786 2394 1842 2419 leges
1854 2393 1957 2415 decernit.
