2232 3178
215 229 268 254 An.
284 227 311 254 c.
334 226 401 254 1735
448 216 488 250 48

411 285 497 314 num,
522 275 720 318 appaltuum‚
747 274 920 312 affictuum,
948 271 1146 315 aliorumque

411 333 631 361 contractuum
659 327 865 361 cameralium
903 336 961 369 pro
1000 331 1145 368 tempore

411 383 644 421 ineundorum,
669 391 849 424 corumque
875 380 1031 424 capitula,
1057 384 1146 422 pacta

412 442 442 470 et
479 436 707 469 conventiones
739 434 885 467 ordinate
926 438 958 466 et
994 444 1054 477 qua
1090 444 1146 476 par

411 496 457 523 cst
482 489 710 533 perspicuitate
728 488 765 520 :ul
788 492 930 520 mentem
952 487 1146 520 contrahen-

412 544 488 576 tium
515 552 730 585 componere,
756 552 791 574 ac
817 541 962 579 tabellas,
988 550 1088 583 quae,
1114 545 1147 572 nt

411 596 508 629 moris
533 601 590 635 est,
616 594 693 638 ipsis
720 593 942 627 instrumentis
968 594 1146 636 adiungun-

411 655 484 689 tur,
520 648 556 680 ad
591 652 708 679 rectam
742 646 924 689 iustamque
957 647 1146 679 methodum

410 708 442 736 et
466 701 678 735 oeconomiae
705 701 847 742 regulam
868 701 1052 744 disponere,
1074 711 1147 733 nec-

410 765 472 787 non
499 754 692 787 documenta
725 759 756 786 ct
782 753 1003 797 probationes,
1030 754 1067 786 ad
1094 764 1146 785 ex-

410 808 550 852 peditam
577 808 679 841 litium
697 807 903 841 cameralium
926 806 1146 840 definitionem

410 861 632 900 conferentia,
659 871 695 894 ex
721 860 813 893 libris
839 866 870 893 et
896 860 1064 904 scripturis
1091 871 1147 904 pe-

410 926 468 948 nes
509 926 563 948 cos
605 915 727 949 ratione
768 916 927 949 dictorum
969 914 1147 948 officiorum

410 968 620 1001 existentibus
647 969 830 1008 desumere,
855 978 889 1000 ac
915 968 1015 1011 ipsius
1042 967 1147 1000 Game-

411 1032 464 1055 rae
491 1022 715 1055 defensoribus
737 1022 983 1055 sumministrare
1009 1020 1055 1063 <in
1078 1020 1146 1064 qui-

410 1076 469 1108 bus
486 1075 661 1119 praecipua
677 1075 864 1108 eorumdem
880 1074 1145 1107 ratiocinatorum

410 1128 594 1161 sollicitudo
619 1129 775 1162 hactenus
802 1128 978 1161 consistere
1004 1127 1144 1170 debuit)·,

410 1193 445 1215 ac
470 1182 603 1226 insuper
633 1182 836 1215 attendentes
871 1192 929 1225 per
965 1181 1144 1215 istiusmodi

412 1236 495 1270 viros
520 1236 665 1269 doctrina
689 1247 724 1269 ac
750 1237 849 1278 longo
876 1235 1081 1279 negotiorum
1101 1236 1146 1269 so—

411 1290 552 1324 rensium
596 1301 653 1322 usu
702 1294 904 1333 praestantes
950 1289 1146 1322 cumulatius
1167 1280 1169 1342 ξ

1167 1343 1168 1346 ’
1190 1342 1262 1374 dem
1289 1342 1426 1383 collegio
1451 1351 1508 1384 per
1532 1351 1590 1373 nos
1616 1346 1646 1373 et
1663 1341 1823 1373 Romanos
1844 1340 1927 1374 Pon-

411 1345 574 1389 explctum
600 1343 636 1376 iri
665 1354 746 1387 quae
772 1353 830 1386 pro
853 1342 971 1375 salubri
996 1342 1145 1376 Gamerae

411 1399 571 1442 praefatae
609 1396 767 1440 regimine
804 1396 938 1429 inferius
976 1397 1145 1429 statuenda

412 1457 506 1495 atque
532 1449 732 1492 iniungenda
757 1449 914 1488 duximus,
941 1448 1017 1492 quin
1044 1449 1076 1481 id
1101 1449 1146 1482 eis

412 1505 643 1549 impedimento
678 1504 782 1543 soret,
808 1502 982 1546 quominus
1014 1502 1146 1537 minori-

411 1561 471 1593 bus
496 1564 527 1591 et
551 1558 747 1591 subalternis
773 1557 857 1589 curis
877 1556 1021 1589 eamdem
1039 1556 1147 1590 Came-

411 1625 477 1646 ram
503 1611 776 1645 concernentibus
801 1610 894 1643 etiam
928 1621 1058 1651 vacare,
1083 1621 1147 1644 ma-

412 1668 494 1700 xime
520 1676 596 1700 vero
622 1665 723 1698 libros
750 1669 995 1707 computorum,
1022 1665 1147 1708 aliaque

412 1732 477 1755 rem
500 1719 704 1754 rationariam
720 1719 899 1762 spectantia
917 1718 1058 1752 assueta¹
1073 1719 1150 1752 alio-

412 1786 481 1808 rum
509 1773 731 1807 ministrorum
749 1774 849 1816 opera
867 1772 969 1815 probe
995 1772 1148 1806 ordinare

412 1829 572 1868 valerent;
593 1832 625 1859 et
640 1831 822 1870 propterea,
842 1825 926 1869 quod
946 1825 1052 1859 animo
1070 1837 1147 1859 con-

413 1891 603 1926 ceperamus
630 1879 749 1923 diuque
766 1884 875 1912 mente
900 1879 1145 1922 agitaveramus,

414 1947 471 1979 pro
495 1934 606 1968 maiori
634 1933 814 1977 praedictae
839 1932 990 1966 Gamerae
1012 1932 1149 1967 utilitate

413 1995 508 2033 atque
533 1987 758 2021 commoditate
796 1986 834 2019 ad
860 1985 1007 2019 effectum
1033 1987 1149 2029 perdu-

414 2054 488 2076 cere
513 2053 548 2075 ac
574 2041 729 2085 perticere
750 2041 903 2080 volentes,
927 2040 1035 2074 habita
1060 2042 1149 2085 prius

415 2099 452 2131 ea
478 2106 576 2140 super
602 2106 634 2128 re
660 2105 730 2128 cum
757 2094 882 2138 aliquot
911 2095 1150 2129 venerabilibus

415 2151 564 2184 fratribus
590 2149 708 2183 nostris
739 2148 770 2182 S.
792 2149 828 2182 R.
848 2149 882 2182 E.
916 2149 1147 2190 cardinalibus,

415 2217 450 2238 ac
465 2203 655 2248 praesertim
671 2202 828 2235 Annibale
847 2201 980 2242 Albano,
997 2202 1150 2246 episcopo

415 2257 601 2296 Sabincnsi,
627 2255 778 2288 cardinali
811 2255 842 2288 S.
869 2255 1044 2288 Clementis
1070 2266 1151 2288 rem-

416 2316 544 2355 cupam,
572 2315 682 2343 nostro
706 2320 742 2342 ac
768 2308 866 2352 ipsius
891 2308 922 2341 S.
938 2307 975 2340 R.
991 2308 1025 2340 E.
1053 2318 1152 2343 came-

417 2363 512 2405 rario,
542 2364 666 2396 matura
691 2361 944 2400 deliberatione,
969 2360 1152 2404 auditisque

418 2416 544 2451 dilectis
570 2415 644 2449 siliis
670 2415 822 2458 magistro
848 2414 959 2447 Garolo
984 2413 1079 2446 Maria
1099 2414 1153 2447 Sa-

418 2471 562 2514 cripantc
588 2470 744 2503 moderno
769 2467 969 2501 thesaurario
995 2467 1151 2510 generali,

418 2523 647 2567 nonnullisque
673 2522 742 2556 aliis
767 2521 924 2555 ministris
953 2526 985 2554 et
1011 2520 1153 2554 officiali-

419 2578 479 2610 bus
514 2577 657 2610 eiusdem
689 2577 855 2615 Gamerae,
882 2585 941 2619 per
966 2574 1152 2608 schedulam

455 2642 465 2667 1
489 2639 589 2667 Forsan
610 2641 756 2673 assumpta
777 2642 814 2673 (a.
830 2638 881 2671 τ,).

992 221 1172 247 DULLARlUM
1196 221 1349 246 ROMANUM

1190 270 1417 315 Motusproprii
1451 272 1503 304 die
1536 283 1621 306 xxvn
1657 273 1777 306 mensis
1815 271 1925 315 aprilis

1190 324 1336 367 proxime
1356 324 1518 368 praeteriti
1541 325 1674 368 propria
1699 335 1793 358 manu
1818 324 1928 358 nostra

1191 377 1356 421 signatam,
1383 378 1466 411 inter
1502 378 1576 418 alia,
1610 385 1807 413 memoratos
1831 380 1925 412 loan-

1190 442 1264 464 nem
1291 431 1463 474 ssaptistam
1490 432 1650 473 Lconori,
1687 433 1838 466 Ioannem
1865 433 1926 465 An-

1192 485 1313 518 tonium
1347 485 1514 527 Tartziglia,
1541 490 1572 517 et
1595 485 1801 518 Eustachium
1828 484 1924 518 Mauri

1191 550 1207 570 a
1233 538 1325 571 dictis
1353 538 1464 570 officiis
1490 538 1753 572 ratiocinator-um
1778 539 1928 572 Gamerae

1191 591 1395 635 praedictae,
1422 602 1600 635 eorumque
1632 591 1805 632 exercitio,
1834 592 1927 625 titulo

1191 644 1406 685 iubilationis,
1439 650 1473 677 ut
1508 651 1635 685 vocant,
1674 645 1854 678 exemimus
1895 651 1926 678 et

1191 698 1395 738 absolvimus,
1420 708 1456 730 ac
1481 698 1511 730 in
1539 698 1668 732 illorum
1696 699 1801 731 locum
1821 698 1926 741 quoad

1192 750 1295 784 officia
1320 756 1352 783 et
1376 751 1563 784 exercitium
1583 751 1764 785 huiusmodi
1791 752 1927 785 dilectos

1191 814 1322 848 qaoque
1359 804 1440 838 tilios
1477 805 1662 849 Philippum
1702 805 1927 845 Boschettum,

1191 858 1341 890 loannem
1361 857 1566 891 Franciscum
1585 858 1706 892 Marcus
1732 863 1763 891 ct
1779 858 1928 891 Ioannem

1190 911 1348 945 lulianum
1388 911 1505 944 Rubini
1547 922 1563 945 e
1606 911 1742 954 collegio
1778 922 1930 954 procura-

1192 971 1298 998 torum
1323 976 1379 998 seu
1399 971 1607 1009 patronorum
1627 976 1791 998 causarum
1819 966 1927 1009 palatii

1191 1019 1292 1052 nostri
1329 1019 1500 1062 apostolici
1540 1024 1721 1062 assumptos
1746 1023 1778 1052 et
1803 1020 1927 1052 electos

1191 1072 1434 1115 subrogavimus
1460 1077 1491 1106 et
1517 1072 1742 1116 deputavimus
1774 1073 1832 1105 sub
1865 1082 1929 1106 no-

1192 1127 1278 1159 mine
1314 1137 1370 1159 seu
1405 1125 1624 1169 appellatione
1660 1126 1929 1170 superintenden-

1192 1181 1268 1213 tium
1287 1180 1533 1223 computatoriis
1548 1180 1771 1220 cameralibus,
1791 1185 1929 1213 statuen-

1193 1239 1250 1274 tes,
1268 1240 1311 1273 ut,
1329 1233 1378 1266 his
1398 1233 1669 1276 quandocumque
1685 1233 1926 1273 decedentibus,

1190 1298 1244 1320 seu
1270 1287 1364 1320 alicui
1392 1297 1504 1320 eorum
1531 1286 1713 1326 decedenti,
1738 1286 1790 1319 alii
1810 1286 1848 1319 de
1874 1297 1928 1320 eo-

1191 1395 1290 1428 titices
1316 1405 1520 1427 successores
1546 1400 1674 1427 nostros
1700 1393 1850 1427 similiter
1868 1393 1927 1427 eli-

1190 1449 1285 1493 gendi
1312 1448 1424 1481 itidem
1449 1448 1715 1490 subrogarentur,
1740 1447 1849 1492 sicque
1872 1448 1928 1481 de-

1190 1503 1304 1546 inceps
1349 1501 1517 1546 perpetuis
1563 1501 1678 1534 suturis
1728 1501 1928 1545 temporibus

1190 1560 1394 1594 servaretur,
1420 1565 1455 1588 ac
1479 1554 1615 1587 subinde
1642 1565 1700 1597 per
1724 1554 1818 1587 aliam
1842 1554 1929 1588 simi-

1191 1611 1254 1643 lem
1291 1609 1480 1641 schedulam
1517 1607 1747 1651 Motusproprii
1785 1607 1837 1641 dic
1873 1617 1929 1642 xm

1191 1662 1352 1697 currentis
1392 1661 1511 1695 mensis
1549 1661 1618 1694 iulii
1663 1671 1758 1694 manu
1795 1671 1929 1705 quoquc

1192 1719 1300 1750 nostra
1339 1715 1497 1758 signatam
1533 1725 1675 1758 congrua
1712 1715 1931 1749 emolumenta

1191 1769 1327 1813 singulis
1353 1774 1413 1802 tam
1446 1767 1728 1802 ratiocinatoribus
1762 1772 1797 1800 ut
1832 1778 1931 1812 supra

1191 1823 1348 1857 absolutis
1374 1828 1405 1856 et
1429 1821 1572 1856 iubilatis
1597 1832 1690 1865 quam
1727 1821 1930 1865 superinten-

1192 1878 1341 1911 dentibus
1367 1875 1538 1920 praedictis
1564 1874 1745 1918 respective
1763 1875 1929 1908 constitui-

1193 1941 1261 1963 mus
1295 1936 1326 1963 et
1357 1929 1605 1972 assignavimus,
1631 1933 1663 1960 et
1701 1928 1795 1967 alias,
1832 1933 1930 1971 prout

1191 1984 1322 2017 uberius
1359 1982 1541 2016 continetur
1581 1981 1613 2014 in
1646 1983 1782 2025 utraque
1818 1982 1930 2014 nostra

1192 2038 1348 2072 schedula
1373 2035 1603 2078 Motusproprii
1629 2034 1782 2078 praefata,
1810 2034 1929 2068 tenoris

1193 2092 1247 2136 qui
1270 2090 1434 2134 sequitur:

1238 2146 1252 2188 ς
1283 2144 1314 2178 3.
1342 2143 1466 2177 Primae
1496 2143 1663 2176 videlicet:
1691 2142 1834 2176 Clemens
1860 2142 1929 2176 PP.

1193 2199 1280 2239 XII,
1316 2197 1405 2230 Motu
1435 2196 1589 2240 proprio,
1623 2199 1678 2228 etc.
1713 2195 1846 2228 Avendo
1876 2195 1929 2228 noi

1196 2251 1419 2286 riconosciuto
1441 2250 1543 2283 anche
1562 2260 1621 2293 per
1646 2249 1835 2292 esperienza
1859 2259 1931 2282 avu-

1196 2311 1226 2339 ta
1261 2306 1293 2338 in
1331 2311 1437 2348 tempo
1474 2303 1535 2337 che
1566 2313 1713 2336 eravamo
1751 2302 1928 2342 tesoriere,

1195 2360 1255 2393 che
1281 2358 1418 2392 sarebbe
1445 2357 1475 2390 di
1501 2357 1600 2390 molto
1622 2356 1791 2399 vantaggio
1816 2366 1875 2400 per
1899 2356 1930 2389 la

1195 2420 1303 2447 nostra
1337 2413 1483 2452 Gamera,
1512 2412 1601 2445 sele
1639 2415 1685 2444 tre
1722 2409 1930 2454 computiste-

1196 2467 1241 2500 rie
1275 2467 1360 2500 della
1396 2465 1570 2499 medesima
1605 2465 1726 2498 sossero
1761 2463 1930 2497 esercitate

1196 2521 1235 2554 da
1261 2530 1401 2564 persone
1428 2519 1514 2553 della
1537 2519 1623 2552 ssera
1652 2517 1764 2561 legale,
1790 2517 1819 2550 le
1844 2515 1929 2560 quali

1196 2574 1401 2618 potrebbono
1435 2583 1497 2607 con
1529 2571 1674 2616 maggior
1704 2567 1819 2605 sacilita
1851 2579 1930 2603 con-

1196 2628 1303 2671 cepire
1329 2628 1356 2660 al
1383 2637 1441 2661 suo
1458 2627 1546 2661 lume
1566 2637 1582 2659 e
1602 2625 1684 2659 colla
1710 2625 1826 2658 dovuta
1842 2622 1930 2656 chia-

1933 221 1985 247 An.
2003 220 2030 247 C.
2053 220 2120 247 1735

1961 2147 2017 2167 Motu
2030 2148 2125 2174 proprio,

1942 2174 2040 2194 emeritus
2055 2175 2124 2195 decla-

1942 2205 1989 2220 rans
2001 2203 2123 2226 praesentes

1942 2227 2105 2248 ratiocinatores
2118 2243 2123 2251 ‚

1942 2257 1984 2274 tres
2006 2254 2096 2274 curiates
2112 2260 2123 2273 u

1941 2280 2031 2306 collagio
2049 2286 2124 2306 procu·

1941 2309 2034 2328 fatorum
2055 2307 2082 2327 ad
2103 2306 2123 2327 id

1941 2339 2032 2354 muneris
2065 2339 2123 2354 exer-

1941 2360 2030 2381 centlum
2059 2360 2123 2386 depu-

1941 2389 1979 2408 tat.
