<?xml version="1.0" encoding="UTF-8"?>
<!DOCTYPE html PUBLIC "-//W3C//DTD XHTML 1.0 Transitional//EN"
    "http://www.w3.org/TR/xhtml1/DTD/xhtml1-transitional.dtd">
<html xmlns="http://www.w3.org/1999/xhtml" xml:lang="en" lang="en">
 <head>
  <title>
</title>
<meta http-equiv="Content-Type" content="text/html;charset=utf-8" />
  <meta name='ocr-system' content='tesseract 3.04.00' />
  <meta name='ocr-capabilities' content='ocr_page ocr_carea ocr_par ocr_line ocrx_word'/>
</head>
<body>
  <div class='ocr_page' id='page_1' title='image "./bullarumdiplomat24cath_0564.png"; bbox 0 0 2232 3178; ppageno 0'>
   <div class='ocr_carea' id='block_1_1' title="bbox 252 228 437 257">
    <p class='ocr_par' dir='ltr' id='par_1_1' title="bbox 252 228 437 257">
     <span class='ocr_line' id='line_1_1' title="bbox 252 228 437 257; baseline 0 -2"><span class='ocrx_word' id='word_1_1' title='bbox 252 229 299 256; x_wconf 73' lang='lat' dir='ltr'>An.</span> <span class='ocrx_word' id='word_1_2' title='bbox 321 228 350 255; x_wconf 88' lang='lat' dir='ltr'>C.</span> <span class='ocrx_word' id='word_1_3' title='bbox 370 228 437 257; x_wconf 78' lang='lat'>1730</span> 
     </span>
    </p>
   </div>
   <div class='ocr_carea' id='block_1_2' title="bbox 253 781 437 881">
    <p class='ocr_par' dir='ltr' id='par_1_2' title="bbox 253 781 437 881">
     <span class='ocr_line' id='line_1_2' title="bbox 301 781 437 801; baseline -0.007 0"><span class='ocrx_word' id='word_1_4' title='bbox 301 781 437 801; x_wconf 81' lang='lat' dir='ltr'>Confirmatio</span> 
     </span>
     <span class='ocr_line' id='line_1_3' title="bbox 255 808 437 827; baseline 0 0"><span class='ocrx_word' id='word_1_5' title='bbox 255 808 382 827; x_wconf 73' lang='lat' dir='ltr'>fundationis</span> <span class='ocrx_word' id='word_1_6' title='bbox 417 809 437 827; x_wconf 77' lang='lat' dir='ltr'>et</span> 
     </span>
     <span class='ocr_line' id='line_1_4' title="bbox 254 833 436 854; baseline 0.005 -1"><span class='ocrx_word' id='word_1_7' title='bbox 254 834 373 854; x_wconf 75' lang='lat' dir='ltr'>donationis</span> <span class='ocrx_word' id='word_1_8' title='bbox 384 833 436 854; x_wconf 74' lang='lat' dir='ltr'>Glic-</span> 
     </span>
     <span class='ocr_line' id='line_1_5' title="bbox 253 861 338 881; baseline 0.012 -1"><span class='ocrx_word' id='word_1_9' title='bbox 253 861 338 881; x_wconf 69' lang='lat' dir='ltr'>hienae.</span> 
     </span>
    </p>
   </div>
   <div class='ocr_carea' id='block_1_3' title="bbox 446 219 1201 2557">
    <p class='ocr_par' dir='ltr' id='par_1_3' title="bbox 446 219 1186 556">
     <span class='ocr_line' id='line_1_6' title="bbox 488 219 551 254; baseline 0 -1"><span class='ocrx_word' id='word_1_10' title='bbox 488 219 551 254; x_wconf 74' lang='lat'>530</span> 
     </span>
     <span class='ocr_line' id='line_1_7' title="bbox 447 275 1184 308; baseline -0.001 -1"><span class='ocrx_word' id='word_1_11' title='bbox 447 278 522 308; x_wconf 79' lang='lat' dir='ltr'>ltunc</span> <span class='ocrx_word' id='word_1_12' title='bbox 556 276 676 307; x_wconf 90' lang='lat' dir='ltr'>dominii</span> <span class='ocrx_word' id='word_1_13' title='bbox 711 275 813 306; x_wconf 85' lang='lat' dir='ltr'>directi</span> <span class='ocrx_word' id='word_1_14' title='bbox 848 284 1023 306; x_wconf 87' lang='lat' dir='ltr'>consensum</span> <span class='ocrx_word' id='word_1_15' title='bbox 1045 285 1110 306; x_wconf 89' lang='lat' dir='ltr'>cum</span> <span class='ocrx_word' id='word_1_16' title='bbox 1133 285 1184 306; x_wconf 93' lang='lat' dir='ltr'>no-</span> 
     </span>
     <span class='ocr_line' id='line_1_8' title="bbox 446 324 1186 364; baseline -0.001 -8"><span class='ocrx_word' id='word_1_17' title='bbox 446 327 513 357; x_wconf 81' lang='lat' dir='ltr'>stris</span> <span class='ocrx_word' id='word_1_18' title='bbox 535 325 669 356; x_wconf 77' lang='lat' dir='ltr'>abbatiae</span> <span class='ocrx_word' id='word_1_19' title='bbox 692 329 720 354; x_wconf 91' lang='lat' dir='ltr'>et</span> <span class='ocrx_word' id='word_1_20' title='bbox 741 329 903 355; x_wconf 87' lang='lat' dir='ltr'>conventus</span> <span class='ocrx_word' id='word_1_21' title='bbox 932 324 1099 363; x_wconf 82' lang='lat' dir='ltr'>insignibus</span> <span class='ocrx_word' id='word_1_22' title='bbox 1122 325 1186 364; x_wconf 83' lang='lat' dir='ltr'>(at-</span> 
     </span>
     <span class='ocr_line' id='line_1_9' title="bbox 446 373 1186 413; baseline -0.003 -8"><span class='ocrx_word' id='word_1_23' title='bbox 446 380 541 405; x_wconf 88' lang='lat' dir='ltr'>tamen</span> <span class='ocrx_word' id='word_1_24' title='bbox 564 374 625 404; x_wconf 88' lang='lat' dir='ltr'>sine</span> <span class='ocrx_word' id='word_1_25' title='bbox 649 373 850 413; x_wconf 86' lang='lat' dir='ltr'>praeiudicio)</span> <span class='ocrx_word' id='word_1_26' title='bbox 884 373 1025 413; x_wconf 89' lang='lat' dir='ltr'>expediri,</span> <span class='ocrx_word' id='word_1_27' title='bbox 1058 383 1091 403; x_wconf 88' lang='lat' dir='ltr'>ac</span> <span class='ocrx_word' id='word_1_28' title='bbox 1121 383 1186 413; x_wconf 66' lang='lat' dir='ltr'>pro&lt;</span> 
     </span>
     <span class='ocr_line' id='line_1_10' title="bbox 446 421 1183 463; baseline 0.001 -12"><span class='ocrx_word' id='word_1_29' title='bbox 446 424 519 463; x_wconf 87' lang='lat' dir='ltr'>priis</span> <span class='ocrx_word' id='word_1_30' title='bbox 542 422 677 453; x_wconf 84' lang='lat' dir='ltr'>manibus</span> <span class='ocrx_word' id='word_1_31' title='bbox 700 421 897 462; x_wconf 88' lang='lat' dir='ltr'>subscriptum</span> <span class='ocrx_word' id='word_1_32' title='bbox 921 422 1033 452; x_wconf 82' lang='lat' dir='ltr'>extradi</span> <span class='ocrx_word' id='word_1_33' title='bbox 1050 422 1183 452; x_wconf 86' lang='lat' dir='ltr'>fecimus.</span> 
     </span>
     <span class='ocr_line' id='line_1_11' title="bbox 446 470 1183 510; baseline -0.004 -7"><span class='ocrx_word' id='word_1_34' title='bbox 446 473 549 502; x_wconf 79' lang='lat' dir='ltr'>Actum</span> <span class='ocrx_word' id='word_1_35' title='bbox 566 472 594 501; x_wconf 93' lang='lat' dir='ltr'>in</span> <span class='ocrx_word' id='word_1_36' title='bbox 612 475 844 510; x_wconf 84' lang='lat' dir='ltr'>praememorato</span> <span class='ocrx_word' id='word_1_37' title='bbox 860 471 1035 501; x_wconf 89' lang='lat' dir='ltr'>monasterio</span> <span class='ocrx_word' id='word_1_38' title='bbox 1050 470 1183 500; x_wconf 67' lang='lat' dir='ltr'>Michael-</span> 
     </span>
     <span class='ocr_line' id='line_1_12' title="bbox 447 519 1185 556; baseline -0.001 -6"><span class='ocrx_word' id='word_1_39' title='bbox 447 522 574 556; x_wconf 86' lang='lat' dir='ltr'>Burano,</span> <span class='ocrx_word' id='word_1_40' title='bbox 591 528 628 549; x_wconf 87' lang='lat' dir='ltr'>vu</span> <span class='ocrx_word' id='word_1_41' title='bbox 644 519 754 548; x_wconf 79' lang='lat' dir='ltr'>mensis</span> <span class='ocrx_word' id='word_1_42' title='bbox 769 519 942 554; x_wconf 80' lang='lat' dir='ltr'>decembris,</span> <span class='ocrx_word' id='word_1_43' title='bbox 956 529 1004 549; x_wconf 82' lang='lat' dir='ltr'>an.</span> <span class='ocrx_word' id='word_1_44' title='bbox 1019 527 1185 549; x_wconf 76' lang='lat' dir='ltr'>MoccxxxV.</span> 
     </span>
    </p>

    <p class='ocr_par' dir='ltr' id='par_1_4' title="bbox 447 566 1187 749">
     <span class='ocr_line' id='line_1_13' title="bbox 488 566 1186 604; baseline -0.001 -6"><span class='ocrx_word' id='word_1_45' title='bbox 488 569 659 604; x_wconf 58' lang='lat' dir='ltr'>ltlsnrtsrs,</span> <span class='ocrx_word' id='word_1_46' title='bbox 684 566 772 597; x_wconf 88' lang='lat' dir='ltr'>abbas</span> <span class='ocrx_word' id='word_1_47' title='bbox 795 567 825 597; x_wconf 92' lang='lat' dir='ltr'>L.</span> <span class='ocrx_word' id='word_1_48' title='bbox 849 567 878 597; x_wconf 84' lang='lat' dir='ltr'>S.</span> <span class='ocrx_word' id='word_1_49' title='bbox 902 583 940 588; x_wconf 91' lang='lat'>—</span> <span class='ocrx_word' id='word_1_50' title='bbox 963 567 994 598; x_wconf 87' lang='lat' dir='ltr'>L.</span> <span class='ocrx_word' id='word_1_51' title='bbox 1011 567 1040 598; x_wconf 83' lang='lat' dir='ltr'>S.</span> <span class='ocrx_word' id='word_1_52' title='bbox 1060 567 1186 598; x_wconf 61' lang='lat' dir='ltr'>toasxes</span> 
     </span>
     <span class='ocr_line' id='line_1_14' title="bbox 449 615 1186 655; baseline -0.003 -8"><span class='ocrx_word' id='word_1_53' title='bbox 449 618 597 648; x_wconf 68' lang='lat' dir='ltr'>BArrrsrA</span> <span class='ocrx_word' id='word_1_54' title='bbox 619 616 817 654; x_wconf 70' lang='lat' dir='ltr'>Arcmmren,</span> <span class='ocrx_word' id='word_1_55' title='bbox 844 615 943 655; x_wconf 89' lang='lat' dir='ltr'>prior,</span> <span class='ocrx_word' id='word_1_56' title='bbox 967 619 994 646; x_wconf 88' lang='lat' dir='ltr'>et</span> <span class='ocrx_word' id='word_1_57' title='bbox 1016 620 1186 646; x_wconf 89' lang='lat' dir='ltr'>conventus.</span> 
     </span>
     <span class='ocr_line' id='line_1_15' title="bbox 447 664 1187 703; baseline -0.003 -7"><span class='ocrx_word' id='word_1_58' title='bbox 447 684 481 689; x_wconf 73' lang='lat'>—</span> <span class='ocrx_word' id='word_1_59' title='bbox 508 665 669 696; x_wconf 85' lang='lat' dir='ltr'>Concordat</span> <span class='ocrx_word' id='word_1_60' title='bbox 691 674 758 695; x_wconf 88' lang='lat' dir='ltr'>cum</span> <span class='ocrx_word' id='word_1_61' title='bbox 780 664 928 703; x_wconf 80' lang='lat' dir='ltr'>originali.</span> <span class='ocrx_word' id='word_1_62' title='bbox 954 683 987 687; x_wconf 87' lang='lat'>-—</span> <span class='ocrx_word' id='word_1_63' title='bbox 1011 664 1052 695; x_wconf 89' lang='lat' dir='ltr'>Ita</span> <span class='ocrx_word' id='word_1_64' title='bbox 1077 668 1187 702; x_wconf 89' lang='lat' dir='ltr'>testor,</span> 
     </span>
     <span class='ocr_line' id='line_1_16' title="bbox 449 713 1147 749; baseline -0.003 -4"><span class='ocrx_word' id='word_1_65' title='bbox 449 715 482 745; x_wconf 87' lang='lat' dir='ltr'>F.</span> <span class='ocrx_word' id='word_1_66' title='bbox 506 715 692 745; x_wconf 68' lang='lat' dir='ltr'>Cnencsstxvs</span> <span class='ocrx_word' id='word_1_67' title='bbox 714 713 799 743; x_wconf 61' lang='lat' dir='ltr'>Mara</span> <span class='ocrx_word' id='word_1_68' title='bbox 814 736 821 749; x_wconf 90' lang='lat'>,</span> <span class='ocrx_word' id='word_1_69' title='bbox 845 713 936 743; x_wconf 87' lang='lat' dir='ltr'>lector</span> <span class='ocrx_word' id='word_1_70' title='bbox 957 713 1097 744; x_wconf 87' lang='lat' dir='ltr'>iubilatus</span> <span class='ocrx_word' id='word_1_71' title='bbox 1120 724 1147 743; x_wconf 80' lang='lat'>›&gt;.</span> 
     </span>
    </p>

    <p class='ocr_par' dir='ltr' id='par_1_5' title="bbox 449 761 1201 2557">
     <span class='ocr_line' id='line_1_17' title="bbox 489 761 1188 802; baseline -0.003 -9"><span class='ocrx_word' id='word_1_72' title='bbox 489 763 546 793; x_wconf 92' lang='lat' dir='ltr'>Nos</span> <span class='ocrx_word' id='word_1_73' title='bbox 582 763 680 802; x_wconf 88' lang='lat' dir='ltr'>itaque</span> <span class='ocrx_word' id='word_1_74' title='bbox 716 762 911 800; x_wconf 88' lang='lat' dir='ltr'>attendentes,</span> <span class='ocrx_word' id='word_1_75' title='bbox 946 761 1023 801; x_wconf 89' lang='lat' dir='ltr'>quod</span> <span class='ocrx_word' id='word_1_76' title='bbox 1061 762 1188 801; x_wconf 89' lang='lat' dir='ltr'>praefata</span> 
     </span>
     <span class='ocr_line' id='line_1_18' title="bbox 449 810 1191 848; baseline -0.003 -6"><span class='ocrx_word' id='word_1_77' title='bbox 449 811 600 843; x_wconf 89' lang='lat' dir='ltr'>Glickiana</span> <span class='ocrx_word' id='word_1_78' title='bbox 623 811 755 841; x_wconf 84' lang='lat' dir='ltr'>fundatio</span> <span class='ocrx_word' id='word_1_79' title='bbox 778 814 806 841; x_wconf 86' lang='lat' dir='ltr'>et</span> <span class='ocrx_word' id='word_1_80' title='bbox 827 810 957 848; x_wconf 87' lang='lat' dir='ltr'>donatio,</span> <span class='ocrx_word' id='word_1_81' title='bbox 983 811 1098 840; x_wconf 70' lang='lat' dir='ltr'>matura</span> <span class='ocrx_word' id='word_1_82' title='bbox 1120 810 1191 840; x_wconf 88' lang='lat' dir='ltr'>deli-</span> 
     </span>
     <span class='ocr_line' id='line_1_19' title="bbox 449 859 1189 898; baseline -0.004 -7"><span class='ocrx_word' id='word_1_83' title='bbox 449 861 600 891; x_wconf 83' lang='lat' dir='ltr'>beratione</span> <span class='ocrx_word' id='word_1_84' title='bbox 633 863 660 889; x_wconf 90' lang='lat' dir='ltr'>et</span> <span class='ocrx_word' id='word_1_85' title='bbox 690 860 852 898; x_wconf 65' lang='lat' dir='ltr'>spontanea</span> <span class='ocrx_word' id='word_1_86' title='bbox 874 859 1022 889; x_wconf 89' lang='lat' dir='ltr'>voluntate</span> <span class='ocrx_word' id='word_1_87' title='bbox 1044 859 1130 896; x_wconf 84' lang='lat' dir='ltr'>facta,</span> <span class='ocrx_word' id='word_1_88' title='bbox 1155 859 1189 888; x_wconf 92' lang='lat' dir='ltr'>ad</span> 
     </span>
     <span class='ocr_line' id='line_1_20' title="bbox 449 908 1190 948; baseline -0.004 -8"><span class='ocrx_word' id='word_1_89' title='bbox 449 910 515 948; x_wconf 85' lang='lat' dir='ltr'>iuge</span> <span class='ocrx_word' id='word_1_90' title='bbox 538 910 751 939; x_wconf 87' lang='lat' dir='ltr'>incrementum</span> <span class='ocrx_word' id='word_1_91' title='bbox 784 912 811 937; x_wconf 89' lang='lat' dir='ltr'>et</span> <span class='ocrx_word' id='word_1_92' title='bbox 843 908 1047 938; x_wconf 82' lang='lat' dir='ltr'>exaltationem</span> <span class='ocrx_word' id='word_1_93' title='bbox 1073 912 1190 938; x_wconf 85' lang='lat' dir='ltr'>sanetae</span> 
     </span>
     <span class='ocr_line' id='line_1_21' title="bbox 450 957 1190 989; baseline -0.001 -1"><span class='ocrx_word' id='word_1_94' title='bbox 450 958 609 989; x_wconf 83' lang='lat' dir='ltr'>catholicae</span> <span class='ocrx_word' id='word_1_95' title='bbox 632 957 779 988; x_wconf 81' lang='lat' dir='ltr'>Ecclesiae</span> <span class='ocrx_word' id='word_1_96' title='bbox 802 957 908 987; x_wconf 85' lang='lat' dir='ltr'>cedat:</span> <span class='ocrx_word' id='word_1_97' title='bbox 928 957 1013 988; x_wconf 91' lang='lat' dir='ltr'>nobis</span> <span class='ocrx_word' id='word_1_98' title='bbox 1036 962 1133 987; x_wconf 83' lang='lat' dir='ltr'>autem</span> <span class='ocrx_word' id='word_1_99' title='bbox 1156 966 1190 987; x_wconf 90' lang='lat' dir='ltr'>eo</span> 
     </span>
     <span class='ocr_line' id='line_1_22' title="bbox 452 1006 1190 1048; baseline -0.004 -10"><span class='ocrx_word' id='word_1_100' title='bbox 452 1007 659 1048; x_wconf 71' lang='lat' dir='ltr'>acceptabilior</span> <span class='ocrx_word' id='word_1_101' title='bbox 682 1007 806 1044; x_wconf 89' lang='lat' dir='ltr'>eveniat,</span> <span class='ocrx_word' id='word_1_102' title='bbox 831 1016 888 1046; x_wconf 84' lang='lat' dir='ltr'>quo</span> <span class='ocrx_word' id='word_1_103' title='bbox 921 1006 1066 1036; x_wconf 83' lang='lat' dir='ltr'>acerbiori</span> <span class='ocrx_word' id='word_1_104' title='bbox 1099 1006 1190 1036; x_wconf 92' lang='lat' dir='ltr'>animi</span> 
     </span>
     <span class='ocr_line' id='line_1_23' title="bbox 450 1055 1189 1094; baseline -0.003 -8"><span class='ocrx_word' id='word_1_105' title='bbox 450 1066 537 1086; x_wconf 85' lang='lat' dir='ltr'>sensu</span> <span class='ocrx_word' id='word_1_106' title='bbox 560 1055 656 1085; x_wconf 89' lang='lat' dir='ltr'>statim</span> <span class='ocrx_word' id='word_1_107' title='bbox 678 1055 708 1084; x_wconf 90' lang='lat' dir='ltr'>in</span> <span class='ocrx_word' id='word_1_108' title='bbox 732 1055 894 1094; x_wconf 88' lang='lat' dir='ltr'>primordio</span> <span class='ocrx_word' id='word_1_109' title='bbox 916 1055 1068 1093; x_wconf 79' lang='lat' dir='ltr'>regiminis</span> <span class='ocrx_word' id='word_1_110' title='bbox 1098 1055 1189 1084; x_wconf 84' lang='lat' dir='ltr'>nostri</span> 
     </span>
     <span class='ocr_line' id='line_1_24' title="bbox 451 1103 1192 1144; baseline -0.004 -9"><span class='ocrx_word' id='word_1_111' title='bbox 451 1104 582 1144; x_wconf 74' lang='lat' dir='ltr'>expediri</span> <span class='ocrx_word' id='word_1_112' title='bbox 605 1103 780 1141; x_wconf 88' lang='lat' dir='ltr'>debuimus,</span> <span class='ocrx_word' id='word_1_113' title='bbox 804 1112 860 1132; x_wconf 92' lang='lat' dir='ltr'>non</span> <span class='ocrx_word' id='word_1_114' title='bbox 885 1103 1019 1134; x_wconf 85' lang='lat' dir='ltr'>obstante</span> <span class='ocrx_word' id='word_1_115' title='bbox 1045 1103 1120 1143; x_wconf 91' lang='lat' dir='ltr'>quod</span> <span class='ocrx_word' id='word_1_116' title='bbox 1145 1112 1192 1132; x_wconf 92' lang='lat' dir='ltr'>ve-</span> 
     </span>
     <span class='ocr_line' id='line_1_25' title="bbox 450 1152 1190 1192; baseline -0.004 -8"><span class='ocrx_word' id='word_1_117' title='bbox 450 1153 595 1184; x_wconf 87' lang='lat' dir='ltr'>nerabiles</span> <span class='ocrx_word' id='word_1_118' title='bbox 614 1152 852 1192; x_wconf 84' lang='lat' dir='ltr'>praedecessores</span> <span class='ocrx_word' id='word_1_119' title='bbox 869 1152 960 1182; x_wconf 83' lang='lat' dir='ltr'>nostri</span> <span class='ocrx_word' id='word_1_120' title='bbox 984 1161 1034 1191; x_wconf 91' lang='lat' dir='ltr'>per</span> <span class='ocrx_word' id='word_1_121' title='bbox 1056 1152 1111 1182; x_wconf 88' lang='lat' dir='ltr'>duo</span> <span class='ocrx_word' id='word_1_122' title='bbox 1134 1152 1190 1181; x_wconf 92' lang='lat' dir='ltr'>iam</span> 
     </span>
     <span class='ocr_line' id='line_1_26' title="bbox 452 1200 1192 1235; baseline -0.003 -3"><span class='ocrx_word' id='word_1_123' title='bbox 452 1202 509 1232; x_wconf 81' lang='lat' dir='ltr'>iam</span> <span class='ocrx_word' id='word_1_124' title='bbox 528 1201 642 1231; x_wconf 87' lang='lat' dir='ltr'>saecula</span> <span class='ocrx_word' id='word_1_125' title='bbox 660 1209 773 1230; x_wconf 89' lang='lat' dir='ltr'>summo</span> <span class='ocrx_word' id='word_1_126' title='bbox 791 1200 902 1230; x_wconf 87' lang='lat' dir='ltr'>fervore</span> <span class='ocrx_word' id='word_1_127' title='bbox 920 1200 1119 1235; x_wconf 85' lang='lat' dir='ltr'>allaborarint,</span> <span class='ocrx_word' id='word_1_128' title='bbox 1139 1209 1192 1230; x_wconf 85' lang='lat' dir='ltr'>nee</span> 
     </span>
     <span class='ocr_line' id='line_1_27' title="bbox 451 1249 1193 1289; baseline -0.005 -7"><span class='ocrx_word' id='word_1_129' title='bbox 451 1251 530 1283; x_wconf 89' lang='lat' dir='ltr'>curis</span> <span class='ocrx_word' id='word_1_130' title='bbox 560 1260 613 1280; x_wconf 89' lang='lat' dir='ltr'>nec</span> <span class='ocrx_word' id='word_1_131' title='bbox 635 1249 799 1289; x_wconf 77' lang='lat' dir='ltr'>sumptibus</span> <span class='ocrx_word' id='word_1_132' title='bbox 823 1249 1007 1288; x_wconf 79' lang='lat' dir='ltr'>pepercerint</span> <span class='ocrx_word' id='word_1_133' title='bbox 1036 1249 1071 1278; x_wconf 85' lang='lat' dir='ltr'>ad</span> <span class='ocrx_word' id='word_1_134' title='bbox 1098 1249 1193 1279; x_wconf 87' lang='lat' dir='ltr'>luthe-</span> 
     </span>
     <span class='ocr_line' id='line_1_28' title="bbox 450 1297 1192 1338; baseline -0.003 -8"><span class='ocrx_word' id='word_1_135' title='bbox 450 1309 553 1331; x_wconf 88' lang='lat' dir='ltr'>ranam</span> <span class='ocrx_word' id='word_1_136' title='bbox 586 1299 716 1338; x_wconf 79' lang='lat' dir='ltr'>aliasque</span> <span class='ocrx_word' id='word_1_137' title='bbox 748 1297 883 1328; x_wconf 78' lang='lat' dir='ltr'>haereses</span> <span class='ocrx_word' id='word_1_138' title='bbox 916 1306 982 1328; x_wconf 85' lang='lat' dir='ltr'>mox</span> <span class='ocrx_word' id='word_1_139' title='bbox 1015 1297 1050 1328; x_wconf 86' lang='lat' dir='ltr'>ab</span> <span class='ocrx_word' id='word_1_140' title='bbox 1078 1298 1192 1336; x_wconf 79' lang='lat' dir='ltr'>origine</span> 
     </span>
     <span class='ocr_line' id='line_1_29' title="bbox 452 1346 1193 1387; baseline -0.005 -8"><span class='ocrx_word' id='word_1_141' title='bbox 452 1348 636 1387; x_wconf 85' lang='lat' dir='ltr'>subingestas</span> <span class='ocrx_word' id='word_1_142' title='bbox 670 1346 785 1386; x_wconf 89' lang='lat' dir='ltr'>penitus</span> <span class='ocrx_word' id='word_1_143' title='bbox 816 1346 1003 1386; x_wconf 84' lang='lat' dir='ltr'>extirpandas</span> <span class='ocrx_word' id='word_1_144' title='bbox 1032 1349 1118 1385; x_wconf 84' lang='lat' dir='ltr'>atque</span> <span class='ocrx_word' id='word_1_145' title='bbox 1141 1346 1193 1376; x_wconf 92' lang='lat' dir='ltr'>eli-</span> 
     </span>
     <span class='ocr_line' id='line_1_30' title="bbox 453 1395 1193 1435; baseline -0.004 -7"><span class='ocrx_word' id='word_1_146' title='bbox 453 1397 617 1432; x_wconf 79' lang='lat' dir='ltr'>minandas.</span> <span class='ocrx_word' id='word_1_147' title='bbox 650 1396 709 1426; x_wconf 91' lang='lat' dir='ltr'>imo</span> <span class='ocrx_word' id='word_1_148' title='bbox 741 1395 875 1425; x_wconf 85' lang='lat' dir='ltr'>nonnulli</span> <span class='ocrx_word' id='word_1_149' title='bbox 909 1404 1010 1425; x_wconf 89' lang='lat' dir='ltr'>eorum</span> <span class='ocrx_word' id='word_1_150' title='bbox 1043 1404 1074 1425; x_wconf 89' lang='lat' dir='ltr'>se</span> <span class='ocrx_word' id='word_1_151' title='bbox 1107 1405 1193 1435; x_wconf 86' lang='lat' dir='ltr'>opere</span> 
     </span>
     <span class='ocr_line' id='line_1_31' title="bbox 452 1443 1191 1486; baseline -0.004 -9"><span class='ocrx_word' id='word_1_152' title='bbox 452 1447 516 1486; x_wconf 86' lang='lat' dir='ltr'>ipso</span> <span class='ocrx_word' id='word_1_153' title='bbox 552 1445 709 1486; x_wconf 82' lang='lat' dir='ltr'>perfecisse</span> <span class='ocrx_word' id='word_1_154' title='bbox 745 1443 946 1474; x_wconf 86' lang='lat' dir='ltr'>indubitanter</span> <span class='ocrx_word' id='word_1_155' title='bbox 988 1443 1191 1480; x_wconf 89' lang='lat' dir='ltr'>crediderint,</span> 
     </span>
     <span class='ocr_line' id='line_1_32' title="bbox 453 1492 1194 1532; baseline -0.004 -7"><span class='ocrx_word' id='word_1_156' title='bbox 453 1495 545 1525; x_wconf 80' lang='lat' dir='ltr'>nihilo</span> <span class='ocrx_word' id='word_1_157' title='bbox 561 1499 659 1525; x_wconf 86' lang='lat' dir='ltr'>tamen</span> <span class='ocrx_word' id='word_1_158' title='bbox 682 1493 777 1523; x_wconf 92' lang='lat' dir='ltr'>secius</span> <span class='ocrx_word' id='word_1_159' title='bbox 800 1493 965 1532; x_wconf 86' lang='lat' dir='ltr'>oppositum</span> <span class='ocrx_word' id='word_1_160' title='bbox 983 1492 1072 1531; x_wconf 86' lang='lat' dir='ltr'>(quod</span> <span class='ocrx_word' id='word_1_161' title='bbox 1091 1492 1194 1522; x_wconf 83' lang='lat' dir='ltr'>flentes</span> 
     </span>
     <span class='ocr_line' id='line_1_33' title="bbox 454 1541 1194 1582; baseline -0.004 -9"><span class='ocrx_word' id='word_1_162' title='bbox 454 1543 600 1582; x_wconf 83' lang='lat' dir='ltr'>dicimus)</span> <span class='ocrx_word' id='word_1_163' title='bbox 624 1542 804 1582; x_wconf 89' lang='lat' dir='ltr'>postliminio</span> <span class='ocrx_word' id='word_1_164' title='bbox 820 1550 849 1571; x_wconf 90' lang='lat' dir='ltr'>se</span> <span class='ocrx_word' id='word_1_165' title='bbox 872 1541 1046 1580; x_wconf 82' lang='lat' dir='ltr'>prodidisse,</span> <span class='ocrx_word' id='word_1_166' title='bbox 1067 1541 1147 1578; x_wconf 91' lang='lat' dir='ltr'>dum,</span> <span class='ocrx_word' id='word_1_167' title='bbox 1164 1550 1194 1571; x_wconf 86' lang='lat' dir='ltr'>re</span> 
     </span>
     <span class='ocr_line' id='line_1_34' title="bbox 454 1589 1196 1633; baseline 0 -13"><span class='ocrx_word' id='word_1_168' title='bbox 454 1601 506 1633; x_wconf 86' lang='lat' dir='ltr'>per</span> <span class='ocrx_word' id='word_1_169' title='bbox 543 1591 642 1622; x_wconf 87' lang='lat' dir='ltr'>orbem</span> <span class='ocrx_word' id='word_1_170' title='bbox 674 1590 890 1630; x_wconf 85' lang='lat' dir='ltr'>imperiumque</span> <span class='ocrx_word' id='word_1_171' title='bbox 925 1589 1093 1627; x_wconf 69' lang='lat' dir='ltr'>notissima,</span> <span class='ocrx_word' id='word_1_172' title='bbox 1129 1599 1196 1629; x_wconf 84' lang='lat' dir='ltr'>pars</span> 
     </span>
     <span class='ocr_line' id='line_1_35' title="bbox 453 1638 1195 1678; baseline -0.004 -7"><span class='ocrx_word' id='word_1_173' title='bbox 453 1641 546 1671; x_wconf 86' lang='lat' dir='ltr'>maior</span> <span class='ocrx_word' id='word_1_174' title='bbox 579 1644 744 1670; x_wconf 88' lang='lat' dir='ltr'>nostrorum</span> <span class='ocrx_word' id='word_1_175' title='bbox 778 1638 962 1669; x_wconf 89' lang='lat' dir='ltr'>subditorum</span> <span class='ocrx_word' id='word_1_176' title='bbox 995 1638 1073 1668; x_wconf 89' lang='lat' dir='ltr'>intra</span> <span class='ocrx_word' id='word_1_177' title='bbox 1109 1638 1195 1678; x_wconf 81' lang='lat' dir='ltr'>Alpes</span> 
     </span>
     <span class='ocr_line' id='line_1_36' title="bbox 453 1687 1194 1727; baseline -0.005 -7"><span class='ocrx_word' id='word_1_178' title='bbox 453 1689 507 1720; x_wconf 87' lang='lat' dir='ltr'>sub</span> <span class='ocrx_word' id='word_1_179' title='bbox 539 1689 691 1727; x_wconf 79' lang='lat' dir='ltr'>religionis</span> <span class='ocrx_word' id='word_1_180' title='bbox 723 1692 878 1727; x_wconf 85' lang='lat' dir='ltr'>praetextu</span> <span class='ocrx_word' id='word_1_181' title='bbox 915 1687 1194 1717; x_wconf 83' lang='lat' dir='ltr'>damnabilissimam</span> 
     </span>
     <span class='ocr_line' id='line_1_37' title="bbox 454 1736 1197 1774; baseline -0.004 -6"><span class='ocrx_word' id='word_1_182' title='bbox 454 1742 555 1768; x_wconf 89' lang='lat' dir='ltr'>contra</span> <span class='ocrx_word' id='word_1_183' title='bbox 579 1747 630 1767; x_wconf 89' lang='lat' dir='ltr'>nos</span> <span class='ocrx_word' id='word_1_184' title='bbox 653 1736 825 1766; x_wconf 82' lang='lat' dir='ltr'>seditionem</span> <span class='ocrx_word' id='word_1_185' title='bbox 849 1736 1054 1774; x_wconf 88' lang='lat' dir='ltr'>concitarunt,</span> <span class='ocrx_word' id='word_1_186' title='bbox 1078 1745 1110 1766; x_wconf 89' lang='lat' dir='ltr'>ac</span> <span class='ocrx_word' id='word_1_187' title='bbox 1139 1737 1197 1766; x_wconf 80' lang='lat' dir='ltr'>Au-</span> 
     </span>
     <span class='ocr_line' id='line_1_38' title="bbox 454 1785 1197 1826; baseline -0.004 -9"><span class='ocrx_word' id='word_1_188' title='bbox 454 1792 593 1826; x_wconf 80' lang='lat' dir='ltr'>gustanae</span> <span class='ocrx_word' id='word_1_189' title='bbox 621 1785 810 1824; x_wconf 80' lang='lat' dir='ltr'>confessioni,</span> <span class='ocrx_word' id='word_1_190' title='bbox 840 1785 964 1825; x_wconf 88' lang='lat' dir='ltr'>aliisque</span> <span class='ocrx_word' id='word_1_191' title='bbox 994 1786 1080 1815; x_wconf 87' lang='lat' dir='ltr'>sectis</span> <span class='ocrx_word' id='word_1_192' title='bbox 1103 1789 1131 1814; x_wconf 89' lang='lat' dir='ltr'>et</span> <span class='ocrx_word' id='word_1_193' title='bbox 1153 1794 1197 1815; x_wconf 89' lang='lat' dir='ltr'>er-</span> 
     </span>
     <span class='ocr_line' id='line_1_39' title="bbox 455 1834 1197 1873; baseline -0.003 -8"><span class='ocrx_word' id='word_1_194' title='bbox 455 1835 571 1866; x_wconf 90' lang='lat' dir='ltr'>roribus</span> <span class='ocrx_word' id='word_1_195' title='bbox 588 1843 693 1864; x_wconf 90' lang='lat' dir='ltr'>nomen</span> <span class='ocrx_word' id='word_1_196' title='bbox 707 1834 879 1871; x_wconf 79' lang='lat' dir='ltr'>addicendo,</span> <span class='ocrx_word' id='word_1_197' title='bbox 897 1834 1032 1864; x_wconf 86' lang='lat' dir='ltr'>istorum¹</span> <span class='ocrx_word' id='word_1_198' title='bbox 1046 1843 1197 1873; x_wconf 84' lang='lat' dir='ltr'>nunquam</span> 
     </span>
     <span class='ocr_line' id='line_1_40' title="bbox 455 1883 1198 1923; baseline -0.003 -9"><span class='ocrx_word' id='word_1_199' title='bbox 455 1885 597 1915; x_wconf 88' lang='lat' dir='ltr'>hactenus</span> <span class='ocrx_word' id='word_1_200' title='bbox 620 1883 793 1923; x_wconf 84' lang='lat' dir='ltr'>permissum</span> <span class='ocrx_word' id='word_1_201' title='bbox 817 1883 990 1913; x_wconf 83' lang='lat' dir='ltr'>exercitium</span> <span class='ocrx_word' id='word_1_202' title='bbox 1023 1891 1112 1922; x_wconf 88' lang='lat' dir='ltr'>prope</span> <span class='ocrx_word' id='word_1_203' title='bbox 1137 1891 1198 1912; x_wconf 91' lang='lat' dir='ltr'>mo-</span> 
     </span>
     <span class='ocr_line' id='line_1_41' title="bbox 456 1931 1198 1971; baseline -0.003 -8"><span class='ocrx_word' id='word_1_204' title='bbox 456 1933 525 1963; x_wconf 86' lang='lat' dir='ltr'>dum</span> <span class='ocrx_word' id='word_1_205' title='bbox 548 1932 576 1962; x_wconf 87' lang='lat' dir='ltr'>vi</span> <span class='ocrx_word' id='word_1_206' title='bbox 605 1936 782 1971; x_wconf 75' lang='lat' dir='ltr'>extorquere</span> <span class='ocrx_word' id='word_1_207' title='bbox 804 1931 1029 1969; x_wconf 86' lang='lat' dir='ltr'>contenderunt,</span> <span class='ocrx_word' id='word_1_208' title='bbox 1054 1931 1125 1961; x_wconf 87' lang='lat' dir='ltr'>satis</span> <span class='ocrx_word' id='word_1_209' title='bbox 1147 1940 1198 1970; x_wconf 89' lang='lat' dir='ltr'>per</span> 
     </span>
     <span class='ocr_line' id='line_1_42' title="bbox 455 1979 1198 2020; baseline -0.004 -8"><span class='ocrx_word' id='word_1_210' title='bbox 455 1982 510 2012; x_wconf 83' lang='lat' dir='ltr'>hoe</span> <span class='ocrx_word' id='word_1_211' title='bbox 539 1980 695 2011; x_wconf 87' lang='lat' dir='ltr'>contestati</span> <span class='ocrx_word' id='word_1_212' title='bbox 724 1989 810 2020; x_wconf 89' lang='lat' dir='ltr'>quam</span> <span class='ocrx_word' id='word_1_213' title='bbox 844 1980 999 2010; x_wconf 87' lang='lat' dir='ltr'>temerario</span> <span class='ocrx_word' id='word_1_214' title='bbox 1021 1989 1054 2010; x_wconf 88' lang='lat' dir='ltr'>ac</span> <span class='ocrx_word' id='word_1_215' title='bbox 1077 1979 1198 2010; x_wconf 89' lang='lat' dir='ltr'>subdole</span> 
     </span>
     <span class='ocr_line' id='line_1_43' title="bbox 456 2028 1199 2069; baseline -0.003 -10"><span class='ocrx_word' id='word_1_216' title='bbox 456 2031 513 2060; x_wconf 90' lang='lat' dir='ltr'>iam</span> <span class='ocrx_word' id='word_1_217' title='bbox 536 2029 591 2069; x_wconf 92' lang='lat' dir='ltr'>ipsi</span> <span class='ocrx_word' id='word_1_218' title='bbox 613 2038 713 2059; x_wconf 85' lang='lat' dir='ltr'>eorum</span> <span class='ocrx_word' id='word_1_219' title='bbox 741 2028 841 2068; x_wconf 84' lang='lat' dir='ltr'>proavi</span> <span class='ocrx_word' id='word_1_220' title='bbox 868 2028 1004 2068; x_wconf 85' lang='lat' dir='ltr'>atavique</span> <span class='ocrx_word' id='word_1_221' title='bbox 1033 2028 1199 2068; x_wconf 67' lang='lat' dir='ltr'>perniciosa</span> 
     </span>
     <span class='ocr_line' id='line_1_44' title="bbox 457 2077 1200 2117; baseline -0.003 -9"><span class='ocrx_word' id='word_1_222' title='bbox 457 2079 504 2108; x_wconf 77' lang='lat' dir='ltr'>itta</span> <span class='ocrx_word' id='word_1_223' title='bbox 528 2078 615 2108; x_wconf 91' lang='lat' dir='ltr'>etiam</span> <span class='ocrx_word' id='word_1_224' title='bbox 639 2077 764 2117; x_wconf 87' lang='lat' dir='ltr'>posteris</span> <span class='ocrx_word' id='word_1_225' title='bbox 786 2077 880 2107; x_wconf 88' lang='lat' dir='ltr'>tenaci</span> <span class='ocrx_word' id='word_1_226' title='bbox 902 2077 1084 2116; x_wconf 75' lang='lat' dir='ltr'>agglutinata</span> <span class='ocrx_word' id='word_1_227' title='bbox 1109 2077 1200 2106; x_wconf 90' lang='lat' dir='ltr'>simu-</span> 
     </span>
     <span class='ocr_line' id='line_1_45' title="bbox 458 2125 1199 2166; baseline -0.003 -9"><span class='ocrx_word' id='word_1_228' title='bbox 458 2128 565 2158; x_wconf 83' lang='lat' dir='ltr'>latione</span> <span class='ocrx_word' id='word_1_229' title='bbox 598 2126 753 2156; x_wconf 85' lang='lat' dir='ltr'>antedictis</span> <span class='ocrx_word' id='word_1_230' title='bbox 786 2125 1060 2166; x_wconf 85' lang='lat' dir='ltr'>praedecessoribus</span> <span class='ocrx_word' id='word_1_231' title='bbox 1091 2126 1199 2156; x_wconf 89' lang='lat' dir='ltr'>nostris</span> 
     </span>
     <span class='ocr_line' id='line_1_46' title="bbox 458 2174 1201 2215; baseline -0.004 -9"><span class='ocrx_word' id='word_1_232' title='bbox 458 2175 673 2215; x_wconf 87' lang='lat' dir='ltr'>imposuerint;</span> <span class='ocrx_word' id='word_1_233' title='bbox 697 2175 772 2214; x_wconf 88' lang='lat' dir='ltr'>quod</span> <span class='ocrx_word' id='word_1_234' title='bbox 796 2179 893 2204; x_wconf 87' lang='lat' dir='ltr'>tamen</span> <span class='ocrx_word' id='word_1_235' title='bbox 911 2174 1088 2215; x_wconf 86' lang='lat' dir='ltr'>perpetuatis</span> <span class='ocrx_word' id='word_1_236' title='bbox 1105 2174 1201 2213; x_wconf 89' lang='lat' dir='ltr'>inqui-</span> 
     </span>
     <span class='ocr_line' id='line_1_47' title="bbox 458 2223 1198 2263; baseline -0.003 -9"><span class='ocrx_word' id='word_1_237' title='bbox 458 2224 614 2254; x_wconf 90' lang='lat' dir='ltr'>sitionibus</span> <span class='ocrx_word' id='word_1_238' title='bbox 637 2233 673 2253; x_wconf 92' lang='lat' dir='ltr'>ne</span> <span class='ocrx_word' id='word_1_239' title='bbox 696 2224 745 2252; x_wconf 86' lang='lat' dir='ltr'>vix</span> <span class='ocrx_word' id='word_1_240' title='bbox 767 2224 884 2263; x_wconf 89' lang='lat' dir='ltr'>quidem</span> <span class='ocrx_word' id='word_1_241' title='bbox 908 2225 1026 2254; x_wconf 85' lang='lat' dir='ltr'>evenire</span> <span class='ocrx_word' id='word_1_242' title='bbox 1045 2223 1198 2262; x_wconf 88' lang='lat' dir='ltr'>potuisset,</span> 
     </span>
     <span class='ocr_line' id='line_1_48' title="bbox 458 2272 1200 2312; baseline -0.001 -10"><span class='ocrx_word' id='word_1_243' title='bbox 458 2273 482 2302; x_wconf 85' lang='lat' dir='ltr'>si</span> <span class='ocrx_word' id='word_1_244' title='bbox 506 2272 679 2312; x_wconf 88' lang='lat' dir='ltr'>praesertim</span> <span class='ocrx_word' id='word_1_245' title='bbox 696 2272 864 2311; x_wconf 81' lang='lat' dir='ltr'>pastoribus</span> <span class='ocrx_word' id='word_1_246' title='bbox 887 2277 914 2302; x_wconf 90' lang='lat' dir='ltr'>et</span> <span class='ocrx_word' id='word_1_247' title='bbox 937 2272 1048 2302; x_wconf 84' lang='lat' dir='ltr'>curatis</span> <span class='ocrx_word' id='word_1_248' title='bbox 1070 2272 1200 2301; x_wconf 88' lang='lat' dir='ltr'>locorum</span> 
     </span>
     <span class='ocr_line' id='line_1_49' title="bbox 459 2320 1201 2360; baseline -0.004 -8"><span class='ocrx_word' id='word_1_249' title='bbox 459 2321 625 2356; x_wconf 89' lang='lat' dir='ltr'>ordinariis,</span> <span class='ocrx_word' id='word_1_250' title='bbox 651 2321 701 2360; x_wconf 88' lang='lat' dir='ltr'>qui</span> <span class='ocrx_word' id='word_1_251' title='bbox 723 2320 759 2351; x_wconf 88' lang='lat' dir='ltr'>ob</span> <span class='ocrx_word' id='word_1_252' title='bbox 782 2321 958 2360; x_wconf 86' lang='lat' dir='ltr'>multiplices</span> <span class='ocrx_word' id='word_1_253' title='bbox 977 2321 1143 2351; x_wconf 87' lang='lat' dir='ltr'>functiones</span> <span class='ocrx_word' id='word_1_254' title='bbox 1165 2330 1201 2350; x_wconf 78' lang='lat' dir='ltr'>ex</span> 
     </span>
     <span class='ocr_line' id='line_1_50' title="bbox 459 2369 1200 2410; baseline -0.001 -10"><span class='ocrx_word' id='word_1_255' title='bbox 459 2370 554 2401; x_wconf 86' lang='lat' dir='ltr'>officio</span> <span class='ocrx_word' id='word_1_256' title='bbox 588 2369 776 2410; x_wconf 87' lang='lat' dir='ltr'>praestandas</span> <span class='ocrx_word' id='word_1_257' title='bbox 802 2379 816 2399; x_wconf 92' lang='lat' dir='ltr'>a</span> <span class='ocrx_word' id='word_1_258' title='bbox 840 2369 976 2400; x_wconf 92' lang='lat' dir='ltr'>domibus</span> <span class='ocrx_word' id='word_1_259' title='bbox 1008 2370 1068 2400; x_wconf 91' lang='lat' dir='ltr'>suis</span> <span class='ocrx_word' id='word_1_260' title='bbox 1100 2369 1200 2399; x_wconf 90' lang='lat' dir='ltr'>abesse</span> 
     </span>
     <span class='ocr_line' id='line_1_51' title="bbox 459 2417 1200 2458; baseline -0.004 -8"><span class='ocrx_word' id='word_1_261' title='bbox 459 2419 617 2450; x_wconf 81' lang='lat' dir='ltr'>difficulter</span> <span class='ocrx_word' id='word_1_262' title='bbox 640 2422 772 2458; x_wconf 87' lang='lat' dir='ltr'>possunt,</span> <span class='ocrx_word' id='word_1_263' title='bbox 807 2418 984 2448; x_wconf 89' lang='lat' dir='ltr'>missionarii</span> <span class='ocrx_word' id='word_1_264' title='bbox 1017 2417 1200 2448; x_wconf 88' lang='lat' dir='ltr'>coadiutores</span> 
     </span>
     <span class='ocr_line' id='line_1_52' title="bbox 460 2466 1198 2506; baseline -0.004 -7"><span class='ocrx_word' id='word_1_265' title='bbox 460 2469 489 2499; x_wconf 91' lang='lat' dir='ltr'>in</span> <span class='ocrx_word' id='word_1_266' title='bbox 512 2467 674 2498; x_wconf 85' lang='lat' dir='ltr'>subsidium</span> <span class='ocrx_word' id='word_1_267' title='bbox 697 2467 839 2506; x_wconf 84' lang='lat' dir='ltr'>adiuncti,</span> <span class='ocrx_word' id='word_1_268' title='bbox 863 2470 891 2497; x_wconf 88' lang='lat' dir='ltr'>et</span> <span class='ocrx_word' id='word_1_269' title='bbox 918 2467 954 2497; x_wconf 86' lang='lat' dir='ltr'>ad</span> <span class='ocrx_word' id='word_1_270' title='bbox 985 2466 1198 2506; x_wconf 85' lang='lat' dir='ltr'>implorandam</span> 
     </span>
     <span class='ocr_line' id='line_1_53' title="bbox 461 2516 1200 2557; baseline -0.001 -10"><span class='ocrx_word' id='word_1_271' title='bbox 461 2527 570 2557; x_wconf 87' lang='lat' dir='ltr'>veram,</span> <span class='ocrx_word' id='word_1_272' title='bbox 595 2520 695 2548; x_wconf 87' lang='lat' dir='ltr'>contra</span> <span class='ocrx_word' id='word_1_273' title='bbox 718 2516 919 2556; x_wconf 85' lang='lat' dir='ltr'>extirpandam</span> <span class='ocrx_word' id='word_1_274' title='bbox 942 2516 1043 2547; x_wconf 83' lang='lat' dir='ltr'>falsam</span> <span class='ocrx_word' id='word_1_275' title='bbox 1066 2516 1133 2546; x_wconf 84' lang='lat' dir='ltr'>fidei</span> <span class='ocrx_word' id='word_1_276' title='bbox 1151 2516 1200 2547; x_wconf 92' lang='lat' dir='ltr'>do-</span> 
     </span>
    </p>
   </div>
   <div class='ocr_carea' id='block_1_4' title="bbox 498 2619 1080 2658">
    <p class='ocr_par' dir='ltr' id='par_1_6' title="bbox 498 2619 1080 2658">
     <span class='ocr_line' id='line_1_54' title="bbox 498 2619 1080 2658; baseline -0.005 -7"><span class='ocrx_word' id='word_1_277' title='bbox 498 2621 511 2651; x_wconf 84' lang='lat'>1</span> <span class='ocrx_word' id='word_1_278' title='bbox 532 2619 642 2649; x_wconf 89' lang='lat' dir='ltr'>Videtur</span> <span class='ocrx_word' id='word_1_279' title='bbox 660 2619 806 2658; x_wconf 82' lang='lat' dir='ltr'>legendum</span> <span class='ocrx_word' id='word_1_280' title='bbox 825 2620 952 2651; x_wconf 79' lang='lat' dir='ltr'>istarum</span> <span class='ocrx_word' id='word_1_281' title='bbox 976 2620 1015 2657; x_wconf 71' lang='lat' dir='ltr'>(R.</span> <span class='ocrx_word' id='word_1_282' title='bbox 1032 2620 1080 2657; x_wconf 83' lang='lat' dir='ltr'><strong>T.).</strong></span> 
     </span>
    </p>
   </div>
   <div class='ocr_carea' id='block_1_5' title="bbox 1206 280 1224 2483">
    <p class='ocr_par' dir='ltr' id='par_1_7' title="bbox 1206 280 1224 2483">
     <span class='ocr_line' id='line_1_55' title="bbox 1206 280 1224 2483; baseline 0 0"><span class='ocrx_word' id='word_1_283' title='bbox 1206 280 1224 2483; x_wconf 95' lang='lat' dir='ltr'> </span> 
     </span>
    </p>
   </div>
   <div class='ocr_carea' id='block_1_6' title="bbox 1039 226 1395 251">
    <p class='ocr_par' dir='ltr' id='par_1_8' title="bbox 1039 226 1395 251">
     <span class='ocr_line' id='line_1_56' title="bbox 1039 226 1395 251; baseline 0.003 -1"><span class='ocrx_word' id='word_1_284' title='bbox 1039 226 1217 251; x_wconf 71' lang='lat' dir='ltr'>BULLARIUM</span> <span class='ocrx_word' id='word_1_285' title='bbox 1245 226 1348 251; x_wconf 66' lang='lat' dir='ltr'>noitAN</span> <span class='ocrx_word' id='word_1_286' title='bbox 1354 227 1395 251; x_wconf 68' lang='grc' dir='ltr'>ΠΜ</span> 
     </span>
    </p>
   </div>
   <div class='ocr_carea' id='block_1_7' title="bbox 1227 275 1983 2459">
    <p class='ocr_par' dir='ltr' id='par_1_9' title="bbox 1227 275 1983 2459">
     <span class='ocr_line' id='line_1_57' title="bbox 1227 275 1964 316; baseline 0.001 -9"><span class='ocrx_word' id='word_1_287' title='bbox 1227 275 1350 307; x_wconf 82' lang='lat' dir='ltr'>ctrinam</span> <span class='ocrx_word' id='word_1_288' title='bbox 1373 285 1411 306; x_wconf 80' lang='lat' dir='ltr'>ex</span> <span class='ocrx_word' id='word_1_289' title='bbox 1432 275 1581 316; x_wconf 89' lang='lat' dir='ltr'>proposito</span> <span class='ocrx_word' id='word_1_290' title='bbox 1603 276 1727 308; x_wconf 86' lang='lat' dir='ltr'>fuissent</span> <span class='ocrx_word' id='word_1_291' title='bbox 1751 276 1910 308; x_wconf 85' lang='lat' dir='ltr'>destinati:</span> <span class='ocrx_word' id='word_1_292' title='bbox 1935 277 1964 308; x_wconf 92' lang='lat' dir='ltr'>in</span> 
     </span>
     <span class='ocr_line' id='line_1_58' title="bbox 1228 324 1967 366; baseline 0 -10"><span class='ocrx_word' id='word_1_293' title='bbox 1228 325 1310 356; x_wconf 88' lang='lat' dir='ltr'>cuius</span> <span class='ocrx_word' id='word_1_294' title='bbox 1333 324 1478 355; x_wconf 88' lang='lat' dir='ltr'>eventuali</span> <span class='ocrx_word' id='word_1_295' title='bbox 1507 325 1678 355; x_wconf 90' lang='lat' dir='ltr'>intermissu</span> <span class='ocrx_word' id='word_1_296' title='bbox 1709 326 1817 356; x_wconf 88' lang='lat' dir='ltr'>nostris</span> <span class='ocrx_word' id='word_1_297' title='bbox 1850 335 1967 366; x_wconf 87' lang='lat' dir='ltr'>quoque</span> 
     </span>
     <span class='ocr_line' id='line_1_59' title="bbox 1228 373 1966 414; baseline 0.001 -11"><span class='ocrx_word' id='word_1_298' title='bbox 1228 373 1458 411; x_wconf 88' lang='lat' dir='ltr'>successoribus,</span> <span class='ocrx_word' id='word_1_299' title='bbox 1482 373 1598 404; x_wconf 88' lang='lat' dir='ltr'>tametsi</span> <span class='ocrx_word' id='word_1_300' title='bbox 1631 383 1683 413; x_wconf 89' lang='lat' dir='ltr'>per</span> <span class='ocrx_word' id='word_1_301' title='bbox 1712 383 1765 404; x_wconf 92' lang='lat' dir='ltr'>nos</span> <span class='ocrx_word' id='word_1_302' title='bbox 1797 374 1860 414; x_wconf 92' lang='lat' dir='ltr'>plus</span> <span class='ocrx_word' id='word_1_303' title='bbox 1880 384 1966 414; x_wconf 87' lang='lat' dir='ltr'>quam</span> 
     </span>
     <span class='ocr_line' id='line_1_60' title="bbox 1228 421 1968 460; baseline 0.001 -9"><span class='ocrx_word' id='word_1_304' title='bbox 1228 422 1285 452; x_wconf 88' lang='lat' dir='ltr'>duo</span> <span class='ocrx_word' id='word_1_305' title='bbox 1308 425 1336 451; x_wconf 87' lang='lat' dir='ltr'>et</span> <span class='ocrx_word' id='word_1_306' title='bbox 1358 421 1461 460; x_wconf 82' lang='lat' dir='ltr'>viginti</span> <span class='ocrx_word' id='word_1_307' title='bbox 1477 421 1668 451; x_wconf 86' lang='lat' dir='ltr'>sectariorum</span> <span class='ocrx_word' id='word_1_308' title='bbox 1688 422 1780 452; x_wconf 89' lang='lat' dir='ltr'>millia</span> <span class='ocrx_word' id='word_1_309' title='bbox 1802 431 1837 452; x_wconf 78' lang='lat' dir='ltr'>ex</span> <span class='ocrx_word' id='word_1_310' title='bbox 1860 423 1968 453; x_wconf 85' lang='lat' dir='ltr'>nostris</span> 
     </span>
     <span class='ocr_line' id='line_1_61' title="bbox 1229 470 1969 510; baseline 0.001 -10"><span class='ocrx_word' id='word_1_311' title='bbox 1229 470 1389 501; x_wconf 91' lang='lat' dir='ltr'>ditionibus</span> <span class='ocrx_word' id='word_1_312' title='bbox 1411 470 1519 500; x_wconf 84' lang='lat' dir='ltr'>fuerint</span> <span class='ocrx_word' id='word_1_313' title='bbox 1541 471 1673 510; x_wconf 74' lang='lat' dir='ltr'>expulsa,</span> <span class='ocrx_word' id='word_1_314' title='bbox 1702 471 1745 500; x_wconf 90' lang='lat' dir='ltr'>nil</span> <span class='ocrx_word' id='word_1_315' title='bbox 1775 470 1833 501; x_wconf 87' lang='lat' dir='ltr'>nisi</span> <span class='ocrx_word' id='word_1_316' title='bbox 1864 471 1969 501; x_wconf 86' lang='lat' dir='ltr'>similis</span> 
     </span>
     <span class='ocr_line' id='line_1_62' title="bbox 1230 519 1970 559; baseline 0 -9"><span class='ocrx_word' id='word_1_317' title='bbox 1230 529 1329 550; x_wconf 91' lang='lat' dir='ltr'>rerum</span> <span class='ocrx_word' id='word_1_318' title='bbox 1354 519 1415 549; x_wconf 88' lang='lat' dir='ltr'>alea</span> <span class='ocrx_word' id='word_1_319' title='bbox 1438 528 1490 549; x_wconf 89' lang='lat' dir='ltr'>suo</span> <span class='ocrx_word' id='word_1_320' title='bbox 1513 523 1643 559; x_wconf 81' lang='lat' dir='ltr'>ternpore</span> <span class='ocrx_word' id='word_1_321' title='bbox 1675 520 1750 550; x_wconf 84' lang='lat' dir='ltr'>soret</span> <span class='ocrx_word' id='word_1_322' title='bbox 1780 520 1970 559; x_wconf 86' lang='lat' dir='ltr'>expectanda,</span> 
     </span>
     <span class='ocr_line' id='line_1_63' title="bbox 1232 568 1970 608; baseline 0.001 -10"><span class='ocrx_word' id='word_1_323' title='bbox 1232 569 1311 599; x_wconf 89' lang='lat' dir='ltr'>omni</span> <span class='ocrx_word' id='word_1_324' title='bbox 1333 568 1394 598; x_wconf 88' lang='lat' dir='ltr'>zelo</span> <span class='ocrx_word' id='word_1_325' title='bbox 1416 577 1449 598; x_wconf 87' lang='lat' dir='ltr'>ac</span> <span class='ocrx_word' id='word_1_326' title='bbox 1471 568 1626 599; x_wconf 85' lang='lat' dir='ltr'>severitate</span> <span class='ocrx_word' id='word_1_327' title='bbox 1660 569 1829 608; x_wconf 86' lang='lat' dir='ltr'>ceteroquin</span> <span class='ocrx_word' id='word_1_328' title='bbox 1861 569 1970 599; x_wconf 85' lang='lat' dir='ltr'>frustra</span> 
     </span>
     <span class='ocr_line' id='line_1_64' title="bbox 1232 617 1971 656; baseline 0.003 -10"><span class='ocrx_word' id='word_1_329' title='bbox 1232 617 1407 647; x_wconf 80' lang='lat' dir='ltr'>fatiscente:</span> <span class='ocrx_word' id='word_1_330' title='bbox 1433 621 1584 656; x_wconf 89' lang='lat' dir='ltr'>propterea</span> <span class='ocrx_word' id='word_1_331' title='bbox 1598 641 1605 655; x_wconf 96' lang='lat'>,</span> <span class='ocrx_word' id='word_1_332' title='bbox 1629 617 1792 656; x_wconf 69' lang='lat' dir='ltr'>praemissa</span> <span class='ocrx_word' id='word_1_333' title='bbox 1813 617 1915 647; x_wconf 63' lang='lat' dir='ltr'>sedula</span> <span class='ocrx_word' id='word_1_334' title='bbox 1942 622 1971 648; x_wconf 84' lang='lat' dir='ltr'>et</span> 
     </span>
     <span class='ocr_line' id='line_1_65' title="bbox 1233 665 1972 705; baseline 0.003 -11"><span class='ocrx_word' id='word_1_335' title='bbox 1233 667 1348 695; x_wconf 71' lang='lat' dir='ltr'>matura</span> <span class='ocrx_word' id='word_1_336' title='bbox 1370 665 1594 702; x_wconf 82' lang='lat' dir='ltr'>deliberatione,</span> <span class='ocrx_word' id='word_1_337' title='bbox 1618 670 1646 695; x_wconf 89' lang='lat' dir='ltr'>et</span> <span class='ocrx_word' id='word_1_338' title='bbox 1668 675 1705 695; x_wconf 83' lang='lat' dir='ltr'>ex</span> <span class='ocrx_word' id='word_1_339' title='bbox 1730 665 1823 696; x_wconf 86' lang='lat' dir='ltr'>nostri</span> <span class='ocrx_word' id='word_1_340' title='bbox 1845 670 1972 705; x_wconf 86' lang='lat' dir='ltr'>pastora-</span> 
     </span>
     <span class='ocr_line' id='line_1_66' title="bbox 1232 713 1972 754; baseline 0 -10"><span class='ocrx_word' id='word_1_341' title='bbox 1232 714 1268 744; x_wconf 91' lang='lat' dir='ltr'>lis</span> <span class='ocrx_word' id='word_1_342' title='bbox 1298 713 1386 744; x_wconf 84' lang='lat' dir='ltr'>oflicii</span> <span class='ocrx_word' id='word_1_343' title='bbox 1409 717 1500 752; x_wconf 89' lang='lat' dir='ltr'>motu,</span> <span class='ocrx_word' id='word_1_344' title='bbox 1534 723 1570 743; x_wconf 90' lang='lat' dir='ltr'>ne</span> <span class='ocrx_word' id='word_1_345' title='bbox 1593 714 1713 754; x_wconf 88' lang='lat' dir='ltr'>insuper</span> <span class='ocrx_word' id='word_1_346' title='bbox 1736 714 1812 753; x_wconf 88' lang='lat' dir='ltr'>apud</span> <span class='ocrx_word' id='word_1_347' title='bbox 1834 713 1922 744; x_wconf 87' lang='lat' dir='ltr'>istum</span> <span class='ocrx_word' id='word_1_348' title='bbox 1944 718 1972 744; x_wconf 89' lang='lat' dir='ltr'>et</span> 
     </span>
     <span class='ocr_line' id='line_1_67' title="bbox 1234 761 1972 802; baseline 0.001 -10"><span class='ocrx_word' id='word_1_349' title='bbox 1234 762 1408 792; x_wconf 85' lang='lat' dir='ltr'>omniscium</span> <span class='ocrx_word' id='word_1_350' title='bbox 1428 761 1555 792; x_wconf 90' lang='lat' dir='ltr'>iudicem</span> <span class='ocrx_word' id='word_1_351' title='bbox 1578 762 1621 792; x_wconf 88' lang='lat' dir='ltr'>rei</span> <span class='ocrx_word' id='word_1_352' title='bbox 1644 762 1746 793; x_wconf 85' lang='lat' dir='ltr'>fiamus</span> <span class='ocrx_word' id='word_1_353' title='bbox 1770 766 1972 802; x_wconf 80' lang='lat' dir='ltr'>praesentatae</span> 
     </span>
     <span class='ocr_line' id='line_1_68' title="bbox 1233 810 1972 850; baseline 0.001 -10"><span class='ocrx_word' id='word_1_354' title='bbox 1233 811 1283 841; x_wconf 87' lang='lat' dir='ltr'>sed</span> <span class='ocrx_word' id='word_1_355' title='bbox 1305 811 1455 849; x_wconf 83' lang='lat' dir='ltr'>neglectae</span> <span class='ocrx_word' id='word_1_356' title='bbox 1478 810 1641 841; x_wconf 89' lang='lat' dir='ltr'>occasionis</span> <span class='ocrx_word' id='word_1_357' title='bbox 1672 810 1707 841; x_wconf 91' lang='lat' dir='ltr'>de</span> <span class='ocrx_word' id='word_1_358' title='bbox 1737 810 1829 850; x_wconf 90' lang='lat' dir='ltr'>ipsius</span> <span class='ocrx_word' id='word_1_359' title='bbox 1862 810 1972 841; x_wconf 81' lang='lat' dir='ltr'>honore</span> 
     </span>
     <span class='ocr_line' id='line_1_69' title="bbox 1234 860 1975 899; baseline -0.001 -9"><span class='ocrx_word' id='word_1_360' title='bbox 1234 864 1261 890; x_wconf 87' lang='lat' dir='ltr'>et</span> <span class='ocrx_word' id='word_1_361' title='bbox 1284 861 1449 890; x_wconf 88' lang='lat' dir='ltr'>animarum</span> <span class='ocrx_word' id='word_1_362' title='bbox 1471 860 1552 890; x_wconf 85' lang='lat' dir='ltr'>lucro</span> <span class='ocrx_word' id='word_1_363' title='bbox 1576 860 1786 899; x_wconf 89' lang='lat' dir='ltr'>promovendo,</span> <span class='ocrx_word' id='word_1_364' title='bbox 1805 869 1892 899; x_wconf 86' lang='lat' dir='ltr'>supra</span> <span class='ocrx_word' id='word_1_365' title='bbox 1915 869 1975 890; x_wconf 90' lang='lat' dir='ltr'>me—</span> 
     </span>
     <span class='ocr_line' id='line_1_70' title="bbox 1233 909 1973 948; baseline 0.003 -10"><span class='ocrx_word' id='word_1_366' title='bbox 1233 909 1338 939; x_wconf 86' lang='lat' dir='ltr'>morati</span> <span class='ocrx_word' id='word_1_367' title='bbox 1361 909 1451 948; x_wconf 89' lang='lat' dir='ltr'>patris</span> <span class='ocrx_word' id='word_1_368' title='bbox 1475 909 1663 948; x_wconf 90' lang='lat' dir='ltr'>provincialis</span> <span class='ocrx_word' id='word_1_369' title='bbox 1686 913 1714 938; x_wconf 88' lang='lat' dir='ltr'>et</span> <span class='ocrx_word' id='word_1_370' title='bbox 1735 913 1897 939; x_wconf 89' lang='lat' dir='ltr'>conventus</span> <span class='ocrx_word' id='word_1_371' title='bbox 1920 909 1973 940; x_wconf 89' lang='lat' dir='ltr'>hu-</span> 
     </span>
     <span class='ocr_line' id='line_1_71' title="bbox 1234 957 1975 997; baseline 0.001 -10"><span class='ocrx_word' id='word_1_372' title='bbox 1234 958 1371 987; x_wconf 87' lang='lat' dir='ltr'>millimas</span> <span class='ocrx_word' id='word_1_373' title='bbox 1394 966 1496 997; x_wconf 85' lang='lat' dir='ltr'>preces</span> <span class='ocrx_word' id='word_1_374' title='bbox 1518 961 1546 987; x_wconf 86' lang='lat' dir='ltr'>et</span> <span class='ocrx_word' id='word_1_375' title='bbox 1568 957 1676 987; x_wconf 86' lang='lat' dir='ltr'>motiva</span> <span class='ocrx_word' id='word_1_376' title='bbox 1706 957 1845 988; x_wconf 89' lang='lat' dir='ltr'>duximus</span> <span class='ocrx_word' id='word_1_377' title='bbox 1872 958 1975 988; x_wconf 91' lang='lat' dir='ltr'>admit-</span> 
     </span>
     <span class='ocr_line' id='line_1_72' title="bbox 1235 1005 1974 1044; baseline 0 -8"><span class='ocrx_word' id='word_1_378' title='bbox 1235 1006 1340 1042; x_wconf 86' lang='lat' dir='ltr'>tenda;</span> <span class='ocrx_word' id='word_1_379' title='bbox 1370 1005 1550 1044; x_wconf 85' lang='lat' dir='ltr'>proindeque</span> <span class='ocrx_word' id='word_1_380' title='bbox 1576 1005 1800 1044; x_wconf 87' lang='lat' dir='ltr'>praeallegatam</span> <span class='ocrx_word' id='word_1_381' title='bbox 1826 1005 1974 1036; x_wconf 88' lang='lat' dir='ltr'>fundatio-</span> 
     </span>
     <span class='ocr_line' id='line_1_73' title="bbox 1234 1053 1974 1085; baseline 0.001 -2"><span class='ocrx_word' id='word_1_382' title='bbox 1234 1063 1300 1084; x_wconf 91' lang='lat' dir='ltr'>nem</span> <span class='ocrx_word' id='word_1_383' title='bbox 1323 1053 1503 1085; x_wconf 88' lang='lat' dir='ltr'>Glickianam</span> <span class='ocrx_word' id='word_1_384' title='bbox 1526 1053 1612 1083; x_wconf 90' lang='lat' dir='ltr'>simul</span> <span class='ocrx_word' id='word_1_385' title='bbox 1635 1063 1668 1083; x_wconf 89' lang='lat' dir='ltr'>ac</span> <span class='ocrx_word' id='word_1_386' title='bbox 1686 1063 1722 1083; x_wconf 85' lang='lat' dir='ltr'>ex</span> <span class='ocrx_word' id='word_1_387' title='bbox 1745 1054 1829 1084; x_wconf 90' lang='lat' dir='ltr'>titulo</span> <span class='ocrx_word' id='word_1_388' title='bbox 1852 1053 1974 1084; x_wconf 83' lang='lat' dir='ltr'>dominii</span> 
     </span>
     <span class='ocr_line' id='line_1_74' title="bbox 1234 1102 1975 1142; baseline 0.001 -10"><span class='ocrx_word' id='word_1_389' title='bbox 1234 1103 1337 1133; x_wconf 86' lang='lat' dir='ltr'>directi</span> <span class='ocrx_word' id='word_1_390' title='bbox 1372 1102 1553 1142; x_wconf 87' lang='lat' dir='ltr'>impertitum</span> <span class='ocrx_word' id='word_1_391' title='bbox 1590 1111 1782 1140; x_wconf 87' lang='lat' dir='ltr'>consensum,</span> <span class='ocrx_word' id='word_1_392' title='bbox 1819 1102 1975 1133; x_wconf 82' lang='lat' dir='ltr'>reservatis</span> 
     </span>
     <span class='ocr_line' id='line_1_75' title="bbox 1235 1151 1973 1191; baseline 0 -10"><span class='ocrx_word' id='word_1_393' title='bbox 1235 1152 1374 1191; x_wconf 91' lang='lat' dir='ltr'>utrinque</span> <span class='ocrx_word' id='word_1_394' title='bbox 1396 1151 1625 1189; x_wconf 80' lang='lat' dir='ltr'>conditionibus,</span> <span class='ocrx_word' id='word_1_395' title='bbox 1656 1160 1691 1181; x_wconf 84' lang='lat' dir='ltr'>ex</span> <span class='ocrx_word' id='word_1_396' title='bbox 1725 1152 1808 1181; x_wconf 70' lang='lat' dir='ltr'>certa</span> <span class='ocrx_word' id='word_1_397' title='bbox 1839 1151 1973 1188; x_wconf 77' lang='lat' dir='ltr'>scientia,</span> 
     </span>
     <span class='ocr_line' id='line_1_76' title="bbox 1235 1199 1975 1239; baseline 0 -9"><span class='ocrx_word' id='word_1_398' title='bbox 1235 1201 1409 1231; x_wconf 88' lang='lat' dir='ltr'>auctoritate</span> <span class='ocrx_word' id='word_1_399' title='bbox 1431 1201 1532 1230; x_wconf 69' lang='lat' dir='ltr'>nostra</span> <span class='ocrx_word' id='word_1_400' title='bbox 1554 1200 1715 1238; x_wconf 70' lang='lat' dir='ltr'>ordinaria,</span> <span class='ocrx_word' id='word_1_401' title='bbox 1736 1203 1764 1230; x_wconf 90' lang='lat' dir='ltr'>et</span> <span class='ocrx_word' id='word_1_402' title='bbox 1786 1204 1817 1230; x_wconf 91' lang='lat' dir='ltr'>ut</span> <span class='ocrx_word' id='word_1_403' title='bbox 1839 1199 1975 1239; x_wconf 89' lang='lat' dir='ltr'>princeps</span> 
     </span>
     <span class='ocr_line' id='line_1_77' title="bbox 1237 1248 1975 1286; baseline -0.003 -6"><span class='ocrx_word' id='word_1_404' title='bbox 1237 1254 1342 1286; x_wconf 90' lang='lat' dir='ltr'>terrae,</span> <span class='ocrx_word' id='word_1_405' title='bbox 1360 1258 1417 1279; x_wconf 88' lang='lat' dir='ltr'>non</span> <span class='ocrx_word' id='word_1_406' title='bbox 1435 1249 1529 1279; x_wconf 90' lang='lat' dir='ltr'>solum</span> <span class='ocrx_word' id='word_1_407' title='bbox 1552 1249 1763 1279; x_wconf 78' lang='lat' dir='ltr'>ratificavimus</span> <span class='ocrx_word' id='word_1_408' title='bbox 1779 1252 1807 1279; x_wconf 89' lang='lat' dir='ltr'>et</span> <span class='ocrx_word' id='word_1_409' title='bbox 1821 1248 1975 1279; x_wconf 84' lang='lat' dir='ltr'>confirma-</span> 
     </span>
     <span class='ocr_line' id='line_1_78' title="bbox 1236 1297 1976 1338; baseline -0.001 -10"><span class='ocrx_word' id='word_1_410' title='bbox 1236 1298 1342 1336; x_wconf 85' lang='lat' dir='ltr'>vimus,</span> <span class='ocrx_word' id='word_1_411' title='bbox 1359 1298 1409 1328; x_wconf 89' lang='lat' dir='ltr'>sed</span> <span class='ocrx_word' id='word_1_412' title='bbox 1431 1297 1551 1337; x_wconf 87' lang='lat' dir='ltr'>insuper</span> <span class='ocrx_word' id='word_1_413' title='bbox 1573 1297 1764 1328; x_wconf 87' lang='lat' dir='ltr'>ulterioribus</span> <span class='ocrx_word' id='word_1_414' title='bbox 1786 1306 1885 1328; x_wconf 90' lang='lat' dir='ltr'>eorum</span> <span class='ocrx_word' id='word_1_415' title='bbox 1908 1306 1976 1338; x_wconf 90' lang='lat' dir='ltr'>sup-</span> 
     </span>
     <span class='ocr_line' id='line_1_79' title="bbox 1236 1345 1971 1388; baseline -0.001 -11"><span class='ocrx_word' id='word_1_416' title='bbox 1236 1346 1440 1388; x_wconf 90' lang='lat' dir='ltr'>plicationibus</span> <span class='ocrx_word' id='word_1_417' title='bbox 1480 1346 1614 1377; x_wconf 89' lang='lat' dir='ltr'>inclinati</span> <span class='ocrx_word' id='word_1_418' title='bbox 1656 1346 1759 1377; x_wconf 72' lang='lat' dir='ltr'>eadem</span> <span class='ocrx_word' id='word_1_419' title='bbox 1801 1345 1971 1377; x_wconf 83' lang='lat' dir='ltr'>auctoritate</span> 
     </span>
     <span class='ocr_line' id='line_1_80' title="bbox 1236 1395 1976 1436; baseline 0 -10"><span class='ocrx_word' id='word_1_420' title='bbox 1236 1396 1444 1433; x_wconf 86' lang='lat' dir='ltr'>concessimus,</span> <span class='ocrx_word' id='word_1_421' title='bbox 1477 1395 1670 1433; x_wconf 87' lang='lat' dir='ltr'>indulsimus,</span> <span class='ocrx_word' id='word_1_422' title='bbox 1695 1399 1839 1436; x_wconf 87' lang='lat' dir='ltr'>quatenus</span> <span class='ocrx_word' id='word_1_423' title='bbox 1861 1395 1976 1426; x_wconf 81' lang='lat' dir='ltr'>Hunds-</span> 
     </span>
     <span class='ocr_line' id='line_1_81' title="bbox 1236 1443 1975 1484; baseline -0.001 -9"><span class='ocrx_word' id='word_1_424' title='bbox 1236 1445 1331 1475; x_wconf 83' lang='lat' dir='ltr'>dorftii</span> <span class='ocrx_word' id='word_1_425' title='bbox 1369 1444 1479 1484; x_wconf 82' lang='lat' dir='ltr'>capella</span> <span class='ocrx_word' id='word_1_426' title='bbox 1512 1444 1541 1473; x_wconf 94' lang='lat' dir='ltr'>in</span> <span class='ocrx_word' id='word_1_427' title='bbox 1574 1444 1756 1483; x_wconf 72' lang='lat' dir='ltr'>praefectura</span> <span class='ocrx_word' id='word_1_428' title='bbox 1792 1445 1894 1474; x_wconf 66' lang='lat' dir='ltr'>nostra</span> <span class='ocrx_word' id='word_1_429' title='bbox 1924 1443 1975 1474; x_wconf 86' lang='lat' dir='ltr'>Sa-</span> 
     </span>
     <span class='ocr_line' id='line_1_82' title="bbox 1237 1492 1976 1532; baseline 0 -9"><span class='ocrx_word' id='word_1_430' title='bbox 1237 1493 1412 1524; x_wconf 80' lang='lat' dir='ltr'>xenbacensi</span> <span class='ocrx_word' id='word_1_431' title='bbox 1441 1493 1494 1523; x_wconf 90' lang='lat' dir='ltr'>sita</span> <span class='ocrx_word' id='word_1_432' title='bbox 1509 1515 1516 1529; x_wconf 94' lang='lat'>,</span> <span class='ocrx_word' id='word_1_433' title='bbox 1540 1502 1572 1522; x_wconf 87' lang='lat' dir='ltr'>ac</span> <span class='ocrx_word' id='word_1_434' title='bbox 1601 1492 1821 1532; x_wconf 90' lang='lat' dir='ltr'>praenominato</span> <span class='ocrx_word' id='word_1_435' title='bbox 1844 1492 1976 1523; x_wconf 88' lang='lat' dir='ltr'>Trauner</span> 
     </span>
     <span class='ocr_line' id='line_1_83' title="bbox 1237 1541 1976 1581; baseline -0.001 -8"><span class='ocrx_word' id='word_1_436' title='bbox 1237 1543 1300 1573; x_wconf 90' lang='lat' dir='ltr'>iure</span> <span class='ocrx_word' id='word_1_437' title='bbox 1316 1541 1511 1572; x_wconf 85' lang='lat' dir='ltr'>haereditario</span> <span class='ocrx_word' id='word_1_438' title='bbox 1529 1541 1657 1581; x_wconf 89' lang='lat' dir='ltr'>propria,</span> <span class='ocrx_word' id='word_1_439' title='bbox 1675 1541 1725 1571; x_wconf 86' lang='lat' dir='ltr'>SS.</span> <span class='ocrx_word' id='word_1_440' title='bbox 1742 1541 1879 1572; x_wconf 87' lang='lat' dir='ltr'>Trinitati</span> <span class='ocrx_word' id='word_1_441' title='bbox 1893 1551 1976 1572; x_wconf 86' lang='lat' dir='ltr'>sacra</span> 
     </span>
     <span class='ocr_line' id='line_1_84' title="bbox 1238 1589 1977 1629; baseline 0 -9"><span class='ocrx_word' id='word_1_442' title='bbox 1238 1591 1329 1629; x_wconf 89' lang='lat' dir='ltr'>(cum,</span> <span class='ocrx_word' id='word_1_443' title='bbox 1353 1594 1385 1620; x_wconf 91' lang='lat' dir='ltr'>ut</span> <span class='ocrx_word' id='word_1_444' title='bbox 1407 1590 1582 1629; x_wconf 89' lang='lat' dir='ltr'>praefertur,</span> <span class='ocrx_word' id='word_1_445' title='bbox 1607 1589 1725 1620; x_wconf 87' lang='lat' dir='ltr'>aliunde</span> <span class='ocrx_word' id='word_1_446' title='bbox 1748 1599 1850 1629; x_wconf 90' lang='lat' dir='ltr'>parum</span> <span class='ocrx_word' id='word_1_447' title='bbox 1872 1599 1977 1620; x_wconf 87' lang='lat' dir='ltr'>conve-</span> 
     </span>
     <span class='ocr_line' id='line_1_85' title="bbox 1238 1638 1978 1676; baseline -0.001 -7"><span class='ocrx_word' id='word_1_448' title='bbox 1238 1639 1353 1669; x_wconf 89' lang='lat' dir='ltr'>nienter</span> <span class='ocrx_word' id='word_1_449' title='bbox 1375 1638 1494 1676; x_wconf 88' lang='lat' dir='ltr'>situata,</span> <span class='ocrx_word' id='word_1_450' title='bbox 1511 1641 1646 1676; x_wconf 82' lang='lat' dir='ltr'>angusta,</span> <span class='ocrx_word' id='word_1_451' title='bbox 1665 1641 1749 1668; x_wconf 90' lang='lat' dir='ltr'>vetus</span> <span class='ocrx_word' id='word_1_452' title='bbox 1771 1641 1799 1668; x_wconf 88' lang='lat' dir='ltr'>et</span> <span class='ocrx_word' id='word_1_453' title='bbox 1821 1638 1978 1668; x_wconf 89' lang='lat' dir='ltr'>incommo-</span> 
     </span>
     <span class='ocr_line' id='line_1_86' title="bbox 1238 1686 1977 1727; baseline -0.001 -9"><span class='ocrx_word' id='word_1_454' title='bbox 1238 1688 1286 1727; x_wconf 86' lang='lat' dir='ltr'>da,</span> <span class='ocrx_word' id='word_1_455' title='bbox 1306 1689 1427 1727; x_wconf 88' lang='lat' dir='ltr'>easque¹</span> <span class='ocrx_word' id='word_1_456' title='bbox 1443 1688 1505 1727; x_wconf 91' lang='lat' dir='ltr'>ipse</span> <span class='ocrx_word' id='word_1_457' title='bbox 1522 1691 1663 1727; x_wconf 87' lang='lat' dir='ltr'>patronus</span> <span class='ocrx_word' id='word_1_458' title='bbox 1685 1690 1820 1717; x_wconf 86' lang='lat' dir='ltr'>attestato</span> <span class='ocrx_word' id='word_1_459' title='bbox 1841 1686 1925 1717; x_wconf 89' lang='lat' dir='ltr'>nobis</span> <span class='ocrx_word' id='word_1_460' title='bbox 1946 1687 1977 1717; x_wconf 90' lang='lat' dir='ltr'>in</span> 
     </span>
     <span class='ocr_line' id='line_1_87' title="bbox 1238 1735 1978 1777; baseline -0.001 -11"><span class='ocrx_word' id='word_1_461' title='bbox 1238 1737 1356 1777; x_wconf 88' lang='lat' dir='ltr'>scriptis</span> <span class='ocrx_word' id='word_1_462' title='bbox 1379 1735 1433 1766; x_wconf 91' lang='lat' dir='ltr'>sub</span> <span class='ocrx_word' id='word_1_463' title='bbox 1456 1745 1514 1766; x_wconf 84' lang='lat' dir='ltr'>xxu</span> <span class='ocrx_word' id='word_1_464' title='bbox 1536 1735 1699 1766; x_wconf 87' lang='lat' dir='ltr'>decembris</span> <span class='ocrx_word' id='word_1_465' title='bbox 1717 1744 1874 1766; x_wconf 80' lang='lat' dir='ltr'>MDccxxxv</span> <span class='ocrx_word' id='word_1_466' title='bbox 1895 1735 1978 1766; x_wconf 87' lang='lat' dir='ltr'>exhi-</span> 
     </span>
     <span class='ocr_line' id='line_1_88' title="bbox 1238 1784 1976 1823; baseline -0.001 -8"><span class='ocrx_word' id='word_1_467' title='bbox 1238 1785 1299 1815; x_wconf 88' lang='lat' dir='ltr'>bito</span> <span class='ocrx_word' id='word_1_468' title='bbox 1321 1784 1488 1823; x_wconf 90' lang='lat' dir='ltr'>consensit)</span> <span class='ocrx_word' id='word_1_469' title='bbox 1520 1784 1584 1814; x_wconf 89' lang='lat' dir='ltr'>sine</span> <span class='ocrx_word' id='word_1_470' title='bbox 1616 1784 1766 1814; x_wconf 89' lang='lat' dir='ltr'>obstaculo</span> <span class='ocrx_word' id='word_1_471' title='bbox 1798 1784 1976 1823; x_wconf 82' lang='lat' dir='ltr'>destruatur,</span> 
     </span>
     <span class='ocr_line' id='line_1_89' title="bbox 1239 1832 1977 1871; baseline -0.003 -7"><span class='ocrx_word' id='word_1_472' title='bbox 1239 1838 1267 1864; x_wconf 91' lang='lat' dir='ltr'>et</span> <span class='ocrx_word' id='word_1_473' title='bbox 1288 1834 1344 1864; x_wconf 88' lang='lat' dir='ltr'>alia</span> <span class='ocrx_word' id='word_1_474' title='bbox 1366 1833 1397 1863; x_wconf 92' lang='lat' dir='ltr'>in</span> <span class='ocrx_word' id='word_1_475' title='bbox 1419 1833 1482 1863; x_wconf 90' lang='lat' dir='ltr'>eius</span> <span class='ocrx_word' id='word_1_476' title='bbox 1504 1833 1596 1863; x_wconf 90' lang='lat' dir='ltr'>vicem</span> <span class='ocrx_word' id='word_1_477' title='bbox 1620 1833 1682 1863; x_wconf 90' lang='lat' dir='ltr'>loco</span> <span class='ocrx_word' id='word_1_478' title='bbox 1710 1833 1807 1863; x_wconf 91' lang='lat' dir='ltr'>vicino</span> <span class='ocrx_word' id='word_1_479' title='bbox 1835 1832 1977 1871; x_wconf 84' lang='lat' dir='ltr'>erigatur,</span> 
     </span>
     <span class='ocr_line' id='line_1_90' title="bbox 1240 1882 1979 1924; baseline -0.001 -11"><span class='ocrx_word' id='word_1_480' title='bbox 1240 1892 1324 1924; x_wconf 84' lang='lat' dir='ltr'>quae,</span> <span class='ocrx_word' id='word_1_481' title='bbox 1338 1892 1428 1913; x_wconf 93' lang='lat' dir='ltr'>novae</span> <span class='ocrx_word' id='word_1_482' title='bbox 1444 1882 1541 1912; x_wconf 88' lang='lat' dir='ltr'>domui</span> <span class='ocrx_word' id='word_1_483' title='bbox 1555 1882 1703 1912; x_wconf 89' lang='lat' dir='ltr'>missionis</span> <span class='ocrx_word' id='word_1_484' title='bbox 1715 1882 1751 1912; x_wconf 86' lang='lat' dir='ltr'>ad</span> <span class='ocrx_word' id='word_1_485' title='bbox 1764 1891 1848 1913; x_wconf 91' lang='lat' dir='ltr'>usum</span> <span class='ocrx_word' id='word_1_486' title='bbox 1864 1885 1979 1922; x_wconf 87' lang='lat' dir='ltr'>patrum</span> 
     </span>
     <span class='ocr_line' id='line_1_91' title="bbox 1242 1931 1980 1970; baseline -0.001 -8"><span class='ocrx_word' id='word_1_487' title='bbox 1242 1932 1493 1963; x_wconf 88' lang='lat' dir='ltr'>missionariorum</span> <span class='ocrx_word' id='word_1_488' title='bbox 1517 1940 1645 1970; x_wconf 82' lang='lat' dir='ltr'>annexa,</span> <span class='ocrx_word' id='word_1_489' title='bbox 1669 1931 1704 1961; x_wconf 87' lang='lat' dir='ltr'>ad</span> <span class='ocrx_word' id='word_1_490' title='bbox 1727 1931 1910 1962; x_wconf 90' lang='lat' dir='ltr'>retinendam</span> <span class='ocrx_word' id='word_1_491' title='bbox 1931 1940 1980 1961; x_wconf 88' lang='lat' dir='ltr'>ve-</span> 
     </span>
     <span class='ocr_line' id='line_1_92' title="bbox 1241 1979 1981 2018; baseline -0.004 -6"><span class='ocrx_word' id='word_1_492' title='bbox 1241 1982 1312 2012; x_wconf 89' lang='lat' dir='ltr'>teris</span> <span class='ocrx_word' id='word_1_493' title='bbox 1328 1981 1509 2018; x_wconf 87' lang='lat' dir='ltr'>memoriam,</span> <span class='ocrx_word' id='word_1_494' title='bbox 1526 1979 1686 2011; x_wconf 88' lang='lat' dir='ltr'>honoribus</span> <span class='ocrx_word' id='word_1_495' title='bbox 1708 1980 1840 2010; x_wconf 90' lang='lat' dir='ltr'>eiusdem</span> <span class='ocrx_word' id='word_1_496' title='bbox 1861 1979 1981 2011; x_wconf 88' lang='lat' dir='ltr'>SS.Tri-</span> 
     </span>
     <span class='ocr_line' id='line_1_93' title="bbox 1241 2028 1981 2062; baseline -0.003 -2"><span class='ocrx_word' id='word_1_497' title='bbox 1241 2030 1340 2060; x_wconf 87' lang='lat' dir='ltr'>nitatis</span> <span class='ocrx_word' id='word_1_498' title='bbox 1363 2039 1396 2060; x_wconf 89' lang='lat' dir='ltr'>ac</span> <span class='ocrx_word' id='word_1_499' title='bbox 1418 2030 1504 2062; x_wconf 90' lang='lat' dir='ltr'>simul</span> <span class='ocrx_word' id='word_1_500' title='bbox 1526 2029 1556 2060; x_wconf 88' lang='lat' dir='ltr'>S.</span> <span class='ocrx_word' id='word_1_501' title='bbox 1580 2028 1699 2059; x_wconf 89' lang='lat' dir='ltr'>Antonii</span> <span class='ocrx_word' id='word_1_502' title='bbox 1721 2029 1756 2059; x_wconf 89' lang='lat' dir='ltr'>de</span> <span class='ocrx_word' id='word_1_503' title='bbox 1777 2029 1877 2059; x_wconf 69' lang='lat' dir='ltr'>Padua</span> <span class='ocrx_word' id='word_1_504' title='bbox 1898 2028 1981 2059; x_wconf 90' lang='lat' dir='ltr'>thau-</span> 
     </span>
     <span class='ocr_line' id='line_1_94' title="bbox 1242 2077 1980 2117; baseline -0.001 -8"><span class='ocrx_word' id='word_1_505' title='bbox 1242 2078 1369 2117; x_wconf 77' lang='lat' dir='ltr'>maturgi</span> <span class='ocrx_word' id='word_1_506' title='bbox 1391 2079 1542 2109; x_wconf 84' lang='lat' dir='ltr'>dedicatur</span> <span class='ocrx_word' id='word_1_507' title='bbox 1555 2079 1576 2108; x_wconf 83' lang='lat'>²:</span> <span class='ocrx_word' id='word_1_508' title='bbox 1600 2078 1716 2108; x_wconf 88' lang='lat' dir='ltr'>demum</span> <span class='ocrx_word' id='word_1_509' title='bbox 1740 2086 1773 2108; x_wconf 87' lang='lat' dir='ltr'>ex</span> <span class='ocrx_word' id='word_1_510' title='bbox 1792 2077 1980 2108; x_wconf 73' lang='lat' dir='ltr'>variis‘obta-</span> 
     </span>
     <span class='ocr_line' id='line_1_95' title="bbox 1242 2126 1982 2167; baseline -0.001 -9"><span class='ocrx_word' id='word_1_511' title='bbox 1242 2127 1371 2158; x_wconf 88' lang='lat' dir='ltr'>tionibus</span> <span class='ocrx_word' id='word_1_512' title='bbox 1388 2127 1467 2157; x_wconf 88' lang='lat' dir='ltr'>mille</span> <span class='ocrx_word' id='word_1_513' title='bbox 1487 2127 1714 2167; x_wconf 77' lang='lat' dir='ltr'>quingentorum</span> <span class='ocrx_word' id='word_1_514' title='bbox 1730 2127 1909 2157; x_wconf 83' lang='lat' dir='ltr'>florenorum</span> <span class='ocrx_word' id='word_1_515' title='bbox 1925 2126 1982 2157; x_wconf 87' lang='lat' dir='ltr'>cir-</span> 
     </span>
     <span class='ocr_line' id='line_1_96' title="bbox 1242 2176 1982 2216; baseline -0.001 -9"><span class='ocrx_word' id='word_1_516' title='bbox 1242 2177 1315 2207; x_wconf 88' lang='lat' dir='ltr'>citer</span> <span class='ocrx_word' id='word_1_517' title='bbox 1331 2186 1382 2216; x_wconf 87' lang='lat' dir='ltr'>pro</span> <span class='ocrx_word' id='word_1_518' title='bbox 1399 2177 1490 2207; x_wconf 90' lang='lat' dir='ltr'>veteri</span> <span class='ocrx_word' id='word_1_519' title='bbox 1507 2177 1614 2207; x_wconf 87' lang='lat' dir='ltr'>sacello</span> <span class='ocrx_word' id='word_1_520' title='bbox 1627 2180 1764 2215; x_wconf 85' lang='lat' dir='ltr'>congesta</span> <span class='ocrx_word' id='word_1_521' title='bbox 1777 2176 1828 2206; x_wconf 91' lang='lat' dir='ltr'>dos</span> <span class='ocrx_word' id='word_1_522' title='bbox 1841 2176 1982 2216; x_wconf 86' lang='lat' dir='ltr'>(demptis</span> 
     </span>
     <span class='ocr_line' id='line_1_97' title="bbox 1242 2224 1981 2265; baseline 0 -11"><span class='ocrx_word' id='word_1_523' title='bbox 1242 2225 1410 2265; x_wconf 79' lang='lat' dir='ltr'>quingentis</span> <span class='ocrx_word' id='word_1_524' title='bbox 1440 2225 1557 2255; x_wconf 85' lang='lat' dir='ltr'>florenis</span> <span class='ocrx_word' id='word_1_525' title='bbox 1580 2234 1652 2264; x_wconf 93' lang='lat' dir='ltr'>quos</span> <span class='ocrx_word' id='word_1_526' title='bbox 1683 2225 1824 2255; x_wconf 88' lang='lat' dir='ltr'>ecclesiae</span> <span class='ocrx_word' id='word_1_527' title='bbox 1851 2224 1981 2254; x_wconf 88' lang='lat' dir='ltr'>vicariali</span> 
     </span>
     <span class='ocr_line' id='line_1_98' title="bbox 1243 2272 1982 2313; baseline -0.003 -9"><span class='ocrx_word' id='word_1_528' title='bbox 1243 2274 1276 2304; x_wconf 83' lang='lat' dir='ltr'>ad</span> <span class='ocrx_word' id='word_1_529' title='bbox 1300 2274 1331 2304; x_wconf 87' lang='lat' dir='ltr'>B.</span> <span class='ocrx_word' id='word_1_530' title='bbox 1349 2274 1382 2304; x_wconf 94' lang='lat' dir='ltr'>V.</span> <span class='ocrx_word' id='word_1_531' title='bbox 1400 2274 1430 2304; x_wconf 92' lang='lat' dir='ltr'>in</span> <span class='ocrx_word' id='word_1_532' title='bbox 1451 2274 1548 2312; x_wconf 82' lang='lat' dir='ltr'>Brugg</span> <span class='ocrx_word' id='word_1_533' title='bbox 1564 2273 1673 2313; x_wconf 88' lang='lat' dir='ltr'>absque</span> <span class='ocrx_word' id='word_1_534' title='bbox 1689 2282 1777 2303; x_wconf 88' lang='lat' dir='ltr'>onere</span> <span class='ocrx_word' id='word_1_535' title='bbox 1793 2272 1982 2303; x_wconf 86' lang='lat' dir='ltr'>attribuimus</span> 
     </span>
     <span class='ocr_line' id='line_1_99' title="bbox 1243 2321 1982 2362; baseline -0.001 -9"><span class='ocrx_word' id='word_1_536' title='bbox 1243 2328 1271 2354; x_wconf 85' lang='lat' dir='ltr'>et</span> <span class='ocrx_word' id='word_1_537' title='bbox 1300 2323 1541 2362; x_wconf 87' lang='lat' dir='ltr'>incorporamus)</span> <span class='ocrx_word' id='word_1_538' title='bbox 1571 2322 1605 2352; x_wconf 87' lang='lat' dir='ltr'>ad</span> <span class='ocrx_word' id='word_1_539' title='bbox 1628 2322 1768 2352; x_wconf 81' lang='lat' dir='ltr'>fabricam</span> <span class='ocrx_word' id='word_1_540' title='bbox 1790 2330 1881 2352; x_wconf 89' lang='lat' dir='ltr'>novae</span> <span class='ocrx_word' id='word_1_541' title='bbox 1902 2321 1982 2352; x_wconf 89' lang='lat' dir='ltr'>aedis</span> 
     </span>
     <span class='ocr_line' id='line_1_100' title="bbox 1243 2370 1982 2411; baseline -0.003 -9"><span class='ocrx_word' id='word_1_542' title='bbox 1243 2372 1444 2402; x_wconf 84' lang='lat' dir='ltr'>missionariae</span> <span class='ocrx_word' id='word_1_543' title='bbox 1467 2372 1578 2411; x_wconf 89' lang='lat' dir='ltr'>(quam</span> <span class='ocrx_word' id='word_1_544' title='bbox 1611 2371 1698 2401; x_wconf 90' lang='lat' dir='ltr'>iidem</span> <span class='ocrx_word' id='word_1_545' title='bbox 1732 2375 1829 2410; x_wconf 85' lang='lat' dir='ltr'>patres</span> <span class='ocrx_word' id='word_1_546' title='bbox 1862 2370 1982 2410; x_wconf 86' lang='lat' dir='ltr'>posthac</span> 
     </span>
     <span class='ocr_line' id='line_1_101' title="bbox 1243 2419 1983 2459; baseline -0.001 -9"><span class='ocrx_word' id='word_1_547' title='bbox 1243 2425 1349 2450; x_wconf 87' lang='lat' dir='ltr'>sartam</span> <span class='ocrx_word' id='word_1_548' title='bbox 1382 2424 1488 2450; x_wconf 84' lang='lat' dir='ltr'>tectam</span> <span class='ocrx_word' id='word_1_549' title='bbox 1511 2424 1539 2449; x_wconf 90' lang='lat' dir='ltr'>et</span> <span class='ocrx_word' id='word_1_550' title='bbox 1569 2419 1598 2449; x_wconf 92' lang='lat' dir='ltr'>in</span> <span class='ocrx_word' id='word_1_551' title='bbox 1627 2420 1742 2459; x_wconf 89' lang='lat' dir='ltr'>reliquo</span> <span class='ocrx_word' id='word_1_552' title='bbox 1771 2419 1910 2450; x_wconf 84' lang='lat' dir='ltr'>decenter</span> <span class='ocrx_word' id='word_1_553' title='bbox 1937 2419 1983 2449; x_wconf 93' lang='lat' dir='ltr'>in-</span> 
     </span>
    </p>
   </div>
   <div class='ocr_carea' id='block_1_8' title="bbox 1219 2467 1983 2508">
    <p class='ocr_par' dir='ltr' id='par_1_10' title="bbox 1219 2467 1983 2508">
     <span class='ocr_line' id='line_1_102' title="bbox 1219 2467 1983 2508; baseline -0.003 -9"><span class='ocrx_word' id='word_1_554' title='bbox 1219 2486 1221 2495; x_wconf 89' lang='lat'><em>·</em></span> <span class='ocrx_word' id='word_1_555' title='bbox 1243 2473 1383 2499; x_wconf 88' lang='lat' dir='ltr'>structam</span> <span class='ocrx_word' id='word_1_556' title='bbox 1413 2477 1588 2499; x_wconf 89' lang='lat' dir='ltr'>conservare</span> <span class='ocrx_word' id='word_1_557' title='bbox 1615 2468 1759 2506; x_wconf 86' lang='lat' dir='ltr'>debeant)</span> <span class='ocrx_word' id='word_1_558' title='bbox 1785 2467 1926 2508; x_wconf 87' lang='lat' dir='ltr'>applicari</span> <span class='ocrx_word' id='word_1_559' title='bbox 1954 2471 1983 2498; x_wconf 85' lang='lat' dir='ltr'>et</span> 
     </span>
    </p>
   </div>
   <div class='ocr_carea' id='block_1_9' title="bbox 1243 2517 1498 2557">
    <p class='ocr_par' dir='ltr' id='par_1_11' title="bbox 1243 2517 1498 2557">
     <span class='ocr_line' id='line_1_103' title="bbox 1243 2517 1498 2557; baseline -0.008 -9"><span class='ocrx_word' id='word_1_560' title='bbox 1243 2517 1373 2548; x_wconf 87' lang='lat' dir='ltr'>converti</span> <span class='ocrx_word' id='word_1_561' title='bbox 1396 2518 1498 2557; x_wconf 87' lang='lat' dir='ltr'>possit.</span> 
     </span>
    </p>
   </div>
   <div class='ocr_carea' id='block_1_10' title="bbox 1277 2572 1791 2656">
    <p class='ocr_par' dir='ltr' id='par_1_12' title="bbox 1277 2572 1791 2656">
     <span class='ocr_line' id='line_1_104' title="bbox 1279 2572 1653 2609; baseline -0.005 -7"><span class='ocrx_word' id='word_1_562' title='bbox 1279 2576 1289 2602; x_wconf 88' lang='lat'>1</span> <span class='ocrx_word' id='word_1_563' title='bbox 1313 2573 1414 2602; x_wconf 86' lang='lat' dir='ltr'>Forsan</span> <span class='ocrx_word' id='word_1_564' title='bbox 1434 2573 1531 2609; x_wconf 77' lang='lat' dir='ltr'>eisque</span> <span class='ocrx_word' id='word_1_565' title='bbox 1550 2575 1587 2607; x_wconf 76' lang='lat' dir='ltr'>(R.</span> <span class='ocrx_word' id='word_1_566' title='bbox 1603 2572 1653 2608; x_wconf 84' lang='lat' dir='ltr'>T.).</span> 
     </span>
     <span class='ocr_line' id='line_1_105' title="bbox 1277 2618 1791 2656; baseline 0.002 -9"><span class='ocrx_word' id='word_1_567' title='bbox 1277 2619 1293 2647; x_wconf 70' lang='lat'><strong>2</strong></span> <span class='ocrx_word' id='word_1_568' title='bbox 1312 2619 1408 2656; x_wconf 81' lang='lat' dir='ltr'>Aptius</span> <span class='ocrx_word' id='word_1_569' title='bbox 1428 2618 1487 2655; x_wconf 83' lang='lat' dir='ltr'>lege</span> <span class='ocrx_word' id='word_1_570' title='bbox 1507 2618 1658 2648; x_wconf 80' lang='lat' dir='ltr'>dedicetur</span> <span class='ocrx_word' id='word_1_571' title='bbox 1676 2618 1717 2655; x_wconf 77' lang='lat' dir='ltr'>(tt.</span> <span class='ocrx_word' id='word_1_572' title='bbox 1739 2618 1791 2654; x_wconf 77' lang='grc' dir='ltr'><strong>τ.)-</strong></span> 
     </span>
    </p>
   </div>
   <div class='ocr_carea' id='block_1_11' title="bbox 1977 227 2185 270">
    <p class='ocr_par' dir='ltr' id='par_1_13' title="bbox 1977 227 2185 270">
     <span class='ocr_line' id='line_1_106' title="bbox 1977 227 2185 270; baseline 0.014 -15"><span class='ocrx_word' id='word_1_573' title='bbox 1977 228 2028 256; x_wconf 80' lang='grc' dir='ltr'>Αη.</span> <span class='ocrx_word' id='word_1_574' title='bbox 2045 227 2074 256; x_wconf 87' lang='lat' dir='ltr'>C.</span> <span class='ocrx_word' id='word_1_575' title='bbox 2095 227 2158 258; x_wconf 69' lang='lat'>17³9</span> <span class='ocrx_word' id='word_1_576' title='bbox 2180 242 2185 270; x_wconf 57' lang='lat' dir='ltr'>t</span> 
     </span>
    </p>
   </div>
   <div class='ocr_carea' id='block_1_12' title="bbox 2171 0 2232 2225">
    <p class='ocr_par' dir='ltr' id='par_1_14' title="bbox 2171 0 2232 2225">
     <span class='ocr_line' id='line_1_107' title="bbox 2171 0 2232 2225; baseline 0 0"><span class='ocrx_word' id='word_1_577' title='bbox 2171 0 2232 2225; x_wconf 95' lang='lat' dir='ltr'> </span> 
     </span>
    </p>
   </div>
  </div>
 </body>
</html>
