2232 3178
2 0 14 670 Χ
53 224 104 252 ΛΕ.
118 222 148 251 C.
170 220 234 250 1737

13 982 23 1496 ι

82 1772 140 1798 Quod
155 1772 241 1799 procedi

21 1606 30 1917 ἱ
64 1801 128 1831 ppsslt
138 1800 165 1821 ad
180 1805 243 1820 cano-

64 1830 199 1849 mzattonem.

25 1920 31 2067 i

865 217 1006 242 CLEMENS
1030 216 1048 240 X
1054 217 1077 241 11
1100 217 1150 241 1³1³.

243 267 301 301 fiee
318 266 485 301 decretum
505 267 562 300 suit
580 267 624 300 ita
639 272 790 300 constare
808 266 847 299 de
862 265 982 299 virtuti-

243 322 304 355 bus
321 320 390 354 eius
410 320 651 363 theologalibus
669 325 701 353 et
719 319 936 352 cardinalibus
954 323 986 353 ut

244 379 330 408 recte
355 374 448 417 pergi
473 374 575 416 possit
600 374 639 406 ad
666 373 903 406 discussionem
928 371 985 404 mi-

244 428 443 461 raculorum.
475 426 598 465 Quibus
623 425 761 459 subinde
802 425 832 458 10
872 425 985 458 eadem

244 482 335 514 sacra
359 479 637 523 Congregatione‚
665 485 700 512 ut
724 479 826 512 moris
853 485 920 519 est,
947 478 986 511 ad

246 543 381 566 examen
406 533 537 573 vocatis,
564 533 719 576 denique,
739 531 791 565 die
810 542 868 565 vui
890 542 984 564 men-

245 586 287 619 sis
312 585 521 630 septembris,
540 585 702 618 Nativitati
729 585 763 618 Β.
783 584 900 617 Mariae
922 584 988 616 Yir-

246 639 329 682 ginis
348 641 448 682 saera,
463 649 549 672 anno
567 648 738 677 MDccxxtx,
753 639 839 671 idem
857 643 987 671 sanetae

245 692 423 727 memoriae
461 692 655 726 Benedictus
693 692 759 724 XIII
796 702 832 725 ex
870 702 985 724 novem

246 746 425 790 propositis
451 745 614 779 miraculis
653 750 792 789 quatuor
817 744 988 788 sequentia

246 800 384 833 solemni
406 799 535 833 decreto
554 798 712 843 probavit,
736 798 909 831 videlicet:
927 799 988 832 Pri-

247 863 360 894 mum,
387 853 611 886 instantaneae
648 852 827 885 sanationis
866 852 988 886 sororis

249 906 365 940 Felicis
390 906 586 940 Fortunatae
623 906 662 939 de
695 905 804 939 Sardis
839 905 989 939 monialis

248 959 419 1003 professae
457 959 490 992 in
523 959 722 993 monasterio
763 958 794 992 S.
823 959 988 992 Benedicti

247 1013 385 1046 civitatis
410 1013 553 1045 Pisarum
573 1012 612 1045 ab
630 1011 856 1045 affectionibus
883 1011 990 1056 hyste-

248 1066 335 1108 ricis,
356 1065 626 1099 convulsionibus
651 1065 873 1106 atrocissimis,
892 1070 924 1098 et
949 1066 990 1098 se-

249 1119 299 1152 bri
326 1130 386 1164 per
410 1119 597 1163 quindecim
631 1130 734 1153 annos
758 1119 931 1159 continua,
958 1119 989 1151 in

251 1174 345 1207 tertio
370 1184 513 1217 genere;
533 1173 725 1214 secundum,
745 1173 856 1206 odoris
875 1173 991 1206 suavis-

249 1227 321 1260 simi
347 1227 568 1271 promanantis
593 1237 610 1259 a
631 1226 768 1270 reliquia
787 1226 822 1259 B.
840 1226 990 1267 Iulianae,

251 1280 445 1314 consistente
472 1281 505 1313 in
530 1282 594 1313 una
619 1291 655 1313 ex
682 1280 749 1313 eius
770 1280 875 1320 costis,
894 1281 926 1313 in
945 1291 992 1313 sc-

249 1334 358 1367 cundo
384 1344 520 1378 genere,
540 1333 684 1374 tertium,
705 1333 931 1367 instantaneae
949 1344 992 1366 sa-

250 1387 392 1420 nationis
434 1387 536 1431 patris
577 1387 610 1420 F.
651 1387 777 1420 Horatii
817 1386 991 1420 Riminaldi

249 1440 378 1474 Ordinis
403 1440 574 1474 Servorum
593 1441 627 1474 B.
648 1440 684 1473 M.
703 1440 738 1473 V.
758 1440 798 1473 ab
823 1441 993 1484 apoplexia

250 1505 308 1528 seu
344 1495 483 1538 paralysi
510 1500 541 1528 et
575 1494 767 1528 attractione
800 1505 992 1535 nervorum,

251 1554 282 1582 et
308 1553 473 1592 quartum,
494 1548 719 1581 instantancae
746 1548 930 1581 emissionis
958 1548 996 1581 se-

253 1608 302 1635 tus
328 1602 359 1635 in
385 1607 479 1635 utero
505 1601 621 1635 Mariae
656 1602 864 1645 Magdalenae
901 1602 997 1636 Citta-

252 1656 330 1689 delli
364 1667 381 1689 a
414 1656 562 1699 pluribus
604 1655 716 1689 diebus
757 1656 818 1689 iam
858 1656 996 1697 mortui,

252 1709 356 1754 iisque
378 1709 410 1743 in
433 1709 529 1743 tertio
551 1720 684 1752 genere.

297 1763 390 1806 §Qla
417 1763 589 1807 Proposito
621 1764 750 1796 demum
786 1763 819 1796 in
852 1762 913 1796 alia
947 1773 998 1805 ge-

254 1817 359 1850 nerali
385 1827 552 1851 sacrorum
588 1816 708 1850 rituum
734 1816 997 1860 Congregatione

254 1880 361 1904 coram
401 1880 498 1914 supra
534 1870 664 1904 laudato
697 1870 853 1903 Pontifice
880 1870 931 1902 die
969 1880 997 1903 1v

255 1924 377 1957 mensis
404 1923 547 1958 octobris
573 1924 649 1957 anni
674 1933 836 1958 MDCCXXIX
861 1934 877 1956 a
903 1934 999 1956 vene-

256 1977 352 2011 rabili
379 1978 475 2011 sratre
511 1983 622 2011 nostro
654 1977 815 2010 Ludovico
845 1977 998 2020 episcopo

258 2031 436 2064 Albanensi
458 2030 489 2064 S.
508 2030 545 2064 R.
562 2030 597 2063 E.
618 2030 774 2064 cardinali
793 2030 869 2064 Pico
889 2031 927 2063 de
945 2031 1000 2063 Mi-

257 2085 394 2119 randula
418 2090 618 2129 nuncupato,
634 2084 811 2127 subrogato
834 2085 866 2117 in
892 2086 998 2118 locum

257 2137 363 2172 bonae
388 2138 563 2172 memoriae
583 2138 716 2182 Iosephi
734 2138 847 2172 Renati
872 2138 1000 2183 presby-

259 2192 319 2225 teri
339 2192 523 2234 cardinalis,
540 2191 615 2225 dum
630 2192 759 2233 viveret,
775 2192 858 2227 tituli
877 2193 906 2226 S.
922 2192 1001 2225 Lau-

258 2246 356 2279 rentii
393 2245 425 2279 in
465 2244 586 2279 Lucina
616 2245 781 2289 Imperiali
808 2246 999 2289 nuncupati,

258 2300 409 2344 ponentis
445 2309 500 2332 seu
538 2299 707 2340 relatoris,
733 2299 837 2332 altero
877 2299 998 2340 dubio,

259 2352 348 2395 quod
373 2352 406 2385 in
431 2352 492 2385 hac
512 2354 607 2385 causa
624 2356 813 2395 supererat,
832 2351 1000 2392 nimirum,

259 2415 319 2446 an,
346 2410 450 2439 stante
486 2405 723 2449 approbatione
760 2405 1002 2448 praedictorum

260 2464 402 2503 quatuor
427 2458 671 2499 miraculorum,
694 2464 762 2492 tuto
781 2459 1004 2502 quandocum-

260 2522 323 2555 que
348 2511 484 2555 procedi
508 2511 612 2555 possit
636 2511 674 2545 ad
700 2512 881 2545 solemnem
903 2511 938 2544 B.
959 2511 1004 2544 Iu-

260 2565 366 2598 lianae
393 2565 683 2607 canonizationem,
701 2565 919 2608 omnibusque
941 2570 1004 2598 tam

262 2619 505 2653 consultoribus
537 2629 632 2662 quam
666 2618 697 2651 S.
726 2618 762 2652 tt.
791 2618 824 2651 E.
861 2619 1005 2654 cardina-

1673 205 1736 240 0283
1782 216 1877 243 Aac.
1902 217 1967 243 1737

1030 265 1115 299 libus
1141 265 1332 298 affirmative
1364 264 1658 309 respondentibus,
1685 264 1772 297 idem

1029 319 1176 353 Pontifex
1202 320 1440 363 praedeeessor
1465 324 1588 357 noster,
1614 324 1688 361 post
1715 319 1772 350 im-

1030 374 1192 416 ploratam
1225 373 1263 406 de
1300 384 1391 406 rnore
1428 372 1535 405 Sancti
1560 371 1696 415 Spiritus
1724 382 1773 404 as-

1031 425 1233 465 sistentiam,
1274 425 1325 459 die
1357 437 1373 458 v
1399 425 1545 459 ciusdem
1584 424 1705 457 mensis
1744 430 1775 457 ct

1032 478 1107 510 anni
1133 478 1301 511 decretum
1337 479 1376 511 de
1403 478 1548 512 eiusdem
1574 478 1689 510 Beatae
1723 488 1774 510 ca-

1032 532 1239 565 nonizatIOne
1274 542 1329 565 suo
1357 537 1502 575 tempore
1536 536 1565 564 et
1590 532 1661 564 loco
1686 541 1775 574 pera·

1033 586 1137 628 genda
1177 586 1417 629 pronunciavit.
1461 586 1538 619 Cum
1579 596 1655 619 vcro
1693 584 1775 617 idem

1033 639 1226 673 Benedictus
1241 639 1306 672 XIII
1326 640 1484 672 humanae
1502 638 1776 683 peregrinationis

1032 692 1114 725 viam
1136 693 1380 736 complevisset,
1402 703 1526 735 nosque
1545 692 1643 724 nullis
1658 691 1776 723 nostris

1034 745 1169 786 meritis,
1195 746 1250 778 sed
1277 746 1344 778 sola
1370 745 1497 778 divinae
1517 744 1638 787 gratiae
1666 744 1777 786 digna-

1035 799 1121 833 tione
1159 799 1197 832 ad
1222 799 1386 832 Ecclesiae
1426 799 1646 842 gubernacula
1672 797 1777 830 vocati

1035 853 1243 893 essem11S,ad
1262 858 1496 895 augumentum
1516 852 1614 885 divini
1631 851 1778 891 lionoris,

1036 913 1066 940 et
1091 912 1220 940 sanctae
1239 907 1401 940 Ecclesiae
1420 906 1592 939 utilitatem
1614 905 1778 949 pertinere

1035 960 1180 993 arbitrati
1200 970 1322 1000 sumus,
1339 964 1382 999 ut,
1403 960 1489 1003 quod
1507 959 1670 1002 praefatus
1689 969 1780 1002 prae-

1035 1014 1190 1048 decessor
1214 1018 1328 1046 noster
1353 1013 1537 1046 faciendum
1573 1012 1633 1044 sibi
1658 1022 1780 1055 propo-

1036 1073 1168 1107 suerat,
1196 1067 1235 1100 ad
1265 1066 1413 1100 effectum
1452 1071 1484 1099 et
1508 1066 1782 1109 complementum

1036 1121 1302 1163 perduceremus.
1330 1119 1399 1152 Non
1420 1119 1597 1163 plurimum
1624 1118 1719 1151 etiam
1742 1118 1781 1150 ad

1037 1173 1256 1217 praesentium
1283 1178 1466 1216 temporum
1494 1172 1711 1206 calamitatem
1742 1172 1783 1204 10-

1037 1229 1171 1261 vandam
1190 1228 1350 1260 interesse
1370 1226 1632 1266 existimavimus,
1651 1226 1675 1259 si
1698 1225 1783 1258 chri-

1037 1281 1225 1315 stifidelium
1251 1280 1384 1314 devotio
1410 1291 1488 1323 erga
1513 1285 1641 1313 sanctos
1668 1284 1698 1312 et
1723 1279 1784 1312 ele.

1037 1339 1107 1368 ctos
1133 1334 1208 1374 Dei,
1235 1334 1289 1377 qui
1326 1344 1385 1377 pro
1412 1333 1506 1366 nobis
1532 1333 1564 1365 in
1600 1332 1697 1365 tantis
1722 1343 1782 1365 ne—

1038 1387 1244 1422 cessitatibus
1269 1387 1534 1427 intercederent,
1561 1392 1750 1429 augeretur.

1083 1443 1097 1486 ἓ
1122 1441 1175 1474 025.
1203 1441 1422 1474 Mandavimus
1447 1441 1578 1484 itaque,
1604 1446 1656 1481 ut,
1684 1440 1787 1472 omni·
1806 1449 1982 1475 summamus

1965 1455 1969 1468 I

1039 1497 1116 1536 bus,
1143 1506 1225 1539 quae
1252 1495 1284 1527 in
1310 1496 1406 1527 causa
1441 1499 1510 1527 acta
1536 1493 1685 1535 fuerant,
1714 1477 1875 1526 t‘lili-iii-¹¹'—¹M
1922 1476 1981 1521 iihfs

1040 1554 1155 1593 genter
1180 1548 1333 1592 inspectis
1371 1553 1402 1581 et
1439 1547 1639 1589 recognitis,
1670 1535 1871 1579 relatiolism
1921 1536 1929 1546 ζ
1962 1536 1971 1547 ”

1041 1614 1154 1636 eorum
1181 1603 1277 1635 nobis
1305 1608 1337 1635 et
1361 1601 1600 1634 venerabililms
1634 1590 1821 1633 fratribusii‘f
1851 1596 1870 1620 ¹*
1922 1588 1973 1601 ”m

1042 1657 1161 1690 nostris
1186 1656 1218 1689 S.
1242 1656 1279 1688 R.
1300 1655 1333 1688 E.
1360 1655 1580 1688 cardinalibus
1608 1654 1638 1686 in
1665 1643 1855 1699 consis—iiiam

1043 1710 1126 1744 torio
1147 1709 1250 1742 ficret.
1275 1709 1385 1752 Itaque
1412 1709 1464 1742 die
1485 1718 1513 1742 v1
1538 1707 1612 1740 maii
1639 1717 1786 1751 praesen·
1797 1694 1983 1759 iiiiu¹¹¹x=ra===f1=¹vi

1043 1765 1082 1797 tis
1107 1764 1182 1803 anni
1211 1763 1243 1795 in
1281 1762 1478 1796 consistorio
1517 1766 1627 1795 nostro
1661 1748 1906 1794 see-reio{ii‘liiffiiii'r'i

1043 1817 1181 1851 dilectus
1222 1816 1308 1849 filius
1349 1821 1462 1849 noster
1503 1812 1662 1848 Antonius
1700 1814 1789 1847 Felix

1044 1871 1128 1904 tituli
1153 1872 1184 1904 S.
1212 1869 1365 1903 Praxedis
1403 1870 1576 1913 presbyter
1612 1868 1788 1902 cardInalis

1041 1924 1261 1958 Zondadarius
1298 1928 1503 1966 nuncupatus
1537 1922 1635 1955 totius
1660 1932 1789 1965 proces-

1043 1978 1096 2008 sus
1121 1985 1290 2015 summam,
1318 1984 1353 2007 ac
1378 1984 1466 2007 suam
1493 1973 1701 2016 aliorumque
1720 1983 1790 2005 cai»

1043 2030 1200 2063 dinalium
1236 2028 1336 2062 sacris
1377 2028 1492 2060 ritibus
1522 2027 1788 2072 praepositorum

1043 2084 1248 2123 sententiam,
1275 2093 1404 2116 necnon
1430 2082 1512 2115 vitae
1533 2081 1739 2115 sanctitatem
1759 2085 1789 2113 ct

1044 2138 1199 2171 miracula
1228 2138 1262 2170 B.
1289 2137 1433 2170 Iulianae
1460 2141 1608 2169 accurate
1645 2140 1676 2168 et
1701 2136 1789 2168 lucu-

1044 2192 1150 2225 lenter
1175 2190 1346 2234 exposuit:
1374 2189 1491 2233 quibus
1517 2188 1644 2229 auditis,
1672 2188 1790 2230 reliqui

1045 2255 1157 2278 omnes
1182 2243 1372 2283 cardinales,
1398 2242 1452 2286 qui
1477 2242 1623 2281 aderant,
1645 2242 1684 2274 ad
1710 2242 1792 2274 ultc-

1046 2298 1131 2331 riora
1157 2297 1226 2330 sore
1253 2296 1500 2340 procedendum
1526 2294 1655 2328 comuni
1683 2293 1792 2326 susl'ra-

1047 2352 1099 2395 gio
1118 2352 1384 2394 pronunciarunt.
1403 2349 1480 2382 Cum
1500 2349 1596 2391 igitur
1611 2348 1641 2380 in
1656 2347 1789 2391 publico

1047 2405 1241 2438 consistorio
1267 2404 1413 2447 proxime
1440 2414 1456 2435 a
1481 2402 1574 2435 nobis
1606 2405 1790 2434 convocato

1047 2458 1185 2492 dilectus
1210 2457 1293 2490 silius
1317 2456 1468 2489 Nicolaus
1495 2455 1590 2487 Maria
1619 2453 1791 2497 Sacripan-

1048 2517 1094 2545 tes
1121 2510 1355 2544 consistorialis
1383 2510 1474 2542 aulae
1501 2513 1629 2541 nostrae
1661 2507 1793 2540 advoca-

1050 2571 1098 2598 tus
1137 2576 1196 2609 pro
1237 2564 1306 2597 eius
1342 2562 1583 2596 canonizatione
1625 2562 1793 2604 eleganter

1048 2624 1251 2663 perorasset,
1278 2628 1329 2657 ac,
1356 2615 1486 2650 nomine
1514 2615 1715 2649 diversorum
1742 2625 1787 2648 czi-
