2232 3178
271 230 321 257 Λη.
337 229 366 257 C.
389 230 455 257 1729

501 223 565 255 5:32

463 289 497 310 ex
521 280 659 310 cathedra
681 279 833 309 articulate
849 282 877 308 et
891 278 1116 317 intelligibiliter
1133 288 1200 317 pro-

464 333 585 368 ponant,
602 328 799 358 consessiones
815 328 972 367 excipiant,
990 337 1101 357 sacram
1117 327 1199 357 Com-

464 378 644 414 munionem,
662 382 755 407 tamen
780 378 808 406 in
825 377 887 407 sola
902 377 1027 407 ecclesia
1046 386 1114 407 suae
1131 377 1199 406 mis-

464 426 565 460 sionis,
589 431 669 456 extra
693 427 771 456 illam
797 435 864 456 vero
885 426 1000 455 nonnisi
1024 426 1059 455 de
1081 425 1196 455 licentia

463 475 586 513 pastoris
602 475 755 514 ordinarii,
774 475 963 505 distribuant.
990 475 1121 504 Paschali
1145 474 1198 504 ibi-

462 523 539 552 dem'
556 528 685 562 tempore
701 533 801 553 omnes
825 524 869 553 sui
892 524 1043 553 districtus
1066 523 1197 553 subditos

462 580 513 609 pro
536 572 717 601 consessione
739 581 772 601 ac
795 572 1000 601 communione
1023 571 1056 601 ad
1082 571 1198 601 ordina-

461 619 520 649 rios
542 629 610 649 suos
631 624 747 649 curatos
769 620 939 649 indistincte
971 625 999 649 et
1020 620 1084 649 sine
1116 628 1198 649 exce-

460 667 559 706 ptione
582 667 744 698 remittant.
762 668 916 698 Praeterea
934 668 1067 698 infirmos
1083 668 1198 707 saepius

461 716 607 754 invisant,
641 726 673 746 ac
703 716 807 746 solatio
836 717 984 754 reficiant3
1017 716 1198 746 moribundis

460 774 576 804 quoque
607 764 736 804 (absque
772 765 960 804 usurpatione
993 770 1089 795 tamen
1125 765 1197 794 iuris

460 813 636 851 parochialis
659 814 703 843 vel
726 814 915 852 sepulturae)
935 813 1097 843 christiana
1132 814 1197 843 cha-

459 861 545 890 ritate
568 862 722 898 assistant,
745 872 778 891 ac
800 862 916 892 demum
940 862 968 891 in
1001 862 1046 891 his
1075 862 1197 901 aliisque

459 909 590 939 articulis
619 910 810 949 apostolicum
846 910 993 940 missionis
1016 919 1121 940 munus
1154 920 1198 939 se-

459 958 586 987 cundum
625 959 782 989 essentiam
817 963 844 989 et
868 959 1078 998 proprietatem
1114 968 1196 989 suam

460 1006 602 1036 indefesse
624 1007 813 1047 adimpleant.
838 1008 1012 1038 Praesertim
1037 1017 1104 1038 vero
1126 1007 1198 1046 vigi-

458 1055 529 1085 lanti
554 1056 637 1086 oculo
660 1061 688 1086 et
710 1058 847 1086 accurata
869 1057 1030 1087 attentione
1046 1057 1114 1086 hinc
1128 1057 1196 1086 inde

458 1103 613 1134 observent
641 1105 770 1134 actiones
798 1105 982 1135 subditorum
1011 1115 1068 1135 non
1100 1105 1197 1134 minus

458 1161 490 1181 ac
513 1162 613 1183 eorum
636 1153 742 1193 quibus
764 1154 806 1183 illi
828 1164 842 1183 a
867 1153 950 1183 nobis
981 1159 1048 1184 sunt
1080 1163 1198 1184 concre-

458 1201 533 1238 diti,
563 1207 592 1231 et
623 1202 767 1241 siquidem
802 1202 958 1232 nonnullos
991 1203 1119 1232 desectus
1153 1203 1196 1233 vel

459 1259 575 1280 errores
587 1251 846 1290 deprehenderint,
862 1252 910 1290 qui
928 1251 1064 1289 religioni
1081 1261 1197 1290 quoquo

459 1299 544 1329 modo
566 1309 618 1328 seu
642 1299 766 1329 mediate
796 1309 847 1330 seu
880 1300 1047 1330 immediate
1081 1305 1195 1330 contra-

458 1347 589 1384 rientur,
622 1348 805 1378 defectuosos
844 1350 965 1388 paterna
998 1349 1196 1379 admonitione

458 1397 628 1435 retrahant,
651 1397 703 1426 hac
728 1407 794 1427 vero
818 1407 874 1427 non
898 1398 1087 1437 proliciente,
1112 1398 1196 1428 nobis

458 1445 502 1474 vel
525 1445 635 1474 nostris
658 1445 878 1476 successoribus
896 1446 1005 1485 absque
1028 1446 1196 1485 acceptione

458 1503 648 1532 personarum
663 1495 697 1524 ad
714 1495 846 1534 proprias
864 1504 967 1524 manus
985 1495 1194 1525 transcribant.

456 1542 703 1577 Quemadmodum
728 1553 742 1573 e
765 1548 864 1574 contra
888 1548 1020 1574 nostrum
1053 1544 1195 1574 decanum

456 1592 585 1622 ruralem
608 1592 643 1622 ad
666 1592 694 1622 id
717 1592 824 1623 instrui
847 1592 1027 1632 curabimus,
1051 1597 1196 1632 quatenus

457 1640 594 1670 similiter
616 1641 768 1680 invigilet,
792 1645 820 1671 et
841 1642 949 1679 iugiter
972 1642 1122 1679 observet,
1145 1652 1193 1681 an,

458 1697 494 1718 ex
516 1693 597 1728 parte
620 1690 853 1729 saepedictorum
891 1694 1006 1729 patrum
1040 1691 1196 1721 missiona-

457 1737 579 1776 riorum,
604 1737 767 1768 iniunctum
789 1739 938 1768 missionis
970 1738 1098 1769 officium
1122 1740 1196 1770 inte-

456 1795 507 1824 gre
522 1786 689 1826 impleatur,
706 1791 734 1816 et
756 1787 786 1816 in
809 1787 863 1817 hoc
885 1787 1064 1818 fundationis
1085 1788 1195 1818 instru-

457 1839 554 1865 mento
586 1836 785 1875 praescriptae
817 1836 999 1866 condit10nes
1033 1837 1193 1876 punctatim

457 1891 544 1920 opere
559 1881 770 1921 exhibeantur3
790 1888 879 1923 utque
896 1882 931 1923 is,
948 1884 1095 1914 contrario
1114 1894 1194 1924 prae-

458 1933 501 1959 ter
533 1939 613 1969 spem
650 1936 828 1971 emergente,
852 1933 965 1972 quoties
996 1933 1193 1963 necessarium

457 1979 613 2018 videbitur,
637 1985 749 2020 patrem
782 1982 962 2021 superiorem
996 1992 1029 2013 eo
1065 1987 1194 2022 tempore

457 2028 629 2058 existentem
652 2030 777 2070 desuper
793 2035 986 2069 commoneat3
1003 2032 1129 2071 hocque¹
1145 2031 1194 2061 be-

457 2076 548 2114 nigna
577 2077 738 2108 monitione
759 2078 833 2108 nihil
867 2080 1054 2119 proliciente,
1079 2084 1194 2110 notatos

457 2124 586 2155 desectus
609 2125 694 2156 nobis
718 2128 883 2167 nostrisque
905 2128 1123 2159 successoribus
1146 2129 1194 2158 de-

456 2172 517 2203 bite
536 2173 703 2205 denunciet.
721 2176 895 2216 Ceteroquin
913 2181 970 2207 tam
987 2177 1049 2216 ipse
1065 2177 1191 2208 decanus

457 2221 565 2261 aliique
587 2223 680 2252 nostri
702 2224 763 2253 illic
786 2224 917 2255 locorum
947 2226 1070 2265 expositi
1098 2226 1192 2256 curati

456 2279 543 2309 quam
565 2271 652 2301 iidem
677 2272 852 2302 missionarii
875 2273 955 2303 nullo
977 2284 1104 2313 unquam
1122 2278 1194 2304 tem-

456 2326 526 2356 pore
562 2317 772 2349 obliviscentur
804 2321 904 2350 mutua
935 2320 1132 2359 intelligentia
1164 2325 1191 2350 et

455 2364 534 2396 bona
549 2367 699 2397 harmonia
715 2378 790 2398 unns
812 2369 936 2399 alterum
956 2369 1055 2399 iuvare
1071 2373 1099 2399 et
1114 2379 1193 2399 com-

455 2415 538 2444 muni
573 2416 632 2445 zelo
674 2416 824 2455 religionis
870 2418 1083 2448 incrementum
1125 2427 1190 2448 cum

455 2464 538 2503 larga
566 2467 655 2495 usura
689 2465 852 2496 animarum
885 2476 1066 2506 promovere.
1101 2467 1190 2503 Quem

455 2513 484 2542 in
508 2513 610 2543 tinem:

492 2573 502 2598 1
527 2571 628 2599 Forsan
642 2572 746 2600 itidem
758 2581 807 2608 pro
819 2573 928 2601 ibidem
942 2573 1088 2609 legendum
1099 2575 1189 2610 (mr).

491 2615 509 2642 2
526 2616 640 2644 Videtur
658 2616 804 2653 legendum
823 2618 932 2654 hacque
950 2619 991 2654 (R.
1011 2618 1060 2654 τη).

1043 230 1222 255 BULLARIUM
1247 230 1402 255 nomivmt

1282 286 1330 308 vn.
1356 278 1461 308 Iterato
1486 279 1685 309 mentionatus
1707 284 1788 319 pater
1814 279 1977 319 provincia-

1242 326 1278 356 lis
1300 326 1442 365 singulari
1466 328 1537 357 cura
1560 328 1724 367 providebit
1754 328 1789 358 ad
1813 330 1901 366 grave
1923 329 1976 358 hoc

1242 375 1387 404 missionis
1406 376 1537 409 >officium
1561 376 1637 407 viros
1660 376 1824 415 exquisitae
1847 376 1974 416 pietatis,

1240 423 1388 453 doctrinae
1411 428 1438 454 et
1466 425 1637 463 prudentiae
1660 425 1804 463 seligere,
1826 434 1859 455 ac
1891 424 1975 455 nobis

1242 477 1439 511 praesentare,
1464 474 1513 512 qui
1537 474 1624 503 simul
1647 474 1770 512 cordati,
1791 474 1974 514 spectabiles,

1241 521 1360 558 seriosi,
1384 522 1573 560 religiositate
1596 523 1688 561 pleni,
1712 532 1746 552 ac
1768 523 1807 553 ita
1829 523 1902 553 bene
1924 523 1977 552 im-

1240 568 1322 607 buti,
1347 573 1388 606 ut,
1410 570 1595 609 prudentiam
1618 571 1816 610 serpentinam
1840 580 1906 601 cum
1929 580 1977 601 co-

1240 617 1371 647 lumbina
1393 619 1581 658 simplicitate
1603 619 1711 658 optime
1747 620 1872 650 scientes
1907 619 1978 650 adu-

1240 675 1329 703 nare,
1353 666 1489 706 imposito
1521 668 1636 697 muneri
1667 668 1786 697 omnino
1813 677 1896 707 pares
1917 668 1977 698 exi-

1240 718 1334 744 stant:
1358 715 1479 754 insuper
1501 715 1530 745 in
1554 716 1704 755 polemicis
1726 716 1851 754 versati,
1876 725 1976 746 eorum

1240 764 1274 793 ad
1297 763 1405 801 minus,
1430 773 1503 803 quae
1519 764 1554 794 ad
1576 765 1795 804 inquisitionem
1813 765 1976 795 haereticae

1241 812 1391 850 pravitatis
1414 812 1581 850 exiguntur,
1599 813 1669 842 satis
1687 813 1819 852 experti,
1844 821 1975 852 praeser-

1241 860 1292 889 tim
1315 860 1402 890 etiam
1424 870 1438 890 a
1461 860 1534 891 Sede
1556 862 1725 901 Apostolica
1747 871 1798 892 seu
1821 871 1834 891 a
1854 861 1977 900 Congre-

1240 909 1355 946 gatione
1378 909 1413 939 de
1436 910 1625 949 Propaganda
1646 911 1715 940 Fide
1738 914 1880 950 potestate
1908 910 1978 941 mis-

1240 957 1359 987 sionarii
1383 959 1533 997 apostolici
1565 960 1693 998 provisi,
1718 968 1751 989 ac
1781 960 1905 999 denique
1927 968 1977 999 pa-

1240 1006 1348 1036 triotici
1388 1007 1535 1037 idiomatis
1570 1007 1732 1048 beneperiti
1774 1008 1974 1039 inveniantur.

1240 1054 1348 1084 Porro:

1279 1112 1338 1132 vm.
1364 1103 1400 1133 Ut
1422 1104 1510 1133 iidem
1534 1104 1712 1135 missionarii
1745 1104 1870 1135 subditis
1894 1105 1976 1135 nulla

1240 1152 1351 1181 ratione
1373 1151 1526 1191 obstricti,
1552 1162 1604 1183 nec
1627 1153 1692 1183 aliis
1714 1154 1852 1192 onerosi,
1873 1163 1976 1184 conse-

1239 1205 1361 1240 quenter
1383 1201 1459 1240 apud
1483 1211 1582 1231 omnes
1605 1202 1635 1231 in
1667 1212 1700 1232 eo
1722 1201 1837 1233 maiori*
1856 1212 1977 1233 venera-

1240 1250 1319 1279 tione
1340 1259 1373 1279 ac
1396 1255 1531 1289 respectu
1562 1251 1734 1286 habeantur,
1764 1251 1976 1291 eleemosynam

1240 1307 1290 1337 pro
1313 1298 1438 1328 lectione
1461 1308 1611 1329 sacrorum
1648 1300 1758 1330 nullam
1781 1310 1909 1340 unquam
1931 1310 1977 1331 re·

1239 1347 1364 1386 cipient3
1388 1347 1525 1378 similiter
1547 1348 1582 1377 ab
1604 1349 1682 1378 omni
1705 1349 1867 1379 collectura.
1889 1351 1976 1389 (quae

1240 1399 1335 1425 tamen
1358 1396 1585 1426 collectoribus¹
1604 1398 1675 1427 alias
1698 1397 1804 1428 ibidem
1828 1398 1976 1428 consuetis

1239 1443 1377 1473 inviolata
1401 1445 1587 1483 permaneat)
1620 1440 1695 1475 intra
1730 1446 1874 1485 praefixos
1906 1455 1976 1476 suae

1239 1492 1385 1522 missionis
1417 1493 1490 1523 fines
1522 1493 1734 1533 abstinebunt,
1758 1494 1817 1524 illis
1846 1494 1976 1524 contenti

1239 1551 1312 1580 quae
1346 1551 1397 1580 per
1419 1541 1552 1571 homines
1575 1542 1775 1573 affectionatos
1807 1543 1976 1583 irrequisite

1238 1599 1272 1619 ex
1306 1590 1424 1629 proprio
1457 1594 1536 1620 motu
1558 1595 1586 1621 et
1621 1591 1768 1622 voluntate
1790 1592 1826 1622 ad
1861 1596 1976 1631 portam

1237 1637 1409 1668 afferentur:
1434 1638 1510 1678 quod
1534 1643 1630 1669 tamen
1652 1639 1687 1670 ad
1720 1649 1822 1670 eorum
1844 1641 1975 1670 locorum

1237 1690 1353 1716 curatos
1384 1696 1442 1716 non
1474 1687 1710 1726 extendendum,
1741 1684 1810 1718 casu
1844 1699 1901 1728 quo
1933 1689 1977 1719 illi

1238 1735 1432 1766 missionariis
1461 1746 1541 1766 sacra
1578 1737 1719 1776 quaedam
1741 1737 1862 1776 legenda
1887 1738 1977 1769 relin-

1237 1794 1345 1824 quere,
1370 1789 1398 1815 et
1420 1789 1573 1825 propterea
1607 1791 1739 1816 sanctam
1761 1787 1975 1826 eleemosynam

1238 1833 1387 1872 porrIgere
1411 1834 1567 1864 voluerint.

1277 1892 1313 1912 ix.
1347 1882 1523 1913 Prohibetur
1555 1883 1658 1914 iisdem
1692 1883 1904 1922 missionariis,
1937 1894 1975 1915 ne

1236 1931 1308 1961 citra
1332 1931 1498 1961 facultatem
1522 1941 1536 1961 a
1560 1931 1645 1962 nobis
1667 1932 1825 1972 expetitam
1863 1933 1975 1972 (quam

1237 1983 1336 2010 tamen
1370 1980 1427 2010 nisi
1460 1990 1494 2010 ex
1523 1980 1603 2019 gravi
1636 1981 1867 2012 consideratione
1899 1982 1976 2012 haud

1237 2029 1319 2059 facile
1334 2029 1560 2068 denegabimus)
1582 2034 1662 2060 extra
1677 2030 1858 2068 assignatum
1876 2030 1975 2061 distri-

1236 2082 1315 2108 ctum
1338 2079 1440 2117 quavis
1462 2088 1497 2108 ex
1519 2079 1608 2108 causa
1636 2088 1666 2109 se
1688 2079 1838 2110 conserant
1859 2079 1904 2109 vel
1926 2079 1976 2110 ab·

1236 2131 1362 2157 sentent.
1388 2127 1409 2156 E
1431 2127 1599 2157 contrario:

1276 2185 1304 2204 x.
1329 2174 1465 2205 Liberum
1481 2175 1518 2205 sit
1542 2175 1625 2205 nobis
1641 2185 1674 2206 ac
1692 2176 1799 2206 nostris
1815 2176 1845 2206 in
1861 2176 1974 2207 archie-

1236 2224 1386 2264 piscopatu
1412 2224 1631 2254 successoribus
1669 2225 1771 2264 quavis
1805 2225 1870 2255 vice
1900 2224 1972 2255 alios

1236 2274 1447 2313 cuiuscumque
1470 2273 1586 2304 Ordinis
1619 2274 1819 2304 missionarios
1853 2272 1972 2313 Zellam,

1234 2321 1452 2359 Taxenbacum,
1476 2326 1504 2352 et
1525 2322 1554 2351 in
1578 2322 1693 2361 Rauris,
1717 2327 1745 2352 et
1767 2322 1896 2352 vicissim
1911 2331 1975 2353 eos-

1234 2369 1296 2400 dem
1321 2375 1416 2409 patres
1432 2370 1557 2400 Minores
1576 2370 1693 2401 Ordinis
1711 2370 1806 2401 sancti
1823 2370 1973 2401 Francisci

1234 2418 1268 2448 ad
1291 2419 1362 2449 alias
1385 2420 1583 2458 praefecturas
1616 2423 1644 2450 et
1677 2419 1820 2459 satrapias
1853 2422 1974 2450 nostrae

1233 2467 1477 2507 archidioecesiS,
1502 2472 1704 2498 verumtamen
1726 2468 1780 2498 hoc
1802 2467 1914 2498 illudve
1938 2467 1973 2497 ad

1234 2519 1348 2556 tempus
1369 2517 1560 2557 solummodo,
1576 2526 1633 2548 non
1652 2526 1718 2548 vero
1740 2517 1770 2548 in
1787 2521 1971 2557 perpetuum,

1268 2620 1278 2646 1
1302 2618 1372 2647 Edit.
1395 2619 1475 2648 Main.
1497 2619 1561 2655 legit
1582 2619 1786 2648 Celleccoribus
1805 2620 1844 2656 (R.
1860 2621 1909 2654 T.).

1985 231 2035 258 ιη.
2052 231 2080 260 c.
2102 233 2166 262 1730
2190 214 2192 223 '
