2232 3178
284 231 331 257 An,
350 231 379 256 C.
403 230 470 256 ¹73⁴.)

318 762 466 782 Praesentibus

286 790 360 808 litteris
392 794 467 814 perpe-

286 818 341 835 [nani
355 816 387 834 ilat
406 815 467 834 sirini·

285 845 348 862 tateiu
364 842 466 862 Pontifex.

325 2292 379 2312 Aln’u
402 2291 472 2320 proill-

290 2319 354 2338 liltiiiii
364 2323 473 2337 canonicis

289 2345 351 2364 liuius
388 2344 473 2364 Ordinis

289 2372 328 2390 sub
347 2376 414 2396 poena
433 2376 474 2395 pri-

290 2398 380 2417 hittoni<
410 2397 473 2425 officii

290 2424 386 2447 gestandi
422 2424 472 2453 tietiv

291 2453 341 2470 tiani
348 2455 474 2470 caesariem.

519 221 581 253 57ss

477 279 700 311 bibliothecae
711 277 857 310 laudatae
871 276 1124 320 protectoribus¹
1136 286 1217 319 quos

478 331 574 364 etiam
610 336 780 373 rogantes,
815 329 928 362 iisdem
962 329 1093 362 insimul
1131 339 1217 362 com·

478 383 633 415 iiiittiiiius
666 388 697 415 et
727 382 917 415 mandamus
955 387 989 414 iit
1020 382 1162 414 debitam
1189 381 1218 413 ti-

478 436 652 478 delemqiie
679 435 822 468 oniniuin
843 440 873 467 et
890 435 1092 476 singularum
1111 434 1217 476 legum

478 488 785 530 ordinationiimque
805 498 863 530 per
881 488 1008 520 easdem
1029 492 1217 530 praesentes

478 546 604 572 nostras
634 541 759 573 litteras
792 540 1067 582 praescriptarum
1104 549 1219 571 execu-

479 593 599 625 tionem
626 598 656 625 et
678 592 918 625 observantiam
940 598 1070 630 curent,
1093 601 1220 634 promo·

480 650 592 685 veant,
618 651 712 688 atque
745 645 783 677 ab
816 645 870 686 iis,
901 655 1039 687 quorum
1065 644 1216 683 interest,

480 698 608 731 sortiter
632 699 839 742 suaviterque
865 698 1005 739 exigant.

522 753 536 794 ξ
561 752 592 784 6.
621 753 847 791 Decei‘nentes,
874 752 1004 784 easdem
1030 756 1220 794 praesentes

480 805 604 837 litteras
629 810 659 837 et
685 805 716 837 in
743 805 789 837 eis
814 810 966 837 contenta
996 813 1219 847 quaecumque

478 868 608 901 semper
634 858 739 898 tiriiia,
765 859 867 891 valida
886 863 915 891 et
934 857 1076 891 efficacia
1100 857 1216 890 existe-

480 922 514 944 re
541 917 571 943 et
597 911 685 951 sore,
712 921 852 953 suosque
878 910 1044 953 plenarios
1074 915 1105 942 et
1137 909 1220 941 inte-

480 974 555 1005 gros
574 962 706 996 effectus
724 963 834 996 sortiri
861 969 891 996 et
917 963 1077 1001 obtinere,
1095 973 1129 994 ac
1146 961 1220 1001 illis,

480 1017 518 1050 ad
544 1028 626 1059 quos
651 1022 772 1060 spectat
795 1022 825 1049 et
840 1027 899 1060 pro
914 1021 1060 1058 tempore
1079 1015 1222 1058 quando-

480 1081 619 1113 cumque
655 1070 834 1113 spectabit,
867 1069 901 1102 in
933 1069 1083 1102 omnibus
1109 1074 1139 1101 et
1164 1078 1222 1110 per

480 1123 588 1156 omnia
601 1122 790 1166 plenissime
809 1122 986 1164 suffragari,
1006 1127 1036 1154 et
1053 1122 1091 1153 ab
1107 1122 1153 1153 eis
1174 1131 1223 1152 re·

480 1176 622 1219 speetive
642 1175 874 1208 inviolabiliter
892 1175 1071 1212 observari,
1096 1184 1132 1206 ac
1153 1173 1224 1205 irri-

483 1235 548 1262 tum
574 1236 605 1262 et
630 1230 725 1262 inane
752 1229 777 1261 si
802 1239 894 1261 secus
920 1239 1020 1271 super
1046 1228 1096 1260 liis
1118 1239 1224 1271 aquo-

482 1293 596 1325 quam,
624 1282 735 1325 quavis
769 1282 961 1314 auctoritate
977 1307 984 1321 ‚
1009 1281 1150 1313 scienter
1175 1282 1223 1314 vel

482 1335 682 1378 ignoranter,
709 1334 885 1377 contigerit
910 1334 1074 1366 attentari.
1097 1334 1131 1366 In
1150 1344 1223 1366 con-

483 1389 614 1421 trarium
642 1388 832 1421 facientibus
853 1397 918 1420 non
932 1387 1135 1421 obstantibus
1155 1387 1224 1431 qui-

481 1441 694 1485 buscunique.

524 1495 639 1527 Datum
665 1494 806 1533 Romae,
831 1495 918 1537 apud
951 1493 982 1526 S.
1006 1494 1137 1526 Mariam
1162 1493 1225 1526 Ma-

481 1558 599 1588 iorem,
624 1547 683 1580 sub
708 1549 830 1581 annulo
857 1547 1049 1586 Piscatoris,
1076 1548 1128 1581 die
1153 1558 1224 1581 xxiv

481 1601 605 1644 augusti
638 1611 834 1641 iiincexxit1x‚
867 1601 1079 1643 pontificatus
1116 1601 1223 1634 nostri

482 1666 567 1688 anno
589 1665 616 1688 x.

519 1716 577 1743 Dat.
598 1716 640 1743 die
660 1716 693 1742 et
713 1716 822 1749 augusti
844 1707 923 1749 1'739,
945 1715 1041 1750 pontif.
1064 1723 1144 1742 anno.
1166 1724 1191 1741 x.

777 1858 927 1892 CCLxlv.

482 1929 693 1971 Confirmatio
725 1929 945 1962 ordinationis
976 1929 1101 1962 abbatis
1132 1939 1227 1972 qene-

524 1982 607 2014 ralz's
620 1981 754 2015 Ordinis
771 1982 1004 2014 canonicorum
1020 1981 1225 2024 reyularium

525 2036 631 2067 sancti
654 2035 797 2068 Antonii
825 2034 1015 2067 Viennensis
1039 2045 1135 2078 snper
1154 2046 1227 2078 pro-

527 2088 685 2121 hibitione
703 2087 855 2131 qestancli
866 2088 1019 2129 fictitiam
1036 2089 1224 2121 caesariem.

686 2168 822 2195 Clemens
843 2168 923 2201 Papa
942 2168 995 2194 XII
1010 2189 1016 2200 ,

626 2215 662 2240 ad
682 2213 817 2240 futuram
837 2213 882 2239 rei
902 2212 1084 2240 memoriam.

528 2286 542 2327 §
564 2284 594 2317 «1.
616 2284 739 2327 Exponi
759 2284 853 2317 nobis
872 2294 976 2326 nuper
994 2284 1071 2317 fecit
1088 2283 1224 2317 dilectus

485 2337 571 2370 silius
597 2337 711 2370 Petrus
737 2337 869 2378 Verger,
900 2337 1077 2370 modernus
1109 2347 1226 2380 procu-

486 2396 573 2423 rator
592 2390 755 2433 generalis
773 2389 902 2422 Ordinis
923 2390 1154 2423 canonicorum
1180 2400 1228 2423 re-

486 2444 646 2486 gularium
672 2443 773 2476 saneti
799 2442 930 2475 Antonii
951 2443 1141 2475 Viennensis
1167 2454 1226 2486 pro

486 2501 578 2539 parte
605 2495 698 2528 etiam
725 2495 917 2528 dilectorum
941 2494 1080 2528 filiorum
1105 2495 1225 2529 Nicolai

487 2548 655 2592 Gasparini
681 2548 807 2581 abbatis
832 2548 994 2590 generalis
1020 2553 1053 2581 et
1078 2548 1227 2582 definito-

487 2612 558 2635 rum
584 2602 661 2635 dicti
686 2601 827 2643 Ordinis,
852 2601 939 2646 qnod
965 2601 1055 2643 alias,
1080 2602 1119 2635 ad
1146 2603 1227 2636 ause·

1060 227 1242 252 [tllLLARlUM
1271 227 1428 251 nottiANUM

1259 276 1395 308 rendum
1422 277 1579 317 abusum,
1616 278 1669 320 qui
1707 278 1789 311 inter
1821 279 1996 311 nonnullos

1260 329 1416 371 praedicti
1441 329 1567 363 Ordinis
1585 331 1756 363 canonicos
1775 332 1941 373 regulares
1960 332 1997 363 ir-

1260 392 1373 425 repere
1392 388 1560 425 coeperat,
1579 383 1691 416 utendi
1713 383 1823 416 fictitia
1843 384 1997 423 caesarie,

1261 435 1356 476 vulgo
1377 446 1528 477 peruecti,
1550 436 1704 478 illamque
1725 436 1853 478 publice
1872 442 1997 479 gestan·

1261 487 1303 526 di,
1329 487 1381 520 die
1407 498 1443 520 xx
1461 488 1573 530 api-ilis
1592 498 1718 521 mcccxv
1735 493 1811 521 tunc
1824 488 1999 522 existentes

1261 540 1360 572 abbas
1387 541 1549 582 generalis
1580 547 1612 573 et
1645 541 1834 574 definitores
1871 541 1999 574 Ordinis

1262 593 1429 635 praedicti,
1454 593 1511 625 sub
1525 595 1630 636 poena
1648 594 1789 627 formalis
1805 594 1998 627 inobedien-

1262 644 1334 683 tiae,
1352 655 1412 687 pei·
1436 655 1529 677 suuni
1556 645 1721 678 decretum
1747 646 2000 688 prohibuerunt,

1263 708 1302 730 rie
1327 698 1473 731 canonici
1500 700 1664 741 regulares
1689 699 1843 741 praedicti
1869 699 1998 732 Ordinis

1263 751 1391 783 crinitie
1417 751 1581 794 praedicta
1606 756 1792 792 uterentur,
1810 752 1896 795 quod
1914 762 1932 784 a
1951 761 2001 785 ca-

1264 803 1365 845 pitulo
1402 803 1543 846 generati
1582 804 1726 837 eiusdem
1758 804 1885 837 Ordinis
1915 814 2000 836 anno

1263 865 1386 889 Mnccxx
1413 857 1588 897 celebrato,
1610 857 1831 890 contiriiiatuni
1857 856 1929 897 suit,
1947 857 2002 890 ad-

1264 909 1344 941 iecta
1369 908 1400 941 in
1427 908 1513 942 dicto
1542 910 1683 952 capitulo
1716 911 1822 953 poena
1853 909 2003 952 privatio-

1263 961 1310 993 nis
1329 962 1562 1005 cuiuscumque
1581 962 1747 1003 dignitatis
1764 967 1796 995 et
1813 962 1908 995 officii
1924 962 2001 995 dicti

1264 1013 1392 1047 Ordinis
1424 1025 1482 1057 per
1509 1019 1761 1056 transgressores
1796 1025 1853 1047 seu
1888 1014 2002 1047 inobe-

1265 1067 1392 1100 dientes
1409 1067 1621 1100 incurrenda:
1637 1073 1669 1100 et
1682 1068 1820 1100 subinde
1838 1078 1896 1110 pei·
1913 1067 2002 1100 aliud

1265 1120 1433 1152 decretum
1459 1131 1476 1152 a
1507 1120 1691 1153 definitorio
1724 1120 1853 1153 Ordinis
1891 1120 2004 1153 huius-

1266 1173 1351 1205 modi
1379 1173 1430 1206 die
1456 1184 1505 1206 xiv
1523 1173 1717 1216 septembris
1741 1183 1914 1206 iinccxxvii
1932 1173 2005 1206 edi-

1267 1230 1330 1256 tum
1357 1225 1585 1267 priinodietum
1611 1226 1779 1258 decretum
1813 1230 2003 1259 renovatum

1266 1279 1432 1310 remansit.
1452 1279 1595 1322 Insuper,
1622 1279 1670 1312 liis
1696 1289 1760 1311 non
1787 1279 2001 1319 obstantibus,

1266 1341 1335 1363 enm
1350 1332 1467 1364 abusus
1482 1332 1668 1365 huiusmodi
1684 1333 1806 1365 sensim
1826 1332 1927 1375 magis
1941 1342 2005 1365 ma-

1266 1384 1380 1427 gisque
1413 1385 1446 1417 in
1481 1385 1550 1417 dies
1575 1385 1685 1428 augeri
1713 1385 1869 1426 rideatur,
1898 1385 2004 1418 dictus

1267 1436 1417 1471 Nicotaus
1443 1437 1542 1471 abbas
1567 1438 1727 1481 generalis
1746 1438 1797 1471 die
1815 1448 1846 1471 x1
1865 1437 2004 1470 ianuarii

1265 1491 1413 1534 proxime
1438 1492 1626 1534 praeteriti,
1646 1492 1684 1525 de
1710 1491 1900 1525 eorumdem
1926 1490 2003 1525 defi-

1266 1544 1406 1577 nitorum
1432 1544 1575 1577 unanimi
1588 1550 1661 1578 voto
1682 1550 1713 1578 et
1730 1555 1871 1585 assensu,
1889 1554 2005 1577 novam

1266 1599 1304 1630 ea
1335 1608 1434 1640 super
1458 1609 1492 1630 re
1518 1598 1755 1631 ordinationem
1786 1598 1904 1636 edidit,
1941 1608 2006 1640 qua

1267 1651 1446 1693 praeniissa
1471 1662 1536 1683 non
1562 1653 1667 1684 solum
1694 1650 1895 1684 confirmavit
1910 1656 1941 1683 et
1957 1650 2006 1683 in-

1267 1704 1405 1743 novavit,
1426 1714 1536 1737 verum
1562 1704 1659 1737 etiam
1681 1705 1719 1737 de
1736 1714 1817 1737 novo
1836 1703 2004 1742 intimavit,

1267 1757 1450 1789 decernens
1487 1757 1518 1789 in
1554 1757 1836 1790 contravenientes
1866 1767 2006 1800 poenam

1267 1810 1493 1852 suspensionis
1518 1809 1588 1853 ipso
1609 1810 1691 1843 facto
1709 1810 1946 1849 incurrendam,
1965 1809 2006 1842 ei·

1268 1862 1406 1904 demque
1432 1872 1556 1904 poenae
1577 1862 1751 1894 subiiciens
1769 1861 1942 1895 canonicos
1959 1871 2007 1894 re·

1268 1916 1397 1958 gnlares
1423 1916 1610 1958 praedictos
1641 1915 1786 1948 caesarie
1819 1914 2007 1948 huiusmodi

1268 1974 1406 2008 utentes,
1428 1969 1490 2002 nisi
1508 1969 1596 2002 illam
1615 1969 1699 2001 intra
1718 1968 1890 2002 terminum
1909 1968 2007 2001 unius

1268 2022 1342 2054 anni
1378 2022 1601 2064 deponerent,
1626 2029 1723 2066 prout
1757 2022 1941 2055 continetur
1972 2021 2007 2055 in

1268 2077 1415 2110 eiusdem
1436 2076 1558 2109 Nicolai
1584 2076 1709 2109 abbatis
1735 2076 1898 2119 generalis
1919 2076 2007 2109 ordi-

1267 2130 1400 2163 natione
1422 2130 1542 2163 tenoris
1571 2130 1625 2173 qui
1650 2129 1802 2173 sequitur,
1832 2129 2005 2163 videlicet:

1306 2205 1436 2235 Nicolaitis
1460 2205 1610 2244 Gasparz'ni
1642 2205 1692 2235 Dei
1723 2209 1748 2234 et
1779 2204 1895 2235 Sanctae
1927 2204 2005 2235 Sedis

1266 2254 1429 2293 apostolicae
1448 2255 1541 2292 qratia
1562 2254 1641 2283 abbas
1662 2254 1776 2284 inclitae
1797 2253 1919 2283 abbatiae
1941 2263 2007 2282 san-

1267 2303 1303 2332 cti
1324 2301 1438 2332 Antonii
1473 2302 1654 2340 Viennensis,
1677 2312 1781 2331 necnon
1813 2302 2008 2331 canonicorum

1267 2350 1437 2389 reyulari'um
1458 2351 1547 2380 sancti
1568 2350 1725 2388 Auyusffini,
1751 2349 1864 2380 Ordinis
1885 2351 2007 2380 eiusdem

1267 2401 1355 2429 saneti
1378 2399 1492 2429 Antonii
1503 2400 1595 2438 magni
1608 2399 1710 2428 abbatis
1722 2400 1849 2438 superior
1858 2399 2005 2437 generalis.

1307 2461 1351 2491 Ad
1373 2470 1542 2501 supremum
1575 2461 1668 2491 sancti
1690 2461 1807 2491 Ordinis
1839 2460 1932 2490 nostri
1961 2470 2006 2491 re-

1267 2510 1364 2548 gimen
1379 2533 1387 2548 ‚
1410 2509 1571 2549 imparibus
1594 2509 1662 2540 lieet
1683 2509 1797 2539 meritis
1814 2533 1821 2544 ,
1846 2508 1948 2539 divine,
1976 2509 2006 2540 id

1268 2558 1387 2588 iubente
1410 2558 1607 2598 providentia,
1625 2558 1731 2595 vocati,
1749 2566 1866 2588 sacrum
1888 2557 2007 2596 religio-

1268 2617 1317 2638 sae
1338 2607 1514 2648 disciplinae
1544 2606 1710 2648 depositum
1739 2606 1884 2639 illibatum
1917 2610 2005 2647 atque

2003 230 2053 254 An.
2069 228 2088 254 t:
2122 221 2210 260 1739}
