2232 3178
28 190 77 217 An.
97 185 126 214 C.
141 185 210 213 1737

218 233 272 266 riis
297 231 523 265 ecelesiasticis
547 241 659 263 verum
685 235 716 263 et
740 230 865 264 actuale
891 239 957 262 ser-

218 284 327 317 vitium
353 289 566 327 praestantes.

28 341 208 389 fingi-*nrffgfcgggg
268 349 281 368 «
307 337 465 380 Insuper,
493 337 568 380 quia
605 348 641 370 ex
675 337 738 370 illis
768 336 864 370 etiam
903 335 955 378 qui

28 391 252 445 223521fl;;23{4122213in
279 396 398 423 sortem
425 390 552 423 Domini
578 391 680 423 vocati
714 395 802 429 sunt,
838 389 956 432 quique

27 447 180 473 nnuss⁴⁰d³³¹·
219 443 290 477 attis
315 443 617 486 irreprehensibilis
641 448 673 476 et
690 443 728 475 ab
749 442 835 475 omni
862 442 958 484 culpa

219 503 251 529 et
275 496 400 529 macula
425 496 580 529 immunis
615 496 699 528 vitae
737 506 773 528 ac
804 494 956 527 virtutum

219 551 368 593 exemplo
407 551 598 593 praelucere
635 549 820 587 deberent,
858 547 957 590 aliqui

218 603 383 636 interdum
408 603 620 646 reperiuntur
644 603 727 635 adeo
764 611 840 634 suae
865 611 957 633 voca-

218 656 316 689 tionis
331 657 548 694 immemores,
563 661 606 695 ut,
621 656 810 699 impellente
825 653 958 686 hnmani

219 708 348 751 generis
367 709 471 748 hoste,
491 708 640 750 pluribus
659 707 756 740 etiam
774 706 958 740 homicidiis

219 773 332 795 manns
365 772 439 794 suas
473 767 646 794 cruentare
681 770 747 793 non
784 760 960 803 perhorre-

218 821 327 848 scant:
347 825 413 853 nos,
428 824 656 857 perversorum
675 822 958 856 quorumcumque

218 868 360 901 malitiae
386 867 582 901 obviandum
601 877 685 906 esse,
706 876 770 898 non
789 865 961 907 indulgen-

218 922 313 962 dum,
338 921 441 964 probe
478 920 725 962 intelligentes,
750 919 788 951 ad
823 918 959 952 istorum

218 985 347 1019 quoque
374 974 583 1007 fraenandam
604 973 825 1017 pervicaciam,
845 983 961 1015 perpe-

218 1034 273 1061 tuo
298 1028 409 1061 itidem
431 1027 611 1067 statuimus,
630 1026 715 1070 quod
738 1026 873 1059 clerIcus
899 1026 961 1069 pri-

217 1092 288 1115 mae
317 1087 468 1114 tonsurae
487 1082 611 1113 nullum
638 1080 833 1112 beneficium
859 1081 961 1112 eccle-

218 1135 382 1168 siastieum
408 1134 573 1172 obtinens,
602 1133 727 1166 tametsi
754 1133 960 1166 conditiones

218 1188 346 1222 clericis
369 1188 557 1221 huiusmodi
574 1199 591 1220 a
605 1187 751 1220 Concilio
770 1187 960 1219 Tridentino

218 1242 437 1285 praescriptas
462 1241 640 1274 servaverit
675 1251 709 1272 ac
743 1246 872 1280 servet,
900 1250 959 1282 pro

219 1295 344 1328 dnobus
370 1300 476 1328 tamen
509 1294 717 1334 homicidiis,
744 1294 852 1326 animo
880 1294 960 1326 deli-

217 1349 330 1381 berato
356 1354 387 1381 et
412 1348 649 1391 praemeditato
676 1358 734 1390 per
759 1358 832 1380 eum
856 1353 962 1391 patra-

218 1402 267 1442 tis,
293 1402 464 1445 privilegio
486 1401 547 1435 sori
575 1407 606 1434 et
631 1401 765 1434 canonis
792 1401 823 1433 in
850 1400 959 1434 odium

219 1456 296 1488 tanti
322 1457 474 1488 excessus
500 1460 531 1488 et
564 1455 601 1488 ad
636 1455 772 1488 aliorum
801 1460 959 1488 terrorem

218 1514 370 1548 exuatur,
407 1512 436 1541 et
472 1508 517 1540 uti
559 1508 790 1550 incorrigibilis
827 1508 960 1541 omnino

218 1561 375 1594 saeculari
411 1561 565 1604 potestati
601 1561 809 1601 subiiciatur,
844 1561 883 1594 ab
925 1562 960 1594 ea

219 1620 381 1658 tamquam
407 1615 508 1647 laicus
549 1614 702 1657 legitimis
740 1615 856 1659 poenis
893 1616 961 1659 ple-

219 1669 371 1709 ctendus;
399 1669 535 1701 clericus
562 1679 694 1712 quoque
722 1669 753 1702 in
779 1669 961 1702 minoribus

218 1722 388 1755 ordinibus
421 1722 640 1763 constitutus,
666 1733 725 1755 nec
759 1723 880 1766 pariter
904 1723 962 1756 be-

219 1776 408 1815 neticiatuS,
445 1786 504 1809 nec
541 1777 744 1820 praescripta
777 1787 793 1809 a
818 1776 961 1810 Concilio

219 1829 408 1863 Tridentino
434 1840 584 1870 servans,
612 1836 673 1863 tam
711 1831 841 1863 coelebs
867 1841 961 1874 quam

220 1883 431 1926 coniugatus,
457 1883 490 1915 in
528 1884 632 1916 causis
670 1883 838 1916 homicidii
876 1884 962 1917 dicto

219 1937 391 1980 privilegio
418 1936 477 1969 sori
504 1947 568 1969 non
594 1937 742 1979 gaudeat,
770 1947 874 1980 eoque
901 1937 964 1981 pri-

220 1995 310 2024 vatus
342 1996 522 2030 remaneat,
554 2001 660 2034 neque
694 2002 710 2023 a
735 1992 869 2034 proprio
896 1991 964 2034 epi-

222 2054 322 2087 scopo
355 2055 412 2077 seu
447 2043 620 2077 Ordinario
646 2045 765 2088 repeti,
791 2045 962 2088 minusque

221 2097 365 2131 habitum
393 2098 593 2139 clericalem,
623 2109 718 2141 quem
746 2098 880 2142 indigne
907 2099 964 2131 ab-

222 2150 320 2191 iecit,
349 2162 551 2184 reassumere
578 2151 702 2195 possit,
730 2152 792 2184 nisi
819 2158 892 2195 post
916 2157 962 2185 to-

224 2204 332 2236 taliter
350 2204 509 2248 expiatam
527 2204 657 2238 admissi
678 2204 786 2238 delicti
804 2216 962 2248 poenam;

223 2257 398 2291 declaratio
425 2263 553 2300 autem,
581 2269 620 2290 an
653 2269 729 2291 rens
755 2264 830 2292 ante
857 2264 963 2302 patra-

223 2315 288 2344 tum
325 2311 539 2344 homicidium
576 2311 734 2355 requisita
770 2322 786 2344 a
818 2311 963 2346 Concilio

222 2363 411 2398 Tridentino
436 2366 623 2405 servaverit,
651 2365 689 2398 ad
717 2366 907 2409 episcopum
933 2377 964 2399 a·

223 2417 341 2450 liumve
359 2418 420 2452 loci
439 2418 645 2451 Ordinarium
664 2418 799 2452 omnino
821 2424 962 2463 spectet·‚

224 2481 290 2504 non
315 2472 476 2505 retardata
502 2472 635 2505 interim
669 2472 892 2516 delinquentis
918 2483 965 2505 as-

224 2525 428 2559 securatione
455 2525 602 2558 facienda
622 2526 717 2558 ctiam
738 2536 796 2569 per
822 2525 963 2559 iudicem

225 2577 342 2611 laicum
368 2579 498 2613 nomine
524 2577 701 2620 Ecclesiae,
728 2577 783 2622 qui
801 2578 892 2612 illum
910 2590 961 2623 pa-

842 180 982 205 CLEMENS
1006 180 1051 204 xt1
1075 181 1124 204 1¹1³.

1641 167 1705 201 309
1752 176 1802 201 An.
1824 176 1852 202 e.
1872 176 1938 203 1737

1001 229 1079 261 riter
1102 228 1264 261 Ecclesiae
1289 228 1421 261 nomine
1456 227 1494 260 ad
1521 227 1608 259 illius
1634 225 1744 267 dispo-

1001 282 1152 314 sitionem
1179 281 1322 314 retinere
1348 281 1505 324 possitae
1531 280 1660 319 debeat,
1687 283 1745 311 do-

1001 346 1062 368 nec
1087 336 1170 368 dicta
1196 335 1373 368 declaratio
1401 334 1574 377 prodierit:
1594 343 1745 377 quacum-

1003 400 1063 432 que
1101 389 1227 422 diversa
1261 399 1297 421 ac
1333 389 1428 421 etiam
1466 387 1630 421 contraria
1666 385 1744 418 iuris

1003 441 1151 474 canonici
1189 448 1218 474 et
1252 441 1505 484 apostolicarum
1543 439 1746 473 constitutio-

1003 505 1080 527 num
1106 495 1340 537 dispositione,
1366 505 1422 527 seu
1450 493 1744 537 interpretatione,

1003 558 1130 580 necnon
1157 548 1392 580 consuetudine
1412 547 1496 579 haud
1520 547 1719 589 refragante.

1052 613 1064 631 «
1091 601 1204 641 Porro,
1224 611 1297 633 cum
1324 600 1409 633 idem
1438 600 1632 633 Benedictus
1650 607 1942 642 p1·ae-ss.›ni›.i÷m1==xi1t

1756 635 1821 654 laicos
1834 634 1943 654 ‹ln-libera-

1004 655 1168 694 decessor,
1194 654 1453 686 animadvertens
1479 653 1657 686 homicidia
1684 653 1777 685 hu-t..
1793 667 1863 681 ammo
1886 662 1940 681 ..iem

1755 694 1834 707 crimen
1858 690 1941 713 patran-

1004 707 1142 740 iusmodi
1176 717 1234 740 suo
1269 706 1365 739 etiam
1404 711 1550 749 tempore
1578 705 1932 738 increbre-te<mmmmm

1003 771 1113 801 scere,
1134 771 1192 793 nec
1213 760 1319 792 minus
1342 771 1438 803 quam
1461 760 1523 792 alia
1543 759 1686 791 facinora
1712 759 1743 790 in
1757 742 1941 788 iiz'uei'eissi'ssiu'f”²¹'

1004 814 1127 847 celebri
1153 813 1389 846 constitutione
1415 813 1491 846 dicti
1513 812 1661 855 Gregorii
1682 812 1743 845 xlv

1005 868 1099 901 etiam
1125 866 1397 910 praedecessoris,
1424 877 1505 909 quae
1532 865 1645 908 incipit
1664 867 1745 898 Cum

1004 921 1100 961 alitis,
1128 921 1298 959 recensita,
1317 920 1465 964 publicae
1485 919 1584 962 quieti
1605 919 1744 959 officere,

1005 984 1063 1018 pro
1089 974 1254 1006 commissi
1281 973 1340 1005 sibi
1371 972 1541 1015 apostolici
1568 972 1662 1004 officii
1691 972 1747 1004 de-

1005 1029 1083 1068 bito,
1110 1038 1169 1071 per
1186 1027 1386 1070 praedictam
1413 1037 1504 1058 snam
1530 1036 1615 1058 anno
1641 1025 1746 1057 lncar-

1005 1081 1147 1114 nationis
1180 1080 1364 1113 dominicae
1401 1089 1570 1118 nnccxxv,
1606 1089 1637 1111 vi
1672 1079 1744 1111 idus

1005 1134 1099 1174 iunii,
1127 1135 1179 1166 cui
1204 1133 1332 1166 initium
1364 1138 1411 1166 est
1447 1133 1498 1166 Ex
1528 1143 1592 1176 quo
1616 1131 1744 1172 divina,

1005 1190 1184 1230 evulgatam
1211 1187 1489 1225 constitutionem,
1509 1186 1617 1225 laicos,
1636 1185 1746 1218 animo

1005 1242 1240 1285 praemeditato
1277 1252 1313 1274 ac
1345 1241 1527 1274 deliberato
1565 1240 1747 1283 proximum

1005 1306 1096 1328 suum
1116 1295 1361 1335 interficientes,
1378 1295 1417 1327 ab
1435 1294 1675 1327 ecclesiasticae
1691 1294 1748 1326 im-

1005 1350 1173 1382 munitatis
1199 1348 1363 1382 beneficio
1382 1348 1555 1382 excluserit
1572 1354 1603 1380 et
1620 1348 1749 1391 repule-

1005 1403 1057 1443 rit,
1074 1413 1109 1435 ac
1123 1413 1183 1445 pro
1200 1402 1340 1435 exclusis
1358 1407 1455 1445 atque
1473 1401 1614 1445 repulsis
1634 1401 1746 1433 haberi

1004 1457 1160 1488 voluerit:
1179 1466 1248 1495 nos,
1265 1456 1306 1488 ob
1326 1455 1518 1498 gliscentem
1538 1455 1568 1486 in
1589 1455 1657 1487 dies
1673 1464 1748 1497 qno-

1006 1508 1152 1541 rumdam
1168 1507 1462 1541 ecelesiasticorum
1484 1507 1667 1550 nequitiam,
1683 1507 1747 1549 qui,

1006 1562 1093 1595 nulla
1121 1560 1246 1604 proprii
1272 1566 1372 1593 status
1398 1560 1508 1593 habita
1528 1561 1664 1599 ratione,
1683 1570 1747 1592 non

1007 1625 1079 1647 raro
1105 1615 1138 1646 in
1163 1614 1244 1646 adeo
1269 1613 1425 1647 nefarium
1453 1613 1747 1655 detestandumque

1006 1667 1126 1700 crimen
1152 1667 1388 1711 prolabuntur,
1420 1667 1562 1710 ipsarum
1599 1665 1747 1708 Gregorii

1006 1728 1037 1754 et
1050 1720 1217 1754 Benedicti
1237 1721 1527 1764 praedecessorum
1546 1719 1748 1753 constitutio-

1008 1775 1114 1815 nibus,
1142 1784 1221 1817 quas
1248 1784 1347 1817 supra
1372 1773 1630 1807 confirmavimus
1649 1779 1747 1816 atque

1007 1828 1239 1867 innovavimus,
1267 1827 1485 1866 inhaerentes,
1512 1832 1559 1867 et,
1586 1831 1746 1870 quatenus

1007 1892 1089 1924 opus
1114 1881 1165 1921 sit,
1195 1880 1366 1913 criminum
1392 1881 1424 1913 in
1450 1880 1514 1914 illis
1536 1885 1747 1923 exceptorum

1007 1945 1079 1968 reos
1118 1934 1324 1967 immunitate
1372 1934 1590 1968 ecclesiastica
1625 1944 1748 1976 nequa-

1008 1997 1103 2031 quam
1131 1987 1230 2019 iuvari
1264 1986 1381 2020 iterum
1408 1987 1634 2027 decernentes,
1662 1997 1748 2019 eam—

1008 2042 1079 2074 dem
1108 2040 1276 2074 Benedicti
1302 2041 1563 2084 praedecessoris
1590 2039 1748 2073 constitu-

1009 2095 1150 2136 tionem,
1176 2095 1286 2135 laicos,
1314 2095 1422 2128 animo
1447 2094 1685 2139 praemeditato
1712 2105 1747 2126 ac

1008 2150 1188 2183 deliberato
1214 2149 1397 2192 proximum
1425 2159 1518 2182 suum
1550 2149 1632 2181 sicut
1657 2158 1748 2191 prae-

1008 2203 1145 2236 mittitur
1183 2201 1431 2242 interficientes,
1464 2214 1481 2234 a
1506 2200 1665 2234 beneficio
1692 2201 1747 2232 im-

1007 2256 1174 2289 munitatis
1192 2254 1434 2289 ecclesiasticae
1454 2255 1692 2291 excludentem,
1709 2254 1746 2286 ad

1008 2310 1094 2354 ipsos
1122 2310 1383 2349 ecclesiasticos,
1411 2309 1643 2350 cuiuscumque
1677 2317 1747 2349 gra—

1009 2364 1068 2397 dus
1093 2369 1125 2397 ct
1151 2363 1275 2396 ordinis
1301 2363 1449 2402 existant,
1475 2362 1506 2394 in
1533 2361 1615 2394 Urbe
1642 2371 1678 2393 ac
1713 2371 1748 2391 u-

1008 2418 1134 2450 niversa
1160 2416 1281 2450 ditione
1308 2416 1402 2448 nobis
1439 2421 1470 2448 ct
1502 2414 1576 2447 Sedi
1610 2415 1747 2456 Aposto-

1008 2471 1087 2503 licae
1113 2470 1252 2503 mediate
1289 2470 1338 2502 vel
1376 2467 1560 2501 immediate
1586 2467 1745 2505 subiecta,

1009 2523 1221 2557 homicidium
1252 2522 1359 2555 animo
1385 2521 1533 2554 similiter
1564 2520 1748 2564 praemedi-

1008 2583 1073 2612 tato
1092 2589 1127 2611 ac
1146 2577 1328 2611 deliberato
1347 2580 1524 2619 patrantes,
1543 2574 1746 2608 extendimus
