2232 3178
55 187 106 215 An.
125 185 158 213 C.
174 184 244 213 17⁴0

870 182 1014 208 CLEMENS
1039 182 1086 207 ΧΠ
1111 183 1160 208 ΡΡ.

251 236 310 263 tum
335 232 371 263 ad
394 236 510 273 tempus
529 233 718 273 suspendere,
738 232 895 263 constituto
912 232 992 272 prius

250 289 425 319 oeconomo,
456 281 545 321 idque
580 281 615 311 de
652 290 797 311 consensu
832 289 992 318 congrega-

251 329 338 359 tionis
373 329 625 368 hegumenorum,
659 330 694 360 de
729 330 764 359 iis
797 338 882 363 vero,
918 337 992 367 quae

250 377 353 408 Ordini
389 383 489 408 nostro
524 379 753 418 relinquuntur,
792 378 815 406 si
855 377 991 406 dominus

250 431 362 457 certum
380 428 589 457 monasterium
602 431 651 457 aut
667 427 896 456 determinatum
911 425 991 464 pium

251 582 368 602 munem
392 572 510 603 Ordinis
542 573 697 603 utilitatem
727 572 922 608 iudicaverit3
956 589 990 592 ὴ

250 675 282 700 ut
314 669 432 700 Ordinis
470 670 695 700 constitutiones
730 669 839 709 ubique
874 679 992 699 servan-

250 719 300 749 das
323 723 424 756 curet,
454 718 492 748 ita
527 719 562 749 ad
596 728 662 749 eum
695 722 807 758 spectat
829 727 886 748 non
909 717 992 747 modo
1013 722 1014 729 ¹

1013 762 1015 771 '
1036 775 1113 803 cere,
1128 774 1201 805 quae
1221 764 1341 794 abbates
1356 765 1571 804 provinciarum
1589 769 1616 794 et
1632 768 1776 793 monaste-

250 767 367 798 easdem
392 767 617 798 constitutiones
646 767 852 807 interpretari,
877 767 992 806 quando

251 817 373 847 dubium
395 816 513 856 aliquod
535 817 718 854 occurrerit,
742 816 790 846 sed
815 816 914 853 etiam,
943 815 991 846 ubi

251 876 323 905 opus
345 871 399 904 est,
420 866 450 895 in
479 866 515 895 iis
542 875 616 905 quae
645 865 782 895 accidunt
805 874 842 894 ex
864 865 941 895 iusta
964 870 993 895 et

254 914 388 953 legitima
420 915 509 945 causa
541 924 606 944 cum
636 914 784 953 aliquibus
807 914 992 953 dispensare,

250 964 368 1003 regulae
396 965 484 994 finem
512 964 664 1002 intuendo,
688 964 737 1004 qui
766 964 841 994 alius
870 973 926 993 non
950 967 993 993 est

252 1023 338 1053 quam
373 1014 466 1043 maius
496 1013 550 1043 Dei
584 1013 776 1052 obsequium,
811 1017 839 1042 et
875 1013 991 1042 illorum

251 1061 300 1101 qui
334 1061 387 1091 hoc
416 1061 584 1091 institutum
613 1066 806 1100 susceperunt
834 1061 943 1090 utilitas
965 1065 993 1090 et

252 1111 420 1150 prosectus3
444 1121 502 1141 non
525 1115 568 1141 est
592 1116 687 1141 autem
719 1111 896 1140 censendum
926 1120 991 1140 eum

251 1160 439 1199 dispensare,
463 1160 520 1190 nisi
551 1169 717 1200 expressam
751 1159 992 1189 constitutionum

252 1210 431 1240 mentionem
452 1210 539 1239 saciat
560 1209 589 1239 in
613 1209 720 1248 quibus
743 1209 909 1248 dispensat3
935 1218 991 1238 non

251 1263 347 1298 potest
365 1264 460 1289 tamen
477 1259 702 1289 constitutiones
719 1259 747 1288 in
765 1257 992 1296 congregatione

251 1308 383 1346 generali
412 1308 470 1338 iam
503 1307 679 1347 approbatas
712 1308 830 1338 omnino
852 1307 993 1345 abrogare

251 1361 300 1387 aut
331 1357 466 1393 irritare3
497 1374 536 1379 —
571 1357 632 1396 140,
666 1357 742 1387 sicut
775 1361 870 1396 potest
903 1356 993 1386 abbas

256 1406 403 1445 generalis
432 1407 523 1436 nostri
546 1405 663 1436 Ordinis
685 1406 844 1436 monachos
866 1416 900 1436 ex
922 1405 994 1444 legi-

253 1454 327 1484 tima,
363 1455 452 1485 causa
489 1455 615 1485 vinculis
653 1464 844 1485 censurarum
881 1454 993 1493 ligare,

252 1504 292 1534 ita
318 1504 432 1544 plenam
463 1505 629 1535 facultatem
651 1504 738 1535 babet
761 1505 876 1534 eosdem
900 1503 995 1534 absol-

252 1553 340 1583 vendi
363 1552 398 1583 ab
420 1553 557 1584 omnibus
589 1553 722 1584 censuris
751 1553 907 1583 contractis
930 1557 994 1592 post

251 1601 415 1640 ingressum
448 1602 621 1640 religioni83
645 1602 801 1632 dummodo
829 1611 913 1632 casus
935 1611 994 1632 non

252 1650 313 1679 sint
336 1650 477 1680 reservati
511 1651 647 1690 episcopo
680 1655 730 1680 aut
751 1650 994 1680 reverendissimo

252 1698 371 1728 domino
395 1699 589 1738 patriarchae,
608 1708 732 1738 quorum
756 1704 854 1729 notam
874 1699 948 1738 apud
964 1708 994 1729 se

252 1747 428 1786 descriptam
462 1747 597 1785 habebit,
622 1753 653 1778 ut
687 1748 760 1778 sciat
791 1748 898 1778 limites
927 1757 995 1778 suae

253 1796 419 1835 potestatis,
445 1801 502 1826 tam
526 1797 619 1836 quoad
643 1797 858 1827 absolutionem
884 1807 898 1827 a
928 1807 996 1827 cen-

252 1845 344 1884 suris,
369 1855 456 1885 quam
479 1846 575 1885 quoad
598 1846 848 1886 dispensationem
872 1846 901 1876 in
925 1847 996 1876 irre-

252 1894 429 1932 gularitate3
465 1912 501 1916 —
535 1895 606 1934 15⁰,
643 1899 737 1934 potest
767 1905 851 1925 casus
883 1895 996 1935 aliquos

252 1943 282 1973 in
307 1947 366 1974 toto
388 1943 497 1974 Ordine
519 1943 575 1973 sibi
608 1947 636 1973 et
657 1943 810 1974 abbatibus
834 1944 997 1984 provincia-

252 2001 317 2022 rum
341 1996 390 2022 aut
414 1993 657 2022 monasteriorum
681 2002 841 2031 reservare,
858 2003 872 2022 a
889 1993 996 2032 quibus

253 2041 383 2080 deputati
405 2041 438 2071 ad
462 2041 620 2071 audiendas
653 2041 861 2072 monachorum
884 2043 996 2072 conses-

254 2089 372 2127 siones,
396 2090 453 2120 nisi
477 2090 575 2120 habita
607 2090 643 2120 ab
666 2090 728 2130 ipso
761 2095 809 2120 aut
841 2090 997 2121 abbatibus

253 2139 385 2177 licentia,
402 2138 552 2169 absolvere
571 2143 736 2178 nequeant3
754 2139 818 2169 illos
835 2144 930 2170 tamen
947 2140 997 2170 de—

253 2186 302 2218 bet
323 2188 352 2217 in
376 2189 445 2217 nota
467 2197 643 2227 expressos,
667 2192 695 2218 et
718 2188 746 2218 in
770 2190 997 2227 congregatione

254 2235 486 2274 liegumenorum
510 2236 686 2276 approbatos
701 2261 708 2275 ,
733 2237 884 2267 monachis
907 2238 998 2276 signi-

254 2286 363 2322 ficare3
393 2303 432 2308 --
460 2285 533 2323 160,
558 2295 623 2315 cum
658 2285 747 2315 abbas
776 2286 921 2324 generalis
955 2291 996 2316 ta-

254 2334 331 2364 lenta
355 2333 526 2364 hominibus
549 2334 641 2364 nostri
672 2334 790 2365 Ordinis
817 2334 921 2365 donata
952 2346 998 2365 eo-

254 2393 395 2422 gnoscere
417 2383 531 2421 debeat,
556 2383 650 2414 officia
673 2384 891 2422 magistrorum,
916 2393 999 2423 prae-

255 2433 431 2471 dicatorum,
449 2432 694 2462 confessariorum
714 2436 741 2462 et
759 2432 814 2462 alia
832 2433 998 2463 huiusmodi

255 2491 307 2522 per
322 2491 353 2512 se
375 2480 552 2512 distribuere
576 2485 681 2521 potest,
699 2484 749 2511 aut
764 2480 917 2512 abbatibus
934 2492 998 2521 pro-

255 2531 419 2562 vinciarum
451 2531 512 2562 sive
528 2531 774 2562 monasteriorum
794 2531 997 2562 distribuenda

254 2581 457 2612 committere:
475 2580 509 2611 ad
523 2581 599 2612 hunc
623 2585 720 2612 autem
738 2580 824 2611 finem
848 2585 930 2612 curet
946 2590 997 2621 per

1034 231 1153 262 abbates
1176 231 1395 271 provinciarum
1409 236 1437 262 et
1453 230 1697 262 monasteriorum
1714 239 1775 260 cer<

1035 280 1092 310 tior
1113 280 1196 310 reddi
1219 281 1253 311 de
1276 285 1350 310 statu
1374 281 1505 311 omnium
1529 280 1774 310 monasteriorum

1035 327 1079 357 bis
1095 329 1198 358 saltem
1221 329 1250 358 in
1273 338 1360 365 anno⁷
1379 329 1446 359 item
1463 329 1497 359 de
1514 337 1635 358 numero
1654 332 1680 357 et
1707 337 1776 367 qua<

1013 399 1014 410 ,
1034 377 1164 407 litatibus
1187 378 1415 407 monachorum:
1440 378 1493 408 etsi
1527 387 1595 407 vero
1617 377 1682 406 aliis
1704 377 1777 406 inse-

1013 444 1014 462 ,
1034 425 1163 455 rioribus
1185 425 1340 455 abbatibus
1356 435 1438 455 suam
1461 426 1627 455 facultatem
1647 434 1777 455 commu-

251 484 325 514 opus
347 485 406 506 non
429 476 643 514 designaverit,
666 475 772 514 poterit
794 474 883 504 abbas
905 483 992 512 gene·
1013 491 1014 497 1

250 524 319 554 ralis
351 524 526 564 disponere,
558 528 643 564 prout
676 523 813 563 expedire
845 523 880 552 ad
914 527 1014 552 com-³

1035 475 1134 511 nicet,
1158 476 1264 514 poterit
1294 480 1389 505 tamen
1418 475 1579 514 approbare
1603 475 1645 503 vel
1668 474 1777 503 rescin-

1034 522 1103 552 dere
1125 523 1202 562 quod
1224 523 1266 553 illi
1290 524 1422 561 fecerint,
1439 524 1512 553 etin
1536 523 1681 558 omnibus,
1699 522 1775 561 quod

1013 570 1203 609 ³videbitur,
1231 572 1430 609 constituere,
1459 578 1485 602 et
1511 581 1627 610 semper
1655 572 1680 600 ei
1710 571 1778 600 obe-

251 622 313 658 130,
337 621 413 651 sieut
444 621 480 651 ad
512 621 646 651 abbatem
675 621 841 660 generalem
865 621 992 660 pertinet
1013 616 1014 622 ¹

1035 621 1176 650 dientiam
1199 630 1232 650 ac
1254 621 1447 651 reverentiam
1475 621 1510 650 ab
1533 620 1668 650 omnibus
1694 629 1776 659 prae-

1035 668 1107 697 stari
1139 668 1308 707 oportebit3
1339 686 1373 690 —-
1404 668 1466 706 170,
1494 672 1588 706 potest
1616 666 1704 696 abbas
1729 676 1777 704 ge-

1035 716 1144 746 neralis
1166 716 1264 746 omnia
1287 721 1314 746 et
1336 716 1450 754 singula
1474 718 1502 745 in
1527 720 1586 745 toto
1609 715 1716 745 Ordine
1738 715 1777 744 sa-

1036 815 1146 845 riorum
1170 814 1199 844 in
1224 814 1284 843 suis
1308 813 1466 853 provinciis
1482 817 1509 843 et
1527 813 1731 847 monasteriis,
1750 816 1778 841 et

1035 864 1157 903 insuper
1180 863 1276 893 omnia
1300 863 1370 900 illa,
1400 872 1473 902 quae
1503 862 1528 891 ei
1558 871 1610 901 per
1637 861 1776 891 constitu-

1037 914 1131 943 tiones
1153 916 1353 942 reservantur.
1371 929 1407 934 -—
1429 912 1559 951 Denique
1582 911 1668 940 abbas
1691 920 1778 948 gene-

1036 962 1106 992 ralis
1121 985 1128 999 ‚
1153 966 1181 991 et
1203 961 1381 1001 quicumque
1415 960 1468 990 hac
1496 960 1638 998 dignitate
1660 960 1778 989 functus

1037 1011 1143 1045 suerit,
1169 1014 1263 1049 potest
1286 1010 1327 1040 uti
1350 1010 1435 1039 mitra
1463 1015 1491 1039 et
1514 1009 1617 1039 baculo
1639 1008 1778 1048 pastorali

1036 1061 1065 1090 in
1089 1060 1222 1089 ecclesiis
1245 1059 1490 1088 monasteriorum
1520 1062 1687 1087 nostrorum
1716 1061 1779 1086 tan-

1037 1114 1096 1139 tum
1111 1131 1118 1145 ‚
1142 1113 1226 1138 extra
1250 1112 1346 1138 autem
1369 1107 1435 1137 illas
1462 1106 1580 1137 nonnisi
1602 1115 1668 1136 cum
1692 1106 1779 1135 sacul-

1037 1162 1094 1188 tate
1116 1157 1354 1187 reverendissimi
1386 1156 1497 1186 domini
1525 1156 1707 1195 patriarchae
1729 1160 1779 1185 aut

1036 1207 1195 1238 Ordinarii.

1075 1265 1117 1286 111.
1141 1256 1177 1286 [t
1195 1255 1290 1285 officio
1306 1264 1359 1285 suo
1375 1254 1464 1285 abbas
1479 1253 1626 1293 generalis
1643 1253 1697 1283 rite
1717 1253 1780 1283 sun-

1037 1311 1138 1345 gatur‚
1169 1305 1275 1335 debet:
1305 1323 1334 1326 -
1363 1305 1403 1343 10,
1427 1304 1525 1334 statim
1557 1308 1645 1343 atque
1667 1303 1778 1333 electus

1037 1356 1095 1393 sit,
1119 1355 1231 1385 litteras
1254 1354 1289 1384 ad
1311 1353 1408 1384 onmia
1441 1353 1617 1383 monasteria
1641 1353 1756 1382 mittere
1771 1377 1778 1391 ,

1038 1403 1145 1444 quibus
1161 1403 1318 1433 monachos
1335 1403 1369 1432 ad
1386 1402 1505 1441 regulae
1524 1401 1780 1432 constitutionum-

1038 1463 1094 1493 que
1127 1452 1344 1483 observantiam
1381 1451 1482 1482 sedulo
1518 1451 1706 1488 cohortetur3
1741 1466 1780 1471 —

1038 1505 1081 1541 20,
1099 1503 1188 1532 semel
1211 1501 1342 1541 quolibet
1364 1511 1440 1531 anno
1461 1501 1651 1539 monasteria,
1676 1500 1778 1530 saltem

1038 1552 1180 1582 viciniora
1204 1561 1255 1591 per
1277 1551 1405 1590 seipsum
1420 1574 1427 1585 ,
1452 1550 1609 1580 remotiora
1637 1559 1706 1579 vero
1729 1558 1781 1588 per

1038 1610 1068 1631 se
1086 1601 1130 1630 vel
1154 1609 1204 1639 per
1227 1599 1368 1630 vicarium
1391 1599 1509 1636 visitet,
1526 1599 1663 1628 adiuncto
1679 1599 1705 1628 ei
1721 1607 1780 1627 uno

1039 1658 1076 1679 ex
1104 1649 1254 1679 monachis
1286 1648 1411 1678 maxime
1443 1647 1577 1685 idoneis,
1601 1651 1780 1686 acceptoque

1040 1698 1121 1738 prius
1138 1697 1173 1727 ab
1196 1697 1254 1727 illis
1273 1697 1439 1727 iuramento
1456 1697 1490 1726 de
1507 1696 1649 1726 servanda
1666 1695 1781 1725 iustitia

1039 1752 1067 1778 et
1082 1752 1195 1778 secreto
1218 1747 1407 1785 visitationis,
1425 1756 1511 1785 quam
1536 1750 1635 1785 postea
1653 1745 1781 1775 subscri-

1041 1796 1139 1836 ptione
1171 1795 1292 1835 propria
1320 1795 1465 1825 firmatam
1497 1795 1651 1834 sigilloque
1684 1794 1781 1824 muni-

1041 1850 1098 1875 tam
1127 1844 1162 1874 ad
1195 1854 1225 1874 se
1259 1843 1484 1882 transmittant,
1509 1843 1552 1872 vel
1587 1843 1781 1882 personaliter

1040 1893 1210 1924 accedentes
1233 1892 1412 1930 exhibeant,
1442 1911 1480 1915 —
1503 1893 1546 1930 3⁴³,
1570 1891 1673 1922 habeat
1704 1891 1780 1931 apud

1039 1952 1069 1973 se
1093 1943 1189 1973 omnia
1212 1942 1397 1979 documenta,
1415 1951 1489 1981 quae
1505 1942 1539 1971 ad
1562 1941 1700 1971 Ordinem
1717 1950 1781 1980 spe-

1040 1996 1141 2029 etant3
1167 1991 1329 2030 catalogum
1360 1991 1459 2021 itidem
1482 1991 1613 2020 omnium
1638 1994 1781 2020 monaste-

1040 2041 1150 2071 riorum
1174 2050 1239 2071 cum
1271 2041 1331 2071 suis
1363 2040 1528 2070 redditibus
1561 2044 1588 2070 et
1620 2039 1778 2073 oneribus,

1040 2095 1067 2121 et
1090 2091 1214 2121 alterum
1248 2099 1437 2130 personarum
1471 2090 1623 2128 omnium,
1648 2099 1722 2129 quae
1751 2089 1781 2119 in

1040 2140 1143 2180 quovis
1175 2139 1352 2170 monasterio
1386 2144 1564 2177 versantur,
1599 2138 1648 2169 ubi
1681 2147 1781 2168 eorum

1040 2189 1158 2219 nomina
1173 2192 1200 2218 et
1213 2188 1368 2228 qualitates
1385 2187 1562 2226 scribantur,
1581 2187 1618 2217 ita
1639 2191 1669 2217 ut
1685 2187 1781 2217 omnia

1042 2241 1191 2277 perspecta
1216 2237 1303 2267 habet
1320 2261 1327 2275 ,
1353 2241 1471 2276 tuteque
1506 2236 1657 2276 providere
1692 2235 1782 2275 possit

1041 2296 1115 2325 quae
1138 2286 1172 2315 ad
1195 2286 1316 2324 gloriam
1339 2285 1467 2315 divinam
1499 2285 1646 2324 pertinere
1669 2284 1782 2313 iudica-

1042 2336 1137 2373 verit3
1161 2351 1199 2355 -—
1222 2335 1265 2371 40,
1290 2333 1454 2364 rescribere
1477 2333 1593 2372 quidem
1624 2333 1658 2362 ad
1691 2332 1780 2361 abba-

1043 2388 1112 2422 tem,
1136 2383 1186 2423 qui
1210 2383 1278 2413 ordo
1303 2382 1445 2412 tenendus
1468 2382 1505 2411 sit
1529 2381 1557 2410 in
1581 2381 1705 2419 singulis
1731 2390 1782 2411 ne-

1041 2433 1126 2471 gotiis
1149 2432 1297 2471 rebusque
1315 2430 1412 2461 dubiis
1428 2431 1457 2460 in
1472 2430 1573 2469 quovis
1591 2430 1779 2466 monasterio,

1041 2482 1075 2512 ad
1098 2481 1232 2511 abbatem
1256 2480 1421 2519 generalem
1445 2484 1556 2519 spectat
1575 2489 1579 2507 z
1605 2479 1654 2508 sed
1677 2488 1782 2509 execu-

1041 2532 1149 2561 tionem
1183 2529 1339 2560 ordinariis
1373 2528 1548 2559 officialibus
1571 2528 1778 2558 demaudabit:

1039 2580 1185 2619 intelligat
1219 2581 1317 2619 itaque
1353 2578 1440 2609 rebus
1476 2578 1692 2609 universalibus
1725 2578 1779 2608 sibi

1674 172 1738 206 6⁵27
1785 181 1835 209 An,
1853 181 1884 209 c.
1904 181 1970 210 ¹740
