2232 3178
43 187 92 215 An.
114 189 143 214 C.
169 188 236 215 ¹734

239 240 327 276 tates,
353 234 473 279 oppida
489 262 496 276 ,
527 240 632 268 terras
657 240 689 269 et
713 236 785 269 loca
808 235 979 279 publicent

236 294 268 322 et
297 289 458 333 publicari
485 289 627 330 saciant,
659 289 896 333 ecclesiamque
922 300 978 322 seu

236 342 390 376 ecclesias
414 342 594 376 visitandas
615 342 799 386 designent.

66 410 80 430 Α
97 407 223 437 sumam-u<
278 395 293 439 ἓ
316 395 348 428 5.
374 394 443 428 Non
470 395 670 429 intendimus
688 400 795 428 autem
813 405 872 438 per
889 404 979 438 prae-

42 435 343 492 ‘''r‘ississi‘ss'ffl‘fieli'sentes
368 459 468 492 super
503 449 611 493 aliqua
647 448 887 491 irregularitate
924 459 980 492 pu-

41 491 125 517 mp't’
234 502 317 536 blica
340 502 390 535 vel
415 503 563 542 occulta,
588 504 685 542 nota,
711 501 839 535 defectu
857 528 864 542 ‚
892 501 979 535 inca-

234 555 376 599 pacitate
401 566 459 589 seu
485 555 692 589 inhabilitate
719 565 854 599 quoquo
879 555 977 589 modo

233 610 400 643 contracta
425 609 640 653 dispensare,
667 609 716 642 vel
749 608 890 652 aliquam
928 608 975 642 sa-

233 663 386 696 cultatem
403 662 559 695 tribuere
582 661 814 705 dispensandi,
839 672 895 695 seu
921 661 979 695 ha-

233 715 401 756 bilitandi‚
429 720 460 748 et
485 715 516 748 in
542 715 716 758 pristinum
749 720 864 748 statum
890 715 980 747 resti-

233 767 357 809 tuendi,
373 768 470 802 etiam
487 768 520 801 in
535 768 607 802 soro
622 768 854 809 conscientiae,
870 778 978 812 neque

231 822 356 866 pariter
373 822 503 855 easdem
522 827 715 866 praesentes
732 821 781 863 iis,
802 822 868 866 qui,
883 822 978 855 etiam

233 886 346 909 eorum
371 875 506 909 nomine
530 875 700 919 speciatim
726 885 790 908 non
813 885 977 918 expresso,

232 940 250 962 a
274 929 504 962 communione
528 929 559 962 S.
581 929 618 962 R.
639 929 673 962 E.
688 956 696 970 ‚
723 933 758 961 ut
780 928 978 972 praefertur,

233 982 418 1026 segregati,
455 993 512 1016 seu
550 993 567 1015 a
602 982 702 1016 Nobis
732 986 764 1014 et
788 981 978 1025 Apostolica

232 1035 324 1076 Sede,
344 1034 413 1069 aut¹
432 1035 472 1069 ab
490 1036 599 1080 aliquo
624 1035 772 1079 praelato
796 1036 846 1068 vel
871 1034 978 1068 indice

233 1088 455 1123 eeclesiastico
481 1088 750 1123 excommunicati
768 1114 775 1129 ‚
802 1088 952 1131 suspensi
970 1114 977 1128 ‚

232 1142 421 1183 interdicti,
460 1153 516 1175 seu
553 1143 632 1176 alias
670 1142 702 1174 in
738 1142 916 1175 sententias
949 1146 980 1175 et

232 1205 385 1229 censuras
411 1194 565 1228 incidisse
592 1195 748 1229 declarati
773 1196 823 1228 vel
849 1195 978 1238 publice

233 1248 419 1282 denunciati
450 1248 595 1289 suerint,
630 1248 691 1281 nisi
727 1248 813 1280 intra
852 1253 979 1292 tempus

233 1303 390 1336 dictarum
416 1302 550 1334 duarum
576 1301 857 1335 hebdomadarum
889 1302 979 1335 satis-

234 1355 395 1397 fecerint,
421 1361 476 1389 aut
511 1365 583 1388 cun]
617 1355 765 1399 partibus
802 1356 980 1389 concorda-

233 1411 361 1451 verint,
389 1410 456 1444 ullo
481 1409 580 1443 modo
605 1408 775 1452 suffragari
801 1420 896 1454 posse
925 1415 981 1443 aut

236 1463 371 1497 dehere.

279 1518 295 1562 ἓ
319 1517 349 1551 6.
377 1517 445 1551 Non
468 1516 674 1550 obstantibus
690 1517 981 1551 constitutionibus

235 1576 266 1604 et
286 1570 550 1605 ordinationibus
568 1571 768 1614 apostolicis,
786 1571 981 1614 praesertim

93 1525 224 1545 Obstantlum

39 1550 157 1577 derogatio.

234 1624 353 1667 quibus
380 1624 515 1656 facultas
529 1623 721 1656 absolvendi
737 1623 768 1656 in
788 1623 885 1657 certis
905 1630 981 1657 tunc
1001 1638 1003 1647 =

234 1676 397 1721 expressis
424 1676 551 1710 casibus
578 1676 621 1710 ita
648 1676 795 1710 Romano
830 1677 978 1711 Pontifici

232 1741 292 1775 pro
337 1736 486 1774 tempore
523 1730 675 1763 existenti
713 1736 898 1764 reservatur
945 1736 980 1764 ut

231 1795 292 1818 nec
316 1783 413 1817 etiam
438 1783 560 1817 similes
586 1785 636 1817 vel
663 1784 838 1818 dissimiles
872 1784 979 1819 indul-

230 1837 413 1881 gentiarum
439 1841 471 1870 et
491 1837 679 1871 facultatum
698 1837 885 1872 huiusmodi
904 1849 979 1872 eon·

231 1891 407 1931 cessiones,
434 1890 495 1924 nisi
523 1890 562 1924 de
583 1891 647 1924 illis
677 1901 832 1935 expressa
853 1892 978 1926 mentio

231 1949 286 1977 aut
321 1944 471 1988 specialis
505 1944 676 1988 derogatio
713 1944 789 1986 siat,
826 1945 1001 1990 cuiquam·

233 1997 402 2041 suffragari
428 2002 558 2042 queant,
584 2008 713 2032 necnon
732 1999 847 2042 regula
867 2001 978 2032 nostra

233 2051 272 2085 de
297 2061 361 2084 non
387 2051 607 2084 concedendis
633 2051 848 2095 indulgentiis
872 2052 911 2086 ad
930 2052 978 2085 in-

233 2109 308 2146 star,
327 2115 364 2138 ac
377 2115 659 2149 quorumcumque
678 2105 836 2139 Ordinum
855 2110 888 2139 et
901 2116 978 2139 con-

234 2158 463 2201 gregationum
493 2159 559 2192 sive
595 2159 817 2193 institutorum
851 2161 978 2203 regula-

236 2210 343 2252 rium,
369 2211 465 2245 etiam
491 2211 674 2246 iuramento
693 2240 701 2254 ,
729 2212 976 2247 confirmatione

235 2265 423 2308 apostolica,
449 2266 497 2299 vel
524 2266 637 2310 quavis
660 2266 809 2301 firmitate
834 2267 896 2301 alia
926 2278 977 2301 ro-

235 2317 358 2351 boratis
377 2345 384 2359 ,
422 2320 549 2353 statutis
587 2325 618 2354 et
654 2321 952 2354 consuetudinibus
971 2348 978 2362 ‚

235 2370 414 2414 privilegiis
439 2383 594 2417 quoque,
630 2374 766 2408 indultis
799 2380 830 2408 et
859 2375 977 2409 litteris

235 2424 446 2468 apostolicis,
479 2425 603 2460 eisdem
628 2426 821 2469 Ordinibus,
844 2438 976 2472 congre-

235 2477 421 2520 gationibus
447 2483 478 2511 et
502 2479 668 2520 institutis,
687 2480 888 2525 illorumque
906 2492 976 2526 per-

235 2530 324 2564 sonis
350 2532 597 2576 quomodolibet
634 2533 797 2567 concessis
817 2561 826 2576 ‚
860 2535 977 2569 contir-

271 2594 282 2621 l
305 2592 374 2620 Edit.
398 2593 479 2622 Μαίη.
499 2594 565 2630 legit
584 2598 616 2624 ut
636 2603 685 2631 pro
705 2598 756 2624 aut
775 2597 814 2632 (a.
830 2597 881 2633 τ.).

325 2648 409 2679 Ruit.
424 2650 508 2682 Rom.
526 2666 561 2672 —
581 2651 645 2680 Vol.
661 2651 764 2680 XXIV.
927 2651 944 2679 3

859 187 1002 212 CLEMENS
1029 188 1071 212 xn
1095 188 1144 213 PP.

1021 237 1116 270 matis
1142 241 1174 270 et
1198 236 1380 279 innovatis;
1408 239 1529 281 quibus
1555 239 1705 272 omnibus
1736 246 1767 273 et

1021 290 1172 332 singulis,
1199 291 1326 324 etiamsi
1354 292 1392 325 de
1413 292 1479 325 illis
1496 302 1672 336 eorumque
1692 294 1766 326 totis

1024 342 1191 375 tenoribus
1216 344 1369 386 specialis
1386 371 1394 383 ,
1421 344 1589 388 specifica,
1617 356 1766 388 expressa

1022 400 1053 427 et
1079 395 1269 437 individua,
1295 408 1360 431 non
1386 402 1492 430 autem
1518 408 1578 441 per
1604 399 1766 431 clausulas

1022 449 1194 490 generales
1219 449 1306 483 idem
1324 451 1552 493 importantes,
1568 452 1691 484 mentio
1709 462 1766 485 seu

1021 502 1153 544 quaevis
1178 503 1240 535 alia
1266 504 1432 546 expressio
1458 503 1630 544 habenda,
1657 510 1712 537 aut
1737 516 1768 538 a-

1022 554 1112 598 liqua
1137 555 1200 588 alia
1226 556 1386 598 exquisita
1412 557 1514 589 forma
1540 558 1578 589 ad
1605 558 1668 590 boc
1699 568 1763 590 ser-

1020 608 1126 640 vanda
1139 608 1231 648 soret,
1247 608 1376 642 illorum
1393 614 1524 642 tenores
1534 610 1765 652 praesentibus

1021 670 1081 702 pro
1106 660 1307 694 sufficienter
1332 662 1496 705 expressis
1522 673 1559 695 ac
1581 663 1716 696 sormam
1733 664 1767 696 in

1022 713 1069 746 eis
1096 714 1244 747 traditam
1270 725 1329 758 pro
1355 717 1479 748 servata
1507 716 1685 757 babentes,
1706 717 1767 750 hac

1023 768 1089 800 vice
1115 767 1306 810 specialiter
1330 768 1523 801 nominatim
1551 775 1582 802 et
1613 780 1767 813 expresse

1021 820 1061 853 ad
1087 820 1237 853 effectum
1263 821 1520 864 praemissorum
1550 822 1765 865 derogainus;

999 874 1203 917 ,ceterisque
1229 875 1402 907 contrariis
1429 876 1696 919 quibuscumque.

1064 928 1079 970 ἓ
1105 928 1136 960 7.
1164 928 1204 961 Ut
1233 934 1338 961 autem
1376 935 1568 972 praesentes
1606 936 1766 971 nostrae,

1021 991 1103 1024 quae
1129 981 1169 1014 ad
1195 981 1323 1023 singula
1347 981 1417 1014 loca
1443 982 1563 1015 deferri
1591 993 1657 1016 non
1692 994 1768 1026 pos-

1020 1038 1096 1066 sunt
1113 1060 1120 1073 ,
1145 1034 1184 1067 ad
1210 1034 1356 1067 omnium
1382 1035 1529 1068 notitiam
1556 1036 1680 1068 facilius
1715 1037 1767 1069 de-

1023 1086 1173 1126 veniant,
1200 1088 1350 1120 volumus
1386 1091 1421 1120 ut
1458 1089 1647 1121 earumdem
1673 1100 1767 1132 prae-

1021 1140 1160 1173 sentium
1182 1141 1406 1184 transumptis,
1421 1143 1471 1174 vel
1486 1143 1654 1185 exemplis,
1671 1143 1766 1175 etiam

1021 1194 1199 1237 impressis
1225 1205 1322 1227 manu
1348 1195 1485 1228 alicuius
1508 1196 1623 1228 notarii
1642 1196 1766 1239 publici

1021 1247 1238 1290 subscriptis,
1265 1253 1298 1280 et
1321 1247 1429 1291 sigillo
1455 1259 1615 1291 personae
1651 1249 1682 1281 in
1720 1249 1768 1281 di-

1022 1299 1145 1342 gnitate
1164 1300 1384 1334 ecclesiastica
1402 1301 1599 1334 constitutae
1622 1301 1765 1341 munitis,

1022 1354 1145 1397 ubique
1171 1355 1317 1388 locorum
1337 1359 1367 1387 et
1385 1355 1529 1397 gentium
1549 1355 1660 1388 eadem
1676 1366 1768 1399 pror-

1022 1418 1077 1441 sus
1103 1407 1183 1441 sides
1202 1408 1374 1449 habeatur,
1390 1419 1473 1452 quae
1491 1408 1670 1442 haberetur
1689 1409 1767 1453 ipsis

1023 1462 1256 1505 praesentibus
1292 1462 1318 1494 si
1360 1462 1467 1495 forent
1506 1462 1671 1496 exhibitae
1714 1463 1765 1496 vel

1024 1520 1187 1548 ostensae.

1066 1568 1180 1601 Datum
1207 1568 1327 1601 Romae
1344 1595 1351 1609 ,
1380 1569 1466 1612 apud
1491 1568 1522 1602 S.
1552 1569 1684 1603 Mariam
1708 1569 1767 1602 Ma·

1023 1621 1152 1662 iorem,
1179 1623 1238 1655 sub
1264 1622 1386 1655 annulo
1416 1622 1605 1663 Piscatoris,
1644 1623 1696 1656 die
1730 1634 1765 1657 111

1023 1675 1207 1708 decembris
1233 1684 1428 1716 muccxxxiv,
1470 1676 1682 1719 pontificatus
1706 1687 1765 1710 no·

1023 1728 1082 1761 stri
1109 1738 1194 1761 anno
1219 1738 1250 1761 v.

1058 1791 1117 1818 Dat.
1138 1790 1181 1818 die
1202 1790 1218 1818 3
1238 1790 1393 1819 decembris
1414 1791 1493 1826 173t,
1515 1791 1610 1827 pontif.
1631 1800 1701 1820 anno
1721 1799 1747 1819 v.

1349 1845 1384 1879 F.
1412 1846 1501 1879 card.
1529 1846 1715 1881 Omvssnius.

1059 1926 1141 1956 Anno
1163 1936 1177 1955 a
1201 1926 1345 1956 nativitate
1364 1926 1476 1956 Domini
1500 1928 1586 1956 nostri
1603 1927 1664 1956 lesa
1682 1927 1765 1958 Chri-

1020 1976 1055 2005 sa*
1076 1984 1255 2010 mccxxxlv,
1281 1976 1430 2005 indictione
1452 1985 1504 2013 κη,
1526 1976 1569 2005 die
1591 1986 1656 2005 vero
1678 1985 1705 2006 iv
1721 1977 1767 2006 de-

1019 2025 1155 2061 cembris,
1178 2025 1354 2063 pontificatus
1390 2025 1557 2054 sanctissimi
1591 2025 1619 2054 in
1655 2025 1764 2055 Christo

998 2074 1108 2113 ⁴patris
1131 2078 1155 2102 et
1178 2073 1282 2103 domini
1304 2075 1392 2102 nostri
1413 2074 1516 2103 domini
1546 2073 1692 2104 Clementis
1723 2074 1765 2103 di-

1019 2125 1087 2152 vz'mi
1107 2123 1283 2163 providentia
1305 2122 1399 2162 Papae
1431 2122 1486 2152 XII
1517 2133 1587 2152 αηηο
1610 2132 1642 2161 v,
1665 2133 1765 2162 supra-

1019 2173 1107 2202 dictae
1129 2172 1238 2202 litterae
1259 2172 1421 2211 apostolicae
1443 2172 1545 2211 affiaae
1567 2176 1593 2201 et
1607 2171 1764 2211 publicatae

1019 2222 1192 2262 [iterumad
1224 2221 1318 2251 valvas
1347 2221 1525 2251 basilicarum
1558 2221 1761 2255 Laterancnsis,

1027 2271 1177 2300 Vaticana&
1199 2274 1223 2299 et
1246 2270 1420 2308 Libet-tanae,
1439 2269 1629 2299 Cancellariae
1651 2269 1765 2309 Aposto-

1020 2319 1100 2354 licae,
1125 2319 1226 2350 silentis
1251 2319 1388 2357 (laetorii,
1412 2318 1492 2348 Aciet·
1515 2318 1709 2358 Campiflorae,
1734 2328 1765 2347 ac

1019 2368 1084 2398 aliis
1107 2369 1172 2398 locis
1194 2368 1282 2398 solitis
1315 2372 1340 2397 et
1373 2369 1507 2397 consuetis
1538 2367 1619 2397 Urbis
1648 2377 1698 2407 per
1720 2377 1762 2397 mo

1020 2418 1133 2448 Petrum
1154 2417 1236 2457 myra·
1259 2417 1438 2457 apostolicam
1455 2426 1605 2447 cursorem.

1049 2478 1158 2508 anxc.
1182 2477 1407 2511 BAnrororrrs,
1434 2475 1574 2514 magister
1596 2483 1760 2505 cursorum.

1685 182 1726 216 17
1773 192 1825 218 An.
1843 192 1870 218 c.
1896 192 1961 220 1734

1819 940 1883 960 Ριάυς
1907 942 1963 961 tran·

1778 971 1916 993 sumptorum.
