2232 3178
236 247 286 272 Αιι.
308 245 337 272 c.
358 245 428 271 1735
474 236 537 269 100

431 299 540 326 netur:
562 304 619 327 nos
637 294 746 337 igitur,
764 294 831 338 qui,
848 299 1005 338 quantum
1023 304 1094 326 eum
1113 294 1172 327 Do-

432 347 520 381 mino
561 358 733 391 possumus
750 374 757 387 ,
796 347 836 380 ad
877 358 984 380 rerum
1027 347 1172 381 omnium

431 406 549 433 statum
590 400 764 433 salubriter
799 400 1004 443 dirigendum
1042 406 1172 434 nostrae

432 453 703 487 considerationis
729 453 881 485 intuitum
907 453 1048 486 libenter
1064 459 1173 487 exten-

432 507 554 546 dimus,
581 512 612 539 ct
643 506 674 539 in
707 506 765 547 iis,
791 517 872 550 quae
898 507 938 540 ad
965 507 1092 540 illarum
1124 518 1173 540 re-

432 561 538 603 gimen
566 565 597 593 et
621 559 816 602 gubernium
851 561 1020 603 profutura
1055 571 1174 604 cogno-

431 614 546 654 rimus,
574 624 669 656 opem
695 618 727 646 et
751 623 868 657 operas
893 618 1021 647 nostras
1047 614 1172 658 impen-

432 667 538 699 dimus
579 666 725 699 efficaces
753 692 760 705 ‚
804 666 954 699 eumdem
997 666 1172 700 Fabritium

432 717 638 757 cardinalem,
664 716 859 749 modernum
885 717 1073 761 episcopum
1096 717 1173 750 Por-

433 777 580 803 tucnsem
611 775 643 803 et
677 770 707 803 S.
733 769 896 810 Rufiinae,
930 770 1034 803 dictae
1069 771 1172 803 almae

434 823 527 856 Urbis
554 829 683 856 nostrae
709 823 843 866 eiusque
869 823 1033 856 districtus
1052 828 1084 856 et
1101 823 1173 856 sub-

433 877 597 910 urbiorum
633 877 787 910 vicarium
814 877 845 909 in
872 877 1094 919 spiritualibus
1122 887 1174 919 ge—

433 932 586 970 neralem,
602 930 814 973 amplioribus
832 930 994 963 favoribus
1013 935 1045 963 et
1063 930 1172 973 gratiis

435 983 602 1026 prosequi,
628 994 664 1015 ac
700 983 777 1016 dieti
803 983 975 1016 vicariatus
1001 983 1097 1016 officii
1125 982 1173 1015 in-

433 1036 599 1069 demnitati
625 1047 661 1068 ac
682 1036 820 1069 feliciori
839 1036 988 1079 regimini
1004 1036 1172 1079 providere

433 1089 585 1129 volentes,
604 1089 752 1122 cumdem
772 1089 949 1122 Fabritium
976 1089 1173 1123 cardinalem

434 1148 466 1175 et
490 1142 663 1180 vicarium,
689 1143 837 1186 aliosque
870 1153 928 1186 pro
955 1148 1102 1187 tempore
1126 1142 1173 1175 di-

433 1200 483 1228 cto
508 1195 679 1228 vicariatus
705 1196 811 1229 officio
835 1188 999 1239 potituros
1033 1201 1064 1229 et
1086 1196 1174 1238 gavi-

433 1259 535 1289 suros,
559 1248 591 1281 in
616 1249 854 1283 iurisdictione¹
874 1249 1047 1282 vicariatus
1069 1249 1173 1283 dictae

434 1300 528 1334 Urbis
543 1301 694 1345 illiusque
709 1302 940 1335 suburbiorum
953 1307 985 1336 et
998 1301 1172 1343 districtus,

433 1353 521 1387 iuxta
546 1355 705 1397 praefatas
731 1355 858 1388 litteras
884 1355 1079 1399 apostolicas
1115 1365 1174 1399 per

435 1407 554 1440 dictum
591 1407 787 1441 Clementem
823 1408 848 1441 X
887 1409 1172 1452 praedecessorem

435 1460 541 1494 favore
567 1461 736 1495 memorati
761 1461 911 1505 Gasparis
937 1462 1110 1496 cardinalis
1134 1462 1174 1495 de

433 1514 589 1557 Carpineo
614 1515 789 1558 nuncupati
812 1515 915 1549 dictae
932 1516 1027 1549 Urbis
1045 1527 1080 1549 ac
1100 1515 1176 1549 sub-

433 1568 603 1601 urbiorum
642 1574 674 1601 et
710 1568 874 1602 districtus
899 1569 1009 1603 vicarii
1048 1570 1080 1602 in
1113 1569 1176 1613 spi-

433 1620 606 1654 ritualibus
632 1622 793 1664 generalis
818 1627 984 1655 emanatas
1003 1622 1035 1655 in
1053 1624 1089 1655 ea
1107 1628 1173 1655 tan-

435 1679 501 1708 tum
538 1681 629 1718 parte
674 1676 707 1709 in
741 1686 805 1719 qua
841 1676 926 1709 idem
963 1676 1114 1710 Clemens
1149 1676 1175 1708 X

435 1729 668 1772 praedecessor
693 1729 853 1773 disposuit
877 1730 1077 1764 cardinalem
1095 1729 1176 1763 vica-

435 1781 519 1814 rium
544 1782 638 1815 Urbis
663 1793 699 1816 ac
720 1783 882 1817 districtus
900 1790 931 1817 et
945 1783 1175 1817 suburbiorum

435 1836 656 1879 praefatorum
680 1837 803 1870 habere
829 1837 1087 1870 iurisdictionem
1122 1848 1176 1870 eu-

435 1889 622 1923 mulativam
649 1901 721 1923 cum
747 1891 899 1923 omnibus
925 1890 996 1924 aliis
1014 1890 1176 1924 iudicibus

436 1943 611 1976 ordinariis
638 1943 732 1977 Urbis
757 1944 920 1988 praefatae
945 1943 977 1976 in
1003 1943 1108 1977 causis
1133 1944 1177 1976 ci-

435 1996 552 2030 vilibus
577 2002 609 2029 et
641 1997 887 2037 criminalibus,
919 1997 1014 2031 etiam
1051 1997 1174 2037 mixtis,

436 2049 524 2083 inter
548 2060 703 2093 personas
729 2061 816 2084 mere
842 2050 950 2090 laicas,
970 2050 1052 2084 etin
1070 2050 1176 2083 causis

437 2103 588 2136 omnibus
625 2115 714 2137 mere
752 2103 919 2137 laicalibus
956 2109 988 2137 et.
1017 2103 1174 2146 profanis,

436 2162 525 2189 motu
544 2156 625 2200 pari,
645 2167 710 2189 non
730 2157 769 2190 ad
789 2156 936 2190 eiusdem
954 2156 1087 2191 Fabritii
1106 2168 1177 2190 car-

437 2210 555 2243 dinalis
581 2212 628 2243 vel
654 2210 785 2244 alterius
811 2221 868 2254 pro
896 2221 934 2243 eo
959 2211 1053 2243 nobis
1079 2221 1178 2254 super

436 2263 499 2298 hoc
523 2263 650 2297 oblatae
676 2263 841 2307 petitionis
875 2264 1081 2305 instantiam,
1119 2265 1176 2298 sed

438 2328 475 2351 ex
500 2317 637 2351 scientia
661 2323 694 2350 et
718 2317 888 2362 potestatis
914 2318 1117 2361 plenitudine
1135 2319 1178 2351 si-

437 2371 586 2413 milibus,
614 2376 725 2404 tenore
751 2372 972 2415 praesentium
999 2371 1178 2415 reintegra-

438 2435 509 2458 mus
536 2430 567 2458 et
591 2425 736 2468 plenarie
769 2424 988 2466 restituimus,
1014 2436 1051 2458 ac
1086 2425 1178 2458 iuris-

439 2477 611 2511 dictionem
639 2478 826 2512 huiusmodi
851 2478 879 2511 ei
905 2484 936 2512 et
960 2478 1006 2512 eis
1031 2479 1070 2512 de
1095 2489 1177 2512 novo

438 2531 648 2564 concedimus
685 2537 718 2564 et
750 2531 972 2575 indulgemus,
1008 2532 1088 2565 itaut
1122 2532 1176 2565 di-

440 2588 508 2616 ctus
524 2583 684 2618 Fabritius
709 2584 883 2619 cardinalis
908 2590 941 2619 et.
963 2584 1064 2618 ceteri
1085 2583 1178 2618 Urbis

475 2648 487 2674 1
509 2645 608 2682 Aptius
625 2646 686 2684 lege
705 2647 942 2678 iurisdictionem
962 2648 1002 2684 (a.
1023 2648 1072 2684 τ.).

1019 245 1209 269 BULLARIUM
1237 245 1399 271 ROMANUM

1215 294 1379 335 praefatae
1405 305 1442 328 ae
1467 294 1633 328 districtus
1659 301 1691 328 et
1725 296 1957 330 suburbiorum

1216 347 1401 381 huiusmodi
1439 347 1577 388 vicarii,
1613 349 1667 392 qui
1707 360 1768 393 pro
1809 354 1956 393 tempore

1215 406 1310 432 erunt
1327 428 1335 440 ‚
1363 411 1543 444 eorumque
1569 401 1813 444 vicesgerentes
1839 409 1872 436 et
1896 403 1958 436 suf-

1217 452 1362 496 fraganei
1388 464 1424 486 ac
1457 455 1729 494 locumtenenteS,
1755 455 1875 499 aliique
1912 455 1959 488 iu-

1215 508 1302 542 dices
1327 507 1366 540 ab
1398 508 1445 540 eis
1477 507 1621 550 deputati
1650 518 1686 540 ac
1718 519 1777 552 pro
1810 514 1957 552 tempore

1215 561 1402 604 deputandi,
1428 561 1650 594 iurisdictione
1669 562 1860 595 cumulativa
1884 573 1957 595 cum

1215 613 1368 647 omnibus
1395 613 1466 647 aliis
1491 610 1653 647 iudicibus
1674 613 1848 648 ordinariis
1863 614 1958 648 Urbis

1215 667 1394 710 praefatae,
1420 673 1454 700 ut
1478 677 1589 710 supra,
1616 667 1718 700 libere
1745 673 1776 700 et
1798 667 1885 701 licite
1910 668 1956 701 uti

1214 720 1340 764 possint
1363 728 1393 754 et
1417 721 1566 761 valcant,
1591 721 1714 764 absque
1740 731 1779 754 eo
1811 721 1901 764 quod
1939 732 1957 754 a

1216 784 1394 817 quoquam,
1422 773 1533 817 quavis
1556 774 1766 814 auctoritate,
1788 779 1959 818 praetextu

1216 832 1268 860 aut
1292 829 1399 868 causa,
1424 827 1577 870 impediri
1603 838 1733 871 quoquo
1758 828 1856 862 modo
1883 838 1960 872 pos-

1215 880 1291 913 sint.
1315 879 1353 912 Et
1377 879 1421 912 ita
1446 890 1504 923 per
1525 890 1748 924 quoscumque
1766 881 1889 914 iudices
1908 891 1959 914 or-

1216 933 1361 966 dinarios
1382 933 1430 966 vel
1447 933 1625 975 delegatos,
1644 933 1754 977 quavis
1768 934 1959 968 auctoritate

1216 986 1409 1027 fungentes,
1436 985 1532 1018 etiam
1558 996 1726 1019 causarum
1754 987 1863 1030 palatii
1882 997 1959 1030 apo-

1216 1038 1322 1071 stolici
1348 1038 1515 1071 auditores
1532 1064 1539 1078 ,
1562 1049 1599 1071 ae
1624 1039 1789 1082 praefatae
1813 1039 1845 1072 S.
1865 1039 1902 1072 R.
1921 1039 1956 1073 C.

1216 1091 1412 1131 cardinales,
1437 1092 1535 1124 etiam
1561 1093 1599 1125 de
1625 1094 1727 1126 latere
1753 1093 1886 1136 legatos,
1910 1093 1956 1125 vi-

1216 1145 1389 1187 eclogam,
1408 1145 1568 1189 Sedisque
1585 1145 1791 1190 Apostolicae
1809 1145 1958 1186 nuncios,

1216 1198 1344 1231 sublata
1368 1197 1413 1231 eis
1438 1203 1469 1232 et
1494 1209 1604 1232 eorum
1641 1199 1774 1232 cuilibet
1798 1199 1890 1232 aliter
1914 1199 1960 1232 iu-

1216 1251 1344 1284 dicandi
1378 1257 1408 1285 et
1442 1252 1680 1295 interpretandi
1717 1253 1891 1293 facultate,
1926 1251 1958 1285 in

1217 1305 1328 1348 quavis
1369 1307 1463 1338 eausa
1499 1310 1531 1338 ct
1565 1305 1718 1338 instantia
1758 1305 1892 1339 iudicari
1924 1311 1958 1338 et

1217 1357 1345 1391 definiri
1371 1358 1502 1398 debere,
1522 1363 1570 1399 et,
1591 1358 1616 1390 si
1644 1369 1738 1392 secus
1755 1369 1856 1402 super
1874 1358 1924 1392 his
1941 1369 1959 1392 a

1217 1421 1402 1454 quoquam,
1431 1411 1544 1455 quavis
1569 1411 1785 1451 auctoritate,
1817 1413 1960 1445 scienter

1218 1464 1266 1498 vel
1287 1465 1488 1507 ignoranter,
1514 1466 1688 1508 contigerit
1711 1465 1888 1506 attentari,
1920 1465 1961 1498 ir-

1218 1517 1316 1550 ritum
1352 1524 1384 1551 et
1422 1518 1516 1551 inane
1555 1519 1774 1552 decernimus.
1799 1517 1869 1551 Non
1902 1519 1960 1552 ob-

1218 1570 1378 1604 stantibus
1419 1571 1505 1604 dicta
1549 1572 1783 1605 constitutione
1823 1571 1960 1615 praefati

1218 1623 1403 1657 Innocentii
1444 1625 1496 1657 ΧΠ
1531 1624 1794 1668 praedecessoris
1833 1624 1958 1665 nostri,

1219 1677 1286 1717 cui,
1309 1682 1470 1721 quatenus
1495 1688 1577 1721 opus
1610 1679 1668 1718 sit,
1693 1678 1726 1710 in
1752 1678 1812 1711 liae
1837 1683 1960 1710 tantum

1217 1732 1339 1775 parte¹,
1365 1732 1504 1775 aliisque
1529 1731 1816 1766 reformationibus
1841 1738 1873 1765 et
1898 1732 1956 1765 de-

1218 1785 1316 1818 cretis
1343 1796 1360 1818 a
1384 1785 1552 1828 quibusvis
1588 1785 1746 1819 iudicibus
1771 1785 1880 1829 quavis
1906 1796 1960 1818 au-

1219 1839 1371 1872 ctoritate
1409 1839 1617 1881 fungentibus
1657 1849 1693 1872 ae
1733 1839 1830 1872 etiam
1869 1839 1960 1872 vivae

1220 1893 1307 1926 vocis
1343 1892 1475 1926 oraculo
1509 1892 1683 1932 emanatis‚
1710 1892 1848 1936 aliisque
1881 1902 1960 1925 con-

1219 1945 1443 1980 stitutionibus
1476 1950 1508 1978 et
1539 1945 1800 1978 ordinationibus
1826 1951 1955 1990 aposto-

1220 1999 1289 2033 licis
1305 2027 1312 2040 ,
1350 1999 1448 2032 etiam
1489 1998 1522 2031 in
1563 1999 1710 2032 conciliis
1752 1999 1960 2042 generalibus

1221 2053 1327 2093 editis,
1354 2052 1435 2096 stylo
1460 2052 1584 2095 palatii,
1600 2052 1725 2095 regulis
1741 2052 1960 2086 Cancellariae

1220 2106 1427 2149 Apostolicae
1452 2105 1705 2149 prohibentibus
1722 2106 1872 2138 mandata
1888 2116 1960 2139 exe-

1220 2158 1325 2192 cutiva
1350 2159 1429 2192 alias
1461 2169 1557 2202 quam
1584 2158 1642 2191 sub
1668 2159 1803 2201 plumbo
1829 2158 1959 2202 expedi-

1221 2211 1295 2251 tis³,
1323 2223 1360 2245 ac
1385 2211 1591 2245 facultatibus
1627 2216 1658 2244 et
1682 2211 1960 2245 iurisdictionibus

1220 2266 1386 2310 praefatae
1411 2265 1514 2298 almae
1540 2264 1634 2298 Urbis
1659 2264 1884 2307 gubernatori,
1909 2275 1960 2298 se·

1221 2318 1327 2352 natori
1353 2323 1386 2351 et
1410 2318 1536 2362 populo
1563 2329 1715 2358 romano,
1740 2323 1772 2352 et
1790 2329 1959 2352 causarum

1220 2372 1329 2405 curiae
1348 2370 1501 2405 Gamerae
1518 2371 1725 2414 Apostolieae
1743 2372 1890 2414 generali
1908 2381 1961 2405 au-

1221 2425 1327 2466 ditori,
1353 2425 1497 2468 praesidi
1524 2430 1555 2458 et
1580 2425 1743 2468 magistris
1768 2425 1902 2466 viarum,
1924 2437 1959 2459 ac

1220 2479 1386 2522 praefatae
1410 2478 1442 2512 S.
1458 2479 1495 2511 R.
1511 2478 1546 2512 E.
1570 2478 1804 2519 cardinalibus,
1830 2488 1867 2512 ae
1886 2478 1959 2512 aliis

1221 2532 1387 2575 quibusvis
1413 2531 1575 2565 iudicibus
1593 2537 1624 2565 et
1641 2531 1844 2573 officialibus,
1862 2531 1959 2565 etiam

1256 2604 1267 2630 1
1292 2602 1402 2630 Videtur
1421 2583 1515 2630 deesse
1535 2603 1708 2638 deroyamus
1727 2603 1765 2638 (κ.
1784 2603 1834 2637 τ.).

1254 2647 1272 2675 2
1291 2647 1383 2676 Potius
1402 2648 1462 2684 lege
1480 2648 1617 2684 expediri
1635 2649 1676 2685 (a.
1697 2649 1748 2684 τ.).

1967 249 2014 276 An.
2034 248 2065 276 G.
2083 250 2150 278 ¹785
