2232 3178
37 196 84 223 An.
98 194 128 222 C.
148 193 217 222 1740

77 1477 126 1498 ΟΜ»,
145 1477 179 1497 tu.

63 1504 94 1525 Du
110 1503 219 1530 professis.

845 197 986 222 CLEMENS
1013 197 1059 221 xit
1084 199 1134 223 rr.

226 248 338 284 oportet
353 244 382 274 in
398 243 522 275 lectione
544 245 687 275 librorum
707 245 920 285 spiritualium,
938 251 969 275 ut
989 248 991 254 ’

227 293 425 333 deceptiones
444 303 517 334 quae
534 295 563 324 in
580 294 725 334 spirituali
743 295 803 325 vita
819 295 967 333 accidunt,

227 341 384 380 intelligat.
401 342 526 372 Novitiis
547 352 615 373 vero
634 352 684 373 eas
703 347 815 373 tantum
831 343 969 381 legendos

227 390 332 428 tradet,
349 400 422 430 quos
445 391 479 421 ad
503 400 604 421 eorum
622 392 783 431 profectum
806 392 969 421 conducere

227 439 388 476 iudicabit,
412 441 522 479 quique
544 441 602 471 sint
624 441 779 470 orthodoxi
804 445 832 470 et
860 440 895 470 ab
919 441 970 470 Ec·
990 459 992 481 ς

226 487 318 516 etesia
346 488 492 517 catholica
524 498 582 518 non
616 489 775 528 reprobati.
800 488 992 518 Semihorae'

227 544 295 564 vero
317 536 410 574 spatio
432 537 547 566 eosdem
571 537 686 567 docebit
707 537 871 567 orationem
889 546 970 566 men-

227 584 313 613 talem
346 589 375 615 et
408 586 554 625 vocalem,
578 586 741 616 doctrinam
764 586 967 620 christianam,

227 637 256 663 et
288 633 403 672 regulas
436 639 524 674 atque
559 639 664 665 statuta
701 635 794 665 nostri
828 634 966 664 Ordinis:

228 682 400 721 preasertim
423 692 478 722 qua
501 683 616 713 ratione
638 683 776 713 accedere
793 682 917 713 debeant
935 682 969 712 ad

227 735 409 762 sacramenta
434 732 633 762 Confessionis
655 736 683 762 et
698 732 917 769 Eucharistiae,
942 735 970 761 et

228 779 373 818 quomodo
395 779 475 810 horis
497 779 646 810 canonicis
668 784 696 810 et
719 790 818 810 sacrae
833 779 970 818 liturgiae

228 828 371 859 interesse
392 838 441 859 eos
463 829 629 859 conveniat.
653 828 707 865 Qui
736 833 833 859 autem
857 829 970 859 litteras

228 878 386 916 nesciunt,
409 878 476 908 illos
497 882 620 908 statutas
644 887 745 918 preces
774 879 898 908 recitare
921 878 971 907 do-

228 925 316 956 cebit.

267 984 318 1005 vn.
351 976 474 1006 Abbatis
503 982 547 1007 est
582 986 673 1007 unum
706 986 741 1007 ex
770 975 971 1007 sacerdotibus

230 1025 411 1063 monasterii,
432 1025 481 1064 qui
504 1026 541 1055 sit
563 1035 630 1065 prae
653 1025 758 1055 ceteris
774 1034 887 1055 morum
904 1034 970 1064 pro—

229 1072 319 1103 bitate
342 1078 368 1103 et
391 1073 524 1103 doctrina
546 1074 779 1112 commendatus,
797 1074 970 1112 magistrum

228 1122 407 1152 novitiorum
427 1123 591 1160 designare.
609 1123 692 1153 Ilunc
714 1128 810 1153 autem
834 1124 857 1152 si
880 1123 972 1161 negli-

228 1175 346 1209 gentem
370 1172 399 1201 in
423 1171 541 1202 novitiis
573 1172 778 1210 instituendis,
802 1176 852 1202 aut
875 1171 971 1201 minus

229 1220 401 1259 prudentem
424 1221 454 1250 in
476 1221 518 1250 eis
534 1221 715 1259 corrigendis
731 1221 969 1260 deprehenderit,

229 1278 283 1309 pro
312 1270 450 1308 qualitate
480 1269 583 1309 culpae
613 1270 729 1309 puniat:
752 1269 839 1309 idque
872 1279 970 1299 coram

229 1318 377 1357 professis,
395 1328 452 1348 non
475 1327 571 1348 coram
595 1318 712 1348 novitiis
732 1318 791 1348 fiat.
810 1318 880 1348 Eum
904 1328 971 1348 vero

230 1367 265 1397 ab
288 1367 384 1397 officio
415 1376 566 1397 removere
588 1377 645 1398 non
670 1367 790 1407 poterit,
814 1367 870 1397 nisi
902 1377 970 1398 con-

230 1416 400 1455 gregatione
423 1417 633 1447 monachorum
657 1417 802 1447 consulta.

269 1475 289 1496 1.
313 1467 472 1505 Postquam
505 1465 636 1496 novitius
669 1466 877 1505 professionem
900 1465 972 1496 emi-

231 1515 320 1552 serit,
344 1514 543 1554 aliquamdiu,
566 1514 680 1544 abbatis
702 1515 836 1552 arbitrio,
860 1515 920 1545 sive
942 1515 971 1545 in

230 1564 394 1594 ministerio
416 1564 562 1600 fratrum,
586 1564 647 1593 sive
670 1564 699 1593 in
722 1564 826 1594 studiis
860 1565 970 1595 littera-

230 1622 295 1643 rum
317 1616 500 1650 exerceatur,
519 1617 551 1642 ut
572 1616 710 1652 appareat
734 1622 770 1642 an
793 1612 827 1642 ad
851 1613 972 1643 clerico-

229 1670 294 1691 rum
318 1661 449 1691 ordinem
473 1661 688 1700 promovendus
711 1661 766 1698 sit,
791 1671 827 1690 an
851 1671 919 1692 vero
942 1663 970 1692 in

230 1710 372 1740 laicorum
395 1714 479 1740 coetu
495 1719 613 1740 manere
636 1710 761 1748 debeat3
785 1720 871 1740 nemo
893 1711 971 1741 enim

229 1758 379 1789 innostra
393 1758 626 1797 Congregatione
648 1763 715 1788 ante
737 1759 911 1789 novitiatum
935 1760 971 1790 ad

230 1811 337 1838 statum
360 1808 534 1838 clericorum
557 1808 619 1837 sive
641 1807 782 1838 laicorum
801 1808 970 1848 deputatur,

230 1857 280 1886 sed
316 1866 417 1886 omnes
452 1855 655 1886 indifferenter
689 1857 723 1886 ad
757 1866 972 1897 quemcumque

230 1910 337 1936 statum
353 1906 570 1936 admittuntur:
589 1910 616 1936 et
631 1906 725 1936 solum
742 1911 806 1946 post
823 1912 970 1946 peractam

231 1955 454 1994 professionem,
472 1958 595 1994 postque
611 1955 686 1985 edita
710 1955 880 1986 idoneitatis
903 1966 972 1987 suae

231 2004 332 2043 signa,
366 2004 401 2034 ab
438 2003 560 2042 abbate,
598 2004 730 2034 consulta
763 2005 972 2036 monachorum

232 2052 473 2091 congregatione,
490 2052 525 2082 ad
542 2053 714 2083 clericatum
739 2053 800 2083 sive
816 2054 850 2084 ad
866 2058 972 2084 statum

232 2100 373 2130 laicorum
406 2100 611 2138 designantur.
646 2101 705 2130 Hac
743 2105 840 2131 tamen
877 2101 906 2131 in
942 2111 973 2132 re

232 2149 410 2179 conscientia
427 2149 520 2189 ipsius
536 2149 650 2180 abbatis
668 2154 817 2189 oneratur,
836 2155 867 2180 ut
889 2151 973 2180 nimi-

232 2208 296 2228 rum
320 2203 347 2228 et
368 2198 512 2228 rationem
544 2198 713 2229 idoneitatis
742 2199 974 2238 uniuscuiusque

232 2247 348 2286 habeat,
372 2252 400 2278 et
421 2248 592 2278 monasterii
615 2248 839 2278 necessitatibus
855 2248 889 2278 de
906 2258 974 2278 con-

233 2297 367 2327 veniente
389 2306 512 2327 numero
535 2297 731 2335 sacerdotum,
749 2297 923 2328 clericorum
947 2302 975 2327 ot

233 2344 375 2376 laicorum
398 2346 542 2376 consulat.

272 2403 302 2423 n.
329 2394 490 2433 Antequam
525 2403 593 2424 vero
627 2394 772 2433 professus
801 2395 836 2424 ad
867 2399 973 2425 statum

233 2442 360 2481 aliquem
383 2442 607 2481 determinetur,
631 2452 746 2481 semper
773 2447 888 2473 maneat
921 2442 974 2472 sub

234 2491 369 2521 custodia
383 2495 411 2522 et
426 2492 499 2521 cura
515 2491 614 2521 vicarii
638 2490 767 2528 abbatis3
784 2495 812 2521 et
834 2495 973 2531 quantum

234 2539 299 2569 fieri
326 2544 441 2579 potest,
465 2540 578 2570 nullum
613 2540 822 2570 commercium
852 2539 973 2578 babeat,

234 2589 280 2619 vel
304 2598 368 2619 cum
392 2589 528 2627 novitiis,
553 2589 596 2619 vel
628 2599 692 2620 cum
724 2589 788 2620 aliis
811 2589 972 2628 monachis,

1645 187 1705 221 (ill

1012 246 1067 276 nisi
1097 257 1163 277 cum
1196 247 1316 286 paribus
1345 250 1373 277 et
1402 247 1573 287 aequalibus
1600 246 1678 281 suis,
1702 250 1752 275 aut

1012 306 1077 326 cum
1102 297 1136 326 iis
1159 297 1208 336 qui
1231 296 1259 326 in
1283 297 1383 327 eodem
1400 296 1561 326 ministerio
1577 299 1626 325 aut
1649 294 1753 324 studiis

1011 344 1115 374 iisdem
1138 350 1306 375 versantur.

1052 402 1092 422 m.
1110 393 1291 433 Quamquam
1314 398 1409 424 autem
1427 393 1531 433 aliquis
1547 393 1582 422 ab
1599 392 1702 422 abbate
1718 392 1753 421 ad

1012 446 1120 471 statum
1143 443 1316 472 clericorum
1334 444 1489 482 deputatus
1511 443 1558 479 sit,
1576 447 1603 471 et
1620 442 1753 471 ordinem

1012 490 1097 519 etiam
1123 490 1249 529 aliquem
1272 491 1501 520 ecclesiasticum
1525 490 1685 529 acceperit,
1710 490 1754 518 in-

1014 538 1124 576 telligat
1147 543 1243 569 tamen
1277 540 1311 569 ad
1344 540 1513 570 ulteriorem
1547 539 1666 577 gradum
1697 538 1753 567 sibi

1012 587 1122 617 aditum
1146 597 1330 627 nesplaquam
1354 594 1463 628 patere,
1487 589 1543 618 nisi
1566 589 1647 617 illum
1671 588 1754 617 bouis

1013 636 1142 666 moribus
1171 641 1199 666 et
1228 639 1396 676 comparata
1427 647 1461 667 ex
1494 638 1597 667 studiis
1630 637 1755 666 scientia

1014 686 1220 724 promeruerit.
1244 686 1366 717 Abbatis
1392 687 1482 725 igitur
1504 692 1532 716 et
1554 686 1755 724 congregatio-

1014 733 1058 763 nis
1094 735 1305 765 monacborum
1340 735 1461 765 arbitrio
1497 735 1688 774 relinquitur,
1724 738 1755 763 ut

1013 782 1109 822 ipsum
1143 783 1178 812 ab
1214 784 1352 814 ulteriore
1375 785 1476 814 ordine
1511 784 1691 824 accipiendo,
1719 784 1753 813 ad

1015 836 1139 871 tempus,
1165 833 1209 862 vel
1233 833 1319 863 etiam
1344 839 1481 873 perpetuo
1504 837 1642 864 arceant:
1668 833 1754 872 idque

1014 881 1196 920 potissimum
1220 882 1254 912 de
1277 882 1430 912 ordinibus
1462 883 1537 913 infra
1570 883 1755 912 diaconatum

1014 930 1235 968 intelligendum
1264 935 1327 961 est:
1362 941 1428 961 nam
1452 932 1501 971 qui
1518 956 1525 969 ‚
1549 931 1672 961 servatis
1695 941 1757 961 ser-

1014 978 1129 1015 vandis,
1153 979 1187 1008 ad
1210 979 1398 1009 diaconatum
1432 984 1582 1019 promotus
1615 984 1669 1016 est,
1693 979 1717 1009 is
1739 989 1755 1008 a

1014 1028 1177 1057 sacerdotio
1200 1028 1385 1067 accipiendo,
1410 1029 1466 1058 nisi
1489 1028 1698 1067 urgentissima
1721 1028 1756 1058 de

1015 1078 1113 1115 causa,
1138 1087 1321 1116 nequaquam
1344 1082 1539 1107 removeatur.

1055 1134 1093 1155 iv.
1115 1126 1180 1155 Pari
1202 1127 1315 1156 ratione
1339 1126 1387 1165 qui
1410 1127 1459 1156 diu
1476 1127 1504 1156 iu
1521 1127 1683 1156 ministerio
1705 1127 1758 1156 lai-

1015 1183 1114 1204 corum
1138 1173 1287 1211 deserviit,
1311 1174 1335 1203 si
1358 1174 1480 1204 idoneus
1503 1179 1599 1214 postea
1624 1179 1758 1214 repertus

1015 1222 1113 1260 suerit,
1131 1226 1225 1261 potest
1241 1222 1276 1252 ab
1292 1222 1396 1252 abbate
1419 1227 1447 1253 et
1465 1224 1674 1253 monachorum
1690 1233 1759 1253 cou-

1015 1271 1186 1310 gregatione
1209 1272 1244 1302 ad
1263 1272 1380 1302 ordines
1396 1273 1483 1303 etiam
1501 1273 1627 1302 maiores
1643 1282 1755 1312 promo-

1017 1320 1089 1358 veri,
1114 1320 1271 1350 dummodo
1294 1326 1401 1359 tamen,
1423 1325 1574 1361 postquam
1597 1321 1632 1351 ab
1655 1321 1758 1351 abbate

1016 1369 1049 1399 ad
1072 1369 1267 1399 ministerium
1283 1369 1384 1400 laicale
1400 1370 1532 1400 addictus
1555 1374 1613 1407 est,
1632 1379 1684 1399 nec
1709 1369 1757 1399 lit-

1016 1424 1094 1450 teras
1116 1419 1268 1458 didicerit,
1289 1429 1342 1450 nec
1364 1419 1454 1450 libros
1477 1419 1590 1458 legerit,
1614 1419 1670 1449 nisi
1693 1419 1756 1459 ipso

1015 1469 1159 1499 consulto.

1054 1531 1074 1549 ι.
1098 1518 1187 1548 Nemo
1209 1518 1243 1547 ad
1267 1518 1400 1548 ordinem
1434 1518 1663 1548 ecclesiasticum
1691 1526 1756 1557 pro-

1016 1572 1182 1605 moveatur,
1218 1567 1273 1596 nisi
1308 1571 1400 1596 aetate
1433 1567 1462 1596 in
1496 1567 1589 1597 sacris
1625 1567 1757 1597 conciliis

1016 1616 1219 1657 praescripta,
1243 1619 1293 1645 aut
1328 1615 1544 1654 dispensatione
1577 1625 1591 1644 a
1625 1615 1756 1653 legitimo

1016 1664 1165 1704 superiore
1188 1663 1320 1702 obtenta,
1344 1668 1372 1693 et
1394 1663 1429 1693 de
1458 1663 1579 1693 licentia
1601 1672 1758 1702 congrega-

1017 1712 1104 1742 tionis
1128 1712 1336 1742 monachorum
1359 1716 1447 1750 atque
1466 1711 1590 1749 abbatis,
1608 1712 1657 1750 qui
1681 1712 1757 1741 ordi-

1016 1761 1144 1790 nandum
1168 1769 1234 1790 cum
1258 1760 1362 1790 litteris
1386 1760 1630 1790 testimonialibus
1648 1760 1682 1789 ad
1698 1760 1759 1799 epi-

1016 1819 1135 1849 scopum
1169 1809 1224 1839 loci
1257 1812 1306 1838 aut
1340 1809 1374 1838 ad
1408 1808 1686 1838 reverendissimum
1709 1809 1759 1838 do<

1017 1858 1128 1888 minum
1152 1857 1349 1896 patriarcham
1373 1856 1489 1887 mittere
1519 1856 1624 1895 debet,
1649 1857 1759 1887 tenoris

1016 1905 1165 1946 sequentis
1181 1916 1187 1935 1

1095 1955 1331 1986 Rweremti'sstmc
1364 1959 1388 1984 et
1420 1955 1625 1993 religiosissime
1652 1954 1758 1984 ‹Ionzine

1016 2006 1141 2044 episcope
1156 2005 1275 2034 civitatis
1290 2004 1324 2033 N.
1342 2004 1406 2043 (aut
1422 2003 1584 2033 Beatissimo
1598 2004 1760 2043 patriarcha

1018 2058 1106 2083 noster
1127 2054 1233 2083 domino
1255 2053 1317 2092 N),
1342 2063 1388 2082 nos
1409 2053 1489 2082 abbas
1511 2056 1536 2082 et
1557 2053 1683 2082 numech?
1707 2051 1759 2081 01·-

1016 2103 1089 2132 dinis
1111 2103 1198 2131 sancti
1220 2102 1336 2131 Antonii
1359 2103 1513 2141 congyreyati
1540 2101 1569 2131 S.
1593 2102 1681 2130 Isaiae
1705 2109 1759 2129 mo-

1017 2153 1132 2181 nasterii
1159 2152 1194 2182 N.
1224 2156 1354 2181 testamur
1375 2152 1557 2181 reverenciam
1582 2154 1691 2187 [scirem
1723 2150 1757 2180 N.

1017 2201 1179 2230 monachum
1199 2202 1351 2240 professum
1376 2201 1462 2229 nostri
1482 2200 1605 2237 Ordinis,
1624 2200 1650 2228 in
1669 2199 1758 2236 teyiti-

1017 2251 1063 2278 mii
1085 2253 1171 2279 (telate
1192 2251 1367 2279 constitutum
1385 2249 1443 2287 (vel
1462 2249 1690 2287 dispensationem
1714 2257 1759 2276 ae-

1017 2299 1081 2328 tatis
1097 2299 1140 2327 hic
1156 2308 1291 2327 uttrteatitm
1315 2298 1480 2336 habentem),
1500 2301 1524 2325 et
1546 2297 1691 2335 sufficienti
1713 2297 1759 2325 do-

1018 2347 1107 2376 ctrinti
1131 2346 1259 2385 bonisque
1281 2346 1402 2375 moribus
1433 2345 1602 2384 praeditum,
1632 2344 1761 2381 nulloque

1017 2396 1212 2434 impedimento
1235 2395 1385 2429 irretitum,
1407 2395 1520 2431 dionunt
1543 2404 1598 2422 esse
1621 2394 1666 2431 qni
1688 2393 1762 2422 ordi-

1017 2453 1080 2472 nem
1095 2444 1130 2473 N.
1147 2454 1162 2472 a
1181 2442 1412 2473 receremtissima
1431 2442 1614 2471 dominatione
1634 2444 1680 2470 luti
1700 2441 1758 2479 (rel

1018 2503 1032 2522 a
1061 2492 1227 2522 beatitudine
1249 2492 1315 2530 lwi)
1338 2492 1466 2529 accipiat.
1499 2490 1677 2526 Quamobrem
1711 2490 1758 2519 lias

1018 2542 1043 2570 ei
1065 2541 1171 2571 litteras
1192 2544 1313 2579 patentes
1335 2540 1460 2568 dedimus
1482 2538 1572 2576 siyillo
1600 2539 1759 2567 monasterii

1017 2591 1104 2619 nostri
1126 2590 1257 2627 ninnium,
1281 2593 1305 2618 et
1332 2588 1527 2627 subscriptione
1553 2589 1638 2617 nostri
1660 2588 1761 2617 abbatis

1757 197 1805 222 An.
1826 196 1854 223 C.
1878 196 1947 223 1740

1810 1537 1859 1558 Car.
1877 1536 1911 1559 lV.

1823 1565 1851 1585 De
1867 1565 1954 1585 clericis

1768 1592 1902 1612 studentibus
1913 1608 1917 1616 ,
1933 1594 1953 1612 et

1768 1619 1883 1643 magistris.
