2232 3178
289 185 340 210 An.
357 185 385 211 s..
410 184 475 211 1738
521 175 585 209 3402

485 240 558 276 post
580 234 798 277 pontificalem
825 235 939 272 maior,
965 239 1000 265 ut
1026 233 1220 276 praefertur,

486 286 601 325 existit,
618 297 677 319 nee
698 298 762 319 non
790 287 893 329 quoad
920 286 1057 329 septimo
1084 291 1115 318 et
1136 285 1223 318 deei-

486 350 537 372 mo
556 340 660 371 dictos
679 339 889 371 canonicatus
908 345 939 371 et
957 339 1170 382 praebendas,
1187 349 1222 370 ac

486 392 697 434 capellaniam
726 392 913 424 huiusmodi
950 392 1045 434 eique
1079 402 1221 424 annexos

486 443 710 476 canonicatum
731 449 760 476 et
785 444 1003 487 praebendam
1030 444 1221 486 praedictos,

487 497 560 528 dum
598 496 643 528 illi
669 502 700 529 et
725 497 799 529 illae
833 508 891 540 pro
919 503 1063 540 tempore
1088 501 1220 535 vacant,

487 549 631 586 collatio,
657 549 796 592 provisio
822 561 857 582 ac
885 549 1054 589 institutio,
1075 549 1224 582 etomni-

487 602 582 634 moda
620 603 683 634 alia
719 602 889 645 dispositio
927 603 964 635 ad
992 613 1050 645 pro
1078 608 1223 645 tempore

487 655 677 687 existentem
716 656 999 698 archiepiscopum
1027 666 1061 687 ac
1087 655 1223 687 dilectos

486 708 636 740 similiter
662 707 745 740 tilios
770 708 949 751 capitulum
987 713 1019 740 et
1051 708 1223 741 canonicos

487 760 669 802 praedictae
706 760 862 793 ecclesiae
898 760 1162 804 Ulyssiponensis
1194 771 1225 792 o-

487 813 630 845 rientalis
655 813 850 852 simultanee,
877 820 1020 857 ternpore
1041 825 1115 846 vero
1141 813 1223 846 sedis

488 866 772 909 archiepiscopalis
801 867 1056 910 Ulyssiponensis
1081 868 1224 900 orienta-

488 919 525 952 lis
553 920 747 959 vacationis,
773 921 811 953 ad
838 921 1014 963 capitulum
1041 926 1069 953 et
1096 920 1226 953 canoni-

487 982 541 1004 cos
566 972 761 1015 praedictos,
782 974 983 1005 cessantibus
1002 973 1224 1006 reservationi-

486 1026 546 1058 bus
574 1030 606 1058 et
631 1025 857 1058 affectionibus
876 1027 1076 1069 apostolicis,
1098 1031 1224 1069 spectat

488 1083 517 1110 et
533 1078 691 1121 pertinet,
713 1079 801 1121 qnod
823 1080 953 1122 quidem
970 1080 1018 1111 ius
1032 1081 1224 1122 patronatus

487 1135 518 1163 et
544 1132 785 1173 praesentandi,
805 1132 891 1174 quod
913 1133 950 1164 ad
970 1133 1154 1175 praedictae
1172 1132 1226 1165 do-

486 1184 557 1215 mus
585 1184 623 1215 de
648 1184 876 1217 Vaseoncellos
897 1185 935 1217 de
954 1185 1133 1218 Soalbaens
1152 1196 1226 1228 pos-

487 1246 648 1269 sessorem
676 1242 706 1269 et
731 1237 1030 1270 administratorem
1066 1249 1124 1281 pro
1152 1242 1227 1270 tem-

488 1299 566 1331 pore
593 1289 798 1329 existentem,
823 1291 989 1333 praedicto
1013 1291 1132 1324 dilecto
1158 1291 1224 1324 silio

488 1341 589 1374 nobili
627 1343 696 1375 viro
733 1342 771 1375 de
808 1343 897 1375 Lima
936 1348 966 1376 et
999 1344 1225 1376 Vasconcellos

491 1394 678 1428 vicecomite
717 1396 756 1428 dc
793 1396 961 1429 Villanova
1002 1397 1040 1429 de
1078 1397 1227 1430 Cerveira

489 1447 646 1480 moderno
672 1449 859 1491 praedictae
893 1450 1008 1482 domus
1034 1461 1225 1492 possessore

489 1506 521 1533 et
545 1501 831 1541 administratore,
860 1503 1087 1545 modernoque
1113 1502 1225 1535 unice¹

488 1554 672 1596 praedictae
705 1555 848 1596 capellae
881 1555 995 1598 illique
1027 1566 1226 1587 annexorum

489 1606 698 1639 canonicams
735 1612 767 1639 et
801 1608 1008 1650 praebendae
1045 1608 1226 1650 praedicto-

489 1669 559 1691 rum
586 1664 744 1702 patrono,
771 1665 806 1692 ut
831 1660 1025 1704 accepimus,
1052 1665 1226 1700 annuente,

490 1717 521 1744 et
547 1715 669 1745 attenta
695 1713 900 1757 infrascripta
924 1719 959 1746 ut
983 1714 1066 1747 infra
1084 1714 1229 1747 facienda

491 1771 522 1798 et
547 1766 752 1799 decernenda
778 1767 1068 1810 compensatione,
1104 1778 1139 1800 ac
1174 1778 1229 1810 ap-

490 1820 652 1863 probandi
679 1820 957 1864 nominandique‚
983 1822 1068 1865 quod
1093 1821 1132 1853 ad
1158 1821 1229 1853 uni-

491 1873 676 1906 versitatem
703 1873 921 1916 praedictam,
947 1879 980 1907 et
1005 1874 1155 1917 exigendi
1183 1874 1230 1907 di-

492 1924 621 1958 midiam
648 1925 868 1968 praebendam
903 1937 960 1959 seu
987 1926 1138 1960 dimidios
1165 1927 1230 1959 sru-

492 1984 570 2018 ctus,
597 1979 743 2012 redditus
769 1985 801 2012 et
825 1985 999 2022 proventus
1024 1981 1229 2023 praedictos,

493 2032 578 2075 quod
606 2032 644 2064 ad
671 2032 791 2065 dictum
816 2032 1040 2075 Inquisitionis
1069 2033 1227 2074 tribunal,

493 2094 620 2117 necnon
646 2084 836 2117 conferendi
864 2090 894 2117 et
912 2085 1102 2128 providendi
1121 2096 1232 2129 respe-

493 2137 574 2169 ctive
600 2137 661 2177 ius,
689 2138 778 2181 qnod
804 2138 843 2170 ad
870 2138 1047 2171 modernos
1065 2144 1096 2171 et
1120 2149 1231 2182 respe-

493 2190 576 2222 ctive
609 2201 667 2233 pro
694 2196 839 2233 tempore
865 2191 1042 2224 existentes
1068 2192 1231 2235 archiepi-

493 2253 651 2286 scopum,
680 2244 856 2286 capitulum
884 2249 915 2277 et
939 2244 1112 2277 canonicos
1138 2255 1231 2288 prae-

495 2296 597 2328 dictos
623 2306 659 2328 ex
686 2306 890 2339 quacumque
917 2298 1014 2329 causa
1049 2297 1146 2330 etiam
1171 2308 1230 2340 pu-

495 2348 598 2381 blicae
616 2348 775 2389 utilitatis,
793 2354 847 2381 aut
872 2349 947 2382 alias
973 2350 1229 2393 quomodolibet,

496 2402 675 2444 respective
712 2407 837 2445 spectat
872 2408 903 2435 et
927 2403 1094 2446 pertinet,
1129 2410 1159 2437 et
1191 2405 1229 2437 de

496 2465 658 2488 consensu
685 2456 828 2488 eiusdem
855 2456 984 2489 loannis
1009 2457 1105 2499 regis,
1126 2458 1230 2499 quoad

497 2518 534 2540 ea
558 2508 590 2541 in
630 2509 747 2551 quibus
782 2514 813 2541 ct
845 2510 882 2541 ad
919 2520 1000 2553 quae
1026 2510 1073 2541 ius
1099 2510 1228 2553 aliquod

533 2571 543 2596 1
565 2571 664 2597 Forsan
685 2571 828 2606 legendum
849 2571 931 2598 unico
953 2572 989 2607 (a.
1005 2574 1053 2606 τ.).

1081 184 1263 209 BULLAIUUM
1288 184 1443 208 ROMANUM

1265 232 1369 265 eidem
1396 233 1505 265 loanni
1533 233 1600 275 regi
1626 239 1810 276 competere
1827 237 1944 276 potest,
1966 237 1998 265 et

1265 291 1423 328 quatenus
1459 296 1539 329 opus
1566 286 1628 326 sit,
1655 287 1835 328 apostolica
1860 285 1998 318 auctori-

1266 343 1327 370 tate
1354 349 1413 381 per
1438 344 1623 381 praesentes
1651 339 1807 381 perpetuo
1840 338 1999 380 extingui-

1265 401 1334 422 mus
1352 396 1383 423 et
1404 391 1619 434 abrogamus),
1640 402 1709 423 cum
1729 392 1865 434 primum
1893 390 1997 433 digni-

1267 448 1358 483 tates,
1386 454 1445 476 nec
1470 455 1533 476 non
1561 445 1767 477 canonicatus
1793 449 1824 477 et
1844 443 1999 486 praeben-

1266 496 1320 528 das
1358 507 1392 528 ac
1430 497 1643 539 capellaniam
1676 496 1879 536 huiusmodi,
1907 496 2000 529 dimi-

1267 549 1402 592 diosquc
1430 549 1639 582 canonicatus
1676 555 1706 582 et
1732 550 1880 583 dimidias
1907 559 2000 592 prae-

1267 602 1399 641 bonnas,
1417 613 1453 635 ac
1478 603 1702 645 quartanarias
1727 603 1916 646 praedictas,
1935 602 2001 646 qui-

1266 655 1376 687 busvis
1403 656 1506 687 modis
1539 661 1570 688 et
1602 666 1878 698 quorumcumque
1904 656 2000 688 etiam

1266 714 1448 740 nostrorum
1490 714 1521 741 et
1561 708 1697 741 Romani
1740 708 1901 741 Pontificis
1939 718 2000 751 pro

1268 766 1412 803 tempore
1439 762 1607 794 existentis
1633 773 1687 795 scu
1715 762 1853 795 cuiusvis
1871 761 1998 795 S.R.E.

1266 815 1438 848 cardinalis
1467 815 1673 848 familiarium
1708 821 1739 848 et
1772 815 2001 848 continuorum

1267 869 1530 900 commensalium
1557 879 1614 901 seu
1640 869 1803 901 Romanae
1821 868 1931 902 Curiae
1949 878 2003 900 no-

1268 927 1353 953 strae
1393 921 1577 953 officialium
1619 926 1674 953 aut
1713 922 1791 954 alias
1828 920 2004 964 quomodo-

1268 973 1346 1005 libet
1381 974 1637 1006 reservationem
1675 974 1905 1007 inducentibus
1931 983 2004 1016 per-

1268 1025 1381 1064 sonis,
1408 1036 1464 1058 scu
1487 1021 1550 1068 ¹per
1575 1027 1694 1059 liberas
1722 1027 1818 1060 etiam
1844 1037 1881 1059 ex
1907 1028 2004 1058 eausa

1268 1079 1513 1121 permutationis
1532 1079 1780 1121 resignationeS,
1799 1079 1916 1112 iurium
1937 1089 2005 1112 ces-

1269 1131 1377 1164 siones
1403 1132 1441 1164 de
1468 1131 1530 1164 illis
1554 1132 1586 1164 in
1613 1132 1695 1165 dicta
1720 1132 1815 1165 Curia
1840 1132 1890 1164 vel
1916 1137 2005 1164 extra

1269 1194 1338 1215 eam
1376 1184 1472 1216 etiam
1499 1184 1530 1216 in
1558 1185 1676 1217 nostris
1707 1190 1738 1218 et
1761 1184 1899 1217 Romani
1924 1184 2006 1217 Pon-

1270 1236 1362 1269 tificis
1387 1248 1446 1280 pro
1475 1242 1621 1279 tempore
1654 1237 1821 1271 existentis
1854 1237 2004 1270 manibus

1269 1289 1519 1332 quomodolibet
1546 1291 1643 1323 factas
1669 1291 1717 1323 vel
1744 1290 1901 1323 admissas
1920 1317 1927 1330 ,
1952 1293 2006 1322 aut

1269 1343 1506 1376 assecutionem
1533 1344 1665 1376 alterius
1691 1344 1840 1377 beneficii
1859 1343 2006 1377 ecclesia-

1270 1395 1339 1427 stici
1366 1396 1475 1438 quavis
1501 1396 1690 1428 auctoritate
1715 1396 1837 1435 collati,
1859 1406 1914 1428 seu
1934 1396 2005 1428 illas

1270 1453 1299 1480 et
1335 1448 1407 1481 illos
1439 1458 1497 1490 pro
1535 1453 1682 1491 tempore
1707 1448 1925 1481 obtinentium
1952 1448 2005 1481 de-

1270 1510 1395 1533 cessum
1421 1500 1517 1533 etiam
1542 1501 1625 1544 apud
1651 1501 1767 1534 Sedem
1786 1501 2004 1544 Apostolicam

1271 1553 1472 1595 praedictam
1506 1553 1758 1593 decedentium,
1785 1555 1835 1587 vel
1861 1553 2006 1598 quamvis

1270 1607 1365 1639 aliam
1392 1606 1627 1647 dimissionem,
1655 1608 1876 1649 amissionem,
1903 1607 2007 1651 priva-

1273 1660 1403 1701 tionem,
1429 1660 1602 1703 religionis
1628 1660 1821 1703 ingressum‚
1841 1666 1873 1694 et
1896 1661 2008 1694 matri-

1272 1713 1372 1746 monii
1398 1719 1612 1754 conti-actum,
1636 1714 1674 1746 ad
1699 1713 1932 1747 cathedralium
1957 1724 2008 1747 ec-

1273 1768 1445 1800 clesiarum
1483 1769 1533 1801 vel
1574 1768 1843 1801 monasteriorum
1863 1795 1871 1809 ,
1912 1768 2008 1801 etiam

1273 1821 1562 1861 consistorialium,
1584 1832 1638 1855 seu
1653 1832 1891 1865 quamcumque
1913 1821 2007 1854 aliam

1273 1875 1525 1918 promotionem,
1553 1880 1607 1908 aut
1625 1875 1871 1921 quomodolibet
1890 1881 1920 1907 et
1937 1885 2010 1918 qua—

1273 1923 1486 1972 litercumque
1514 1928 1611 1961 etiam
1637 1928 1720 1971 apud
1747 1927 1863 1961 Sedem
1883 1927 2009 1970 praedi-

1274 1987 1355 2014 ctam
1393 1992 1451 2025 pro
1489 1987 1637 2024 tempore
1673 1992 1786 2014 vacare
1816 1981 2008 2023 contigerit,

1275 2035 1399 2068 etiamsi
1427 2040 1574 2077 tempore
1601 2034 1692 2067 datae
1719 2034 1939 2077 praesentium
1959 2043 2010 2066 va-

1274 2093 1364 2127 cent,
1398 2097 1555 2130 personas
1592 2087 1725 2120 idoneas
1762 2092 1795 2119 ut
1830 2087 2010 2130 praefertur

1274 2141 1360 2184 (non
1387 2147 1493 2173 tamen
1520 2141 1627 2183 quoad
1664 2141 1877 2184 capellaniam
1914 2140 2008 2183 eique

1274 2204 1415 2227 annexos
1455 2194 1680 2226 canonicatum
1724 2199 1754 2227 et
1789 2193 2010 2236 praebendam

1273 2246 1474 2289 praedictos)
1500 2247 1586 2279 iuxta
1609 2247 1683 2279 dicti
1710 2247 1838 2280 loannis
1861 2245 2008 2290 episcopi

1274 2300 1494 2333 fundationem
1521 2300 1721 2343 praedictam
1755 2300 1860 2333 debite
1887 2299 2010 2343 qualifi-

1273 2359 1372 2393 catas,
1400 2364 1416 2386 a
1448 2364 1506 2396 pro
1533 2358 1680 2396 tempore
1706 2353 1862 2386 existente
1890 2352 2011 2385 archie-

1273 2406 1406 2449 piscopo
1425 2406 1581 2439 ecclesiae
1599 2406 1857 2450 Ulyssiponensis
1871 2406 2010 2439 orienta-

1273 2459 1312 2492 lis
1334 2460 1498 2502 praedicto
1518 2459 1756 2502 approbandas,
1776 2460 1818 2492 ita
1835 2459 1923 2503 quod
1941 2469 2011 2502 per·

1273 2523 1426 2545 sonarum
1447 2512 1636 2545 huiusmodi
1662 2512 1695 2544 in
1721 2512 1767 2545 eis
1792 2511 1952 2546 institutio
1970 2512 2009 2544 ad

1312 2576 1318 2599 1
1343 2573 1441 2601 Vocem
1462 2574 1594 2602 ecclesiae
1613 2582 1663 2601 nos
1683 2574 1809 2602 addimus
1829 2576 1868 2609 (n.
1884 2574 1932 2608 τ.).

2003 184 2052 211 Αη.
2073 186 2102 213 C.
2119 187 2191 216 ’⁸138'
