2232 3178
37 228 87 256 An.
101 224 130 254 C.
151 222 218 251 ¹738

842 217 983 243 CLEMENS

223 278 338 300 merum
361 269 516 307 vocalium,
540 269 585 299 vel
606 269 688 299 illum
712 267 868 305 excedunt,
885 276 962 296 com-
984 298 985 302 ,

222 318 366 349 burantur
388 318 506 354 statim,
531 318 593 347 sine
617 327 650 347 eo
674 317 749 356 qnod
772 317 918 354 legantur,
936 320 963 345 et
984 306 985 318 ἶ

221 367 328 398 iterum
351 366 386 396 de
408 376 482 396 novo
504 366 640 404 suffragia
659 366 802 395 ferantur.
824 366 962 393 Ceterum

221 417 245 446 si
267 416 364 455 aliqua
387 415 525 445 schedula
549 424 638 444 vacua
662 424 712 444 seu
746 413 811 443 alba
845 413 962 442 inventa
984 404 985 415 ¹

221 465 308 494 suerit
324 488 332 502 ‚
356 464 400 493 vel
423 472 488 493 cum
512 463 650 501 suffragio
674 471 739 492 cum
771 461 940 491 conditione
955 484 962 497 ,
984 449 985 464 ¹

222 513 266 543 vel
288 513 461 543 alternative
478 535 486 549 ,
511 513 556 542 vel
580 511 718 551 praestito
747 519 887 549 personae
921 509 965 539 in-

221 563 320 601 capaci
342 562 503 591 secundum
536 562 605 596 ius,
637 560 682 590 vel
715 559 845 589 subiecto
879 563 963 588 antea

221 611 395 641 scrutinium
419 610 614 648 eligibilitatis
637 619 694 639 non
718 608 838 646 eligibili
857 630 864 643 ,
896 612 965 637 tunc
985 601 987 643 ]

221 669 305 690 casus
327 664 514 694 scrutatores,
538 667 697 697 suppresso
721 658 839 686 nomine
855 655 964 685 haben-

222 708 258 738 tis
280 707 449 746 suffragium
461 730 468 741 ,
485 707 601 743 vitium,
618 706 696 745 quod
713 705 897 741 notaverint,
917 703 965 733 de-

221 757 333 787 clarent
353 782 360 795 ,
386 762 414 787 et
436 757 501 787 talis
525 756 662 786 schedula
686 764 737 794 pro
761 753 842 784 nulla
864 757 892 782 et
915 761 966 792 pro
987 775 988 778 ,

221 815 279 836 ῃοι]
302 806 440 844 suffragio
463 805 623 844 reputanda
647 808 712 838 est3
737 803 861 841 ideoque
884 811 965 840 sepa·
986 813 988 821 ⁴

220 860 313 892 retur,
331 859 359 885 et
375 854 515 893 regulatio
538 863 571 883 ac
587 853 751 883 numeratio
767 852 889 881 aliorum
906 851 966 880 sus·
987 870 989 877 Α

222 904 381 943 fragiorum
405 904 476 941 fiat,
505 907 532 933 et
560 903 618 932 illis
651 902 745 931 solum
775 901 964 930 attendatur¹

222 953 257 983 ad
281 953 436 983 videndum
455 977 462 991 ‚
486 961 522 982 an
550 951 588 981 sit
620 951 724 980 electio
754 950 796 979 vel
829 958 898 978 non.
933 948 989 977 Εῑι

222 1003 418 1042 praecipimus
440 1002 468 1031 in
492 1001 600 1031 virtute
634 1005 751 1029 sanctae
784 998 966 1028 obedientiae
987 1013 988 1018 =

222 1055 251 1081 et
267 1051 321 1081 sub
339 1055 492 1090 praecepto
505 1049 620 1080 formali
637 1047 862 1081 scrutatoribus,
877 1046 964 1086 quod,

222 1100 247 1131 si
270 1105 402 1139 tempore
424 1099 576 1129 electionis
593 1098 708 1137 aliquod
726 1098 891 1136 reperiatur
908 1096 967 1125 sus-

222 1149 346 1188 sragium
371 1158 422 1188 pro
444 1147 576 1178 subiecto
592 1148 692 1187 quiex
710 1145 889 1185 eligibilibus
908 1154 965 1175 non

222 1199 331 1237 suerit,
355 1199 456 1228 vitium
480 1198 610 1228 declaret
638 1196 813 1227 electoribus
837 1205 872 1225 ne
900 1204 967 1234 pro-

223 1247 328 1278 cedant
350 1247 485 1278 ulterius.

262 1305 304 1327 111.
328 1297 358 1327 Si
381 1297 411 1326 in
435 1296 528 1335 primo
542 1295 586 1325 vel
603 1294 731 1325 secundo
748 1293 891 1324 scrutinio
908 1302 965 1322 non

223 1345 313 1376 suerit
335 1345 457 1381 electio,
481 1348 662 1374 scrutatores
685 1343 839 1373 consulant
863 1341 967 1371 desini-

223 1394 329 1424 torium
353 1393 489 1432 generale
512 1392 631 1423 Ordinis
650 1415 658 1429 ,
681 1396 709 1421 et
730 1391 808 1421 istud
839 1391 889 1429 (si
924 1390 966 1419 illi

223 1443 381 1483 expediens
403 1443 496 1472 visum
526 1441 638 1480 suerit)
671 1440 771 1470 iubeat
804 1439 879 1479 quod
907 1439 966 1468 sus-

223 1492 316 1531 sragia
339 1492 536 1529 declarentur,
561 1495 599 1529 et,
618 1499 692 1530 quae
708 1489 833 1529 quisque
849 1488 964 1525 habeat,

223 1541 469 1577 manifestentur,
503 1544 534 1570 ut
564 1540 604 1570 ita
636 1539 751 1569 vocales
784 1538 899 1568 facilius
929 1537 964 1566 ad

224 1591 396 1621 electionem
428 1590 657 1620 conformentur.
695 1589 725 1618 Si
758 1592 855 1618 autem
892 1587 966 1616 sacto

226 1644 326 1679 postea
343 1639 431 1669 tertio
447 1638 602 1675 scrutinio,
620 1638 714 1668 adhuc
736 1646 795 1666 non
811 1636 848 1665 sit
864 1635 966 1665 electio

224 1689 364 1720 canonica
381 1712 389 1726 ,
413 1688 529 1731 omissis
550 1687 700 1718 scrutiniis
715 1711 722 1724 ,
750 1686 799 1716 ille
822 1685 967 1722 intelliga-

225 1742 272 1768 tur
295 1738 406 1768 electus
429 1738 456 1767 vi
479 1737 566 1767 liuius
589 1735 821 1771 constitutionis,
836 1744 887 1774 pro
910 1743 966 1773 quo

225 1787 313 1818 suerit
334 1787 426 1817 maior
448 1795 589 1817 numerus
612 1785 819 1822 suffragiorum
838 1808 845 1822 ‚
879 1792 966 1822 quam

225 1845 277 1876 pro
299 1837 356 1867 alio
379 1841 428 1866 aut
449 1836 536 1873 aliis3
561 1835 654 1865 ²tunc
677 1834 825 1873 antiquior
849 1833 876 1863 in
901 1842 966 1872 pro-

225 1885 350 1916 fessione
371 1884 557 1924 reputabitur
581 1884 720 1914 canonice
743 1883 865 1913 electus.

261 1943 300 1965 ιν.
313 1934 459 1965 Scrutinio
473 1934 558 1972 sacto,
573 1933 783 1973 pronunciator
795 1932 830 1962 ad
847 1931 875 1962 id
891 1941 905 1961 a
921 1940 967 1961 ca-

226 1983 318 2023 pitulo
331 1984 451 2021 electus,
466 1983 544 2012 iuxta
559 1983 634 2013 dicta
652 1982 835 2021 paragrapho
852 1986 968 2011 antece·

226 2032 326 2071 denti,
347 2042 428 2062 num.
448 2041 496 2070 xv,
517 2032 603 2062 saciat
619 2035 646 2061 et
663 2031 836 2071 pronunciet
851 2030 968 2060 electio-

226 2091 292 2112 nem
320 2091 372 2121 pro
394 2082 445 2112 illo
467 2081 517 2120 qui
542 2081 628 2111 habet
653 2081 750 2111 omnia
769 2079 906 2117 suffragia
924 2079 967 2108 vel

227 2130 381 2170 plusquam
404 2130 602 2166 medietatem,
626 2129 693 2168 vel,
717 2130 747 2158 in
767 2138 836 2158 casu
859 2128 969 2157 discor-

227 2179 301 2214 diae,
326 2189 377 2219 pro
391 2188 424 2209 eo
440 2179 490 2218 qui
509 2179 619 2209 electus
635 2178 770 2218 deputari
787 2177 872 2208 debet
888 2177 966 2207 iuxta

226 2227 394 2258 immediate
420 2228 508 2266 dicta,
537 2227 714 2258 declarando
741 2236 896 2256 numerum
919 2226 968 2257 dc-

228 2278 414 2308 terminatum
441 2277 576 2317 sequenti
606 2277 715 2314 form-22,
743 2277 875 2317 quamvis
906 2277 968 2317 ipse

228 2325 398 2364 suffragium
422 2326 514 2356 electo
536 2335 594 2355 non
617 2326 741 2356 dederit.

307 2375 363 2413 Ego
385 2370 474 2414 frater
496 2374 530 2405 N.
548 2374 581 2404 (le
602 2374 636 2405 N.
659 2375 767 2404 nomine
794 2384 851 2404 meo
884 2378 908 2404 et
941 2385 968 2404 o-

228 2424 333 2454 mnium
356 2424 500 2454 electorum
518 2424 707 2462 praesentium
727 2434 777 2463 per
799 2424 889 2454 decem
911 2426 969 2463 sus-

228 2474 331 2512 frayia,
355 2483 382 2503 v.
407 2483 445 2512 g.‚
474 2473 519 2502 vel
542 2473 589 2511 (si
612 2482 697 2503 casus
720 2473 831 2512 fuerit)
854 2474 883 2503 in
905 2483 970 2503 casu

229 2522 379 2552 discordiae
400 2526 424 2551 et
447 2521 634 2561 aeqvcalitatls,
659 2521 728 2560 eligo
746 2522 776 2551 in
793 2524 923 2552 maiorem
939 2531 970 2552 ac

266 2581 276 2606 t
299 2579 371 2607 Edit.
392 2579 472 2607 Μαίη.
493 2579 557 2615 legit
576 2580 769 2608 attendantur
785 2581 825 2614 (n.
843 2580 891 2615 T.).

263 2625 280 2652 2
300 2625 411 2652 Videtur
431 2624 526 2653 deesse
546 2625 572 2652 si
587 2633 643 2660 par
663 2633 804 2654 numerus
822 2626 859 2660 (a.
877 2625 925 2659 rs).

1008 217 1053 241 XII
1078 217 1128 241 PP.

1004 266 1159 304 generalem
1180 266 1339 295 ministrum
1363 268 1469 294 nostroe
1491 274 1583 294 sacrae
1596 264 1748 302 religionis,

1006 315 1049 344 vel
1069 316 1097 344 in
1113 315 1279 354 definitorem
1300 314 1466 352 ,qenerulenu
1485 314 1530 344 vel
1547 316 1574 344 in
1592 315 1749 343 *ministrum

1004 365 1202 403 provincialem
1223 365 1383 403 prosinct'ae
1405 364 1449 397 N,
1472 364 1516 393 vel
1540 365 1567 393 in
1592 365 1750 392 ministrum

1006 418 1158 447 carthuitus,
1179 413 1221 442 vel
1242 413 1360 450 callemi,
1378 412 1411 442 Ν.
1431 413 1463 442 P.
1481 414 1597 452 fralrcm
1617 411 1643 441 N
1665 413 1697 440 cle
1713 412 1747 441 N.

1008 461 1038 490 In
1053 462 1160 491 nomine
1174 461 1274 493 Patris,
1288 461 1356 490 Filii
1369 466 1393 490 et
1405 460 1529 500 Spiritus
1540 460 1643 490 Sinctz'.
1653 460 1750 489 Amen.

1047 519 1074 538 v.
1099 509 1201 539 Forma
1230 510 1283 539 ista
1307 510 1432 539 faciendi
1461 519 1511 538 seu
1538 507 1751 548 pronunciandi

985 593 987 597 V
1008 559 1167 597 quamlibet
1180 559 1350 588 electionem
1365 568 1480 597 semper
1493 558 1677 596 observetur,
1693 562 1750 586 tam

1009 608 1038 636 in
1061 608 1210 647 capitulo,
1235 617 1321 647 quam
1344 608 1372 637 in
1396 608 1563 637 definitorio
1578 631 1585 643 ,
1618 607 1662 636 vel
1692 607 1751 636 alia.

1009 657 1110 695 quavis
1134 658 1372 694 congregatione.
1392 656 1553 686 Schednlae
1576 661 1671 685 autem
1689 664 1751 685 esse

1010 710 1148 744 poterunt
1171 706 1296 744 scriptae
1313 706 1434 745 proprisi
1453 705 1640 743 suffragantis
1663 714 1751 734 manu

1010 755 1053 784 vel
1080 755 1187 784 aliena.
1212 754 1290 789 Quae
1317 755 1384 791 igne
1407 754 1616 784 comburantur
1640 754 1668 783 in
1689 754 1751 792 ipso

1010 803 1147 842 capitulo,
1172 803 1216 832 vel
1240 802 1419 840 definitorio,
1445 802 1489 832 vel
1512 803 1749 840 congregatione,

1010 857 1166 892 antequam
1190 853 1304 882 vocales
1328 857 1458 890 surgant.

1051 910 1087 930 vt.
1117 901 1224 931 Omnes
1258 901 1474 931 controversiae
1507 905 1534 931 et
1568 901 1752 930 difficultates

1010 954 1089 979 ortae
1112 950 1141 979 in
1165 950 1209 980 vel
1232 959 1321 988 super
1338 950 1540 985 electionibus,
1558 950 1645 979 etiam
1664 949 1753 988 patris

1010 999 1138 1028 ministri
1160 999 1317 1037 generalis,
1335 998 1364 1028 iu
1382 999 1520 1037 capitulo,
1542 997 1585 1027 vel
1609 998 1667 1027 alia
1683 1007 1754 1036 qua-

987 1054 988 1057 ’
1010 1057 1135 1087 cumque
1165 1048 1415 1086 congregatione,
1441 1047 1674 1076 determinentur
1703 1055 1753 1085 per

1010 1097 1213 1127 deiinitorium
1227 1097 1371 1135 generale.
1385 1097 1469 1126 cuins
1483 1096 1654 1126 resolutioni
1668 1105 1753 1125 nemo

1010 1147 1210 1183 contradicat,
1231 1146 1285 1175 sub
1310 1147 1403 1185 poena
1426 1146 1460 1175 ad
1483 1145 1637 1174 arbitrium
1660 1144 1754 1184 ipsius

1010 1196 1170 1225 definitorii
1194 1195 1365 1229 infligenda.

1050 1254 1068 1274 1.
1087 1244 1122 1274 Ut
1140 1244 1293 1273 maturiori
1310 1242 1433 1273 consilio
1449 1242 1661 1272 determinetur
1676 1241 1753 1280 quod

1010 1293 1037 1322 in
1063 1292 1191 1331 capitulo
1214 1291 1344 1330 generali
1366 1301 1392 1320 v.
1410 1301 1437 1329 g.
1457 1291 1636 1330 propositum
1654 1290 1752 1327 suerit,

1011 1341 1097 1371 liceat
1120 1341 1176 1380 ipsi
1199 1340 1326 1380 capitulo
1349 1339 1395 1378 (si
1419 1339 1461 1369 illi
1484 1339 1621 1378 expedire
1645 1338 1755 1367 videbi-

1011 1391 1070 1429 tur)
1093 1391 1269 1421 decisionem
1293 1389 1409 1419 differre
1426 1398 1518 1428 usque
1535 1388 1564 1418 in
1583 1392 1754 1427 sequentem

1010 1439 1096 1470 diem.

1050 1498 1080 1519 11.
1104 1488 1349 1528 Quotiescumque
1371 1487 1480 1517 iudicio
1504 1487 1592 1518 trium
1614 1486 1756 1526 capitula-

1011 1538 1087 1568 rium
1111 1538 1288 1568 conveniens
1317 1537 1355 1567 sit
1388 1536 1510 1576 proponi
1547 1536 1591 1566 vel
1618 1535 1754 1565 determi-

1010 1588 1075 1617 nari
1097 1597 1158 1617 rem
1182 1587 1309 1626 aliquam
1332 1587 1361 1616 in
1384 1586 1513 1625 capitulo
1531 1609 1538 1623 ,
1563 1594 1682 1624 praeses
1716 1588 1756 1614 te-

1010 1640 1113 1666 neatur
1135 1636 1215 1665 illam
1239 1644 1401 1675 proponere
1425 1639 1455 1664 ut
1478 1634 1631 1664 decidatur
1647 1656 1654 1670 ‚
1685 1633 1755 1662 dum

1011 1690 1107 1715 tamen
1130 1694 1187 1714 non
1210 1685 1247 1714 sit
1277 1694 1381 1714 novam
1414 1683 1538 1713 condere
1571 1681 1756 1712 constitutio-

1010 1744 1101 1770 nem3
1126 1735 1160 1764 ad
1184 1734 1238 1764 hoc
1261 1734 1338 1764 enim
1363 1733 1584 1773 proponendum
1607 1736 1637 1761 et
1660 1731 1755 1761 coufe-

1011 1784 1132 1814 rendum
1147 1784 1240 1813 maior
1256 1783 1375 1822 capituli
1391 1782 1538 1821 generalis
1555 1781 1672 1811 Ordinis
1689 1789 1755 1819 pars

1011 1833 1096 1863 debet
1121 1838 1217 1872 petere
1240 1837 1267 1862 et
1289 1833 1420 1862 instare:
1446 1840 1563 1871 praeses
1586 1835 1682 1860 autem
1701 1830 1755 1859 hu-

1011 1882 1136 1913 iusmodi
1160 1881 1281 1920 capituli
1305 1880 1412 1920 poterit
1434 1881 1464 1910 in
1492 1890 1525 1910 eo
1559 1885 1618 1910 toto
1651 1888 1755 1918 propo-

1011 1941 1082 1962 nere
1105 1931 1248 1970 qnidquid
1278 1930 1334 1969 ipsi
1368 1930 1506 1969 expedire
1540 1929 1673 1959 videatur
1691 1952 1698 1963 ‚
1728 1932 1756 1958 et

1012 1981 1096 2010 unica
1119 1980 1241 2016 familia,
1270 1978 1522 2009 consentientibus
1549 1982 1634 2007 antea
1662 1976 1756 2006 omni-

1011 2029 1065 2059 bus
1085 2028 1232 2067 suffragiis
1255 2028 1347 2066 illius,
1372 2037 1536 2067 proponere
1560 2026 1686 2066 potuerit
1703 2025 1755 2055 toti

1011 2079 1142 2117 capitulo
1166 2082 1196 2108 nt
1220 2078 1269 2108 siat
1292 2077 1463 2107 constitutio
1486 2086 1538 2116 pro
1560 2077 1614 2106 sua
1641 2079 1754 2105 tantum

1012 2127 1209 2157 determinata
1233 2127 1355 2156 familia.

1052 2186 1092 2206 ιιι.
1118 2176 1320 2215 praecipimus
1356 2175 1433 2215 quod
1456 2174 1535 2205 nullo
1559 2177 1710 2214 praetextu
1740 2182 1755 2202 a

1011 2226 1131 2255 Summo
1159 2225 1300 2255 Pontitice
1330 2225 1494 2264 postuletur
1526 2223 1673 2254 innovatio
1705 2231 1756 2252 sen

1012 2275 1175 2305 immutatio
1199 2275 1228 2304 in
1251 2284 1281 2304 re
1304 2274 1404 2313 aliqua
1426 2278 1542 2303 sauctae
1565 2277 1679 2302 nostrae
1712 2280 1757 2301 re-

1013 2324 1115 2362 gulae,
1140 2324 1196 2353 nisi
1220 2324 1273 2353 hoc
1297 2323 1345 2352 siat
1369 2332 1419 2361 per
1442 2322 1599 2361 capitulum
1622 2320 1756 2359 generale

1013 2373 1153 2411 Ordinis,
1177 2372 1419 2403 concurrentibus
1443 2371 1579 2401 omnibus
1602 2370 1694 2408 votis,
1729 2373 1756 2399 et

1013 2422 1131 2452 nemine
1154 2422 1361 2462 discrepante3
1386 2425 1414 2450 et
1435 2420 1660 2450 contraveniens
1687 2418 1756 2448 hnic

1012 2471 1237 2508 constitutioni,
1264 2471 1326 2509 ipso
1350 2470 1424 2499 facto
1447 2468 1578 2508 privatus
1601 2468 1638 2497 sit
1660 2466 1755 2497 officio

1012 2531 1063 2551 suo
1081 2546 1088 2559 ,
1113 2525 1141 2551 et
1164 2519 1301 2550 inhabilis
1325 2523 1463 2559 perpetuo
1485 2517 1520 2547 ad
1554 2525 1756 2556 quaecumque

1013 2571 1079 2601 alia.
1103 2570 1244 2600 Similiter
1267 2577 1323 2598 non
1354 2567 1519 2607 postuletur
1541 2576 1556 2596 a
1585 2566 1658 2597 Sede
1680 2566 1755 2605 Apo-

1014 2619 1134 2657 stohcst,
1158 2618 1215 2649 nisi
1238 2627 1288 2657 per
1312 2617 1388 2648 idem
1418 2616 1579 2656 capitulum
1602 2615 1754 2654 generale,

1650 206 1714 240 443
1760 215 1809 242 An.
1827 215 1854 243 c.
1877 216 1943 244 1738

1793 1284 1821 1304 De
1835 1261 1899 1303 {Hit-lt]
1911 1283 1950 1303 ali-

1766 1311 1816 1337 quid
1832 1315 1951 1335 proponen-

1766 1340 1786 1357 di
1798 1341 1817 1357 et
1833 1338 1950 1358 decenneu-

1766 1365 1786 1383 di
1812 1370 1830 1383 in
1855 1364 1949 1390 capitulo

1766 1390 1867 1417 generati.
