2232 3178
281 210 378 237 11116.
401 209 468 236 1138
514 199 577 233 350
2008 203 2101 230 11116.
2121 206 2184 236 ¹738
2206 186 2207 236 J

1061 205 1246 230 nULLARwM
1269 205 1427 230 ROMANUM

344 1859 394 1880 11130
420 1863 473 1878 noro

290 1887 382 1911 cotliugm
415 1888 473 1905 extra

290 1914 400 1938 Neapolim
431 1912 473 1931 fuu-

290 1940 340 1960 dato
356 1938 474 1960 concedun-

477 259 572 290 etiam
598 258 693 289 unico
721 257 835 289 festivo
861 257 908 288 vel
936 255 1062 295 feriato,
1088 265 1214 287 necnon

477 311 571 343 etiam
598 311 635 342 ad
663 320 772 342 sacros
799 315 830 341 et
854 308 1097 352 presbyteratus
1123 307 1213 340 ordi-

477 374 533 396 nes
559 364 662 395 tribus
688 362 876 403 dominicis,
903 373 959 394 seu
986 362 1058 394 aliis
1084 360 1216 399 festivis,

478 422 509 448 61
548 416 710 449 continuis
751 417 800 448 vel
836 415 1043 458 interpolatis
1082 414 1217 451 diebus,

479 469 573 502 etiam
599 474 687 502 extra
713 473 859 511 tempora
884 469 922 501 ad
949 468 979 501 id
1005 478 1022 500 a
1053 468 1123 500 iure
1155 471 1217 499 sta-

478 527 544 553 tuta
560 549 567 561 ,
595 527 625 553 et
650 532 715 553 non
748 521 881 554 servatis
915 532 932 553 a
957 531 1049 553 sacro
1072 519 1216 553 Concilio

476 574 666 607 Tridentino
682 574 873 617 designatis,
895 574 1035 617 annique
1054 573 1217 606 curriculo

476 638 541 660 non
568 633 756 670 expectato,
795 627 937 667 etiamsi,
965 632 1140 669 autequam
1179 626 1217 658 de

475 691 539 713 nno
566 681 604 713 ad
631 680 726 712 alium
754 680 901 712 ordinem
927 684 1217 723 promoverentiu·,

476 734 507 765 in
534 733 640 776 primo
660 744 790 776 qnoque
811 738 962 776 suscepto
981 732 1095 765 ordine
1111 742 1143 764 se
1161 731 1218 763 mi-

476 786 562 818 nime
583 786 818 825 exercuissent,
839 791 893 818 aut
907 786 1040 818 alicuius
1062 784 1217 817 eeclesiae

477 839 607 871 servitio
633 839 784 881 adscripti
812 849 875 871 non
902 844 1020 878 essent,
1043 837 1218 870 dummodo

478 898 585 925 tamen
613 893 716 925 forent
743 892 856 924 aetatis
882 892 1056 933 legitimae,
1083 901 1118 922 ac
1139 890 1218 922 alias

479 945 598 985 idonei,
625 950 657 977 et
682 955 740 987 per
767 944 941 977 triennium
968 943 1152 976 continuum
1173 953 1220 975 es-

478 1004 549 1030 sent
574 998 717 1031 eiusdem
738 997 1007 1040 Congregationis
1022 996 1142 1030 alumni
1163 1007 1218 1028 seu

478 1052 702 1092 convictores,
729 1057 784 1083 aut
809 1051 846 1083 ad
875 1051 961 1083 illius
986 1050 1171 1083 instantiam
1191 1059 1221 1082 e-

480 1105 601 1143 ducati,
628 1115 663 1137 ac
688 1105 831 1147 denique
858 1104 1018 1136 haberent.
1035 1103 1160 1136 litteras
1178 1107 1220 1134 16-

479 1158 682 1191 stimoniales
721 1162 883 1190 rectorum
910 1162 964 1189 aut
989 1166 1101 1188 eorum
1135 1156 1218 1198 apud

480 1221 559 1254 quos
587 1211 804 1243 educarentur
841 1214 872 1242 et
907 1208 1145 1241 instruerentur
1181 1208 1220 1240 de

480 1274 593 1297 eorum
620 1263 682 1297 vita
709 1269 740 1296 et
765 1262 909 1296 moribus
942 1273 978 1295 ac
1010 1263 1041 1294 in
1077 1261 1220 1294 scientiis

481 1317 700 1360 profectibus,
731 1326 792 1349 nec
825 1316 870 1348 eis
905 1315 1037 1358 aliquod
1076 1316 1222 1348 obstaret

481 1371 770 1414 hnpedimentum,
798 1369 999 1412 promoveri,
1027 1373 1058 1401 et
1083 1367 1220 1410 promoti

482 1425 512 1456 in
539 1425 604 1457 illis
631 1424 725 1456 etiam
751 1424 782 1455 in
810 1422 918 1455 altaris
943 1422 1124 1454 ministerio
1157 1421 1219 1453 uii-
1244 1442 1246 1447 -

481 1478 622 1510 nistrare
648 1477 750 1509 libere
778 1481 808 1508 et
834 1475 920 1508 licite
946 1479 1082 1518 possent
1108 1480 1138 1507 et
1173 1485 1223 1506 ra-

482 1531 601 1570 lerent,
621 1529 809 1562 auctoritate
835 1528 1032 1571 apostolica,
1051 1527 1110 1559 sub
1128 1527 1223 1559 certis

482 1584 579 1616 modo
599 1589 628 1615 61
648 1583 747 1615 forma
774 1588 849 1614 tunc
867 1580 1044 1624 expressis,
1065 1580 1225 1613 concessit

482 1643 514 1669 et
538 1636 684 1676 indulsit,
712 1640 744 1668 et
769 1635 846 1667 alias
871 1639 968 1677 prout
993 1634 1024 1665 in
1051 1632 1224 1676 praedictis

483 1689 604 1722 Urbani
631 1687 893 1732 praedecessoris
931 1687 1047 1720 litteris
1085 1687 1225 1729 desuper

483 1742 640 1775 insimili
669 1742 771 1774 forma
808 1740 915 1773 Brevis
952 1739 1004 1772 die
1040 1750 1117 1772 xvui
1150 1739 1223 1771 maii

485 1806 657 1829 itincxxxvn
683 1793 843 1838 expeditis
868 1793 998 1836 plenius
1025 1793 1224 1826 continetur.

529 1849 543 1892 ᾗ
568 1848 599 1881 ⁶2.
627 1849 703 1881 Cum
729 1852 853 1887 autem,
881 1847 965 1880 516111
990 1847 1101 1879 eadem
1127 1856 1224 1889 expo-

486 1903 562 1935 sitio
589 1902 816 1944 subiungebat,
844 1900 947 1933 dictus
966 1900 1144 1932 Matthaeus
1164 1899 1227 1943 pri-

488 1955 602 1997 vilegia
623 1965 678 1987 seu
698 1953 823 1986 indulta
837 1952 1003 1995 praedicta
1021 1953 1059 1985 ad
1079 1952 1225 1984 alumnos

487 2015 518 2042 et
542 2007 743 2041 convictores
769 2006 899 2049 collegii
924 2006 1039 2039 Sacrae
1073 2006 1226 2039 Familiae

486 2062 555 2094 16511
581 2061 696 2093 Christi
724 2059 909 2092 huiusmodi
935 2069 993 2102 per
1017 2069 1075 2091 nos
1097 2059 1226 2091 extendi

487 2121 584 2159 atque
610 2115 722 2148 iisdem
748 2114 885 2147 concedi
912 2123 1118 2156 summopere
1145 2111 1228 2146 desi·
1250 2130 1251 2135 =

489 2169 598 2201 deret:
626 2178 694 2207 nos,
719 2167 781 2210 piis
808 2166 951 2199 eiusdem
976 2166 1126 2198 Matthaei
1146 2165 1228 2198 votis

488 2222 549 2254 hac
573 2221 604 2254 in
630 2231 664 2253 re
691 2225 846 2264 quantum
880 2230 951 2252 cum
987 2219 1122 2252 Domino
1155 2229 1230 2262 pos-

489 2285 598 2307 sumus
630 2273 854 2307 favorabiliter
891 2282 1035 2305 annuere
1067 2273 1229 2312 volentes,

490 2339 628 2372 eumque
655 2333 686 2360 61
711 2328 861 2360 alumnos
888 2336 924 2359 ac
949 2325 1148 2359 convictores
1183 2336 1230 2357 se-

490 2382 675 2416 cundodicti
701 2380 829 2423 collegii
855 2379 1041 2413 huiusmodi
1064 2390 1080 2411 a
1099 2379 1231 2422 quibus-

489 2436 534 2469 vis
561 2433 924 2473 excommunicationis,
951 2431 1176 2475 suspensionis
1202 2435 1232 2463 et

491 2489 665 2528 interdicti,
693 2488 828 2530 aliisque
855 2485 1082 2519 ecclesiasticis
1103 2490 1231 2517 senten-

492 2543 560 2583 tiis,
587 2541 733 2575 censuris
760 2547 791 2574 61
814 2539 944 2583 poenis,
971 2550 987 2570 a
1013 2539 1081 2571 iure
1117 2538 1165 2570 vel
1192 2537 1231 2569 ab

492 2596 624 2629 homine
641 2623 648 2636 ,
675 2594 786 2638 quavis
812 2592 982 2627 occasione
1007 2593 1056 2625 vel
1078 2592 1231 2624 6611551111-

1262 254 1318 294 tis,
1353 255 1378 286 si
1417 255 1536 297 quibus
1572 253 1820 297 quomodolibet
1853 252 1999 285 innodati

1261 306 1412 347 existunt,
1440 307 1476 339 ad
1504 305 1650 340 effectum
1672 305 1891 348 praesentium
1911 305 2001 337 dum-

1262 365 1347 392 taxat
1372 359 1646 402 consequendum,
1662 359 1775 391 harum
1793 359 1877 391 serie
1895 358 2001 391 absol-

1261 418 1371 446 ventes
1398 418 1429 445 et
1454 414 1623 445 absolutos
1639 413 1706 445 fore
1724 417 1907 452 censentes,
1926 421 2000 453 sup-

1262 465 1493 508 plicationibus
1519 465 1587 498 eius
1613 465 1744 497 nomine
1770 464 1865 497 nobis
1901 473 2000 506 super

1263 519 1324 551 hoe
1349 518 1518 551 humiliter
1542 518 1700 561 porrectis
1717 517 1870 557 inclinati,
1893 515 1931 549 de
1948 526 2002 549 ve·

1263 572 1456 604 nerahilium
1483 572 1614 604 fratrum
1641 576 1826 604 nostrorum
1852 569 1883 603 S.
1906 570 1941 602 R.
1962 569 1997 601 E.

1263 625 1472 657 cardinalium
1499 624 1638 667 negotiis
1664 623 1894 667 Propagandae
1912 622 2000 655 Fidei

1263 678 1523 721 praepositorum
1559 677 1720 717 consilio,
1747 676 1941 720 privilegia,
1969 675 2000 707 in

1264 731 1438 774 praedictis
1465 731 1582 763 Urbani
1609 729 1868 773 praedecessoris
1885 728 2002 761 litteris

1264 789 1428 823 contenta,
1455 784 1493 816 ad
1520 783 1696 816 modernos
1723 787 1753 815 61
1778 793 1835 825 pro
1858 788 2001 825 ternpore

1265 836 1438 869 existentes
1465 837 1652 878 collegiales
1670 835 1799 877 collegii
1819 834 2004 868 811611161ῗᾶ-

1265 889 1372 922 miliae
1397 889 1465 922 lesu
1487 889 1603 921 Christi
1619 889 1754 920 civitatis
1771 887 2003 931 Neapolitanae

1264 942 1430 982 Siuenses,
1459 947 1490 974 et
1514 942 1552 973 ad
1579 952 1634 974 eos
1661 941 1714 985 qui
1749 951 1785 973 ex
1816 940 2004 982 regionibus

1266 995 1428 1027 ludiarum
1446 994 1646 1034 advenerint,
1667 994 1839 1032 dumtaxat,
1861 992 2006 1025 extendi-

1265 1058 1346 1086 mus,
1371 1053 1465 1091 atque
1493 1046 1605 1079 iisdem
1633 1046 2004 1088 601166111111115;116111ρ6,

1265 1106 1299 1133 ut
1323 1100 1383 1143 ipsi
1420 1100 1544 1143 absque
1578 1099 1696 1133 litteris
1735 1098 2005 1132 dimissorialibus

1266 1164 1397 1186 suorum
1423 1153 1678 1193 Ordiuariorum,
1707 1158 1738 1186 et
1764 1153 1859 1185 etiam
1885 1152 2007 1185 sineti-

1267 1208 1335 1240 tulo
1361 1208 1512 1240 beneficii
1540 1207 1748 1240 eeclesiastiei
1767 1233 1774 1247 ,
1801 1207 1856 1239 sed
1889 1206 1929 1239 ad
1964 1206 2004 1238 ti-

1268 1263 1366 1294 tulum
1394 1266 1516 1293 tantum
1544 1260 1726 1299 missionis,
1754 1271 1770 1292 a
1802 1270 2006 1303 quocumque

1267 1325 1362 1356 quem
1389 1314 1563 1346 maluerint
1597 1313 1761 1346 catholico
1800 1313 1941 1345 antistite
1967 1312 2007 1345 ad

1268 1374 1406 1411 quatuor
1430 1367 1574 1400 minores
1596 1366 1689 1399 etiam
1707 1366 1803 1398 unico
1822 1365 1933 1398 festivo
1958 1366 2008 1398 vel

1269 1421 1392 1461 feriato,
1419 1431 1546 1454 necnon
1573 1420 1667 1452 etiam
1687 1420 1725 1452 ad
1744 1429 1852 1452 sacros
1871 1424 1903 1451 et
1919 1428 2008 1462 pres-

1267 1475 1435 1516 byteratus
1463 1473 1593 1506 ordines
1621 1473 1722 1505 tribus
1740 1472 1925 1511 dominicis,
1951 1481 2008 1504 seu

1268 1527 1339 1560 aliis
1365 1526 1483 1559 festivis
1505 1531 1534 1559 61
1552 1525 1714 1559 continuis
1734 1526 1781 1558 vel
1800 1524 2007 1567 interpolatis

1269 1580 1409 1620 diebus,
1436 1580 1531 1612 etiam
1559 1585 1647 1612 extra
1674 1584 1821 1622 tempora
1850 1579 1889 1611 ad
1926 1578 1957 1611 id
1991 1588 2009 1610 a

1269 1633 1339 1666 iure
1364 1637 1489 1672 statuta,
1517 1638 1548 1665 61
1573 1643 1638 1665 11011
1665 1632 1799 1665 servatis
1826 1630 2007 1664 interstitiis

1269 1697 1285 1718 a
1311 1696 1402 1719 sacro
1428 1684 1572 1718 Concilio
1598 1684 1787 1718 Tridentino
1813 1683 2008 1726 designatis,

1270 1739 1409 1782 annique
1423 1738 1584 1777 ‚curriculo
1598 1748 1664 1771 non
1679 1742 1858 1781 expectato,
1874 1736 2008 1776 etiamsi,

1270 1798 1445 1836 antequam
1471 1793 1509 1825 de
1535 1803 1599 1825 uno
1617 1792 1655 1825 ad
1669 1792 1765 1824 alium
1778 1791 1926 1824 ordinem
1941 1801 2010 1833 pro-

1271 1851 1466 1886 moveantur,
1494 1847 1524 1878 in
1557 1845 1662 1889 primo
1695 1854 1826 1888 quoque
1859 1848 2010 1887 suscepto

1270 1900 1385 1932 ordine
1411 1910 1445 1932 56
1470 1899 1603 1932 minime
1631 1897 1856 1937 exercuerint,
1882 1901 1937 1930 aut
1956 1896 2011 1930 ali-

1271 1953 1361 1986 cuius
1397 1952 1553 1985 ecclesiae
1589 1951 1721 1985 servitio
1757 1950 1912 1994 adscripti
1945 1959 2012 1983 non

1271 2007 1351 2047 sint,
1370 2006 1544 2039 dummodo
1570 2011 1676 2038 tamen
1703 2004 1768 2037 sint
1793 2004 1906 2037 aetatis
1933 2003 2013 2046 legi-

1273 2060 1393 2098 timae,
1420 2069 1481 2091 nec
1506 2059 1551 2091 eis
1576 2058 1663 2091 aliud
1690 2057 1882 2090 canonicum
1907 2056 2013 2089 obstet

1272 2112 1540 2155 impedimentum
1557 2137 1564 2150 ,
1591 2116 1621 2143 et
1647 2110 1791 2142 habeant
1815 2109 1940 2142 litteras
1966 2113 2012 2141 te-

1273 2165 1478 2197 stimoniales
1500 2169 1660 2196 rectorum
1700 2168 1754 2195 aut
1790 2173 1901 2195 eorum
1927 2161 2012 2205 apud

1274 2228 1354 2261 quos
1383 2218 1560 2250 educantur
1586 2221 1617 2249 et
1641 2216 1856 2256 instruuntur,
1882 2225 2014 2258 promo-

1274 2270 1355 2309 veri,
1379 2275 1408 2302 61
1434 2269 1572 2313 promoti
1599 2269 1630 2301 in
1657 2269 1721 2306 illis
1742 2268 1837 2301 etiam
1854 2268 1885 2300 in
1904 2266 2012 2300 altaris

1274 2323 1455 2356 ministerio
1481 2322 1666 2355 ministrare
1693 2322 1795 2355 libere
1822 2321 1951 2364 possint.
1982 2319 2015 2353 61

1274 2378 1418 2417 valeant,
1444 2376 1487 2408 ita
1514 2382 1639 2415 tamen,
1667 2380 1717 2415 ut,
1745 2374 2014 2417 quotiescumque

1276 2430 1442 2471 contingat
1467 2430 1593 2472 aliquos
1620 2439 1656 2462 ex
1683 2428 1797 2461 iisdem
1823 2427 2014 2460 Sinensibus

1276 2490 1307 2516 et
1331 2483 1417 2516 Indis
1443 2483 1480 2515 ad
1507 2482 1640 2515 ordines
1665 2480 1849 2525 promoveri
1883 2480 2012 2520 debere,

1276 2542 1446 2579 antequam
1473 2546 1489 2569 6
1515 2535 1654 2578 collegio
1680 2534 1890 2574 dimittantur,
1910 2533 2014 2566 dictus

1276 2590 1455 2623 Matthaeus
1495 2589 1670 2622 modernus
1707 2593 1738 2620 61
1771 2597 1831 2631 pro
1867 2591 2012 2630 tempore
