2232 3178
257 209 304 233 Λη.
322 208 349 233 c,
375 209 441 234 ¹7:54
488 199 528 231 ’16

450 268 529 298 runi,
549 259 662 290 saltn-m
684 260 782 291 semel
802 258 1009 297 visitaverint,
1024 268 1058 290 ac
1076 260 1187 301 quarta

448 316 476 342 ct
502 312 588 342 sexta
623 311 711 343 scriis
749 322 785 343 ac
820 312 954 344 sabbato
991 311 1124 344 alterius
1150 322 1184 343 ex

449 363 658 396 hebdomadis
682 364 867 395 huiusmodi
890 364 1113 403 ieiunaverint‚
1136 375 1186 407 pa-

449 416 590 458 riterque
617 422 748 458 peccata
773 426 831 448 sua
857 417 1007 456 confessi,
1027 428 1062 450 ae
1081 417 1110 449 in
1131 417 1182 450 dic

449 468 611 500 dominica
639 468 820 501 immediate
854 470 1021 513 sequenti,
1047 471 1096 502 vel
1122 470 1183 502 alia

450 520 500 552 dic
535 520 617 553 intra
649 521 796 553 camdeni
837 522 1076 555 hebdomadam
1113 532 1183 554 san-

447 574 585 605 ctissima
625 574 856 608 comnmniOne
888 576 1000 608 resecti
1041 576 1182 616 suerint,

446 631 477 658 et
501 626 698 669 pauperihus
719 627 858 670 aliquam
885 629 1123 671 eleemosynam
1150 635 1184 662 ut

446 678 665 720 praemittitur
703 681 930 723 erogaverint,
963 681 1182 724 plenissimam

445 731 589 764 oninium
615 738 819 775 peccatorum
853 745 984 766 suerum
1010 734 1183 776 indulgen-

446 785 520 817 tiam
545 790 577 818 et
600 786 835 827 remissionem,
866 787 950 820 sicut
977 788 1007 820 in
1034 798 1118 820 anno
1138 788 1184 819 iu-

445 838 540 870 bilaei
566 838 768 872 visitantibus
793 845 896 872 certas
919 840 1072 873 ecclesias
1099 841 1181 872 intra

445 897 476 923 ct
493 897 582 924 extra
598 892 716 925 Urbem
735 893 931 936 praedictam
953 893 1086 926 concedi
1106 904 1181 925 con·

444 944 564 983 suevit,
591 950 703 977 tenore
729 946 949 988 praesentium
976 945 1182 979 concedimus

444 1002 475 1029 ct
500 998 686 1040 elargimur.

378 1092 380 1095 γ
486 1051 501 1093 ξ
525 1050 556 1083 3.
585 1051 779 1094 Navigantes
804 1062 879 1085 vero
897 1058 929 1085 et
950 1052 1012 1086 iter
1035 1059 1180 1094 agentes,

352 1092 485 1143 mauult,
512 1114 583 1136 cum
609 1105 747 1147 primum
775 1105 812 1137 ad
839 1116 897 1137 sua
922 1116 991 1138 sese
1018 1105 1180 1140 domicilia

405 1146 415 1157 ’ί
442 1157 644 1199 receperint,
669 1159 863 1201 supradictis
896 1159 1054 1201 peractis,
1081 1164 1113 1191 et
1138 1160 1182 1192 vi-

443 1209 537 1241 sitata
562 1210 698 1243 ecelesia
725 1211 903 1244 cathedrali
923 1212 971 1243 vel
999 1212 1112 1244 maiori
1130 1218 1182 1245 aut

442 1263 621 1305 parochiali
654 1263 715 1296 loci
745 1274 855 1296 corum
890 1265 1064 1303 domicilii,
1098 1276 1182 1298 eam-

444 1316 516 1348 dem
547 1316 782 1359 indulgentiam
815 1318 972 1361 consequi
998 1319 1123 1361 possint
1151 1324 1182 1352 et

443 1369 584 1402 valcant:
609 1371 812 1413 regularibus
838 1376 944 1403 autem
971 1372 1121 1414 personis
1147 1383 1180 1404 u-

443 1423 588 1466 triusque
615 1433 729 1463 sexus,
755 1423 852 1456 etiam
878 1424 909 1456 in
935 1424 1083 1457 claustris
1108 1436 1181 1467 per-

442 1482 541 1520 petuo
568 1477 771 1518 degentibus,
798 1488 924 1510 necnon
950 1478 1021 1511 aliis
1047 1479 1181 1520 quibus-

442 1539 579 1572 cumque
607 1535 668 1561 tam
702 1530 790 1562 laicis
823 1541 917 1573 quam
951 1532 1179 1564 ecclesiasticis

441 1583 662 1615 saecularibus
696 1584 744 1616 vel
778 1584 999 1625 regularibus,
1027 1585 1122 1617 etiam
1147 1585 1179 1617 in

441 1646 570 1668 carcere
595 1642 649 1668 aut
674 1636 857 1680 captivitate
884 1637 1105 1678 existentibus,
1130 1640 1179 1671 vel

441 1689 547 1731 aliqua
565 1689 712 1732 eorporis
733 1689 919 1723 infirmitate
945 1701 1001 1723 seu
1021 1691 1083 1723 alio
1102 1702 1180 1734 quo-

440 1753 578 1786 cumque
604 1743 840 1786 impedimento
866 1745 1019 1783 detentis,
1048 1744 1102 1787 qui
1129 1755 1181 1776 su-

441 1806 500 1838 pra
518 1806 671 1838 expressa
687 1797 736 1828 vel
757 1806 866 1829 eorum
886 1797 993 1839 aliqua
1014 1802 1179 1840 praestare

439 1848 655 1891 ncipiiverint,
675 1854 708 1880 ut
729 1849 784 1881 illa
810 1850 1040 1890 confessarius,
1059 1860 1094 1882 ex
1117 1850 1177 1882 iam

440 1902 628 1945 approbatis
663 1914 681 1934 a
716 1903 862 1935 locorum
895 1903 1073 1936 ordinariis
1106 1909 1179 1937 ante

440 1956 658 1998 praesentium
693 1955 946 1999 publicationem
977 1967 1035 1989 seu
1060 1968 1179 2000 appro-

440 2009 578 2049 bandis,
606 2009 702 2042 eisin
722 2010 784 2042 alia
812 2010 940 2053 pietatis
972 2021 1070 2053 opera
1096 2022 1180 2044 eom-

439 2068 574 2102 mutare,
592 2062 641 2095 vel
660 2062 748 2095 aliud
767 2064 949 2106 proximum
966 2069 1093 2107 tempus
1109 2074 1180 2107 pro-

439 2126 552 2158 rogare
586 2116 710 2159 possit,
737 2127 838 2160 eaque
872 2117 1043 2160 iniungere
1061 2144 1068 2158 ‚
1095 2128 1178 2161 quae

438 2168 499 2212 ipsi
525 2169 730 2212 poenitentes
756 2169 883 2203 esticere
913 2176 1075 2213 poterunt,
1099 2171 1179 2214 pari-

439 2229 488 2256 ter
517 2222 724 2255 concedimus
750 2228 781 2256 et
807 2223 1023 2266 indulgemus.

482 2277 497 2319 ἓ
521 2276 552 2308 4.
574 2276 710 2318 Insuper
729 2277 878 2309 omnibus
896 2283 927 2310 et
941 2277 1078 2320 singulis
1098 2278 1179 2310 ebri-

438 2328 631 2361 stitidelibus
664 2330 837 2373 utriusque
874 2340 966 2363 sexus
999 2336 1062 2363 tam
1087 2330 1177 2364 laicis

440 2392 533 2425 quam
561 2382 790 2415 ecclesiasticis
825 2384 1051 2417 saecularibus
1073 2389 1105 2417 et
1129 2395 1178 2417 re-

439 2435 604 2477 gularibus
631 2435 770 2468 cuiusvis
789 2436 931 2476 Ordinis,
951 2435 1178 2479 Congregatio-

438 2488 487 2520 nis
513 2493 545 2520 et
569 2488 728 2530 Instituti,
756 2495 816 2522 tam
850 2490 881 2522 in
916 2489 1000 2523 Urbe
1034 2490 1178 2533 praefata

438 2551 532 2584 quam
553 2546 641 2574 extra
655 2552 724 2574 eam
740 2542 860 2586 ubique
878 2544 1022 2577 locorum
1041 2548 1075 2576 ut
1089 2553 1178 2587 prae-

438 2595 541 2628 l'crtur
559 2594 766 2636 degentibus,
784 2596 948 2629 licentiam
971 2596 1177 2630 concedimus

283 2282 363 2305 liupkis
380 2288 427 2303 ern·

246 2308 338 2328 scszariis
351 2315 424 2329 conre-

245 2335 275 2354 ibt
292 2335 411 2357 facultati-2.

1049 209 1228 234 BL'LLARIL'M
1253 209 1406 234 ROMANUM

1976 210 2028 235 An.
2046 209 2074 234 C.
2098 209 2165 238 1734

1232 262 1264 289 et
1290 258 1482 298 facultatem,
1508 264 1538 290 ut
1565 259 1623 291 sIbi
1650 260 1687 292 ad
1716 261 1800 293 hunc
1819 260 1968 293 effectum

1232 311 1352 354 eligere
1379 311 1503 354 possint
1537 323 1774 357 quemcumque
1801 315 1969 358 presbytc-

1231 374 1299 397 rum
1315 365 1559 405 confessarium,
1577 372 1637 398 tam
1653 368 1861 407 saecularem,
1873 379 1967 411 quam

1230 417 1370 450 cuiusvis
1396 418 1525 450 Ordinis
1551 424 1581 451 et
1607 419 1744 451 instituti
1772 422 1964 462 regularem,

1231 481 1266 502 cx
1293 471 1480 514 approbatis
1498 477 1530 503 ut
1549 472 1768 514 praemittitur
1785 484 1800 505 a
1820 473 1966 506 locorum

1229 522 1419 562 Ordinariis,
1439 523 1493 567 qui
1519 535 1574 557 eos
1601 524 1639 556 ab
1666 526 1968 559 excommunicatio-

1229 575 1298 616 nis,
1327 577 1549 619 suspensionis
1584 583 1614 610 et
1645 578 1716 611 aliis
1742 579 1968 612 ecclesiasticis

1230 628 1403 661 sententiis
1428 635 1459 661 et
1484 631 1639 670 censuris,
1659 641 1675 663 a
1695 631 1763 663 iure
1781 632 1829 664 vel
1852 631 1889 664 ab
1909 631 1968 665 ho-

1229 681 1339 721 mine,
1367 682 1478 724 quavis
1503 685 1598 715 eausa
1630 683 1701 716 latis
1733 695 1787 716 seu
1815 684 1965 726 inllictis,

1231 744 1356 766 necnon
1375 735 1413 767 ab
1432 735 1581 768 omnibus
1600 736 1751 779 peccatis,
1771 737 1966 779 excessibus,

1229 786 1428 828 criminibus,
1447 789 1581 828 deliciis,
1597 790 1798 832 quantun‘ivis
1813 790 1966 832 gravibus

1229 845 1259 872 et
1281 840 1479 881 enormibus
1499 842 1592 874 etiam
1613 843 1757 875 locorum
1776 843 1965 885 Ordinariis‚

1227 892 1292 925 sive
1318 893 1414 925 Nobis
1441 898 1471 926 et
1491 894 1563 927 Sedi
1583 895 1798 938 Apostolicae,
1818 896 1912 930 etiam
1935 896 1966 929 in

1230 945 1344 978 litteris
1372 947 1421 979 die
1453 947 1578 980 Coenae
1612 948 1737 982 Domini
1769 950 1832 992 legi
1862 949 1965 983 solitis

1228 1001 1402 1040 contentis,
1429 1006 1460 1033 et
1483 1001 1561 1035 alias
1587 1012 1645 1044 per
1670 1013 1890 1046 quascumque
1909 1014 1966 1036 no-

1227 1058 1305 1085 stras
1331 1059 1385 1086 aut
1409 1053 1629 1087 Romanorum
1656 1055 1846 1088 Pontificum
1873 1066 1967 1099 prae—

1227 1105 1431 1139 decessorum
1470 1112 1654 1140 nostrorum
1696 1108 1964 1148 constitutiones,

1227 1170 1363 1202 quarum
1383 1166 1512 1193 tenores
1531 1161 1758 1203 praesentibus
1779 1161 1891 1193 haberi
1911 1173 1966 1194 vo-

1226 1211 1330 1244 lumus
1356 1223 1414 1254 pro
1450 1213 1631 1255 expressis,
1659 1213 1964 1257 quomodocumque

1226 1266 1406 1305 reservatis,
1433 1265 1465 1298 in
1492 1266 1563 1299 soro
1589 1266 1820 1307 conscientiae,
1848 1272 1879 1300 et
1905 1268 1966 1300 hac

1226 1319 1292 1351 vice
1320 1325 1459 1361 tantum,
1485 1320 1656 1353 absolvere
1682 1325 1713 1353 et
1738 1320 1877 1353 llberare
1907 1332 1962 1353 va-

1226 1373 1332 1412 leant;
1357 1378 1388 1405 et
1408 1373 1542 1416 insuper
1567 1379 1637 1406 vota
1664 1384 1885 1417 quaecumque
1905 1374 1965 1417 (re-

1226 1426 1355 1468 ligionis
1393 1432 1424 1459 et
1459 1426 1613 1459 castitatis
1649 1427 1816 1470 exeeptis:
1844 1427 1876 1460 in
1902 1427 1965 1460 alia

1224 1479 1276 1522 pia
1303 1485 1333 1512 et
1358 1480 1511 1512 salutaria
1536 1491 1636 1523 opera
1669 1485 1887 1520 commutare,
1915 1481 1963 1514 in-

1225 1532 1332 1565 iuncta
1369 1538 1475 1565 tamen
1501 1533 1547 1565 eis
1573 1539 1603 1565 et
1628 1543 1740 1565 eorum
1774 1534 1907 1566 cuilibet
1930 1534 1962 1567 in

1225 1585 1419 1628 supradictis
1444 1586 1594 1618 omnibus
1612 1586 1739 1618 casibus
1760 1586 1964 1629 poenitentia

1225 1639 1382 1678 salutari,
1416 1639 1553 1682 aliisque
1589 1639 1736 1672 eiusdem
1772 1639 1962 1672 confessarii

1225 1692 1358 1725 arbitrio
1384 1692 1604 1735 iniungendis.

1268 1746 1282 1788 ἓ
1308 1745 1336 1777 5.
1355 1745 1567 1788 Quapropter,
1590 1750 1703 1778 tenore
1730 1745 1960 1788 praesentium,
1991 1753 2020 1773 Ab
2037 1754 2155 1775 Ouum-wis

1973 1779 2066 1800 locorum
2084 1781 2155 1801 buin>-

1225 1797 1256 1830 in
1278 1798 1395 1830 virtute
1422 1805 1552 1831 sanctae
1585 1798 1793 1831 obedientiae
1819 1799 1962 1832 districte
1973 1806 2028 1852 {lssg'i
2045 1807 2154 1854 indm-,esre

1225 1850 1440 1893 praecipimus
1465 1856 1561 1894 atque
1597 1851 1786 1883 mandamus
1812 1839 2087 1886 omnibusmaeeiffii.
2104 1840 2155 1855 ΜΗ

1225 1908 1255 1936 et
1272 1903 1533 1947 quibuscumque
1551 1904 1792 1937 venerabilibus
1811 1904 1963 1937 fratribus

1224 1957 1425 2000 patriarchis,
1452 1957 1713 2001 archiepiscopis,
1741 1958 1905 2001 episcopis
1931 1963 1963 1991 et

1224 2010 1294 2043 aliis
1320 2011 1530 2043 ecclesiarum
1556 2011 1708 2053 praelatis
1725 2038 1732 2051 ,
1760 2021 1796 2043 ac
1821 2011 1959 2054 quibus-

1224 2073 1364 2106 cumque
1389 2062 1567 2096 Ordinariis
1589 2064 1736 2096 locorum
1762 2064 1961 2107 ubicumque

1224 2116 1454 2155 existentibus,
1480 2126 1658 2159 eorumque
1684 2116 1809 2149 vicariis
1835 2122 1866 2150 et
1892 2116 1962 2150 offi-

1223 2169 1377 2210 cialibus,
1404 2170 1464 2212 vel,
1489 2169 1528 2202 iis
1554 2169 1791 2210 deficientibus,
1817 2170 1880 2204 illis
1907 2171 1960 2214 qui

1223 2233 1331 2257 curam
1356 2223 1534 2255 animarum
1564 2228 1737 2263 exercent,
1762 2234 1827 2256 non
1855 2229 1961 2257 tamen

1223 2277 1277 2320 qui
1295 2286 1354 2320 per
1372 2276 1473 2309 dictos
1491 2276 1763 2320 praedecessores
1782 2287 1799 2309 a
1813 2276 1844 2310 S.
1865 2277 1902 2310 R.
1923 2277 1958 2310 Ε.

1222 2329 1453 2363 communione
1472 2329 1719 2373 quomodolibet
1736 2330 1876 2373 separati
1894 2331 1962 2364 sue-

1222 2383 1300 2425 rint,
1333 2388 1388 2424 ut,
1414 2393 1484 2415 cum
1521 2383 1742 2426 praesentium
1779 2383 1961 2417 litterarum

1222 2441 1423 2479 transumpta
1448 2442 1503 2469 aut
1528 2437 1675 2479 exempla
1690 2437 1784 2470 etiam
1803 2437 1961 2481 impressa

1221 2489 1419 2533 acceperint,
1439 2489 1493 2522 illa
1508 2490 1615 2522 statim
1634 2490 1756 2533 absque
1775 2490 1840 2523 ulla
1858 2491 1959 2530 mora,

1222 2543 1442 2576 retardatione
1469 2544 1517 2576 vel
1542 2543 1775 2586 impedimento
1801 2553 1859 2586 per
1883 2553 1959 2576 suas

1221 2596 1374 2630 eeclesias
1400 2601 1432 2629 et
1457 2595 1637 2638 dioeceses,
1664 2596 1856 2640 provincias
1883 2595 1959 2629 eivi-
