2232 3178
52 185 100 211 An.
115 183 145 210 C.
165 181 235 210 1740

859 180 1001 206 CLEMENS
1027 180 1073 204 ΧΠ
1097 180 1147 204 ΡΡ.

245 229 318 260 duas
350 239 488 270 personas
520 231 657 269 suffragia
686 230 866 268 dividantur,
890 230 935 259 his
967 238 981 259 a

246 278 365 308 ferendo
394 278 534 318 suffragio
556 279 703 318 exclusis,
727 279 848 309 iteretur
879 277 983 308 scruti-

246 327 338 356 nium.
362 327 391 358 Si
413 337 517 358 rursus
539 328 669 368 aequalis
701 337 753 367 pro
775 331 902 366 utroque
924 327 984 355 sus-

246 375 405 412 sragiorum
428 385 569 406 numerus
583 376 757 413 constiterit,
774 375 983 414 praeferendus

247 423 328 461 prior
362 428 491 463 tempore
525 425 725 464 professionis,
747 424 777 454 si
798 428 894 453 autem
917 432 983 462 pro-

246 472 382 502 fessionis
403 477 532 512 tempore
555 473 693 512 aequales
715 473 833 508 suerint,
851 476 929 501 aetas
945 476 984 501 at-

247 520 403 558 tendenda,
427 525 456 551 et
477 522 576 551 senior
597 522 707 552 iuniori
729 521 936 560 praeeligatur.

287 578 348 599 xm.
371 569 400 600 Si
423 579 492 600 vero
514 570 652 608 suffragia
683 570 713 600 in
735 570 865 599 diversas
888 577 985 607 perso-

247 625 301 646 nas
322 617 534 654 distrahantur,
558 618 596 648 ita
619 622 650 648 ut
671 617 702 647 in
723 617 870 647 neminem
893 617 985 647 maior

247 666 483 705 congregationis
505 676 572 706 pars
595 666 765 703 conveniat,
788 665 929 704 secundo,
952 675 985 696 ac

248 714 335 744 tertio
358 715 534 745 scrutinium
564 719 723 754 repetatur.
748 714 828 750 Quod
851 714 876 744 si
897 715 984 744 etiam

248 765 319 792 tunc
351 772 437 793 nemo
468 763 575 793 habeat
607 763 746 794 maiorem
779 762 985 801 suffragiorum

248 815 370 850 partem,
392 811 543 850 contingat
564 816 661 842 autem
684 812 756 842 duos
780 812 823 842 vel
851 816 908 842 tres
935 813 985 842 ha-

248 858 317 889 bere
339 860 421 899 plura
444 860 594 898 suffragia,
617 861 656 890 ita
678 865 710 891 ut
728 861 836 899 singuli
852 867 985 900 quartam

247 908 350 938 saltem
376 912 489 948 partem
516 909 722 948 suffragiorum
749 909 912 948 obtineant,
937 920 988 949 per

248 956 382 987 abbatem
398 958 566 996 generalem
583 959 808 998 promulgentur
821 959 865 988 his
879 959 986 988 verbis:

247 1004 424 1035 Reverendus
454 1011 533 1045 pater
565 1007 626 1037 NN.
661 1011 686 1036 et
716 1008 882 1036 reverendus
908 1011 988 1046 pater

247 1052 310 1083 NN.
335 1054 431 1083 habent
450 1054 536 1093 plura
558 1056 693 1094 suffragia
720 1065 801 1094 qaam
816 1055 927 1094 reliqui.
944 1056 988 1085 Ex

249 1101 293 1131 his
314 1103 404 1140 igitur
433 1104 546 1142 potestis
568 1114 654 1133 unum
675 1104 776 1142 eligere
806 1106 837 1133 in
868 1104 988 1134 abbatem

245 1151 401 1188 generalem
422 1153 505 1181 totius
528 1151 651 1182 Ordinis.
673 1152 745 1182 Tum
769 1152 840 1190 illis,
865 1153 915 1192 qui
938 1162 987 1182 no-

248 1199 352 1228 minati
381 1204 470 1237 sunt,
494 1200 642 1239 exclusis,
667 1200 781 1230 vocales
813 1200 918 1239 reliqui
952 1200 987 1230 ad

248 1247 419 1277 electionem
442 1248 526 1278 modo
559 1248 724 1288 supradicto
747 1248 931 1287 procedant,
956 1258 988 1278 u-

248 1305 318 1326 num
341 1306 376 1326 ex
398 1296 556 1327 nominatis
579 1297 742 1335 eligentes,
766 1297 796 1326 in
819 1306 906 1336 quem
930 1306 988 1326 ma-

247 1343 293 1374 ior
314 1354 382 1384 pars
403 1345 608 1383 suffragiorum
631 1345 812 1375 convenerit.

288 1401 347 1423 xlv.
369 1393 466 1424 Finito
488 1393 641 1432 scrutinio,
658 1394 768 1424 electus
791 1393 879 1424 abbas
901 1403 988 1432 gene-

248 1442 319 1472 ralis
340 1443 542 1482 promulgetur
564 1451 579 1472 a
602 1452 654 1473 suo
675 1443 918 1482 praedecessore,
944 1442 987 1473 vel

248 1490 273 1520 si
296 1490 359 1529 ipse
381 1490 410 1519 in
429 1490 525 1520 officio
542 1491 732 1520 confirmatus
747 1490 846 1527 suerit,
863 1500 878 1520 a
894 1491 988 1530 primo

249 1537 494 1576 hegumenorum,
518 1539 563 1569 his
579 1538 692 1569 verbis:
710 1538 867 1569 Reverendc‘
882 1544 986 1578 patres,

248 1589 324 1627 factet
344 1589 543 1627 suffragiorum
564 1588 723 1627 collatione,
746 1590 902 1619 invenimus
930 1599 989 1618 ma-

206 1644 207 1647 ’
249 1638 335 1667 iorem
355 1642 465 1676 partem
486 1639 703 1676 conyreyationis
724 1644 831 1668 nostrae
845 1639 989 1668 convenire

248 1686 279 1715 in
300 1685 429 1717 electione
449 1687 595 1717 reverendi
613 1688 704 1726 patris
715 1687 788 1723 NN.,·
805 1687 863 1717 ideo
881 1688 990 1718 nomine

249 1735 331 1764 totius
352 1737 570 1774 conyreyate'onis
592 1741 718 1774 nostrae,
740 1740 766 1765 et
785 1740 919 1776 potestate
938 1746 990 1775 per

248 1792 293 1812 vos
314 1793 406 1813 omnes
427 1784 496 1814 mihi
517 1787 651 1822 concessa,
671 1786 825 1823 pronuncio
840 1789 864 1814 et
879 1784 989 1814 declaro

249 1832 509 1861 reverendissimum
522 1836 630 1871 patrem
645 1832 706 1864 NN.
724 1832 838 1862 electum
853 1833 949 1871 fnisse,
965 1836 990 1862 et

249 1890 306 1910 esse
327 1885 450 1910 nostrum
472 1882 593 1911 omnium
615 1883 751 1920 totiusque
768 1880 883 1912 Ordinis
904 1882 992 1911 nostri

250 1929 371 1959 abbatem
389 1929 557 1968 generalem.

292 1985 338 2007 xv.
362 1978 448 2007 Facta
481 1977 632 2007 electionis
667 1977 907 2017 proclamatione,
931 1978 990 2017 pri-

251 2034 317 2056 mus
339 2026 533 2065 hegumenus,
553 2030 602 2056 aut
623 2026 740 2065 dignior
762 2027 840 2057 inter
864 2027 988 2066 vocales,

251 2074 366 2104 intonat
398 2075 541 2114 psalmum
572 2084 636 2114 xtx,
671 2075 793 2115 reliquis
822 2075 989 2106 alternatim

251 2122 510 2162 prosequentibus:
533 2123 672 2153 Exaudiae
693 2127 717 2153 te
739 2123 873 2153 Dominus
895 2125 924 2153 in
946 2125 991 2154 (lie

251 2171 448 2210 tribulationis,
470 2176 594 2210 protegat
616 2176 640 2201 te
658 2182 753 2202 nomen
769 2172 819 2202 Dec·
834 2172 922 2211 Iacob,
937 2177 988 2203 etc.

252 2219 366 2250 Interea
390 2220 545 2259 hegumeni
570 2220 681 2251 ducunt
697 2221 823 2251 electum
839 2222 873 2251 ad
891 2222 989 2251 sedem

252 2269 287 2299 ad
309 2278 401 2299 cornu
423 2269 577 2299 sinistrum
599 2269 699 2299 altaris
722 2274 863 2309 paratam,
888 2270 938 2310 qui
962 2281 990 2301 0-

252 2318 384 2348 sculatur
408 2317 533 2357 primum
557 2318 660 2355 altare,
684 2318 787 2348 deinde
809 2320 901 2349 sedet.
918 2319 990 2349 Turn

252 2376 268 2397 a
290 2366 417 2405 digniori
439 2367 565 2396 traditur
587 2367 613 2396 ei
637 2366 712 2397 liber
734 2367 850 2406 regulae
873 2372 902 2398 et
923 2377 992 2398 con-

252 2415 449 2453 stitutionum,
469 2424 503 2445 ac
519 2415 647 2453 sigillum
665 2415 771 2445 oflicii:
796 2415 846 2455 qui
862 2416 992 2446 retinens

252 2463 402 2502 sigillum,
428 2464 516 2494 tradit
539 2464 590 2494 uni
613 2473 646 2494 ex
672 2464 841 2503 vocalibus,
864 2469 895 2495 ut
916 2465 993 2503 legat

253 2517 340 2552 caput
369 2521 397 2542 111
431 2512 520 2552 partis
552 2521 602 2550 ιιι,
626 2512 701 2552 quod
726 2516 769 2543 est
791 2512 826 2542 de
850 2514 993 2553 praeemi-

253 2562 354 2592 nentia
376 2565 404 2591 et
426 2561 520 2592 officio
551 2560 663 2592 abbatis
693 2561 847 2600 generalis,
872 2561 991 2593 Interim

1025 229 1128 258 fratres
1152 226 1259 266 singuli
1282 228 1362 258 iuxta
1386 226 1517 257 ordinem
1540 235 1624 256 suum
1644 226 1679 256 ad
1697 235 1763 256 eum

1026 277 1207 315 accedentes,
1231 276 1354 315 genibus
1373 277 1467 314 flexis,
1485 285 1588 305 manus
1604 275 1667 305 eius
1683 285 1766 305 oscu-

1026 327 1135 356 lantur.
1164 326 1227 366 lpse
1257 335 1324 356 vero
1353 326 1462 356 tamdiu
1488 325 1517 355 in
1548 324 1612 354 loco
1641 333 1693 354 suo
1719 334 1764 353 se-

1026 374 1128 412 debit,
1151 374 1242 404 donec
1271 374 1427 413 hegumeni
1450 378 1576 413 quatuor
1598 373 1763 411 eligantur:

1027 432 1080 452 nec
1108 432 1123 452 e
1155 423 1223 452 sede
1257 424 1307 452 suti
1340 422 1471 459 recedit,
1496 422 1552 451 nisi
1575 431 1640 451 cum
1664 420 1767 450 suffra-

1027 472 1106 509 gium
1129 471 1277 510 proprium
1312 471 1474 509 scripturus
1496 474 1561 507 est,
1585 474 1613 499 et
1645 470 1673 498 in
1698 470 1766 498 arca

1027 520 1231 557 immissurus,
1261 524 1290 548 ct
1311 519 1449 556 suffragia
1473 519 1704 554 monachorum,
1735 521 1767 546 ut

1028 577 1133 607 supra,
1163 567 1355 606 cogniturus,
1388 567 1573 605 electumque
1607 566 1768 605 proclama·

1029 621 1128 646 turus:
1162 626 1219 655 quo
1250 616 1348 646 statim
1382 616 1582 655 proclamato,
1606 614 1640 644 ad
1668 614 1767 644 sedem

1029 673 1112 694 suam
1135 664 1255 694 redibit.

1069 723 1126 743 xva
1149 713 1178 744 Si
1201 714 1312 744 electus
1345 712 1451 742 absens
1474 712 1582 749 fuerit,
1613 716 1766 750 postquam

1030 763 1207 803 proclamata
1230 767 1274 792 est
1296 761 1374 791 illius
1396 761 1511 799 electio,
1535 765 1672 790 cantatur
1695 760 1768 800 psal-

1030 823 1094 843 mus
1117 822 1182 851 xix,
1207 817 1238 842 ut
1267 821 1373 851 supra:
1397 821 1453 851 quo
1470 811 1565 848 finito,
1580 810 1678 840 statim
1703 819 1769 849 pro-

1030 862 1144 892 ceditur
1165 862 1200 891 ad
1223 861 1396 892 electIOnem
1420 861 1651 899 hegumenorum
1667 883 1674 897 ,
1699 868 1770 898 quo-

1030 920 1095 940 rum
1119 911 1233 950 primus
1256 910 1334 939 vices
1363 908 1475 939 abbatis
1498 908 1645 947 generalis
1667 911 1768 946 geret,

1030 960 1122 990 donec
1144 959 1232 989 abbas
1250 958 1395 997 generalis
1411 958 1513 988 aderit.
1531 957 1611 993 Quod
1627 957 1651 986 si
1667 957 1770 986 adesse

1031 1008 1121 1047 possit
1154 1012 1311 1047 antequam
1344 1006 1532 1045 congregatio
1555 1005 1700 1043 generalis
1722 1004 1771 1034 ab·

1031 1057 1171 1092 solvatur,
1197 1061 1265 1086 tunc
1288 1055 1508 1086 enthronismus
1531 1055 1594 1084 eius
1617 1053 1701 1084 modo
1722 1062 1771 1083 su-

1032 1106 1162 1145 pradicto
1185 1106 1243 1135 fiat.

1069 1163 1138 1184 xvu.
1161 1154 1261 1193 Neque
1283 1152 1382 1183 abbati
1405 1152 1547 1191 generali,
1572 1161 1667 1190 neque
1682 1151 1772 1189 hegu-

1031 1202 1124 1232 menis
1146 1202 1188 1231 sas
1210 1205 1254 1231 est
1275 1200 1449 1230 electionem
1467 1209 1549 1230 suam
1568 1208 1705 1229 recusare
1721 1203 1771 1228 aut

1030 1251 1159 1280 officium
1182 1249 1329 1279 abdicare.
1353 1249 1382 1279 Si
1407 1257 1474 1278 vero
1497 1248 1652 1286 contigerit
1670 1256 1718 1277 eos
1736 1256 1771 1276 ex

1030 1299 1163 1338 legitima
1175 1299 1264 1328 causa
1279 1297 1314 1327 ab
1330 1297 1419 1328 officii
1435 1297 1608 1327 executione
1621 1295 1770 1334 impediri,

1030 1348 1060 1378 in
1092 1347 1320 1386 congregatione
1351 1346 1584 1385 hegumenorum
1615 1349 1710 1384 potest
1732 1344 1773 1373 vi-

1031 1397 1129 1426 carius
1151 1396 1213 1426 eius
1236 1395 1386 1434 substitui,
1403 1399 1434 1425 ut
1449 1395 1561 1425 dictum
1577 1397 1621 1424 est
1637 1397 1712 1433 part.
1729 1402 1770 1431 ιιι,

1031 1455 1096 1485 cap.
1120 1454 1159 1475 ιν.

1071 1503 1151 1524 xvlu.
1175 1493 1318 1524 Absoluta
1341 1492 1453 1523 abbatis
1485 1492 1630 1531 generalis
1652 1491 1772 1522 electio-

1032 1552 1079 1582 ne,
1106 1542 1245 1572 continuo
1268 1542 1302 1572 ad
1325 1541 1496 1571 electionem
1529 1544 1654 1580 quatuor
1682 1540 1773 1578 hegua

1033 1600 1187 1621 menorum
1211 1591 1294 1621 iuxta
1317 1590 1498 1629 praedictum
1515 1589 1648 1619 ordinem
1671 1597 1771 1628 proce-

1032 1641 1112 1678 dent,
1136 1639 1251 1670 etiamsi
1276 1639 1385 1668 electus
1407 1638 1552 1677 generalis
1574 1637 1680 1667 absens
1714 1636 1774 1666 sue-

1032 1689 1081 1719 rit.
1104 1689 1235 1718 Primum
1259 1688 1440 1725 hegumenus
1457 1687 1486 1717 in
1503 1686 1638 1716 manibus
1660 1685 1772 1715 abbatis

1032 1737 1189 1776 generalis,
1203 1736 1261 1773 vel,
1274 1745 1308 1766 eo
1320 1736 1450 1772 absente,
1464 1736 1492 1765 in
1511 1735 1644 1765 manibus
1659 1734 1773 1772 dignio-

1033 1786 1072 1816 ris
1088 1796 1122 1815 ex
1139 1784 1287 1815 vocalibus
1309 1784 1437 1822 resignat
1449 1784 1576 1822 sigillum
1591 1787 1619 1813 et
1631 1782 1771 1818 officium,

1033 1838 1064 1864 ut
1087 1842 1187 1873 supra.
1205 1833 1269 1863 Mox
1291 1832 1429 1871 suffragia
1452 1833 1596 1870 seruntur,
1620 1835 1648 1861 et
1669 1830 1693 1860 si
1716 1830 1772 1860 duo

1033 1882 1078 1912 vel
1103 1887 1162 1912 tres
1186 1881 1270 1921 plura
1293 1881 1432 1919 suffragia
1448 1880 1555 1910 habere
1571 1879 1771 1919 reperiuntur,

1034 1931 1073 1960 ita
1096 1935 1127 1960 ut
1149 1934 1282 1969 quartam
1306 1929 1409 1958 saltem
1432 1932 1545 1968 partem
1567 1927 1674 1966 singuli
1697 1926 1772 1957 obti-

1034 1983 1134 2016 neant,
1158 1978 1247 2008 abbas
1270 1977 1415 2016 generalis
1438 1986 1539 2007 recens
1561 1977 1690 2014 electus,
1714 1975 1771 2013 vel,

1033 2037 1066 2058 eo
1089 2027 1226 2063 absente,
1250 2026 1367 2065 dignior
1399 2036 1432 2056 ex
1458 2025 1605 2056 vocalibus
1629 2024 1773 2064 (exclusis

1033 2077 1068 2106 iis
1090 2077 1140 2116 qui
1163 2076 1381 2114 nominantur),
1404 2075 1481 2105 dicat
1508 2075 1542 2105 ad
1566 2079 1679 2104 coetum
1714 2083 1774 2103 mo-

1033 2125 1215 2155 nachorum:
1249 2124 1307 2154 RR.
1340 2124 1396 2154 PP.
1427 2124 1488 2155 NN.
1524 2129 1548 2153 et
1580 2124 1642 2154 NN.
1677 2124 1773 2152 habene

1030 2174 1116 2213 plura
1139 2174 1284 2212 suffragia,
1308 2183 1390 2212 quam
1411 2173 1521 2211 reliqui.
1543 2173 1593 2201 Ec
1625 2172 1666 2201 leis
1690 2172 1774 2209 igitar

1032 2223 1142 2262 potestis
1164 2222 1263 2260 eligere
1286 2231 1371 2250 unum
1404 2223 1433 2250 in
1465 2222 1653 2259 hegumenum.
1678 2219 1773 2249 Finito

1034 2271 1198 2309 scrutinio,
1222 2270 1331 2300 electus
1362 2270 1543 2308 hegumenus
1573 2269 1774 2308 promulgatur

1034 2320 1070 2350 ab
1092 2320 1195 2350 abbate
1218 2319 1365 2358 generali,
1391 2323 1457 2356 aut,
1482 2328 1516 2348 eo
1538 2317 1669 2354 absente,
1694 2326 1707 2346 a
1731 2317 1773 2346 di-

1035 2369 1132 2407 gniori
1155 2378 1190 2397 ex
1213 2367 1380 2403 vocalibus,
1404 2367 1433 2395 in
1464 2367 1535 2395 haec
1562 2365 1666 2395 verba:
1690 2365 1773 2394 Reve-

1035 2418 1115 2446 rendi
1146 2421 1254 2455 patres,
1287 2417 1361 2454 [aetii
1392 2415 1591 2453 suffragiorum
1619 2413 1771 2448 collatione,

1035 2462 1190 2495 invenimus
1210 2466 1342 2493 maiorem
1361 2467 1468 2502 panem
1490 2463 1706 2501 congregationis
1730 2472 1775 2491 no-

1036 2518 1109 2543 strae
1131 2514 1273 2543 convenire
1306 2513 1334 2541 ἱιι
1356 2512 1485 2541 electione
1512 2512 1656 2541 reverendi
1684 2512 1774 2550 patris

1037 2563 1070 2593 N.
1096 2563 1171 2600 Ideo,
1196 2562 1304 2590 nomine
1326 2562 1407 2590 tatius
1429 2561 1645 2598 (¹011511·‹⁷y111iotzis
1669 2564 1774 2590 nostrast

1656 168 1721 203 643
1767 176 1817 206 Am
1837 178 1865 206 c.
1888 179 1957 207 1740
