2232 3178
495 213 558 246 ⁹208

456 271 626 315 proposito
652 272 842 311 confitendi,
871 272 901 305 in
937 272 1056 306 itinere
1083 283 1140 305 scu
1167 272 1199 305 in

458 326 525 368 ipsa
552 326 766 358 conversione
786 326 996 365 decesserint,
1019 326 1198 369 plenariam

458 378 602 411 omnium
626 383 831 420 pcccatorum
865 389 997 412 suorum
1028 380 1200 422 indulgen-

460 432 534 463 tiam
562 437 594 464 et
621 431 841 464 remissionem
875 432 1134 466 misericorditer
1166 433 1198 465 in

461 484 595 516 Domino
621 485 830 517 concedimus
857 491 886 517 et
912 486 1100 528 elargimur.

502 537 614 569 Datum
632 537 761 576 Romae,
779 538 862 581 apud
889 539 920 571 S.
948 539 1080 571 Mariam
1108 540 1200 572 Maio-

459 600 537 628 rem,
557 589 614 622 sub
632 591 754 623 annulo
773 591 951 631 piscatoris,
967 592 1018 624 die
1035 603 1134 626 xxvlu
1154 593 1198 625 ia—

458 642 563 675 nuarii
599 652 812 685 mcccxxxvn,
855 644 1061 688 pontificatus
1098 646 1198 679 nostri

458 705 544 728 anno
566 705 622 728 vu.

493 757 554 784 Dat.
577 757 619 784 die
640 757 673 784 6,ῖ8
694 758 810 785 ianuarii
835 759 910 792 ¹737,
932 759 1028 794 pontif.
1051 768 1121 787 anno
1141 767 1185 787 vlt.

263 221 313 248 Λη.
330 221 358 248 C.
383 223 447 250 ¹737

757 812 791 845 F.
819 813 909 846 card.
937 813 1119 847 Ouvnnirs.

782 963 865 996 CXC.

457 1032 656 1073 Declaratio,
677 1033 763 1076 quod
781 1032 971 1066 Ordinariis
997 1033 1138 1067 locorum.
1165 1035 1198 1067 in

501 1085 609 1118 Indiis
634 1095 699 1117 non
732 1086 827 1118 liceat
858 1087 993 1119 visitare
1021 1088 1199 1130 confrater-

501 1138 620 1171 uitales
644 1142 762 1171 erectas
786 1144 814 1172 et
840 1140 1009 1182 erigendus
1042 1141 1078 1172 in
1110 1140 1200 1172 eccle-

501 1192 560 1224 siis
594 1192 736 1234 fratrum
770 1191 904 1226 Ordinis
937 1193 976 1225 B.
1008 1193 1136 1226 Mariae
1163 1194 1200 1226 cle

501 1245 606 1278 Monte
639 1245 785 1279 Carmelo
816 1246 1081 1279 Excalceatorum
1113 1258 1200 1280 uun-

502 1303 695 1341 cupatorum
715 1299 983 1342 Conqregyatz'om's
1003 1300 1198 1344 Hispaniae,

503 1362 559 1383 nec
583 1351 767 1384 eorumdem
792 1353 937 1385 oratoria
961 1352 1103 1385 ruralia.

668 1431 804 1458 clemens
826 1432 906 1466 Papa
927 1432 992 1464 XII,

603 1476 638 1501 ad
659 1476 794 1502 futuram
815 1477 861 1502 rei
881 1477 1067 1504 memoriam.

316 1552 449 1577 Prtwtegmm

267 1579 352 1598 Opim
367 1581 425 1598 cm„
506 1546 520 1589 ξ,
546 1546 576 1579 l.
605 1546 725 1590 Exponi
745 1547 837 1580 uobis
857 1558 961 1590 nuper
982 1549 1130 1582 fecerunt
1155 1549 1201 1582 di-

267 1606 350 1643 ¹3¹²s·¹·‚⁰
377 1606 448 1626 Emt-
463 1599 535 1632 lecti
572 1600 630 1632 filii
673 1601 858 1643 superiores
899 1602 1032 1634 fratrum
1072 1602 1200 1635 Ordinis

267 1638 496 1705 {yffi-'ii'ciifffl-TAEJJB.
524 1653 638 1685 Mariae
666 1653 705 1686 de
731 1653 838 1686 Monte
863 1654 1010 1688 Carniclo
1032 1655 1201 1688 Excalcea-

268 1714 353 1732 mutes.
463 1712 567 1740 torum
586 1714 846 1750 nuncupatorum
865 1708 1129 1751 congregationis
1147 1709 1201 1742 lli-

462 1761 606 1803 spaniae,
625 1761 710 1804 quod
730 1762 807 1804 ipsi,
825 1762 855 1794 in
874 1763 937 1795 vim
956 1763 1200 1805 privilegiorum

463 1814 509 1845 eis
530 1825 547 1846 a
573 1814 675 1847 felicis
702 1815 937 1848 recordationis
954 1815 1122 1849 Clemente
1144 1816 1201 1848 Pa-

461 1876 501 1909 pa
530 1867 568 1898 xl
604 1867 857 1909 praedecessore
894 1873 1005 1901 nostro
1042 1869 1094 1901 die
1130 1879 1200 1902 xxiv

462 1919 646 1952 novembris
671 1930 795 1954 unccui
823 1932 1053 1954 concessorum
1086 1927 1116 1954 et
1142 1932 1200 1955 no-

462 1972 591 2005 vissime
618 1984 634 2005 a
654 1974 747 2006 nobis
766 1974 817 2007 die
835 1985 919 2007 xxvu
937 1975 1015 2007 iunii
1034 1985 1200 2009 mcccxxxv

463 2027 642 2070 respective
668 2027 945 2068 confirmatorum,
965 2029 1083 2072 ubique
1104 2035 1202 2063 terra-

463 2092 532 2113 rum
559 2087 648 2114 extra
674 2082 757 2114 lianc
783 2083 900 2114 almam
919 2082 1037 2115 Urbem
1059 2087 1201 2116 nostram

462 2134 620 2178 privative
661 2134 945 2167 confraternitates
986 2135 1129 2168 virorum
1171 2142 1202 2169 ct

463 2187 636 2220 mulierum
655 2188 713 2220 sub
740 2187 831 2220 titulo
858 2188 1004 2221 eiusdem
1031 2189 1065 2221 B.
1086 2189 1202 2222 Mariae

464 2241 504 2274 de
539 2241 645 2274 Monte
669 2240 821 2274 Carmelo
859 2242 983 2283 erigere
1010 2247 1042 2274 et
1068 2243 1202 2275 fundare

463 2300 615 2338 possunt.

509 2348 523 2390 ἓ
557 2347 588 2380 Q.
628 2347 714 2385 Quae
751 2347 881 2390 quidem
919 2348 1203 2381 confraternitates

464 2413 526 2435 nee
562 2412 652 2433 usum
691 2411 866 2440 saccorum,
894 2411 999 2443 neque
1031 2403 1202 2444 proprium

465 2454 643 2487 oratorium
663 2454 727 2486 sive
746 2453 829 2486 intra
855 2453 919 2486 sive
947 2459 1035 2486 extra
1056 2456 1204 2495 claustra,

465 2519 570 2552 neque
596 2508 763 2547 redditus,
789 2512 821 2540 et
845 2507 1113 2541 consuetudinem
1151 2514 1206 2541 aut

466 2572 548 2594 onus
575 2560 730 2594 recitandi
757 2560 900 2593 divinum
939 2559 1080 2593 officium
1113 2560 1205 2593 alias-

466 2626 528 2664 que
553 2625 665 2658 preces
693 2614 824 2655 habent,
849 2614 995 2658 uitasque
1020 2613 1205 2648 functiones

332 2347 452 2368 Cuiusmodi

271 2376 312 2394 sint
322 2375 392 2394 dictae
404 2381 452 2396 cou-

270 2404 420 2425 fraternitates.

1044 224 1225 249 BULLAIUUM
1249 224 1404 250 ROMANUM

1988 228 2039 255 Au.
2056 228 2083 255 C.
2107 230 2169 258 1737

1243 274 1477 307 ecclesiasticas
1495 282 1661 318 peragunt,
1680 276 1738 310 sed
1758 277 1980 311 tantummodo

1242 326 1516 369 processionibus,
1543 339 1625 370 quae
1661 329 1701 361 ab
1739 330 1852 363 iisdem
1886 341 1982 372 expo-

1243 380 1394 412 nentibus
1420 381 1451 412 in
1478 381 1623 424 quolibet
1648 393 1758 416 mense
1784 383 1853 415 sieri
1874 385 1982 416 solent

1243 433 1281 465 ad
1308 433 1456 466 effectum
1490 434 1636 467 lucrandi
1668 434 1889 478 indulgentias
1922 436 1982 469 eis-

1243 486 1316 519 dem
1341 487 1660 520 confraternitatibus
1687 499 1703 520 a
1730 488 1883 522 Romanis
1903 489 1983 521 Pen-

1243 539 1382 572 tificibus
1407 541 1716 582 praedecessoribus
1750 542 1870 574 nostris
1903 552 1981 575 con-

1242 590 1379 632 cessas¹‚
1408 592 1578 625 intersunt.

1287 646 1303 686 g
1328 645 1359 677 3.
1387 645 1463 678 Cum
1487 652 1606 686 autem,
1635 647 1715 680 sicut
1742 648 1855 681 eadem
1881 658 1980 691 expo·
2004 657 2172 684 episcovum·-

1243 697 1315 730 sitio
1334 697 1559 739 subiungebat,
1580 700 1774 733 venerabilis
1794 701 1892 733 frater
1916 684 2172 733 rito-‡?;J?5?;'¹¹22m⁸3?.

1243 750 1362 783 (ternus
1380 751 1548 794 episcopus
1568 752 1804 786 Mechoacanus
1827 754 1857 786 in
1884 754 1982 786 lndiis

1243 814 1308 835 non
1335 804 1439 836 solum
1465 804 1669 847 supradictas
1703 806 1982 839 confraternitates

1244 856 1275 888 in
1294 857 1481 890 eorumdem
1500 858 1730 900 exponentium
1750 859 1898 892 ecclesiis
1916 870 1985 892 ere<

1243 914 1322 949 ctas,
1344 920 1471 942 necnon
1498 910 1593 943 etiam
1619 912 1780 954 quoddam
1807 913 1983 946 oratorium

1244 963 1351 994 rurale
1377 963 1541 995 cuiusdam
1568 965 1690 1005 praedii
1718 976 1776 1007 per
1801 965 1903 998 dictos
1929 976 1983 998 ex-

1244 1020 1402 1057 ponentes
1427 1017 1587 1058 possessi,
1603 1017 1634 1049 in
1654 1029 1718 1061 quo
1744 1018 1888 1061 religiosi
1916 1030 1983 1051 me-

1243 1074 1386 1101 moratae
1411 1069 1679 1111 Congregatiouis
1697 1071 1823 1104 missam
1843 1082 1900 1114 pro
1918 1072 1982 1115 spi-

1244 1121 1350 1153 rituali
1370 1119 1561 1154 colonorum
1578 1122 1697 1155 ibidem
1712 1125 1983 1157 commorantium

1243 1175 1467 1207 consolatione
1507 1176 1676 1209 celebrare
1718 1183 1979 1218 consueverunt,

1244 1228 1371 1261 visitare
1398 1229 1594 1269 tentaverit;
1626 1231 1720 1263 uobis
1746 1226 1921 1274 propterea
1946 1231 1982 1264 ii-

1245 1282 1316 1314 dem
1343 1288 1554 1325 exponentes,
1575 1293 1615 1316 ne
1638 1284 1713 1328 quid
1741 1286 1844 1318 simile
1870 1286 1903 1318 in
1929 1297 1983 1330 po·

1244 1340 1364 1368 stet-um
1402 1346 1460 1378 per
1496 1336 1576 1369 alios
1612 1337 1756 1370 locorum
1792 1338 1983 1372 Ordinarios

1245 1388 1392 1421 attentari
1418 1389 1594 1431 contingat,
1622 1396 1806 1433 opportune
1833 1391 1865 1424 in
1891 1401 1984 1434 prae-

1244 1441 1349 1474 missis
1375 1452 1392 1474 a
1417 1442 1510 1474 nobis
1536 1443 1699 1486 provideri
1719 1449 1749 1477 et
1769 1449 1803 1476 ut
1828 1444 1911 1478 infra
1935 1444 1983 1477 in-

1245 1494 1370 1536 dulgeri
1397 1506 1602 1538 summopere
1627 1497 1836 1530 desiderent:

1289 1550 1305 1589 g
1323 1548 1354 1580 4.
1371 1548 1442 1587 Nos,
1461 1548 1768 1592 ipsosexponentes
1785 1550 1982 1593 specialibus
1995 1555 2174 1603 hfff'aggfuffflj
2223 1568 2232 1588 ¹.

1245 1601 1407 1633 favoribus
1431 1606 1463 1634 et
1495 1601 1604 1643 gratiis
1636 1603 1793 1646 prosequi
1825 1604 2015 1644 volentes,d¹
2038 1598 2174 1629 cummuni·
2222 1598 2232 1636 tl

1996 1637 2061 1656 tatum
2086 1638 2107 1655 et
2129 1640 2175 1656 ora-
2220 1637 2232 1658 «ἲ

1245 1659 1276 1686 et
1301 1664 1411 1686 eorum
1437 1654 1619 1696 singulares
1645 1666 1801 1697 personas
1819 1667 1836 1688 a
1858 1656 2186 1708 quibus·mprgipnssffij'
2220 1657 2232 1698 ξ’

1244 1707 1290 1738 vis
1324 1707 1679 1747 excommunicationis,
1705 1709 1928 1751 suspensionis
1954 1714 2174 1762 etgjjsvigffiffiffi
2220 1713 2232 1735 i*

1244 1758 1419 1798 interdicti,
1439 1759 1577 1802 aliisque
1602 1761 1829 1794 ecclesiasticis
1855 1767 2148 1795 senten-nouspcetaro-

1245 1812 1306 1852 tiis,
1333 1813 1478 1845 censuris
1514 1818 1546 1846 et
1577 1813 1703 1856 poenis,
1732 1825 1749 1846 a
1774 1814 1843 1848 iure
1868 1815 1917 1847 vel
1944 1814 1983 1848 ab

1245 1865 1389 1905 homine,
1416 1866 1529 1909 quavis
1554 1868 1725 1900 occasione
1751 1869 1800 1900 vel
1826 1870 1919 1901 causa
1940 1869 1984 1901 la-

1246 1919 1295 1958 tis,
1321 1919 1346 1951 si
1375 1919 1490 1962 quibus
1527 1920 1773 1963 quomodolibet
1809 1921 1984 1954 innodatae

1244 1973 1393 2012 existunt,
1420 1973 1457 2006 ad
1484 1973 1632 2006 effectum
1654 1975 1874 2017 praesentium
1894 1975 1985 2008 dum-

1246 2031 1330 2058 taxat
1364 2027 1641 2069 eonsequendum,
1670 2027 1785 2060 harum
1815 2027 1898 2060 serie
1928 2027 1984 2060 ab-

1245 2081 1411 2112 solventes
1445 2085 1478 2112 et
1513 2080 1678 2113 absolutas
1711 2081 1776 2114 fore
1802 2086 1984 2122 censentes,

1245 2133 1537 2176 supplicationibus
1566 2133 1722 2174 inclinati,
1749 2134 1859 2167 audito
1888 2145 1987 2178 super

1246 2185 1433 2228 praemissis
1451 2186 1626 2219 venerabili
1646 2187 1744 2220 fratre
1763 2193 1874 2220 nostro
1889 2187 1986 2220 Fran-

1248 2238 1332 2271 cisco
1358 2238 1388 2271 S.
1410 2239 1446 2271 R.
1466 2239 1500 2271 E.
1521 2239 1677 2272 cardinali
1708 2240 1883 2273 Barberino
1909 2250 1988 2272 nun·

1247 2298 1374 2335 cupato,
1403 2292 1483 2324 sacri
1514 2292 1726 2325 cardinalium
1764 2293 1896 2335 collegii
1933 2293 1987 2326 de—

1247 2356 1336 2382 cano,
1360 2345 1511 2388 episcopo
1537 2344 1673 2378 Ostiensi
1702 2351 1732 2378 et
1758 2345 1985 2386 Veliternensi,

1248 2409 1284 2431 ac
1302 2397 1569 2440 Congregationis
1595 2398 1740 2431 eiusdem
1760 2398 1791 2431 S.
1813 2398 1847 2431 R.
1865 2398 1899 2431 E.
1923 2407 1986 2431 car·

1248 2451 1403 2484 dinalium
1445 2451 1582 2493 negotiis
1624 2457 1655 2484 et
1695 2451 1986 2484 consultationibus

1248 2504 1478 2548 episcoporum
1505 2509 1537 2537 et
1563 2504 1759 2547 regularium
1785 2504 1985 2548 praeposito-

1285 2623 1296 2648 1
1318 2620 1389 2648 Edit.
1410 2620 1493 2647 Μαίη.
1514 2619 1580 2656 legit
1598 2620 1734 2648 concessis
1753 2620 1790 2654 (a.
1807 2619 1855 2655 12).
