2232 3178
245 233 294 261 An.
314 232 344 260 c.
363 232 430 262 1740
475 222 538 258 658

290 1253 339 1274 (ΖΛΓ.
357 1252 399 1273 ΧΙΙ,

273 1279 303 1299 De
315 1280 433 1305 privatione

251 1312 316 1330 vorm,
335 1307 384 1329 loct,
400 1311 434 1325 cu-

251 1333 300 1352 culli
327 1335 347 1353 et
375 1338 434 1353 coro-

250 1364 299 1379 uae.

438 293 475 312 ex
504 280 706 311 commissione
738 277 850 308 abbatis
881 272 1026 316 generalis
1059 278 1175 305 senten-

440 331 507 360 tiam
530 326 843 359 excommunicationis
866 325 1056 366 pronunciet,
1080 324 1174 354 dicat:

440 381 494 418 [590
522 379 557 408 Ν.
591 378 670 407 abbas
702 376 860 405 monasterii
892 375 940 411 N.‚
973 374 1016 403 vel
1052 373 1176 403 visitator

440 427 598 457 monasterti
630 430 679 455 aut
698 425 858 464 provinciae
889 423 938 459 N„
961 421 1117 462 specialiter
1145 421 1177 449 ab

439 476 531 505 abbate
550 473 674 512 [senerah
706 477 730 501 et
763 473 920 509 lzeyztmenis
951 471 1105 509 deputatus,
1126 479 1178 508 per

441 523 509 550 lianc
530 520 703 553 sementiam,
726 527 805 557 quam
830 518 856 546 in
879 517 990 555 scriptis
1011 517 1175 554 pronuncio,

439 574 487 597 ele.
511 568 580 598 Cum
603 567 659 596 erit
680 565 887 599 absolvendus,
905 568 1003 594 utatur
1019 563 1107 593 abbas
1122 564 1178 592 sor-

441 616 529 653 mula,
554 624 627 654 quae
651 623 739 653 supra
761 613 907 653 descripta
930 617 973 643 est
993 622 1056 652 cap.
1083 621 1112 641 x.

480 674 517 694 vr.
555 664 655 694 Omnis
691 662 960 693 excommunicatus
996 670 1179 700 quacumque

441 711 758 748 excommunicatione,
781 710 841 740 sive
874 719 889 739 a
922 718 1033 739 canone
1061 709 1122 739 sive
1144 708 1178 738 ab

443 760 571 796 homine,
598 763 656 789 tam
678 768 692 788 a
717 757 847 798 praelato
869 757 1069 788 ecclesiastico
1091 766 1178 796 quam

442 809 477 839 ab
501 808 604 838 abbate
627 807 774 846 generali,
800 816 857 837 non
881 806 1065 845 ingrediatur
1087 806 1180 835 eccle-

444 858 516 887 siam
535 857 579 886 vel
598 857 732 893 chorum,
750 864 843 894 neque
859 855 893 884 ad
910 863 1094 884 communem
1114 863 1179 884 cum

442 906 582 937 fratribus
604 914 732 934 mensam
757 904 939 934 admittatur.
963 903 1062 943 Neque
1085 902 1180 933 officio

443 956 501 985 ullo
536 958 586 984 aut
618 954 758 992 dignitate
782 953 918 991 fungatur
940 952 969 982 in
993 952 1179 989 monasterio,

443 1012 537 1043 neque
558 1011 657 1032 vocem
681 1001 804 1031 activam
828 1005 877 1031 aut
900 1000 1045 1040 passivam
1078 1000 1182 1030 habeat

442 1053 470 1082 in
494 1050 697 1081 electionibus.
722 1049 874 1087 Quinimo,
898 1049 1037 1089 quamdiu
1060 1049 1101 1078 sie
1125 1053 1180 1078 ste-

442 1100 521 1135 terit,
538 1100 573 1129 ab
596 1098 731 1129 omnibus
753 1098 888 1132 evitetur,
908 1098 1000 1127 donec
1016 1097 1179 1136 resipiscat,

443 1154 470 1179 et
486 1158 499 1178 a
517 1148 646 1186 legitimo
662 1146 814 1187 superiore
830 1146 1011 1184 absolvatur,
1028 1151 1181 1186 postquam

444 1197 484 1233 id,
509 1197 585 1236 quod
609 1199 795 1235 praeceptum
819 1200 873 1233 est,
897 1195 1110 1234 adimpleverit.

484 1255 503 1275 1.
536 1245 590 1280 Qui
614 1245 745 1283 privatur
778 1253 846 1273 voce
879 1243 1009 1283 passiva,
1045 1253 1095 1283 per
1128 1243 1183 1274 hoc

445 1295 577 1325 redditur
601 1293 740 1323 inhabilis
762 1293 796 1322 ad
827 1293 934 1322 maiora
963 1293 1057 1323 officia
1080 1294 1109 1323 in
1133 1304 1183 1324 no-

444 1349 505 1373 stro
528 1342 652 1379 Ordine;
670 1344 782 1371 minora
802 1345 897 1371 tamen
916 1346 1009 1381 potest
1030 1351 1181 1379 exercere,

445 1397 477 1423 ut
499 1396 567 1422 sunt
590 1391 758 1429 infirmarii,
782 1390 928 1428 ianitoris,
948 1391 1033 1430 coqui
1056 1395 1083 1420 et
1105 1390 1184 1420 simi-

445 1441 495 1471 lia.
521 1441 653 1471 Privatus
676 1444 772 1469 autem
796 1448 865 1468 voce
888 1440 985 1469 activa
1007 1448 1064 1469 non
1089 1443 1184 1478 potest

446 1490 617 1527 suffragium
635 1489 708 1518 ferre
725 1488 753 1518 in
774 1488 872 1528 aliqua
888 1488 1030 1517 electione
1048 1493 1098 1518 aut
1115 1497 1184 1517 con-

445 1540 629 1578 gregatione,
666 1546 760 1576 neque
795 1540 889 1576 potest
923 1537 987 1566 fieri
1020 1540 1181 1573 accusator,

447 1593 496 1618 aut
519 1588 599 1618 testis
622 1587 763 1616 adversus
797 1586 935 1616 fratrem:
961 1590 1055 1625 potest
1088 1590 1183 1616 tamen

447 1637 555 1667 assumi
578 1639 693 1666 secreto
717 1644 768 1674 pro
791 1634 890 1674 aliqua
911 1634 1119 1664 informatione
1142 1634 1184 1664 rei

447 1685 639 1716 necessariae.
664 1684 798 1714 Privatus
830 1692 900 1713 voce
929 1683 1095 1713 omnimoda
1119 1684 1185 1714 nul-

447 1735 506 1764 lum
540 1734 659 1763 fratrem
694 1732 798 1772 poterit
829 1731 950 1771 alloqui,
974 1731 1030 1761 nisi
1065 1732 1146 1771 prius
1168 1742 1183 1763 3

447 1783 599 1822 superiore
622 1781 741 1811 licentia
764 1781 854 1820 petita
884 1789 938 1820 pro
960 1781 1061 1821 aliqua
1084 1790 1115 1811 re
1137 1790 1185 1811 ne-

448 1831 586 1862 cessaria.

487 1890 516 1910 11.
541 1879 644 1910 Nullus
675 1877 763 1909 abbas
792 1878 897 1908 audeat
929 1878 1045 1908 fratrem
1069 1878 1186 1918 privare

448 1939 528 1966 voce,
552 1929 609 1959 nisi
631 1928 659 1958 in
683 1927 798 1958 casibus
830 1936 918 1967 supra
951 1927 1075 1967 positis,
1098 1927 1187 1967 idque

448 1978 578 2008 adhibito
600 1977 722 2008 consilio
754 1981 782 2007 et
816 1985 961 2008 consensu
996 1976 1119 2007 fratrum
1142 1987 1187 2008 se-

449 2027 576 2057 niorum.

488 2085 528 2106 ιιι.
552 2075 685 2106 Privatus
708 2075 788 2113 loco,
812 2074 949 2105 ultimum
983 2075 1078 2105 locum
1102 2084 1188 2105 occu-

449 2129 496 2165 pet
518 2125 546 2154 in
570 2124 670 2162 choro,
685 2124 809 2154 ecclesia
822 2127 849 2154 et
865 2123 1036 2154 refectorio:
1051 2124 1187 2154 sacerdos

450 2173 567 2213 quidem
590 2173 667 2203 inter
682 2172 858 2210 sacerdotes,
873 2172 1015 2202 diaconus
1033 2171 1111 2201 inter
1128 2172 1189 2202 dia-

450 2231 549 2258 conos,
573 2225 601 2250 et
622 2221 663 2251 sic
686 2220 833 2260 deinceps.

490 2279 528 2300 tv.
552 2270 605 2305 Qui
629 2270 722 2308 poena
745 2268 799 2298 erit
828 2268 931 2299 maiori
963 2269 1069 2307 dignus
1102 2278 1189 2308 quam

451 2318 487 2348 sit
516 2318 641 2357 privatio
674 2317 730 2347 loci
762 2321 812 2347 aut
846 2317 923 2347 vocis
956 2322 1075 2357 propter
1107 2326 1188 2347 suam

452 2366 627 2405 proterviam
650 2370 678 2395 et
700 2365 902 2405 pravissimam
925 2366 1053 2405 culpam,
1083 2366 1191 2404 poterit

451 2414 566 2444 cucullo
590 2419 618 2444 et
640 2415 750 2444 corona,
779 2413 900 2453 privari,
923 2418 951 2444 et
983 2414 1018 2444 ad
1050 2413 1190 2453 obsequia

451 2464 568 2493 infima¹
593 2463 622 2493 in
647 2463 822 2492 monasterio
844 2463 1002 2500 destinari,
1026 2466 1057 2492 ut
1079 2463 1189 2493 dictum

452 2517 494 2542 est
516 2521 618 2552 supra,
642 2521 705 2551 cap.
729 2520 758 2550 v,
781 2520 820 2550 vr,
844 2520 893 2550 vn,
919 2520 967 2541 vni
990 2515 1018 2541 et
1040 2521 1068 2541 x.

491 2614 500 2640 1
524 2612 572 2641 Ed.
589 2612 672 2641 Main.
687 2611 753 2649 legit
768 2612 887 2648 infirma
903 2619 952 2649 pro
967 2611 1069 2648 infima
1084 2611 1127 2648 (n.
1138 2611 1188 2648 r.).

1012 226 1196 252 BULLARIUM
1222 225 1378 250 ROMANUM
1961 225 2014 253 ΑΙ.
2034 225 2064 253 C.
2081 226 2148 254 17⁴0

1256 283 1275 304 1.
1300 273 1407 312 Abbas,
1431 273 1482 314 qui
1503 273 1692 313 suspenditur
1715 274 1750 304 ab
1774 274 1881 313 officio,
1902 282 1954 314 per
1998 287 2047 308 cst.
2063 288 2116 309 xm.

1218 323 1271 353 hoc
1294 322 1432 353 inhabilis
1448 322 1578 353 redditur
1600 323 1635 353 ad
1657 322 1729 352 illud
1745 315 2148 365 exercendum,,m„¹f‚⁸„,¹¹¹0⁵{532

1219 376 1247 402 et
1269 371 1390 411 insuper
1422 372 1547 411 utraque
1579 381 1650 401 voce
1683 371 1804 402 carebit.
1828 371 1856 402 Si
1889 370 2042 415 ver02222¹⁰⁰
2057 366 2084 387 ³¹³
2104 366 2148 387 ⁰¹¹¹·

1221 424 1354 460 proterve
1376 420 1504 450 osticium
1528 419 1708 457 exercuerit,
1734 420 1850 459 procedi
1871 420 1957 450 debet

1220 469 1255 499 ad
1278 468 1487 508 depositionem
1501 491 1508 504 ,
1531 471 1560 498 et
1589 468 1728 498 inhabilis
1750 468 1884 498 redditur
1906 477 1958 508 per

1220 517 1454 557 quinquennium
1477 516 1530 546 in¹
1553 525 1640 546 omne
1661 517 1805 555 officium,
1829 521 1858 547 et
1879 518 1959 547 utra-

1221 575 1276 605 que
1293 575 1362 596 voce
1386 575 1436 604 per
1458 565 1605 603 integrum
1628 574 1737 595 annum
1756 565 1878 596 carebit.

1261 623 1290 644 ιι.
1315 614 1369 649 Qui
1389 613 1544 653 deponitur
1567 613 1602 643 ab
1624 613 1731 651 officio,
1755 623 1806 653 per
1825 614 1878 644 hoc
1901 614 1960 653 pri-

1224 666 1309 692 vatur
1340 672 1399 692 non
1433 662 1527 692 solum
1556 671 1588 692 eo
1621 662 1728 699 officio,
1752 662 1827 701 quod
1861 662 1959 692 statim

1222 711 1309 741 alteri
1325 711 1466 741 committi
1483 710 1587 748 debet;
1610 710 1660 740 sed
1676 710 1763 740 etiam
1780 720 1849 741 voce
1865 710 1961 740 activa

1222 764 1250 790 et
1273 760 1385 799 passiva
1408 768 1459 798 per
1482 768 1591 789 annum
1613 758 1735 789 carebit.

1264 817 1305 837 ιιι.
1330 807 1417 838 Solus
1439 807 1527 837 abbas
1549 807 1693 846 generalis
1715 816 1781 837 cum
1803 816 1962 846 congrega-

1224 856 1301 886 tione
1324 856 1556 894 liegumenorum
1588 855 1767 895 suspendere
1797 858 1891 895 potest
1912 858 1962 886 aut

1223 904 1368 944 deponere
1390 904 1588 942 hegumenum
1604 908 1631 934 et
1647 903 1778 934 abbatem
1795 903 1962 944 provinciae

1224 963 1257 983 ac
1280 953 1461 983 monasterii.
1479 952 1619 983 Abbatem
1636 962 1704 983 vero
1716 953 1882 991 generalem
1898 962 1962 983 sus-

1225 1002 1350 1041 pendere
1373 1011 1405 1031 ac
1427 1001 1572 1041 deponere
1595 1010 1653 1031 non
1683 1004 1776 1040 potest
1806 1001 1864 1031 nisi
1896 1010 1962 1031 con-

1224 1051 1355 1089 gregatio
1377 1050 1535 1089 generalis.
1947 1055 1951 1058 “

1263 1108 1302 1129 iv.
1325 1099 1380 1134 Qui
1403 1103 1519 1138 praeter
1542 1098 1674 1128 abbatem
1708 1099 1888 1137 generalem,
1912 1099 1963 1130 he-

1225 1157 1366 1187 gumenus
1389 1152 1417 1178 et
1438 1147 1556 1177 abbates
1579 1147 1746 1186 provinciae
1777 1147 1822 1177 vel
1850 1157 1964 1178 monas-

1227 1197 1368 1228 teriorum
1391 1197 1425 1227 ab
1448 1197 1544 1226 officio
1567 1196 1787 1236 suspenduntur
1808 1196 1854 1227 vel
1876 1197 1964 1236 depo-

1225 1250 1348 1280 nuntur,
1371 1255 1429 1275 non
1452 1244 1560 1275 idcirco
1585 1254 1654 1275 voce
1677 1244 1883 1284 privabuntur,
1905 1245 1963 1276 nisi

1225 1295 1253 1324 in
1277 1296 1394 1334 culpam
1423 1294 1587 1333 graviorem
1610 1298 1637 1324 et
1658 1294 1860 1332 gravissimam
1891 1294 1965 1326 inci-

1225 1344 1345 1375 dissent.
2204 1371 2206 1373 .

1265 1400 1292 1421 v.
1317 1391 1406 1422 Nemo
1422 1400 1459 1421 ex
1470 1390 1624 1421 abbatibus
1642 1390 1780 1431 suspendi
1795 1395 1845 1422 aut
1860 1391 1966 1433 deponi
2192 1410 2223 1428 c

1225 1440 1322 1480 debet,
1347 1441 1404 1471 nisi
1426 1440 1462 1470 oh
1485 1440 1600 1480 culpam
1623 1440 1658 1470 de
1680 1449 1736 1480 qua
1760 1449 1860 1480 supra.

1266 1498 1304 1520 vr.
1328 1489 1357 1520 Si
1380 1489 1520 1520 acciderit
1541 1489 1659 1529 aliquod
1675 1499 1709 1519 ex
1727 1489 1851 1529 peccatis
1870 1489 1965 1530 (aver-

1229 1542 1268 1568 tat
1300 1538 1328 1567 id
1355 1537 1448 1576 Deus)
1472 1547 1546 1577 quae
1580 1537 1730 1568 sufficiunt
1763 1538 1798 1567 ad
1829 1537 1964 1569 abbatem
2196 1534 2229 1577 ῃ]

1227 1586 1395 1624 generalem
1419 1586 1453 1616 ab
1476 1586 1572 1616 officio
1587 1586 1823 1626 suspendendum
1842 1587 1887 1617 vel
1906 1587 1966 1627 pri·
2195 1582 2229 1637 {i

1228 1635 1355 1664 vandum
1370 1659 1377 1673 ‚
1401 1634 1488 1664 simul
1511 1639 1596 1674 atque
1624 1644 1675 1674 per
1698 1635 1862 1665 testimonia
1885 1635 1967 1666 susti·
2194 1634 2232 1678 ἧς,

1228 1683 1334 1713 cientia
1350 1708 1358 1722 ,
1382 1684 1427 1713 vel
1454 1683 1547 1722 ipsius
1569 1683 1805 1722 consessionem,
1828 1688 1878 1714 aut
1898 1684 1968 1714 facti
2194 1682 2232 1729 (ζῆ

1228 1732 1433 1762 notorietatem
1455 1731 1639 1770 constiterit,
1661 1735 1789 1771 quatuor
1811 1732 1967 1770 hegumeni
2194 1729 2232 1764 ’μ’-ι,

1228 1781 1289 1810 una
1304 1780 1482 1819 congregati,
1496 1789 1569 1817 rem,
1583 1779 1675 1810 donec
1690 1779 1795 1809 veritas
1810 1780 1966 1819 elucescat,
2208 1791 2222 1813 ε

1229 1834 1372 1860 secretam
1396 1832 1542 1867 tenenteS,
1565 1829 1824 1867 congregationem
1846 1838 1969 1867 genera·

1230 1879 1287 1909 lem
1317 1877 1456 1908 abbatum
1487 1877 1705 1917 provinciarum
1727 1881 1755 1908 et
1779 1877 1969 1908 monasterio·
2202 1874 2232 1907 ‘r'

1230 1936 1305 1964 rum,
1329 1926 1434 1956 litteris
1448 1926 1579 1956 omnium
1595 1925 1814 1966 subscriptione
1834 1926 1967 1965 signam,

1230 1975 1444 2012 convocabunt,
1467 1979 1498 2005 ut
1519 1975 1629 2005 dictum
1654 1978 1698 2005 est
1720 1984 1820 2014 supra,
1844 1979 1919 2014 part.
1938 1984 1968 2005 ιιι

1230 2034 1291 2065 cap.
1314 2033 1364 2063 iv,
1388 2033 1470 2054 num.
1494 2033 1524 2054 11.
1549 2023 1579 2054 Si
1600 2031 1669 2053 vero
1691 2032 1737 2053 res
1768 2023 1916 2062 divulgata
1939 2027 1968 2054 et

1231 2073 1384 2103 manifesta
1407 2076 1495 2109 esset,
1519 2081 1576 2102 non
1606 2072 1763 2112 expectata
1791 2072 1970 2111 hegumeno-

1230 2132 1295 2153 rum
1318 2121 1536 2158 convocatione,
1560 2119 1679 2150 abbates
1701 2120 1831 2151 locorum
1854 2125 1882 2151 et
1904 2131 1970 2161 pro-

1232 2171 1395 2201 vinciarum
1417 2169 1466 2200 alii
1489 2170 1562 2200 alios
1584 2169 1714 2199 vocando
1730 2170 1916 2201 conveniant.
1933 2171 1969 2201 Et
2212 2197 2220 2204 .

1232 2219 1358 2259 primum
1376 2219 1533 2249 audiantur
1549 2222 1744 2257 accusatores,
1761 2219 1866 2249 deinde
1881 2228 1968 2257 reus3
2188 2225 2219 2260 '5

1232 2269 1288 2298 nisi
1311 2278 1357 2299 res
1388 2268 1500 2299 notoria
1523 2272 1621 2307 esset,
1655 2277 1705 2298 reo
1727 2268 1803 2298 foras
1829 2268 1969 2307 dimisso,

1234 2317 1344 2356 primus
1366 2317 1597 2355 hegumenorum
1620 2326 1686 2347 cum
1720 2316 1886 2356 antiquiore
1919 2317 1970 2346 ab·

1233 2365 1298 2395 bate
1321 2370 1349 2395 et
1371 2374 1437 2395 cum
1460 2365 1618 2395 secretario
1640 2365 1674 2395 ad
1695 2365 1769 2394 hanc
1802 2374 1920 2395 causam
1942 2374 1971 2395 e-

1233 2415 1321 2452 lecto,
1345 2414 1380 2444 de
1403 2418 1462 2444 toto
1485 2414 1602 2452 negotio
1625 2414 1801 2444 scrutinium
1819 2414 1914 2444 saciet.
1935 2415 1970 2445 Et

1234 2464 1328 2502 primo
1361 2467 1518 2502 quaeratur
1551 2473 1587 2493 an
1619 2467 1733 2494 constet
1771 2464 1807 2494 de
1839 2468 1970 2503 peccato,

1233 2512 1310 2552 quod
1334 2511 1487 2549 obiicitur3
1511 2511 1638 2542 secundo
1660 2521 1696 2542 an
1723 2512 1892 2543 huiusmodi
1921 2512 1970 2550 sit,

1270 2614 1282 2640 1
1304 2612 1421 2641 Videtur
1439 2612 1586 2649 legendum
1604 2612 1642 2641 ad
1662 2612 1699 2648 (a.
1715 2612 1764 2647 τ.).
