2232 3178
1728 164 1744 181 Γ,

926 181 1023 206 11111011
1048 179 1152 205 nanum
1683 165 1748 199 67.)

346 237 464 272 eisdem
490 235 665 281 privilegiis
692 235 840 268 fruuntur
867 234 985 277 quibus
1017 233 1108 266 electi
1133 233 1164 265 in
1189 231 1326 275 capitulo
1351 230 1498 273 gaudent,
1526 227 1590 261 ⁶216
1615 237 1634 261 α
1660 232 1690 259 01
1713 237 1789 270 seq.;

345 296 418 335 post
440 290 631 324 celebratum
658 288 829 333 capitulum
854 286 1047 330 provinciale
1065 286 1089 318 si
1107 285 1221 329 aliquis
1245 284 1446 317 definitorum
1473 291 1674 326 quocumque
1699 279 1793 312 modo

345 343 480 385 deficiat,
497 343 564 376 eius
582 352 690 376 vocem
708 346 738 374 et
756 341 838 374 vices
856 339 1002 382 supplere
1025 338 1118 371 debet
1137 348 1219 370 unus
1244 348 1281 370 ex
1305 336 1472 379 religiosis,
1490 335 1544 378 qui
1566 344 1624 378 pro
1650 332 1795 377 patribus

345 396 459 429 additis
479 395 658 430 definitorio
675 393 859 438 provinciali
877 392 908 425 in
927 391 1128 435 praecedenti
1153 391 1291 434 capitulo
1308 389 1398 422 electi
1419 391 1505 428 sunt,
1532 387 1593 421 537
1620 387 1656 426 tr,
1683 385 1794 418 electio

345 460 420 483 vero
445 449 583 492 regentis
607 447 811 492 provincialis
835 446 866 478 in
891 454 964 478 casu
989 444 1094 477 obitus
1119 443 1252 476 alicuius
1288 453 1325 475 ex
1358 441 1519 485 prioribus
1547 438 1795 483 provincialibus

345 503 414 535 fieri
439 502 534 535 debet
557 512 575 534 a
599 500 717 534 vicario
741 498 880 543 generali
912 498 974 530 una
1000 507 1070 530 cum
1096 495 1317 529 definitoribus
1342 493 1612 538 provincialibus,
1637 491 1700 525 539
1725 491 1750 523 b.

1015 647 1038 681 Β

258 766 455 801 Barnabitae.
479 783 524 789 -
546 764 670 798 Eisdem
696 773 769 797 suas
793 761 941 796 ecclesias
966 761 1164 794 visitantibus
1189 759 1384 803 indulgentia
1408 768 1557 793 concessa
1581 758 1613 791 in
1643 757 1693 791 die
1718 758 1796 790 festo

355 820 384 853 S.
407 818 566 853 Francisci
596 817 723 857 Salesii‚
748 816 811 849 219
837 816 868 856 b,
896 814 1073 848 extenditur
1103 813 1143 846 ad
1167 813 1330 846 universos
1354 812 1463 845 fideles
1492 821 1601 845 eorum
1631 810 1797 844 ecclesiam

347 872 561 912 visitantibus,
585 871 678 911 ibid.;
707 869 875 912 collegium
901 868 1027 911 erigunt
1050 868 1082 900 in
1107 868 1231 901 civitate
1254 866 1476 899 Mediolanensi
1500 864 1537 897 ad
1563 864 1719 897 curandos
1744 864 1794 895 in-

347 925 576 969 struendosque
600 924 722 957 nobiles
747 923 953 964 convictores,
979 921 1042 955 559
1069 922 1098 962 b;
1123 921 1193 955 vide
1217 920 1390 962 Collegium
1415 919 1575 963 Lonqone.

258 979 462 1013 Beatificatio.
483 997 525 1003 --
549 976 746 1011 Venerabilis
771 987 880 1009 servus
896 975 951 1009 Dei
968 975 1082 1019 Ioseph
1107 985 1124 1007 a
1144 974 1302 1013 Leonissa,
1327 972 1476 1005 sacerdos
1501 981 1648 1014 expresse
1671 969 1796 1013 profes-

347 1043 400 1066 sus
424 1032 548 1066 Ordinis
570 1031 703 1064 fratrum
724 1029 992 1073 Capuccinorum,
1010 1029 1121 1062 Beatus
1138 1028 1198 1061 dici
1215 1032 1329 1071 potest,
1344 1025 1408 1059 0287
1433 1037 1453 1059 α
1476 1030 1506 1058 01
1524 1036 1605 1068 seq.;
1632 1024 1705 1057 item
1728 1023 1799 1063 coli,

347 1086 478 1129 eiusque
502 1084 663 1118 nonnullis
687 1083 719 1116 in
743 1083 820 1116 locis
846 1082 971 1115 recitari
997 1082 1147 1122 officium,
1171 1081 1252 1113 ibid.

259 1139 380 1172 Bellum
404 1139 486 1171 inter
515 1137 676 1182 principes
709 1136 898 1169 christianos
934 1136 1038 1169 dirum
1064 1141 1094 1169 et
1124 1140 1233 1176 atrox,
1257 1135 1301 1167 114
1325 1135 1362 1175 tw,
1393 1134 1508 1168 iterum
1541 1132 1742 1177 repentinum
1769 1136 1800 1165 et

347 1192 526 1225 luctuosum
544 1191 575 1223 in
592 1190 681 1223 ltalia
698 1190 884 1229 insurrexit,
901 1189 995 1231 longe
1011 1189 1135 1232 lateque
1158 1188 1191 1220 in
1215 1187 1284 1220 aliis
1304 1187 1448 1230 Europae
1468 1185 1611 1229 partibus
1635 1184 1798 1226 diffusum,

348 1244 464 1278 adeout
488 1244 569 1277 inter
594 1243 816 1276 acerbissimos
840 1242 916 1275 belli
942 1248 1046 1275 motus
1071 1241 1159 1274 ltalia
1182 1251 1264 1284 pene
1287 1245 1353 1273 tota
1374 1239 1542 1279 exarserit,
1567 1236 1631 1271 382
1656 1248 1686 1270 α.

259 1299 477 1332 Beneventana
501 1297 625 1337 civitas,
653 1295 718 1329 369
743 1307 780 1336 (13
808 1295 851 1328 illi
877 1295 1105 1328 confirmantur
1129 1293 1296 1337 privilegia
1320 1302 1469 1326 concessa
1493 1302 1510 1324 a
1535 1291 1589 1324 Pio
1615 1291 1654 1332 ll,
1678 1289 1757 1322 lulio
1774 1289 1801 1321 ll

347 1356 378 1384 et
400 1351 487 1384 Sixto
513 1350 546 1391 V,
564 1355 594 1383 et
617 1349 656 1382 ab
682 1349 810 1382 Urbano
831 1348 897 1381 Vlll
923 1348 1122 1387 confirmata,
1141 1346 1328 1390 praesertim
1346 1345 1429 1389 quod
1451 1345 1574 1388 primae
1592 1349 1623 1377 et
1646 1342 1802 1376 secundae

346 1404 513 1437 instantiae
537 1413 705 1437 causarum
731 1401 953 1446 temporalium
979 1402 1027 1434 vel
1052 1400 1192 1434 civilium
1218 1405 1306 1433 extra
1328 1399 1443 1433 dietam
1469 1398 1625 1432 civitatem
1652 1397 1801 1440 cognosci

347 1468 412 1491 non
435 1457 567 1501 possint,
591 1456 655 1490 369
680 1467 700 1489 a
726 1461 756 1489 et
779 1466 841 1499 seq.

261 1511 519 1545 Bethlehemitae.
538 1529 582 1534 —-
605 1509 844 1552 Incorrigibiles
869 1518 930 1552 qua
955 1507 1105 1541 methodo
1130 1506 1274 1541 eiiciendi
1298 1516 1334 1539 ex
1360 1504 1486 1547 Ordine,
1512 1503 1577 1537 105
1601 1514 1638 1540 a:
1662 1503 1802 1546 viee-ge-

348 1564 465 1598 neralis
488 1574 550 1608 qua
573 1563 690 1607 polleat
712 1562 859 1595 facultate
883 1561 1077 1605 procedendi
1102 1566 1214 1594 contra
1238 1559 1376 1600 eosdem,
1394 1559 1486 1599 ibids,
1511 1557 1564 1602 qui
1588 1557 1650 1590 sint
1675 1557 1798 1590 vocales

351 1617 479 1662 capituli
508 1616 685 1660 generalis,
710 1614 774 1648 105
791 1615 823 1655 Ι);
849 1615 953 1658 qualia
978 1615 1081 1648 officia
1105 1614 1137 1647 in
1161 1613 1279 1647 Ordine
1303 1613 1366 1645 sint
1391 1610 1649 1655 incompatibilia,
1679 1609 1742 1642 100
1768 1621 1801 1649 α;

349 1681 430 1715 quae
455 1670 494 1703 sit
517 1669 670 1703 servanda
690 1668 857 1702 methodus
875 1669 906 1701 in
925 1667 1109 1711 accipienda
1133 1666 1372 1700 renunciatione
1388 1664 1578 1705 officiorum,
1595 1668 1625 1696 et
1642 1663 1801 1705 subroga-

350 1724 435 1757 tione
452 1723 490 1756 ad
508 1722 711 1763 calfacienda,
728 1722 820 1761 ibe'd.;
840 1721 1006 1765 qualitates
1023 1720 1234 1764 requirendae
1253 1719 1292 1752 ad
1311 1719 1372 1752 hoe
1397 1723 1432 1751 ut
1456 1718 1525 1761 quis
1550 1717 1580 1750 in
1605 1716 1802 1750 assistentem

350 1777 531 1820 generalem
567 1776 639 1819 eligi
675 1780 786 1820 queat,
810 1774 875 1808 106
907 1775 941 1815 Ι),
981 1775 1013 1807 in
1049 1774 1196 1807 omnibus
1232 1772 1439 1806 electionibus
1474 1770 1668 1814 exquirenda
1703 1770 1804 1802 maior

351 1836 494 1864 votorum
519 1840 603 1874 pars,
624 1828 687 1862 107
713 1840 749 1869 (ι;
769 1838 862 1862 nemo
887 1828 1003 1871 gaudet
1026 1838 1103 1861 voce
1128 1827 1230 1860 activa
1254 1832 1285 1859 et
1308 1826 1432 1870 passiva
1455 1825 1515 1858 nisi
1539 1828 1611 1868 post
1634 1823 1804 1856 triennium

351 1883 390 1917 ab
415 1884 530 1916 emissa
553 1882 767 1927 professione,
792 1882 894 1922 2'bz'cl.;
922 1881 1060 1926 capitula
1083 1880 1244 1924 generalia
1268 1879 1410 1923 cogenda
1439 1879 1471 1912 in
1503 1879 1583 1911 urbe
1607 1877 1803 1917 Guafimala,

352 1936 415 1969 107
434 1937 461 1977 b;
479 1936 554 1980 quid
571 1935 794 1980 praestandum
820 1935 844 1968 si
866 1935 980 1968 absens
1006 1935 1037 1967 in
1062 1935 1244 1977 generalem
1270 1934 1415 1976 eligatur,
1434 1933 1511 1966 ibid.
1524 1944 1535 1972 ,·
1560 1933 1591 1964 in
1615 1941 1679 1964 uno
1704 1940 1804 1973 regno

351 1990 507 2033 generalis
530 1990 718 2034 praefectus,
737 1989 768 2021 in
792 1989 891 2022 altero
916 1988 1160 2032 viee-generalis
1186 1987 1366 2030 eligendus,
1387 1985 1451 2019 108
1468 1996 1504 2026 α,
1525 1984 1599 2029 ipsis
1623 1983 1805 2017 absentibus

351 2043 389 2076 ad
414 2054 507 2087 quem
532 2043 769 2087 provinciarum
790 2043 934 2086 regimen
959 2042 1154 2083 devolvatur,
1173 2040 1237 2074 108
1262 2041 1295 2081 ἱ),
1321 2050 1402 2084 quae
1425 2037 1656 2083 praemittenda
1681 2036 1719 2069 ad
1744 2037 1804 2069 hoc

351 2101 385 2130 ut
409 2096 541 2130 tertiarii
565 2097 613 2129 vel
637 2096 743 2130 donati
764 2100 924 2129 transeant
948 2095 986 2128 ad
1010 2095 1238 2139 professionem
1264 2092 1507 2134 admittendam,
1526 2090 1589 2123 100
1615 2101 1650 2131 ιι,
1669 2090 1805 2134 capitula

351 2149 512 2193 generalia
530 2149 673 2193 quolibet
696 2149 830 2182 tenenda
853 2149 1023 2189 novennio,
1042 2148 1136 2188 ibic&
1161 2147 1329 2181 dubiorum
1356 2146 1441 2180 cirea
1465 2147 1612 2188 regulam
1639 2144 1804 2186 insurgen-

352 2203 431 2236 tium
456 2202 571 2236 solutio
595 2202 633 2235 ad
658 2213 751 2246 quem
776 2203 950 2247 pertineat,
978 2202 1042 2235 100
1068 2203 1094 2235 b.

263 2255 458 2289 Bibliotheca
482 2256 640 2289 Vaticana.
666 2275 711 2280 —
730 2257 755 2289 A
779 2256 935 2290 Clemente
960 2256 1015 2289 XII
1040 2256 1126 2297 aula,
1146 2255 1247 2297 libris⁷
1274 2254 1354 2287 vasis
1379 2253 1540 2293 fictilibus,
1561 2250 1804 2284 numismatibus

352 2309 510 2352 certisque
533 2309 729 2353 locupletata
752 2309 944 2349 redditibus,
969 2309 1029 2343 5711
1051 2309 1090 2349 b;
1117 2309 1203 2351 leges
1227 2319 1285 2353 pro
1310 2310 1347 2341 011
1364 2319 1381 2341 3
1399 2308 1485 2341 Sixto
1504 2308 1523 2339 V
1549 2306 1607 2339 Pr.
1631 2307 1712 2339 latae
1730 2315 1803 2338 con-

351 2362 529 2403 firmantur,
547 2361 611 2395 572
632 2373 668 2402 α;
692 2372 791 2396 novae
815 2362 959 2396 conditae
984 2362 1068 2405 leges
1088 2372 1146 2406 pro
1171 2361 1354 2397 custodibus
1378 2360 1672 2404 scriptorilmsque,
1697 2358 1761 2391 573
1785 2368 1805 2391 cc

351 2420 382 2448 et
405 2425 467 2459 seq.

265 2466 459 2502 Bibliotheca
484 2473 514 2501 et
538 2468 720 2502 Archivium
746 2474 917 2503 conventus
942 2469 980 2503 de
1005 2469 1145 2503 Aracaeli
1170 2469 1207 2502 de
1233 2469 1315 2502 Urbe
1340 2468 1466 2501 Ordinis
1490 2468 1622 2500 fratrum
1648 2466 1804 2498 Minorum

354 2522 383 2555 S.
409 2521 568 2555 Francisei
597 2522 636 2556 de
666 2522 873 2556 Observantia
905 2528 1180 2567 nuncupatorum,
1205 2522 1270 2555 0293
1296 2533 1315 2555 a
1341 2527 1370 2555 et
1395 2533 1472 2565 seq.;
1499 2519 1714 2554 ordinationes
1745 2529 1804 2562 pro

355 2574 484 2610 illorum
507 2574 795 2619 administratione,
820 2576 886 2610 ⁶294
909 2587 927 2610 α
954 2582 984 2611 01
1007 2587 1066 2619 seq.
