2232 3178
89 1533 229 1556 Prooemium.

886 198 1032 223 CLEMENS
1060 198 1104 222 ΧΠ
1130 199 1178 223 ΓΡ.

251 247 418 291 exemplis,
432 247 529 280 etiam
545 248 720 291 impressis,
735 259 833 281 manu
852 248 990 282 alicuius

251 301 368 335 notarii
385 300 505 344 publici
524 301 725 345 subscriptis,
742 307 774 334 et
790 302 899 343 sigillo
918 311 992 344 per-

250 364 346 388 sonae
364 354 396 386 in
416 354 638 386 ecclesiastica
657 354 815 397 dignitate
834 354 991 386 constitu-

251 413 300 440 tae
326 407 477 446 munitis,
504 407 616 440 eadem
642 418 773 450 prorsus
800 407 879 440 fides
904 407 994 439 adhi-

250 461 374 500 beatur‚
395 471 476 503 quae
497 460 712 493 adhiberetur
733 460 811 503 ipsis
838 470 992 502 praesen-

251 514 336 546 tibus
360 513 385 545 si
412 514 518 546 forent
539 513 703 546 exhibitae
724 515 771 546 vel
791 519 956 546 ostensae.

293 567 406 599 Datum
434 566 569 604 Romae,
597 566 681 609 apud
713 565 743 598 S.
769 565 898 597 Mariam
924 566 990 597 Ma-

250 621 351 653 iorem
369 647 376 659 ,
414 620 472 652 sub
505 621 628 652 annulo
662 619 861 659 Piscatoris,
888 619 939 652 die
965 630 995 652 lx

251 672 363 715 aprilis
396 682 620 710 MDCCXHVH,
655 671 863 715 pontificatus
889 672 993 704 nostri

251 736 335 758 anno
361 735 418 758 vu.
879 736 882 737 ⁷

287 787 345 813 Dat.
368 786 411 812 die
433 786 449 813 9
469 787 663 822 aprilist'i'37,
685 787 787 821 pontif.
812 795 883 814 auno
905 793 949 813 vit.

555 929 682 962 CXCIX.

252 1009 464 1051 Confirmatio
493 1009 613 1042 decreti
639 1010 909 1052 Conqreqationis
934 1010 993 1042 Ri-

298 1067 391 1094 luum
426 1073 522 1105 svper
556 1063 789 1105 approbatione
820 1063 997 1095 senlenli'ae

295 1115 436 1158 episcopi
460 1115 672 1148 Pisaurensis
697 1115 734 1147 (Ie
758 1125 834 1147 casu
870 1120 997 1158 excepto

296 1178 316 1200 a
341 1168 475 1200 decretis
507 1167 630 1201 L'rbani
654 1168 738 1201 VIII
759 1169 824 1200 sive
850 1168 888 1200 (le
906 1168 996 1200 cultu

296 1221 550 1253 immemorabili
566 1223 722 1264 pracslilo
742 1222 782 1254 B.
800 1222 997 1254 Michelmue

296 1273 413 1307 viduae
431 1302 439 1314 ‚
475 1275 670 1307 Pisaurensi
686 1302 695 1315 ,
730 1275 832 1307 Tertii
863 1275 997 1308 Ordinis

295 1330 402 1360 sancti
423 1328 607 1361 Francisci.

465 1408 602 1435 Clemens
624 1409 703 1442 Papa
720 1409 784 1441 5.11‚

371 1453 407 1480 ad
428 1456 606 1487 perpetuam
626 1454 671 1480 roi
692 1454 877 1480 memoriam.

298 1523 450 1556 Mulieres
476 1523 589 1562 sortes,
611 1534 691 1566 quae
718 1523 911 1567 pracsertim
929 1525 998 1567 opi-

253 1577 312 1610 hus
331 1578 461 1615 saeculi,
488 1578 632 1620 potentia
657 1577 927 1621 propinquorum,
944 1588 999 1610 no-

252 1631 378 1664 bilitate
404 1630 560 1672 originis,
590 1636 621 1663 et
659 1633 824 1664 iuventute
865 1642 901 1663 ae
932 1633 998 1674 pul-

253 1683 442 1716 chritudine
468 1684 650 1723 decoratae,
676 1684 804 1716 amissis
826 1684 947 1716 maritis
969 1690 999 1716 et

253 1737 325 1770 siliis
344 1765 352 1777 ,
381 1742 411 1770 et
437 1737 559 1769 cunctis
585 1737 760 1780 despectis,
788 1738 998 1780 pergratiam

253 1789 393 1833 Spiritus
411 1790 527 1829 Sancti,
547 1789 712 1823 accinctae
732 1790 864 1829 robore,
883 1790 914 1822 in
937 1791 998 1833 spi-

253 1844 316 1876 ritu
355 1843 558 1877 ambulantes
576 1871 583 1884 ‚
624 1844 661 1875 ad
701 1844 799 1886 pedes
826 1844 998 1877 advolutae

254 1895 381 1935 Christi,
409 1897 498 1939 quasi
525 1896 630 1940 ipsum
655 1902 810 1935 tenentes,
830 1898 998 1939 elegerunt

254 1949 396 1982 abiectas
421 1959 492 1982 csse
515 1949 543 1980 in
572 1949 669 1982 domo
696 1949 750 1982 Dei
772 1977 778 1988 ‚
807 1955 838 1982 et
864 1960 921 1992 per
947 1960 996 1982 ar·

255 2003 333 2035 duas
358 2003 557 2036 christianae
584 2003 793 2046 perfectionis
820 2003 950 2036 semitas
968 2003 998 2036 in

253 2055 387 2089 odorem
421 2061 661 2099 unguentorum
698 2057 845 2089 caelestis
882 2057 998 2099 sponsi

255 2110 377 2142 alacres
414 2114 657 2149 cucurrerunt,
693 2120 731 2142 eo
764 2109 941 2142 maioribus
967 2109 998 2141 in

255 2162 415 2195 catholica
440 2162 584 2195 Ecclesia
611 2162 799 2206 praeconiis
826 2168 898 2195 sunt
923 2173 1000 2195 cou-

255 2215 371 2258 dignae
391 2242 399 2256 ‚
426 2226 489 2259 quo
516 2216 630 2249 fortius
656 2217 750 2248 sexus
777 2216 998 2248 infirmitatem

256 2269 548 2310 transgredfflntes,
575 2269 850 2302 limulentioiibus·
876 2270 999 2311 praelu-

255 2327 371 2355 xerunt
396 2322 574 2365 exemplis,
607 2327 640 2353 ut
673 2328 798 2354 ceterae
826 2322 998 2362 mulieres,

257 2375 446 2408 earumdem
469 2374 602 2417 vestigia
631 2379 807 2415 sectantes,
832 2375 1000 2407 immarce-

255 2428 402 2461 scibilem
429 2428 553 2470 gloriae
572 2438 726 2460 coronam
754 2428 785 2459 in
812 2428 910 2460 caelis
930 2439 999 2460 cum

255 2480 336 2525 ipsis
361 2480 508 2524 accipere
534 2486 748 2513 mererentur.
783 2480 998 2519 Quamobrem

256 2533 452 2578 apostolicae
479 2533 642 2566 servitutis
668 2532 820 2573 officium,
846 2534 933 2576 quod
954 2534 1000 2566 in-

256 2586 440 2621 scrutabilis
468 2586 596 2619 divinae
622 2585 803 2629 sapientiae
829 2591 924 2629 atque
945 2587 1000 2620 bo-

1675 188 1738 222 ⁶223
1787 201 1836 225 An.
1859 199 1974 226 c.1737

1034 247 1145 280 nitatis
1177 248 1315 281 altitudo
1349 248 1523 281 humilitati
1563 247 1779 290 tenuitatiquc

1035 306 1167 333 nostrae
1194 301 1327 334 credere
1353 302 1483 343 dignata
1508 307 1579 341 est,
1613 301 1652 333 ad
1688 301 1781 343 spiri-

1036 355 1153 386 tualem
1170 353 1313 387 fidelium
1328 354 1586 388 aedificationem
1603 354 1781 386 salubriter

1037 406 1178 449 exequi,
1205 407 1392 449 adspirante
1418 407 1550 450 superni
1579 407 1694 439 favoris
1725 417 1780 438 au-

1037 460 1137 499 xilio,
1164 460 1284 503 iugiter
1308 466 1503 503 satagentes,
1529 462 1705 494 mulierum
1725 461 1782 493 hu-

1037 512 1201 552 iusmodi,
1235 524 1313 556 quas
1349 525 1413 546 non
1448 515 1551 547 solum
1589 513 1779 547 exImiarurn

1037 565 1235 598 christianae
1261 566 1391 609 pietatis
1416 567 1567 599 virtutum
1594 566 1781 610 praesidio,

1038 619 1093 651 sed
1121 619 1215 651 etiam
1239 620 1407 661 signorum
1427 620 1598 662 splendore
1625 619 1780 662 insignes,

1039 676 1191 705 aeternae
1218 673 1380 706 felicitatis
1404 673 1580 716 participes
1615 672 1689 706 tecit
1725 672 1783 705 mi-

1002 761 1011 773 ‚-
1038 725 1291 758 sericordiarum
1319 726 1430 765 Pater,
1457 726 1575 758 cultum
1601 731 1632 759 et
1649 736 1783 758 venera-

1041 779 1161 811 tionem
1189 779 1219 810 in
1247 778 1339 811 terris
1364 779 1505 812 libenter
1531 789 1781 822 promovemus,

1041 843 1133 871 cuin,
1161 832 1297 864 maxime
1324 832 1551 865 accedentibus
1583 832 1726 865 virorum
1753 837 1785 865 et

1041 885 1129 927 regia
1156 885 1322 918 maiestate
1349 890 1379 917 et
1396 884 1613 918 ecclesiastica
1628 885 1784 927 dignitate

1041 945 1072 972 et
1097 939 1266 981 religionis
1294 939 1410 972 virtute
1449 939 1640 981 fulgentium
1678 939 1782 977 votis,

1041 992 1079 1025 ad
1106 992 1204 1024 divini
1238 992 1373 1025 honoris
1410 992 1509 1024 decus
1547 997 1577 1024 et
1611 991 1781 1024 militantis

1040 1044 1205 1078 Ecclesiae
1224 1044 1457 1077 incrementum
1473 1044 1696 1087 maximopere
1710 1054 1784 1077 con-

1041 1098 1158 1130 ducere
1185 1097 1417 1141 conspicimus.

1085 1152 1099 1194 ς
1124 1151 1155 1184 1.
1183 1151 1260 1184 Cum
1287 1151 1394 1194 itaque
1413 1151 1499 1191 alias,
1525 1151 1562 1183 ad
1589 1151 1783 1184 relationem

1042 1204 1150 1236 dilecti
1192 1203 1246 1236 [ilii
1287 1204 1386 1236 nostri
1429 1204 1587 1236 Vincentii
1628 1193 1978 1245 Lodovieissffttssssffiif'siii]

1041 1257 1071 1290 S.
1092 1256 1128 1288 R.
1152 1256 1186 1289 E.
1207 1257 1388 1300 presbyteri
1407 1257 1581 1290 cardinalis
1599 1255 1683 1289 Gotti
1700 1241 1979 1292 ηιιη-ζῗὲὲᾞῖῗιῖἓἽὶῗὶ

1041 1310 1162 1352 cupati,
1183 1310 1369 1343 commissio
1396 1309 1646 1342 introductionis
1667 1297 1859 1343 causaemu'u'

1041 1363 1297 1396 canonizationis
1323 1363 1358 1396 B.
1397 1363 1587 1396 Michelinae
1619 1363 1734 1397 viduae
1766 1375 1783 1397 e

1042 1416 1142 1448 nobili
1162 1416 1364 1449 Metellorum
1382 1421 1481 1459 gente
1498 1416 1634 1449 civitatis
1654 1422 1784 1450 nostrae

1043 1469 1253 1509 Pisaurensis,
1281 1469 1377 1502 Tertii
1405 1469 1535 1503 Ordinis
1561 1470 1664 1503 sancti
1690 1470 1786 1502 Fran-

1042 1523 1129 1563 cisci,
1146 1523 1176 1555 in
1191 1523 1450 1565 Congregatione
1470 1523 1705 1557 venerabilium
1724 1524 1785 1556 sra-

1044 1582 1127 1608 trum
1154 1582 1335 1609 nostrorum
1358 1577 1503 1609 eiusdem
1532 1576 1563 1609 S.
1592 1576 1629 1609 R.
1656 1576 1688 1608 E.
1718 1587 1786 1609 car-

1042 1629 1200 1662 dinalium
1236 1630 1334 1662 sacris
1366 1629 1483 1662 ritibus
1520 1629 1784 1672 praepositorum

1043 1683 1153 1715 habita
1189 1682 1239 1715 die
1273 1693 1304 1716 >tl
1336 1683 1460 1726 augusti
1494 1683 1569 1715 anni
1603 1691 1784 1716 unccxxxvt

1042 1735 1185 1780 proxime
1207 1736 1308 1778 elapsi
1334 1736 1472 1768 admissa
1493 1742 1523 1769 et
1545 1746 1560 1768 a
1579 1736 1673 1770 nobis
1695 1741 1785 1779 post-

1044 1789 1175 1821 modum
1202 1789 1328 1830 signata
1354 1789 1486 1828 suisset3

1086 1843 1101 1886 g
1126 1841 1157 1874 ⁶2.
1183 1842 1327 1874 Subinde
1346 1852 1433 1881 vero,
1453 1842 1651 1875 instantibus
1670 1842 1980 1895 dilectostffi’ffifffslugujg

1043 1895 1109 1928 filio
1135 1900 1247 1927 nostro
1274 1894 1371 1927 Fabio
1394 1895 1539 1928 eiusdem
1557 1895 1587 1928 S.
1609 1895 1646 1928 R.
1665 1895 1698 1928 E.
1720 1895 1979 1948 d¹³·1¹2¹f‘t¹.¹.'.'.3332211u?„‘

1044 1959 1126 1981 cono
1161 1948 1318 1980 cardinali
1356 1948 1395 1981 de
1432 1949 1614 1981 Abbatibus
1649 1948 1980 2001 Otii-eriomyvr51313101·

1044 2006 1231 2045 nuncupato
1265 2001 1440 2034 secretario
1476 2002 1631 2035 Brevium
1663 1987 1890 2036 nostro-mkunord
1910 1988 1942 2001 ι’

1045 2065 1113 2087 rum
1132 2059 1335 2087 secretorum
1362 2060 1393 2087 et
1420 2055 1540 2088 dilecto
1568 2055 1635 2089 [ilio
1658 2056 1788 2089 Vincen-

1046 2109 1089 2141 tio
1109 2109 1147 2141 de
1174 2108 1361 2149 comitibus,
1379 2109 1507 2142 Ordinis
1529 2109 1688 2143 Minorum
1715 2120 1786 2142 san-

1044 2162 1084 2194 cti
1103 2162 1264 2194 Francisci
1290 2162 1558 2196 Conventualium
1586 2163 1681 2196 etiam
1707 2173 1787 2195 nun-

1044 2221 1236 2258 cupatorum
1255 2215 1406 2247 ministro
1421 2215 1576 2257 generali,
1598 2215 1785 2248 huiusmodi

1044 2279 1160 2301 causae
1180 2268 1448 2311 postulatoribus,
1460 2279 1631 2311 processus
1649 2268 1680 2301 in
1699 2268 1788 2301 curia

1045 2321 1220 2364 episcopali
1247 2321 1428 2353 Pisaurensi
1455 2331 1552 2363 super
1569 2322 1654 2354 cultu
1673 2320 1712 2353 ab
1730 2321 1787 2353 im-

1044 2374 1248 2407 memorabili
1275 2379 1421 2416 tempore
1448 2373 1508 2416 ipsi
1542 2374 1658 2406 Beatae
1696 2383 1787 2416 prae-

1044 2428 1127 2468 stito,
1153 2428 1217 2460 sive
1245 2437 1341 2470 super
1366 2437 1440 2459 casu
1460 2431 1596 2469 excepto
1614 2436 1630 2458 a
1648 2426 1786 2459 decretis

1046 2480 1145 2514 seticis
1172 2479 1408 2513 recordationis
1436 2478 1554 2511 Urbani
1588 2478 1691 2521 Papae
1724 2478 1786 2511 vltt

1044 2532 1303 2577 praedecessoris
1340 2531 1440 2565 nostri
1477 2531 1666 2564 auctoritate
1693 2531 1784 2564 ordi-

1045 2586 1135 2619 naria
1162 2586 1328 2625 formatus,
1348 2584 1377 2616 in
1396 2594 1458 2627 quo
1475 2583 1669 2617 venerabilis
1689 2583 1787 2616 frater

1847 1161 1979 1181 introductio
