2232 3178
266 223 303 249 Λη
337 221 365 248 e.
391 221 456 249 ⁵737
502 213 565 246 5308

279 1129 391 1149 Euan-auo
403 1134 451 1148 con-

272 1159 375 1176 [culorum

270 1182 328 1202 hulla
345 1182 367 1202 In
380 1188 451 1208 supr(-

504 271 617 304 Datum
638 271 767 310 Romae,
790 270 876 314 apud
901 270 933 303 S.
950 270 1079 303 Mariam
1106 269 1201 302 Maio-

460 324 587 362 iorem,
612 325 671 356 sub
705 325 826 356 annulo
864 323 1062 363 Piscatoris,
1096 323 1147 356 die
1184 334 1201 356 x

461 377 615 416 octobris,
643 386 846 417 uocexxxvu,
868 376 1078 419 pontificatus
1096 376 1200 409 nostri

461 440 548 462 anno
569 439 636 462 viu.

497 491 554 519 bat.
574 491 619 518 die
642 491 673 518 10
688 490 809 518 octobris
833 490 909 525 1737,
929 491 1031 526 pontif.
1053 499 1126 518 anno
1146 497 1201 518 vui.

775 660 899 694 ccxlv.

462 740 614 773 Emensis]
625 745 653 773 e!
668 740 842 783 muplialio
853 741 1106 781 constitutionis,
1124 751 1205 785 quae

504 794 622 836 incipit
647 793 678 825 Iu
699 804 850 836 supremo
869 794 1011 826 iustitiae
1026 794 1115 833 solio,
1135 804 1204 826 con-

507 852 557 879 tra
583 846 763 879 homicidas
787 847 892 879 editae
909 858 967 890 pro
992 847 1086 880 Statu
1105 847 1205 880 Eccle-

505 899 650 939 siastico,
675 899 717 931 acl
741 910 841 942 reque
866 900 1121 944 Hispaniarum.

676 989 809 1015 Clemens
832 989 912 1022 Papa
929 989 992 1022 XII,

583 1033 618 1060 ad
639 1036 818 1067 perpetuam
836 1034 881 1060 rei
900 1033 1085 1060 memoriam.

508 1113 569 1155 §I
591 1109 676 1145 Alias
698 1123 756 1145 nos
776 1123 834 1156 per
852 1117 977 1146 nostras
995 1113 1054 1145 sub
1070 1114 1205 1156 plumbo

465 1165 632 1208 expeditas
671 1165 812 1206 litteras,
839 1176 956 1209 nempe
983 1177 1011 1199 v1
1050 1166 1206 1199 kalendas

465 1218 618 1251 februarii
645 1229 731 1251 anno
754 1219 996 1252 lucaruationis
1022 1220 1206 1254 dominicae

464 1271 677 1312 ninccxxx1v¹,
704 1272 914 1315 pontificatus
941 1273 1042 1306 nostri
1068 1284 1153 1307 anuo
1175 1285 1204 1315 v,

465 1325 504 1357 ad
530 1325 770 1368 compescenda
810 1331 841 1357 et
876 1326 1072 1365 coercenda,
1110 1332 1206 1370 atque

465 1377 503 1410 ab
531 1379 590 1411 liae
615 1379 697 1411 alma
735 1378 819 1411 Urbe
847 1382 980 1422 totaque
1014 1379 1043 1411 in
1083 1385 1205 1423 tempo—

466 1432 521 1465 rali
548 1431 579 1465 S.
601 1432 637 1464 R.
658 1432 691 1465 E.
718 1432 841 1466 ditione
878 1433 1008 1476 penitus
1034 1434 1207 1467 avertenda

466 1492 497 1517 et
522 1486 720 1519 eliminanda
754 1487 948 1527 homicidia,
982 1498 1063 1530 quae
1090 1499 1106 1520 a
1130 1488 1207 1521 viris

465 1539 672 1581 sanguinum,
700 1539 798 1572 divini
826 1540 1023 1583 humanique
1051 1540 1129 1573 iuris
1151 1542 1207 1574 ob-

466 1591 552 1632 litiS,
580 1592 729 1625 incredili
757 1604 828 1625 cum
855 1593 1052 1626 immanitate
1080 1595 1110 1627 in
1138 1595 1205 1628 dies

465 1645 565 1687 magis
606 1645 773 1688 magisque
808 1647 1052 1680 increbescente
1085 1649 1206 1692 saepis-

465 1697 545 1731 sime
566 1698 684 1741 patrari
700 1710 764 1732 non
782 1699 851 1732 sine
873 1701 1061 1743 gravissimo
1078 1702 1205 1744 paterni

466 1751 565 1784 animi
591 1752 693 1785 nostri
721 1753 833 1786 dolore
876 1765 912 1787 ae
943 1764 1092 1787 moerore
1119 1755 1207 1788 inau-

466 1804 659 1846 diveramus,
686 1806 961 1847 constitutionem,
989 1818 1070 1851 quae
1096 1808 1208 1852 incipit

465 1856 506 1889 In
531 1868 680 1902 supremo
705 1859 854 1893 iustitiae
888 1860 991 1899 solio,
1019 1863 1207 1904 promulga-

466 1911 595 1944 vimus:
633 1911 664 1944 in
698 1923 785 1955 qua,
818 1919 989 1957 postquam
1027 1925 1140 1948 omnes
1178 1921 1208 1948 et

467 1965 611 2007 singulas
637 1967 887 2000 constitutiones
919 1979 936 2000 a
963 1968 1067 2001 felicis
1099 1980 1208 2002 reeor-

468 2018 609 2052 dationis
636 2020 690 2053 Pio
717 2020 758 2060 II,
785 2021 884 2055 Paulo
910 2021 953 2062 Il,
974 2021 1061 2055 Sixto
1087 2023 1136 2063 IV,
1163 2023 1210 2055 Iu-

467 2071 511 2104 lio
537 2071 571 2111 ΙΙ,
596 2073 703 2106 Leone
725 2073 759 2114 X,
786 2073 867 2107 Iulio
889 2074 938 2114 III,
964 2074 1019 2108 Pio
1037 2075 1084 2116 lv,
1102 2076 1158 2108 Pio
1176 2076 1208 2118 V,

468 2124 625 2167 Gregorio
650 2126 737 2167 xul,
771 2127 858 2160 Sixto
883 2128 915 2167 V,
942 2127 1096 2170 Gregorio
1132 2129 1207 2170 XIV,

468 2178 632 2212 Clemente
658 2179 733 2220 vlu,
758 2179 949 2213 Innocentio
976 2181 1027 2222 XI,
1054 2182 1210 2216 Innocen-

469 2231 513 2265 tio
538 2232 602 2273 XII,
629 2243 664 2265 ac
689 2233 866 2266 Benedicto
892 2233 968 2275 XIII,
992 2239 1024 2267 et
1041 2235 1208 2278 quibusvis

468 2285 540 2319 aliis
567 2285 721 2319 Romanis
747 2286 956 2320 Pontificibus
982 2288 1210 2330 praedecesso-

468 2338 528 2372 bus
545 2340 675 2380 nostris,
695 2339 848 2373 adversus
868 2339 1049 2373 homicidas
1067 2342 1209 2375 saluber-

469 2392 551 2425 rime
577 2392 679 2426 editas
704 2392 973 2436 approbavimus,
1010 2393 1209 2427 confirmavi-

469 2456 540 2478 mus
566 2451 597 2479 et
620 2445 853 2488 innovavimus,
879 2447 1019 2489 illasque
1051 2448 1207 2482 adversus

470 2510 708 2544 quemcumque
733 2511 798 2534 non
822 2511 914 2534 usum
932 2512 989 2535 seu
1010 2501 1206 2535 contrarium

505 2571 516 2598 1
539 2571 626 2607 Supra
656 2580 718 2608 pag.
739 2572 772 2601 37
801 2581 819 2600 α
848 2573 959 2609 ponitur
987 2572 1049 2602 data
1077 2574 1209 2602 kalendis

467 2616 613 2652 februarii
632 2623 773 2646 unccxxxv
792 2619 832 2654 (a.
853 2618 901 2654 in).

1047 220 1230 245 nuiiLAmuu
1256 219 1413 243 ROMANUM
1996 221 2044 246 An.
2062 221 2091 247 C.
2113 220 2177 251 ¹7³¹!

1244 278 1357 309 usum,
1384 267 1436 310 qui
1472 268 1583 311 quovis
1608 269 1706 301 modo
1731 268 1903 311 praetendi
1936 268 1985 300 vel

1244 319 1377 361 allegari
1395 321 1560 362 potuisset,
1577 321 1775 353 restituimus
1791 327 1821 353 et
1838 320 1984 364 plenarie

1246 372 1534 415 reintegravimus,
1560 385 1641 417 quae
1668 374 1821 417 deinceps
1848 374 1985 407 omnmo

1246 431 1276 458 et
1297 425 1502 459 inviolabiter
1521 427 1684 459 observari
1705 427 1932 470 praecepimus
1951 437 1986 460 ac

1245 479 1480 519 mandavimus,
1502 480 1588 512 inter
1605 486 1711 513 cetera
1729 480 1759 512 In
1781 480 1893 512 eadem
1913 490 1987 513 con-

1247 532 1414 565 stitutione
1450 538 1626 572 contenta,
1668 533 1749 566 baec
1785 532 1988 576 praescripta

1248 590 1353 624 erant,
1381 585 1502 618 tenoris
1528 586 1583 629 qui
1610 585 1800 629 sequitur¹t

1297 651 1309 669 <i
1336 638 1372 671 Et
1405 639 1556 683 quoniam
1590 640 1814 682 experimento
1844 649 1990 682 comper·
2040 650 2145 672 statutum
2159 651 2178 674 in
2210 652 2211 656 ¹

2000 678 2039 699 ea.
2061 679 2084 697 ut
2106 678 2179 700 numiui
2210 670 2213 685 ⁷

1249 697 1313 723 tum
1345 698 1414 731 est,
1448 693 1763 726 administrationem
1797 704 1833 726 ae
1859 703 2109 729 cursumsnuragan
2146 710 2179 726 u.

1967 745 1973 750 .
2001 730 2044 750 lesu
2072 730 2179 756 quodlibet
2210 733 2211 737 ¹

1249 750 1357 778 rectae
1383 750 1413 778 et
1438 746 1608 788 expeditae
1642 746 1806 785 iustitiae,
1834 756 1897 789 qua
1928 756 2133 782 t'el-prxvilvgmm
2160 758 2179 779 in

1249 798 1397 841 publicae
1422 800 1506 831 salus
1532 799 1706 842 praecipue
1725 799 1889 838 innititur,
1908 809 1992 831 sum-

1249 860 1383 892 mopere
1418 850 1617 883 obturbari²
1658 852 1706 884 vel
1746 852 1785 883 ab
1823 851 1989 884 excessivo

1249 913 1385 935 numero
1411 903 1704 946 privilegiatorum,
1730 904 1910 946 vulgariter
1931 913 1992 946 pa-

1251 956 1367 987 lenlali
1391 961 1670 999 nuncupatorum,
1696 957 1745 989 vel
1771 967 1788 989 a
1813 956 1919 989 minus
1947 966 1992 988 re-

1250 1010 1298 1040 cta
1333 1008 1557 1051 intelligentia,
1581 1009 1828 1052 privilegiorum
1861 1019 1991 1042 conces-

1249 1071 1376 1094 sorum:
1402 1061 1551 1104 proinde,
1577 1063 1672 1095 salvis
1698 1062 1867 1106 firmisque
1893 1073 1992 1096 rema-

1250 1113 1402 1146 nentibus
1421 1114 1558 1147 decretis
1578 1126 1613 1147 ae
1634 1115 1887 1148 resolutionibus
1908 1126 1991 1159 quae

1252 1168 1455 1210 temporibus
1495 1168 1596 1201 felicis
1635 1169 1756 1211 pariter
1794 1169 1993 1202 recordatio-

1251 1220 1299 1252 nis
1326 1220 1444 1253 Urbani
1472 1221 1575 1264 I‘apae
1603 1221 1666 1253 till
1697 1228 1727 1254 et
1753 1222 1910 1255 dictorum
1944 1223 1993 1255 ln-

1250 1273 1395 1306 nocentii
1433 1274 1471 1306 XI
1507 1284 1543 1306 ae
1582 1274 1764 1307 Innocentii
1804 1275 1856 1307 XII
1890 1285 1988 1318 prae-

1252 1326 1478 1366 decessorum,
1512 1332 1567 1358 aut
1603 1327 1681 1360 alias
1719 1328 1992 1371 quandocumque

1251 1381 1287 1411 ca
1313 1389 1410 1422 super
1437 1389 1468 1411 re
1495 1385 1709 1419 emanarunt,
1735 1380 1881 1413 volumus
1906 1380 1992 1424 quod

1252 1431 1458 1474 privilegium
1500 1432 1557 1464 sori
1599 1432 1722 1465 nemmi
1763 1443 1992 1476 quorumcum-

1251 1495 1312 1528 que
1338 1485 1617 1528 privilegiatorum
1645 1485 1832 1519 huiusmodi
1868 1491 1933 1519 tam
1958 1485 1993 1518 in

1252 1538 1335 1571 Urbe
1376 1548 1471 1581 quam
1512 1538 1544 1570 in
1584 1539 1713 1581 reliquo
1748 1538 1838 1571 Statu
1874 1538 1989 1572 Eccle-

1251 1591 1378 1625 siastico
1405 1592 1599 1635 (praedictis
1633 1592 1825 1625 officialibus
1858 1593 1993 1636 aliisque

1251 1645 1463 1688 privilegiatis
1488 1657 1505 1678 a
1530 1645 1789 1689 Congregatione
1822 1657 1881 1690 pro
1915 1651 1994 1679 tem-

1251 1709 1329 1741 pore
1356 1699 1562 1731 existcntium
1588 1699 1732 1732 eiusdem
1757 1699 1789 1732 S.
1809 1699 1846 1732 R.
1866 1699 1901 1732 E.
1928 1709 1995 1732 car-

1252 1752 1407 1785 dinalium
1433 1757 1546 1785 contra
1571 1753 1768 1786 haereticam
1803 1752 1994 1796 pravitatem

1252 1806 1456 1848 generalium
1491 1806 1721 1849 inquisitorum
1759 1816 1795 1839 ac
1834 1805 1992 1838 ministris

1252 1858 1445 1892 necessariis
1474 1863 1545 1891 actu
1578 1858 1832 1892 inservientibus
1868 1858 1994 1892 arehie-

1252 1912 1405 1956 piscopis,
1440 1912 1602 1955 episcopis
1636 1917 1667 1945 et
1696 1911 1875 1945 Ordinariis
1900 1922 1996 1955 prae·

1254 1965 1344 2005 satis,
1371 1975 1550 2008 eorumque
1584 1965 1682 1998 curiis
1714 1965 1877 1998 dumtaxat
1903 1975 1993 1998 exce·

1253 2018 1330 2061 ptis)
1346 2029 1406 2062 pro
1425 2019 1561 2051 crimine
1581 2018 1746 2051 homicidii
1766 2017 1993 2061 sull'1·agentur;

1254 2072 1311 2106 scd
1337 2071 1410 2104 dieti
1437 2071 1648 2115 privilegiati,
1667 2077 1826 2115 quatenus
1851 2071 1994 2106 clericali

1253 2125 1441 2158 charactere
1474 2124 1637 2167 insigniti,
1665 2125 1924 2166 ecclesiasticae,
1963 2129 1995 2158 et

1253 2182 1415 2221 quatenus
1440 2177 1514 2210 laici
1538 2177 1668 2218 suerint,
1686 2178 1843 2211 saeculari
1866 2177 1994 2211 iurisdi-

1252 2230 1351 2263 ctioni
1377 2230 1582 2271 subiaceant;
1608 2236 1811 2264 reservantes
1837 2231 1931 2264 nobis
1953 2231 1995 2264 sa-

1252 2284 1403 2316 cultatem
1443 2284 1631 2317 declarandi
1672 2284 1804 2328 quinam
1849 2289 1993 2328 quotque

1253 2348 1322 2371 esse
1349 2338 1490 2370 debeant
1525 2338 1591 2371 veri
1622 2338 1798 2371 familiares
1833 2338 1994 2372 dictorum

1252 2391 1585 2436 archiepiscoporum,
1611 2392 1842 2436 episcoporum
1880 2397 1912 2425 et.
1940 2392 1995 2425 Or-

1253 2444 1475 2486 dinariorum,
1502 2456 1537 2478 ac
1563 2446 1715 2479 officiales
1740 2445 1914 2480 necessarii
1940 2456 1995 2479 eu-

1289 2527 1298 2552 1
1322 2525 1388 2553 VIde
1407 2534 1480 2562 sup.,
1502 2534 1562 2562 pag.
1584 2526 1619 2552 32
1640 2527 1655 2553 b
1675 2526 1688 2561 ἓ
1708 2527 1723 2553 8
1742 2529 1781 2562 (a.
1798 2526 1847 2562 τ.).

1285 2571 1301 2598 2
1322 2571 1442 2600 Pessime
1462 2572 1526 2599 edit.
1547 2571 1627 2599 Maia.
1650 2572 1713 2607 legit
1739 2572 1772 2600 ob
1797 2572 1916 2601 turbam
1942 2580 1992 2608 pro

1250 2618 1402 2649 obturbari
1420 2618 1457 2654 (a.
1472 2619 1521 2654 T.)-

2001 789 2051 803 casu
2067 783 2180 806 tion-leidit.
2210 792 2213 803 ι
