2232 3178
13 258 60 285 An.
76 257 105 283 C.
125 253 190 282 1737

37 316 146 339 Clementi«
166 321 188 334 e-

11 346 88 366 iusdem
114 343 137 363 Nl
154 343 188 361 1111-

11 375 86 392 eretum
103 371 127 389 ile

12 398 92 419 faculis.

12 1531 123 1561 vaapost
132 1531 182 1552 bea-

6 1560 136 1578 lmcatieneui
146 1558 182 1578 ini·

5 1585 82 1605 iacula.

30 2181 78 2202 Nori
95 2183 119 2203 ulo
140 2183 180 2204 itti«

6 2214 112 2234 processus
127 2213 147 2229 et
159 2217 179 2230 a·

5 2236 180 2260 apostolicuurle-

5 2265 80 2282 ctutum
135 2263 180 2284 Cle·

5 2291 75 2310 mentis
91 2288 134 2310 xu.

824 251 965 277 CLEMEXS
993 252 1036 276 ΧΠ
1061 252 1109 276 ΓΡ.

241 303 256 345 g
280 301 333 335 46.
361 301 421 335 Sed
449 300 601 345 quoniam
629 306 677 334 tot
703 301 858 335 miracula
878 311 942 335 non

152 360 351 400 „u-poterant
376 360 512 398 propter
543 355 786 389 multitudinem
816 355 942 397 singula

198 408 336 442 seorsim
362 409 520 451 expendi,
558 414 590 442 et
626 410 822 449 multorum,
847 409 942 442 variis

200 463 238 495 de
263 461 368 495 causis
386 487 393 501 ‚
421 466 455 493 ut
481 461 628 494 accidere
655 462 750 501 solet,
776 461 941 504 legitimae

199 514 465 557 necessariaeque
504 514 715 557 probationes
758 515 806 546 vel
844 514 942 556 depe-

198 568 321 601 rierant
354 568 403 600 vel
429 567 543 599 haberi
570 577 636 599 non
661 572 832 610 poterant,
864 576 942 599 non-

198 620 297 654 nullis
324 630 360 653 ex
387 619 539 652 omnibus
564 619 695 652 selectis
712 647 719 660 ,
746 625 777 652 et
802 619 834 651 in
870 619 941 662 plu-

198 674 288 706 ribus
322 673 632 716 congregationibus
657 672 688 705 S.
717 672 754 704 R.
775 672 808 705 E.
838 672 941 705 cardi-

197 727 320 760 natium
345 726 444 759 sacris
471 725 585 758 ritibus
607 725 867 769 praepositorum
883 736 942 769 per

199 779 375 812 triennium
401 779 573 819 discussis,
602 780 665 812 duo
695 789 780 812 anno
813 788 940 812 mcccxv

197 833 284 866 idem
309 832 542 876 praedecessor
577 838 690 865 noster
722 832 869 866 Clemens
903 832 939 864 xl

198 886 331 919 decreto
357 895 417 918 suo
443 885 648 928 approbavit:
666 885 855 918 miraculum
879 885 941 918 sci-

196 939 273 972 licet
287 938 476 982 repentinae
496 939 698 972 liberationis
716 938 855 971 Ioannae
878 938 940 971 Ma-

196 991 262 1025 riae
288 991 384 1024 Peret
408 992 559 1025 monialis
585 1003 602 1025 a
628 991 778 1024 diuturna
809 991 941 1024 inferio-

196 1055 266 1078 rum
291 1051 418 1078 artuurn
444 1046 482 1078 ad
520 1051 643 1078 motum
681 1045 875 1088 impotentia
911 1050 941 1077 et

196 1098 549 1143 hydrope-tympanum
567 1104 598 1131 et
611 1099 803 1131 miraculum
818 1098 940 1131 instan-

198 1158 311 1185 taneae
335 1151 512 1185 sanationis
538 1151 665 1184 loannis
687 1150 838 1194 Gasparis
857 1151 940 1184 Mon-

198 1212 358 1248 tereymar
382 1204 564 1237 Aniciensis
589 1204 627 1237 ab
655 1205 779 1238 enormi
810 1204 937 1237 hernia.

195 1260 233 1293 Et
258 1259 413 1299 demum,
439 1268 523 1290 anno
554 1258 763 1300 insequenti,
791 1257 842 1290 die
867 1267 939 1291 xxiv

195 1312 283 1352 maii,
303 1311 388 1345 idem
414 1311 647 1354 praelaudatus
672 1311 818 1344 Pontifex
844 1321 939 1354 prae-

196 1366 351 1399 decessor
383 1370 496 1398 noster
529 1375 656 1398 servum
694 1365 750 1397 Dei
784 1364 937 1398 Ioannem

194 1419 400 1453 Franciscum
434 1419 467 1451 in
500 1418 673 1451 Beatorum
709 1417 937 1452 Confessorum

195 1482 364 1505 numerum
390 1471 525 1505 solemni
552 1472 615 1504 ritu
642 1471 824 1514 adscripsit.

238 1525 331 1569 §47.
358 1526 406 1558 Ab
438 1525 494 1559 ille
531 1531 678 1568 tempore
714 1535 779 1558 non
813 1525 938 1559 destitit

192 1578 277 1612 Deus
291 1577 440 1622 pluribus
453 1578 618 1611 miraculis
635 1578 838 1611 sanctitatem
854 1579 936 1611 servi

193 1632 242 1666 sui
267 1632 368 1675 magis
394 1632 561 1675 magisque
587 1632 722 1672 testari,
749 1635 780 1665 ut
803 1632 836 1664 in
870 1632 937 1665 eius

192 1685 330 1729 gloriam
357 1696 432 1728 erga
453 1685 522 1718 eius
540 1684 669 1718 fidelem
688 1695 812 1718 servum
832 1686 936 1719 cultus

194 1745 226 1772 et
261 1738 427 1772 veneratio
470 1743 659 1781 augeretur.
697 1738 824 1771 Etenim
862 1750 936 1772 vere

192 1792 335 1836 pretiosa
360 1796 406 1825 est
430 1791 462 1824 in
489 1797 667 1835 conspectu
693 1791 820 1824 Domini
848 1803 936 1825 mors

192 1850 378 1879 sanctorum
404 1845 493 1886 eius,
520 1845 662 1889 quando,
682 1856 741 1878 nec
765 1851 850 1878 terra
867 1856 936 1878 car-

192 1899 256 1940 niS,
284 1899 346 1932 vita
373 1899 558 1938 deserente,
587 1898 814 1939 contemnitur,
839 1904 871 1932 et
888 1899 936 1932 in-

191 1950 309 1984 visibili
337 1952 442 1985 anima
467 1952 507 1985 de
540 1952 637 1985 domo
674 1951 794 1985 visibili
831 1952 935 1985 disee-

193 2004 302 2045 dente‚
329 2005 551 2038 habitaculum
578 2005 662 2038 servi
697 2006 773 2038 eura
808 2005 933 2038 Domini

192 2057 383 2099 custoditur,
402 2064 434 2091 et
460 2058 492 2091 in
519 2059 654 2102 gloriani
674 2058 802 2092 Domini
822 2070 838 2091 a
856 2069 933 2092 con-

192 2112 292 2145 servis
319 2111 468 2145 fidelibus
493 2113 687 2145 bonoratur.

235 2165 250 2208 ἓ
273 2164 327 2198 48.
354 2165 464 2209 Itaque
489 2166 580 2199 novis
607 2166 787 2209 apostolica
824 2172 934 2201 aueto-

193 2218 288 2263 ritate
313 2219 527 2262 processibus
554 2220 585 2252 in
611 2220 715 2253 Gallia
741 2220 934 2264 conscriptis

193 2272 231 2304 de
257 2272 421 2305 miraculis
460 2283 541 2316 quae
579 2284 636 2316 per
662 2273 934 2307 intercessionem

192 2322 226 2356 B.
254 2323 416 2356 Francisci
442 2329 514 2367 post
540 2323 685 2357 eiusdem
722 2324 934 2358 beatificatio-

192 2386 266 2410 nem
291 2377 498 2420 omnipotens
524 2378 607 2411 Deus
634 2383 788 2421 operatus
815 2383 934 2419 est,sc-

192 2435 278 2473 ptem
306 2430 443 2463 examini
463 2440 627 2463 sacrorum
654 2432 773 2464 rituum
791 2431 933 2474 Congre-

194 2482 290 2516 tionis
315 2493 423 2516 eoram
449 2483 542 2516 nobis
579 2483 711 2517 habitae
742 2484 931 2528 propositis,

193 2536 256 2569 duo
280 2546 331 2569 xix
349 2537 399 2570 dic
418 2537 537 2570 mensis
556 2537 660 2570 martii
679 2537 839 2570 currentis
857 2539 932 2571 anni

193 2591 451 2634 approvabimus‚
466 2592 629 2625 videlicet:
644 2592 795 2633 Primum,
810 2592 933 2626 instan-

195 2649 306 2677 [aneae
331 2644 533 2678 liberationis
559 2645 740 2678 Mariannae
762 2645 932 2688 Forgetab

278 2705 364 2736 Ball.
381 2707 466 2736 Rom.
489 2725 519 2727 —
546 2708 608 2738 Vol.
627 2707 730 2735 XXIV.
875 2707 908 2736 33

1626 245 1688 278 *257

986 300 1129 344 ingenita
1155 301 1186 334 in
1213 301 1349 335 internis
1376 302 1509 335 artubus
1534 302 1572 335 ad
1606 308 1732 336 motum

987 354 1191 397 impotentia,
1205 355 1341 389 Tolosae
1355 356 1388 388 in
1406 355 1546 389 ecclesia
1559 355 1731 389 Societatis

986 407 1066 446 lesu,
1087 407 1161 439 duni
1180 408 1432 442 beatificationis
1459 410 1619 442 solemnia
1638 420 1730 452 pera-

986 465 1157 502 gerentur·,
1184 461 1376 503 secundum,
1395 462 1621 495 instantaneae
1640 473 1733 495 sana-

988 513 1082 545 tionis
1100 514 1222 546 sororis
1240 514 1357 548 MarIae
1375 515 1547 548 Theresiae
1570 515 1608 548 de
1634 515 1733 548 Mont-

985 565 1127 609 plaisant
1142 567 1291 599 monialis
1305 568 1471 610 professae
1487 567 1519 600 in
1532 567 1731 600 monasterio

986 618 1186 652 visitationis
1213 619 1350 653 civitatis
1386 620 1616 654 Sanctiamoris
1649 621 1733 654 dioe-

987 672 1067 705 cesis
1104 673 1332 715 Lugdunensis
1374 673 1413 706 ab
1451 673 1573 716 ingenti
1612 674 1730 707 duritie

985 736 1041 758 seu
1070 730 1195 758 tumore
1221 725 1253 757 in
1281 731 1412 766 ventre,
1440 728 1532 759 acuta
1559 725 1650 768 febri,
1676 727 1732 759 ali-

986 777 1078 821 isque
1105 778 1290 811 exitialibus
1327 779 1598 822 symptomatibus
1634 779 1729 812 morti

985 831 1048 863 iam
1074 831 1240 874 proximae
1259 858 1266 872 ‚
1291 832 1380 865 nullo
1419 837 1620 865 remanente·
1645 843 1732 865 mor-

984 884 1101 917 borum
1127 884 1276 929 vestigio‚
1304 895 1341 918 ac
1366 884 1488 918 viribus
1512 885 1729 919 incontinenti

985 937 1137 981 receptis.

1028 991 1042 1034 5
1067 990 1121 1024 49.
1149 991 1295 1035 Denique
1313 991 1555 1025 venerabilibus
1575 991 1743 1032 fratribus
1774 1003 1885 1035 [ivereium
1903 1010 1924 1022 f..

985 1043 1104 1076 nostris
1120 1043 1249 1077 S.R.E.
1278 1044 1498 1077 cardinalibus
1523 1045 1555 1077 in
1582 1030 1923 1087 generati{2'?‘¹Jx''.¹t⁴11'z''''5'25

985 1107 1151 1130 sacrorum
1170 1097 1290 1130 rituum
1308 1097 1566 1140 Congregatione
1583 1098 1726 1130 unanimi
1739 1089 1778 1103 Μ
1790 1086 1880 1103 ²⁴¹³¹⁰‘'⁰'

984 1151 1145 1184 sententia
1170 1150 1358 1194 suffragium
1385 1151 1581 1192 serentibus,
1610 1152 1648 1184 ad
1675 1162 1726 1185 so-

983 1206 1125 1238 lemnem
1151 1204 1236 1238 beati
1263 1204 1391 1238 loannis
1415 1204 1577 1237 Francisci
1596 1205 1727 1238 canoni-

983 1258 1144 1292 zationem
1170 1263 1239 1291 tuto
1266 1258 1411 1291 deveniri
1430 1269 1535 1302 posse,
1552 1258 1726 1302 implorato

983 1312 1074 1355 prius
1099 1323 1116 1345 a
1140 1312 1233 1345 Patre
1259 1312 1418 1345 luminum
1445 1312 1621 1356 praesidio,
1640 1312 1690 1345 die
1709 1322 1726 1346 v

982 1366 1093 1410 aprilis
1117 1365 1309 1399 solemniter
1334 1366 1546 1400 decrevimus,

1025 1420 1040 1464 ἓ
1066 1420 1118 1453 50.
1147 1418 1236 1457 Quod
1263 1424 1367 1452 autem
1390 1419 1573 1452 faciendum
1592 1428 1796 1471 supere-wli>
1816 1428 1902 1474 -ffmrl

981 1480 1050 1513 rat,
1074 1480 1109 1507 ut
1134 1474 1172 1507 de
1198 1473 1387 1517 praemissis
1415 1473 1566 1506 omnibus
1592 1474 1631 1507 ad
1657 1461 1783 1523 uni-{fais
1836 1461 1921 1516 [9¹⁴¹-

981 1536 1106 1558 versum
1134 1525 1162 1558 S.
1189 1525 1228 1558 R.
1255 1524 1289 1556 E.
1318 1524 1532 1557 cardinalium
1550 1525 1724 1568 collegium
1737 1516 1841 1557 issimi

982 1579 1095 1612 relatio
1121 1577 1236 1617 steret,
1263 1577 1294 1609 in
1321 1577 1514 1611 consistorio
1539 1584 1663 1611 secreto
1683 1570 1793 1611 ili-'¹¹⁹m
1818 1564 1919 1585 'mmmm'

980 1633 1121 1676 ligentcr
1146 1637 1314 1676 peractum
1341 1637 1388 1665 est
1412 1643 1429 1664 a
1446 1631 1566 1665 dilecto
1584 1632 1649 1665 tilio
1668 1643 1725 1665 no-

981 1692 1046 1719 stro
1074 1685 1213 1719 Antonio
1239 1685 1343 1718 Felice
1381 1685 1464 1717 tituli
1501 1685 1531 1718 S.
1570 1685 1722 1718 Praxedis

980 1739 1173 1783 presbytero
1198 1738 1354 1771 cardinali
1373 1738 1576 1771 Zondadario
1598 1749 1723 1771 nuncu-

980 1797 1065 1835 pato,
1085 1791 1147 1835 qui,
1164 1802 1222 1824 suo
1241 1796 1273 1824 et
1290 1791 1425 1824 aliorum
1445 1791 1655 1824 cardinalium
1673 1802 1722 1824 sa-

979 1856 1108 1879 erotum
1131 1845 1250 1877 rituum
1276 1843 1549 1887 Congregationis
1575 1844 1720 1885 nomine,

979 1900 1012 1933 B.
1027 1898 1155 1932 Ioannis
1171 1897 1333 1930 Francisei
1350 1897 1446 1940 Regis
1461 1897 1535 1930 fidei
1552 1898 1722 1941 integrita-

980 1957 1041 1987 tem
1058 1957 1246 1995 ceterasque
1264 1951 1411 1994 egregias
1432 1951 1564 1984 virtutes
1580 1956 1611 1984 et
1628 1952 1721 1984 mira-

979 2007 1049 2039 cula
1069 2004 1279 2039 accommoda
1301 2004 1447 2037 oratione
1467 2005 1622 2047 exposuit,
1639 2015 1721 2037 asse-

979 2069 1052 2092 rens
1078 2058 1188 2091 omnia
1204 2067 1241 2090 ex
1259 2067 1425 2090 sacrorum
1444 2067 1606 2090 canonum
1624 2068 1719 2101 prae-

978 2112 1100 2156 scripto
1120 2111 1243 2155 optime
1262 2111 1472 2154 comprobata
1487 2111 1595 2151 fuisse,
1612 2111 1719 2154 proin·

979 2166 1018 2199 de
1036 2176 1068 2199 se
1088 2166 1297 2208 collegasque
1323 2175 1397 2198 suos
1425 2174 1557 2197 censere
1580 2165 1617 2197 ad
1637 2165 1719 2197 ulte-

978 2220 1082 2260 riora,
1116 2218 1141 2251 si
1167 2218 1209 2251 ita
1234 2217 1329 2251 nobis
1355 2217 1532 2258 videretur,
1560 2218 1714 2262 progredi

978 2273 1093 2312 licere,
1114 2277 1145 2305 et
1161 2272 1293 2305 beatum
1318 2271 1374 2303 Dei
1393 2282 1519 2304 servum
1539 2271 1571 2303 in
1590 2276 1717 2304 sancto-

977 2337 1048 2359 rum
1070 2335 1242 2359 numerum
1268 2324 1384 2358 referri
1412 2335 1525 2368 posse,
1552 2325 1637 2368 quod
1664 2335 1715 2357 ce-

979 2380 1038 2413 teri
1064 2389 1189 2420 omncs,
1215 2378 1270 2422 qui
1298 2383 1372 2411 tunc
1398 2378 1544 2418 aderant,
1573 2378 1717 2410 cardina-

977 2434 1040 2474 les,
1068 2432 1220 2476 gravibus
1254 2432 1426 2465 sententiis
1461 2431 1574 2471 dictis,
1603 2432 1717 2464 unani-

976 2497 1043 2519 mes
1069 2485 1334 2529 comprobarunt.

1020 2540 1034 2582 g
1059 2539 1109 2571 51.
1136 2539 1319 2572 Convocato
1345 2537 1462 2570 deinde
1488 2538 1621 2580 publico
1643 2549 1718 2572 con·
1761 2549 1910 2571 consumma

976 2592 1125 2631 sistorio,
1152 2591 1183 2623 in
1210 2601 1274 2634 quo
1301 2589 1436 2623 dilectus
1462 2589 1547 2622 silius
1582 2576 1844 2625 loannespnbl'sum'

976 2644 1304 2686 Asccvoli1111s‚aulae
1330 2648 1458 2677 nostrae
1485 2644 1715 2680 consistorialis

1737 254 1785 280 Au.
1810 254 1836 280 ⁴3.
1862 254 1925 281 17:37
