2232 3178
49 225 98 253 An.
118 222 148 249 C.
166 219 233 248 1739

842 217 986 242 CLEMENS
1012 217 1055 240 xu
1080 216 1131 240 PP.

236 266 352 297 turbam
367 290 375 305 ‚
398 274 436 296 ne
465 265 582 306 plures,
606 269 638 296 ut
666 265 808 295 hactenus
830 266 928 295 evenit
949 269 977 294 ct

237 316 406 345 meminisse
428 315 517 353 dolet,
541 315 726 345 dimittantur
753 314 845 344 ieiuni
873 319 901 344 et
928 314 977 344 de-

237 364 336 394 ficiant
357 364 387 394 in
411 364 470 402 via,
495 364 577 402 dum,
596 364 732 403 parochis
755 363 878 402 aliisque
900 363 976 392 loco-

236 421 303 442 rum
336 412 503 452 pastoribus
536 413 566 442 in
598 412 772 452 peragendis
804 411 974 448 sacrificiis,

236 461 417 500 excipiendis
452 461 703 497 confessionibus,
741 459 976 490 administranda

236 509 284 539 SS.
309 510 512 548 Eucliaristifi,
546 510 699 539 visitandis
731 509 872 546 infirmis,
907 508 975 537 assi-

236 558 340 588 stendo
357 558 551 594 moribundis,
569 558 692 596 aliisque
709 557 872 586 animarum
889 565 976 585 curae

236 605 438 636 functionibus
448 607 588 636 continue
601 611 673 636 etex
687 615 751 635 asse
767 605 900 642 irretitis,
918 614 975 634 non

236 660 299 685 erat
321 655 370 694 qui
390 655 519 694 parvulis
542 655 689 693 frangeret
712 664 827 693 panem,
852 654 977 683 instrue-

236 708 282 733 ret
304 703 493 741 ignorantes,
517 704 647 733 flecteret
679 703 797 740 dubios,
822 706 909 741 atque
941 702 976 731 ad

236 752 383 782 Ecclesiae
406 753 481 782 ovile
505 752 657 782 reduceret
680 752 765 789 longe
787 752 902 790 lateque
920 751 976 780 dis-

236 801 307 830 sitas
329 811 414 831 oves:
439 801 507 830 hinc
539 806 583 831 est
612 801 707 840 quod,
737 805 891 839 postquam
924 809 976 838 pro

237 850 376 889 pastorali
404 849 601 879 sollicitudine
630 849 779 885 animum,
803 852 976 887 nostrasque

237 898 272 928 de
304 898 435 928 funditus
470 898 642 937 extirpanda
679 897 792 927 haeresi
828 907 914 927 curas
947 899 975 926 in

238 954 355 975 omnem
375 950 486 985 partem
509 945 559 975 diu
582 945 764 983 multumque
781 944 974 981 versavimus,

237 993 366 1033 dumque
390 994 490 1023 oeulos
513 998 541 1024 et
564 998 690 1023 mentem
708 997 836 1022 nostram
853 994 882 1022 in
900 993 977 1031 prio-

236 1051 302 1072 rum
325 1042 508 1072 saeculorum
528 1046 714 1072 monumenta
739 1042 855 1081 penitus
877 1042 978 1071 defixi-

237 1099 314 1129 mus,
337 1100 428 1121 unum
451 1091 547 1121 adhuc
569 1091 657 1130 idque
680 1091 799 1120 unicum
823 1099 976 1129 superesse

237 1141 446 1180 comperimus,
470 1141 546 1180 quod
570 1140 661 1179 possit
683 1141 780 1179 ignem
797 1141 886 1177 hunc,
904 1140 976 1169 seris

237 1189 325 1218 etiam
343 1189 530 1218 metuendum
548 1188 778 1226 successoribus,
792 1189 975 1226 extinguere,

237 1237 361 1276 perdere
384 1242 411 1267 et
433 1238 542 1276 delere,
560 1238 584 1267 si
608 1238 691 1276 plura
714 1237 854 1267 nimirum
877 1246 911 1266 ex
934 1237 977 1266 di-

237 1286 330 1315 versis
352 1285 523 1322 Ordinibus,
547 1286 686 1316 continua
703 1291 733 1316 ut
749 1286 798 1322 sit,
816 1295 907 1325 eaque
929 1285 975 1324 pia

237 1335 314 1365 inter
336 1343 385 1365 eos
404 1334 556 1365 laborandi
578 1335 609 1365 in
632 1335 719 1365 vinea
741 1335 855 1365 Domini
878 1344 977 1364 aernu-

237 1384 329 1421 latio,
353 1388 440 1424 atque
461 1384 491 1414 in
514 1384 640 1414 diversis
673 1384 816 1414 montium
839 1384 921 1419 locis,
946 1384 975 1413 in

237 1432 345 1473 quibus
368 1433 516 1463 haeretica
539 1433 601 1463 lues
624 1433 716 1471 magis
736 1433 878 1464 haetenus
900 1434 977 1463 inse-

236 1483 312 1520 nuit,
336 1486 368 1512 ut
389 1482 558 1512 firmissima
581 1483 808 1512 armamentaria
831 1482 976 1512 Ecclesiae

237 1531 398 1562 fundentur
445 1531 672 1571 apostolicorum
721 1531 975 1561 missionariorum

238 1580 387 1620 hospitia,
419 1580 490 1620 qui,
520 1581 705 1610 incessanter
736 1581 920 1610 excurrendo
950 1584 978 1610 et

239 1630 465 1667 catechizando,
496 1630 584 1660 rudes
616 1629 786 1668 instruant,
810 1629 977 1659 dubitantes

238 1678 411 1717 inflectant,
449 1679 524 1709 clam
556 1679 708 1718 inquirant
741 1679 770 1708 in
804 1683 976 1718 suspectos,

239 1728 395 1767 omniaque
429 1736 461 1758 ea
495 1731 653 1767 peragant,
687 1737 761 1766 quae
791 1727 977 1757 individuum

238 1777 414 1816 apostolicae
437 1776 587 1806 missionis
610 1785 716 1806 munus
739 1778 880 1815 exposcit.
904 1776 978 1812 Qua-

239 1829 370 1865 propter,
389 1835 455 1856 cum
472 1825 506 1855 ad
529 1825 664 1855 effectum
688 1826 879 1865 praemissum
902 1825 978 1855 inter

239 1875 312 1905 alios
346 1875 446 1914 plures
478 1874 696 1905 strenuissimos
726 1875 836 1904 Christi
870 1875 978 1904 milites

239 1923 337 1954 dilecti
370 1923 455 1954 nobis
492 1923 522 1953 in
554 1923 667 1954 Christo
696 1928 793 1962 patres
822 1923 978 1962 Capuccini

239 1971 416 2003 venerabilis
439 1972 555 2003 Ordinis
574 1972 667 2002 sancti
691 1972 838 2002 Francisei
862 1973 979 2011 provin-

240 2021 302 2051 ciae
335 2025 453 2051 nostrae
485 2020 718 2059 Salisburgensis
733 2044 740 2058 ,
765 2030 817 2060 pro
839 2021 900 2051 zelo
922 2031 979 2060 quo

240 2070 365 2108 flagrant
381 2070 416 2099 ad
432 2069 596 2099 animarum
611 2069 748 2107 salutem,
763 2078 881 2108 operam
897 2078 978 2098 suam

240 2119 419 2158 detulerint,
448 2119 603 2149 statuimus
637 2123 664 2148 et
696 2119 775 2158 ipsos
802 2128 919 2158 quoque
949 2119 978 2148 in

240 2172 352 2207 partem
375 2167 483 2198 laboris
507 2177 620 2205 vocare,
645 2167 802 2207 divinaque
825 2169 890 2198 freti
913 2178 977 2207 ope,

241 2221 269 2246 et
291 2217 439 2247 constanti
472 2216 657 2255 experientia
680 2217 773 2254 docti,
797 2217 979 2246 decrevimus

239 2264 270 2294 in
293 2265 415 2295 Domino
436 2265 690 2304 decernimusque,
715 2266 750 2295 ad
774 2265 977 2295 stabiliendam

239 2313 270 2342 in
299 2313 425 2343 dioecesi
455 2314 572 2350 nostra,
598 2313 722 2343 maxime
751 2313 826 2343 intra
855 2319 977 2350 montes,

241 2362 432 2391 orthodoxam
450 2362 632 2399 religionem,
650 2362 684 2391 ad
701 2363 897 2401 profligandas
913 2363 979 2392 hae-

240 2419 332 2447 reseS,
356 2415 444 2450 atque
467 2411 501 2440 ad
525 2411 741 2449 propagandam
766 2411 905 2440 maiorem
929 2411 977 2441 Dei

241 2463 417 2498 sanctaeque
440 2459 541 2489 matris
564 2459 711 2489 Ecclesiae
733 2464 762 2489 et
783 2460 978 2490 archidiocee-

241 2508 281 2538 sis
303 2513 420 2539 nostrae
443 2508 578 2546 gloriam,
596 2508 704 2538 eisdem
723 2508 852 2547 patribus
869 2508 977 2547 Capue-

242 2557 316 2587 cinis
339 2557 507 2597 provinciae
530 2561 706 2596 praetactae,
724 2567 814 2597 prope
838 2558 977 2597 oppidum

242 2610 375 2638 nostrum
402 2606 432 2637 in
463 2606 610 2644 Werffen,
634 2606 669 2637 ad
691 2606 826 2639 effectum
849 2611 977 2639 tantuin-

1659 205 1723 238 515

1021 265 1105 295 modo
1129 264 1312 304 peragendae
1334 263 1511 304 apostolieae
1533 262 1695 300 missionis,
1716 271 1759 291 se-

1020 315 1084 345 dem
1118 314 1251 344 stabilem
1285 314 1390 352 figere,
1425 318 1511 352 atque
1545 312 1598 342 sub
1631 311 1758 350 legibus,

1021 363 1115 402 pactis
1137 367 1166 392 et
1182 363 1399 392 conditionibus
1417 361 1629 392 infradicendis
1648 361 1676 390 in
1696 370 1761 400 per-

1021 416 1140 450 petuum
1166 413 1295 442 firmare.

1060 470 1078 490 1.
1103 460 1203 500 Itaque
1226 461 1339 497 damus,
1363 461 1552 490 concedimus
1570 464 1598 490 et
1617 459 1760 489 tradimus

1020 509 1156 538 antelatis
1180 509 1330 548 patribus,
1355 509 1390 538 ab
1414 510 1491 538 omni
1516 513 1543 538 et
1575 516 1761 547 quocumque

1020 567 1107 587 onere
1140 558 1233 595 reali,
1265 559 1358 588 mixto
1380 567 1431 587 seu
1464 557 1611 597 personali
1645 556 1760 596 penitus

1019 607 1142 636 liberam
1165 612 1193 636 et
1226 607 1404 642 immunem,
1430 610 1539 636 tantam
1564 605 1760 645 quantitatem

1020 655 1130 694 praedii
1154 656 1245 685 nostri
1262 656 1433 695 nuncupati,
1450 655 1602 685 Maienseld
1620 655 1760 683 hactenus

1020 704 1054 733 ad
1077 704 1262 742 gaudendum
1286 705 1432 742 praesecto
1455 708 1554 733 nostro
1578 703 1607 732 in
1631 702 1760 731 Werffen

1020 752 1177 789 concessi,
1201 757 1229 782 et
1262 752 1309 781 siti
1345 761 1433 791 prope
1456 757 1483 781 et
1507 760 1595 789 super
1619 750 1760 789 oppidum

1021 801 1214 840 praedictum,
1238 810 1312 840 quae
1335 801 1475 830 nimirum
1499 800 1641 829 orientem
1658 807 1760 827 versus

1020 850 1127 884 existit,
1142 860 1273 889 quaeque
1287 854 1330 879 sat
1343 850 1379 879 sit
1393 859 1444 888 pro
1458 849 1584 887 desuper
1596 847 1760 878 extruendo

1019 900 1167 929 missionis
1190 899 1315 938 hospitio
1348 903 1375 928 et
1398 898 1580 928 aedificanda
1603 899 1691 936 parva
1714 906 1761 926 ec·-

1020 949 1109 978 clesia
1142 953 1228 988 atque
1262 948 1401 985 hortulo,
1425 948 1524 985 iugera
1560 946 1672 975 scilIcet
1704 945 1760 975 duo

1020 999 1137 1028 circiter
1154 1022 1161 1034 ,
1186 1002 1271 1037 prout
1304 998 1456 1037 praedium
1489 996 1671 1036 praedictum
1694 1005 1760 1025 cum

1020 1047 1181 1086 quantitate
1204 1046 1403 1083 extrahenda,
1432 1046 1484 1075 hac
1508 1045 1705 1083 undequaque
1728 1044 1762 1073 li-

1021 1098 1076 1126 nea
1092 1096 1183 1126 rubra
1201 1096 1328 1134 signata,
1352 1095 1387 1124 ad
1411 1095 1526 1124 oculum
1550 1093 1670 1132 praebet
1692 1093 1763 1122 deli-

1021 1146 1116 1175 neatio
1150 1145 1234 1175 nobis
1267 1144 1396 1174 exhibita
1428 1143 1632 1182 praesentibus
1654 1142 1762 1171 nostris

1020 1193 1213 1223 annectenda.

1060 1251 1089 1272 11.
1113 1241 1263 1272 Curabunt
1285 1250 1300 1270 e
1322 1245 1421 1270 contra
1444 1241 1486 1270 illi
1510 1249 1576 1270 cum
1608 1241 1664 1269 tota
1696 1248 1763 1278 pro-

1021 1291 1118 1320 vincia
1140 1290 1174 1320 ad
1198 1290 1391 1329 permetipsos
1414 1289 1489 1318 ultro
1509 1289 1624 1319 oblata¹
1646 1288 1763 1317 benef-a-

1020 1344 1134 1369 ctorum
1156 1348 1257 1368 eorum
1286 1338 1489 1376 largitionibus
1520 1338 1612 1376 ipsam
1642 1337 1762 1367 domum

1021 1388 1169 1418 missionis
1185 1388 1309 1426 desuper
1325 1386 1485 1424 aedificari,
1503 1390 1627 1425 quatuor
1646 1389 1762 1424 patrum

1020 1436 1276 1466 missionariorum
1300 1440 1387 1475 atque
1409 1435 1496 1465 unius
1515 1434 1614 1464 fratris
1630 1434 1696 1463 laici
1713 1433 1764 1462 ha-

1020 1486 1156 1516 bitationi
1180 1495 1338 1524 congruam
1358 1489 1385 1515 et
1403 1489 1511 1523 aptam,
1529 1483 1634 1513 additis
1651 1482 1763 1512 duobus

1020 1534 1166 1565 cubiculis
1198 1534 1364 1573 hospitibus
1398 1543 1448 1563 seu
1483 1533 1557 1572 patri
1590 1531 1764 1572 provinciali

1021 1583 1086 1613 usui
1111 1584 1231 1622 suturis,
1249 1587 1368 1622 praeter
1386 1581 1616 1619 refectoriolum,
1635 1580 1762 1610 culinam

1021 1641 1086 1662 cum
1120 1641 1217 1671 penu,
1242 1631 1347 1661 cellam
1370 1630 1512 1660 vinariam
1527 1654 1534 1668 ,
1558 1634 1586 1659 et
1609 1628 1689 1658 aliud
1712 1638 1762 1658 cu-

1020 1682 1078 1711 bile
1100 1681 1294 1710 bibliothecae
1311 1680 1535 1716 inserviturum,
1554 1687 1679 1714 cumque
1699 1678 1766 1707 hor-

1022 1730 1083 1760 tulo
1105 1729 1140 1759 ad
1163 1728 1368 1758 necessitatem
1403 1732 1430 1757 et
1453 1736 1538 1757 usum
1562 1726 1677 1756 culinae
1694 1749 1702 1763 ,
1733 1725 1764 1755 in

1021 1778 1193 1817 ampliorem
1218 1786 1285 1806 vero
1309 1777 1432 1806 sormam
1456 1775 1621 1805 aediticium
1645 1784 1697 1804 nec
1716 1783 1764 1803 ex-

1021 1827 1117 1857 trabi²
1133 1836 1187 1856 nec
1202 1826 1295 1863 redigi
1313 1825 1415 1864 possit,
1433 1833 1557 1863 quorum
1575 1824 1695 1862 insuper
1714 1823 1763 1852 be-

1021 1877 1204 1906 nefactorum
1227 1875 1310 1905 donis
1332 1878 1360 1904 et
1382 1874 1547 1913 sumptibus
1570 1878 1669 1911 surget
1686 1872 1764 1912 pari-

1023 1930 1065 1955 ter
1087 1925 1239 1960 sacellum,
1263 1933 1314 1953 seu
1337 1932 1424 1962 parva
1448 1922 1588 1960 ecclesia,
1614 1922 1708 1952 tribus
1730 1921 1765 1951 ad

1022 1983 1168 2004 summum
1191 1972 1335 2002 altaribus
1357 1976 1500 2009 extructa,
1525 1971 1555 2000 R.
1574 1970 1685 2009 Virgini
1709 1970 1766 1999 Ma-

1022 2023 1083 2052 riae
1105 2021 1292 2051 Auxiliatriei
1310 2020 1446 2050 dicanda.

1062 2080 1102 2100 111.
1128 2069 1380 2100 Missionariorum
1404 2077 1544 2098 numerus
1576 2067 1613 2097 sit
1646 2075 1761 2106 semper

1022 2123 1050 2149 et
1072 2119 1102 2148 in
1125 2128 1227 2148 aevum
1245 2122 1417 2156 quaternuS,
1434 2116 1583 2146 missionis
1600 2115 1763 2154 superiore,

1023 2178 1109 2207 quem
1134 2172 1215 2207 pater
1239 2166 1426 2206 provincialis
1449 2175 1564 2204 semper
1586 2164 1764 2202 designabit,

1022 2217 1052 2246 in
1075 2226 1194 2246 censum
1219 2215 1306 2245 simul
1331 2215 1477 2250 veniente,
1502 2223 1559 2244 uno
1582 2214 1671 2243 fratre
1689 2213 1764 2242 laico

1022 2266 1141 2305 insuper
1161 2265 1278 2301 addit03
1303 2264 1352 2304 qui
1375 2273 1516 2293 numerus
1539 2263 1602 2292 sine
1625 2271 1764 2301 expresso

1022 2320 1132 2351 nostro,
1153 2315 1197 2344 vel
1220 2323 1441 2350 successorum,
1461 2318 1489 2343 et
1513 2312 1690 2342 venerabilis
1715 2321 1764 2340 no-

1023 2364 1075 2394 stri
1106 2363 1226 2403 capituli
1255 2372 1400 2393 consensu
1425 2362 1514 2391 nullis
1537 2371 1665 2400 unquam
1690 2365 1760 2390 tem·

1021 2413 1140 2452 poribus
1163 2413 1264 2451 augeri
1288 2422 1340 2441 nec
1364 2411 1456 2440 minui
1481 2411 1581 2449 possit,

1061 2470 1099 2490 iv.
1124 2460 1320 2490 Providebunt
1337 2469 1421 2499 porro
1440 2459 1612 2488 monasteria
1636 2458 1670 2487 de
1689 2458 1765 2488 Salz-

1021 2509 1095 2547 burg
1119 2514 1147 2539 et
1171 2509 1305 2539 ltadstatt
1322 2531 1329 2544 ,
1364 2508 1424 2537 sive
1455 2507 1517 2546 ipse
1540 2512 1620 2546 pater
1645 2507 1762 2546 provin—

1058 2569 1067 2594 l
1088 2567 1187 2594 Forsan
1202 2567 1321 2599 oblatis;
1338 2569 1363 2592 at
1380 2566 1499 2600 syntaxis
1516 2564 1644 2600 perplexa
1662 2571 1699 2598 tn.
1712 2569 1761 2597 Τ,).

1056 2611 1072 2638 2
1087 2611 1187 2640 Forsan
1203 2611 1302 2639 eaccruz‘
1319 2612 1359 2645 (u.
1375 2611 1425 2644 iz).

1770 215 1822 240 An.
1840 214 1867 239 C.
1887 213 1953 240 ¹739

1799 469 1865 492 Leges
1882 468 1907 487 ab
1925 468 1954 488 eis

1773 495 1926 515 obserandam
