2232 3178
1072 710 1416 757 MONITUM.

528 992 611 1027 Eam
638 991 751 1039 operis
779 997 930 1039 partem,
959 1002 1047 1039 quae
1074 992 1159 1027 mihi
1187 998 1278 1028 sorte
1312 991 1498 1038 obtigerat,
1532 998 1570 1027 ut
1603 992 1718 1039 potui,
1751 992 1820 1027 Deo
1854 992 2011 1036 iuvante,

478 1057 673 1105 adimplevi.
703 1057 754 1093 Ne
780 1068 859 1093 vero
886 1057 962 1105 quis
989 1058 1074 1093 mihi
1102 1057 1233 1104 aliquid
1254 1057 1403 1104 amplius
1430 1057 1622 1100 adtribuat,
1649 1067 1755 1103 quam
1783 1057 1873 1104 quod
1900 1057 2013 1105 reipsa

478 1123 610 1171 peregi,
643 1134 769 1159 moneo
811 1134 866 1158 me
905 1123 1021 1170 elapso
1061 1124 1130 1160 fere
1165 1123 1305 1159 biennio
1334 1128 1410 1170 post
1443 1123 1639 1169 evulgatum
1672 1128 1804 1158 tomum
1838 1123 2011 1158 decimum

478 1188 690 1237 provinciam
724 1190 814 1225 hanc
846 1189 997 1236 primum
1029 1189 1233 1237 suscepisse.
1267 1188 1536 1230 Quatuordeoim
1571 1200 1659 1236 quae
1689 1194 1883 1235 sequuntur
1915 1189 2011 1224 volu-

478 1255 592 1298 mina,
620 1254 774 1302 quinque
801 1266 972 1290 annorum
998 1255 1126 1302 spatio,
1147 1256 1229 1291 dum
1250 1255 1450 1298 ederentur,
1469 1255 1561 1291 solus
1588 1254 1660 1302 ipse
1687 1254 1811 1290 curavi.
1839 1255 1911 1296 Quo
1937 1260 2011 1291 stu-

479 1320 554 1363 dio,
588 1326 785 1368 quantaque
819 1320 1011 1367 diligentia,
1047 1332 1116 1357 non
1157 1328 1208 1357 est
1242 1322 1333 1369 quod
1368 1321 1440 1368 ipse
1467 1321 1599 1364 dicam,
1627 1331 1708 1355 nam
1736 1320 1810 1368 ipsa
1835 1321 2012 1357 volumina

480 1392 618 1434 praesto
646 1392 737 1422 sunt.
765 1386 839 1422 Hoc
864 1398 976 1422 unum
1004 1388 1155 1434 gaudeo,
1183 1387 1378 1423 istiusmodi
1399 1398 1454 1422 me
1474 1386 1589 1422 labore
1616 1386 1768 1434 potuisse
1795 1386 1933 1433 aliquod
1959 1388 2010 1423 vel

479 1452 666 1488 minimum
694 1452 849 1499 obsequii
876 1451 944 1488 mei
963 1464 1043 1499 erga
1061 1453 1187 1489 Sedem
1212 1453 1444 1501 Apostolicam
1473 1453 1711 1490 testimonium
1739 1453 1910 1490 exhibere.
1939 1454 2011 1490 Iam

479 1530 573 1553 nunc
599 1529 687 1564 quae
714 1518 828 1553 adhue
854 1524 1040 1565 supersunt
1066 1520 1200 1555 edenda
1226 1520 1402 1555 volumina
1428 1532 1566 1568 parare,
1593 1520 1720 1556 iuniori
1746 1520 1872 1567 cuique
1895 1507 2010 1557 valen-

478 1584 623 1630 tiorique
655 1585 854 1620 concedam.
887 1584 1045 1620 Ceterum
1080 1585 1106 1620 si
1141 1585 1225 1621 dum
1260 1585 1472 1633 corrigendis
1500 1585 1620 1622 alienis
1647 1591 1831 1630 ἁμαρτήμασι
1856 1586 2010 1624 intentus

478 1649 545 1693 sui,
573 1655 605 1685 et
630 1650 702 1698 ipse
731 1650 838 1686 erravi
865 1651 1070 1698 aliquando,
1096 1652 1259 1688 lectorem
1279 1663 1359 1699 rogo
1386 1658 1424 1688 ut
1451 1652 1536 1688 mihi
1562 1651 1755 1698 indulgeat,
1782 1658 2010 1702 preceturque

478 1726 539 1762 pro
566 1726 639 1759 me,
666 1721 703 1750 ut
730 1721 763 1751 et
788 1722 930 1764 peccata
956 1727 1034 1753 mea
1060 1716 1146 1753 mihi
1173 1717 1279 1754 donet
1304 1717 1406 1754 Deus.

1181 1982 1316 2022 losnpu'
1337 1985 1478 2022 Bonom
1504 1985 1621 2022 Presb.
1649 1985 1804 2033 Congum·
1819 1986 1947 2024 Missnm
