2232 3178
240 239 288 265 An.
305 238 334 265 c.
359 237 426 266 1738
472 230 536 263 410

435 287 634 327 provincialis,
653 286 745 317 solum
765 286 794 316 in
811 286 862 316 sua
886 286 1058 326 provinci523
1075 285 1098 315 si
1117 284 1171 314 mi-

434 336 537 372 nister,
554 335 583 365 in
607 345 659 365 suo
681 340 824 365 conventu
848 335 908 364 sive
931 334 1053 373 collegio
1075 334 1170 373 dupli-

435 389 537 413 centur
560 384 713 413 missarum
736 383 891 420 sacrificia,
911 383 1004 412 officia
1031 382 1172 412 chorista-

435 442 498 461 rum
523 437 550 462 et
573 432 682 461 rosaria
717 432 868 461 laicorum.
897 431 926 461 Si
957 436 1055 460 autem
1083 430 1171 460 suerit

435 481 573 509 delinitor
596 480 740 517 generalis
763 480 885 509 actualis
908 480 1036 517 Ordinis,
1054 478 1098 508 vel
1121 478 1169 518 qui

435 533 519 558 antea
540 537 646 557 munus
669 528 797 557 ministri
821 528 967 565 generalis
1000 528 1044 557 vel
1068 527 1171 556 vicarii

434 577 580 615 generalis
599 577 776 615 expleverat,
790 577 819 605 in
843 581 901 606 toto
919 576 1038 613 Ordine,
1056 577 1080 605 si
1103 576 1172 605 desi-

434 626 511 656 nitor
543 626 688 663 generalis
720 625 842 655 actualis
872 626 1019 663 familiae,
1044 625 1088 655 vel
1121 625 1171 664 qui

437 683 542 703 munus
565 673 757 703 commissarii
788 674 932 711 generalis
962 674 1005 703 vel
1030 673 1170 702 vicecom-

436 722 563 752 missarii
586 722 730 760 generalis
762 727 827 751 ante
857 722 1052 761 expleverat,
1077 722 1170 751 solum

432 771 509 801 intra
532 780 614 800 suam
643 771 800 807 familiam,
824 771 848 800 si
872 780 938 800 vero
960 770 1048 800 suerit
1070 770 1171 799 desmi-

437 823 482 849 tor
505 819 691 859 provincialis
724 819 864 855 actualis,
890 820 932 849 vel
956 828 1062 848 munus
1086 819 1172 848 mini-

436 869 489 898 stri
513 869 700 908 provincialis
727 868 770 898 vel
795 868 896 898 vicarii
919 868 1107 907 provincialis
1124 878 1172 898 ex-

435 918 565 957 pleverat
597 922 701 954 antea,
728 918 821 947 solum
847 918 922 947 intra
951 926 1033 947 suam
1056 917 1173 957 provin-

434 968 508 997 ciam
542 977 642 997 omnes
664 967 829 997 sacerdotes
853 967 970 996 missam
993 977 1093 1005 unam,
1117 968 1173 996 sra-

433 1021 492 1046 tres
514 1017 547 1046 ad
571 1017 691 1046 chorum
715 1016 845 1055 deputati
868 1025 958 1046 unum
981 1016 1121 1054 osticium,
1145 1020 1173 1045 et

433 1065 500 1095 laici
518 1075 607 1094 unum
629 1066 772 1095 rosarium
792 1065 926 1100 recitent,
944 1066 1021 1095 ultra
1049 1065 1077 1094 id
1096 1066 1172 1104 quod

434 1123 486 1153 pro
509 1114 679 1153 particulari
706 1114 842 1152 religioso
872 1114 995 1143 recitare
1022 1118 1169 1143 tenentur.

433 1163 587 1193 Praeterea
611 1163 635 1193 si
658 1163 812 1192 defunctus
835 1163 929 1192 suerat
951 1163 1108 1202 aliquando
1126 1163 1174 1192 de-

434 1212 532 1241 finitor
553 1211 698 1249 generalis
720 1210 837 1241 Ordinis
852 1234 859 1247 ,
883 1211 927 1240 vel
953 1211 1102 1249 familiae,
1127 1211 1172 1240 vel

434 1261 556 1290 actualis
593 1264 765 1298 procurator
800 1259 945 1297 generalis
976 1258 1095 1289 Ordinis
1128 1259 1172 1289 vel

433 1309 560 1338 familiae
582 1308 611 1338 in
635 1308 722 1338 Curia
750 1308 882 1338 Romana
900 1332 907 1345 ,
932 1308 992 1337 sive
1015 1308 1172 1347 Hispaniae

434 1358 463 1387 in
487 1358 569 1387 curia
591 1357 687 1395 regia,
713 1357 756 1386 vel
780 1358 944 1396 redemptor
967 1358 1147 1396 captivorum
1164 1382 1171 1395 ‚

434 1406 479 1435 vel
503 1411 675 1444 procurator
698 1406 876 1444 provinciae,
897 1411 965 1435 tunc
988 1406 1170 1444 respective,

434 1455 478 1484 vel
501 1455 530 1484 in
555 1459 613 1484 toto
636 1454 757 1491 Ordine,
775 1454 798 1483 si
817 1464 868 1492 pro
890 1463 934 1491 ee,
959 1455 982 1483 si
1007 1464 1057 1493 pro
1079 1456 1125 1491 ea,
1143 1455 1172 1483 in

435 1505 489 1534 sua
513 1507 623 1533 tantum
647 1503 769 1540 familia,
789 1503 832 1532 vel
855 1503 947 1532 solum
970 1502 998 1531 in
1023 1503 1174 1542 provincia

434 1553 498 1587 sua,
522 1551 638 1591 quando
661 1560 713 1590 pro
735 1551 785 1580 illa
814 1551 915 1580 ultimo
938 1551 1065 1580 osticium
1090 1561 1174 1581 exer-

434 1601 513 1630 cuit:
539 1610 590 1639 pro
613 1600 658 1629 his
680 1599 816 1629 omnibus
838 1605 866 1629 et
889 1600 1043 1630 animabus
1072 1609 1172 1630 eorum

435 1648 559 1689 quilibet
592 1653 753 1678 conventus
785 1657 835 1677 seu
866 1648 1020 1686 collegium
1043 1648 1072 1678 in
1097 1658 1174 1678 com-

434 1697 516 1727 muni
532 1697 635 1727 recitet
653 1697 800 1735 integrum
823 1697 950 1726 osticium
970 1697 1172 1727 defunctorum

434 1750 462 1775 et
484 1755 570 1775 unam
594 1745 712 1775 missam
735 1745 770 1774 de
792 1745 924 1784 requiem
946 1749 1054 1783 cantet,
1085 1750 1173 1784 atque

435 1794 485 1833 qui
508 1803 566 1823 non
597 1794 705 1823 suerint
726 1793 910 1830 sacerdotes,
934 1803 1020 1823 unam
1044 1803 1175 1824 commu-

434 1844 552 1872 nionem
575 1842 708 1880 efferant,
732 1842 806 1872 ultra
829 1842 956 1882 praefata
981 1852 1032 1882 pro
1056 1843 1132 1872 aliis.

476 1900 513 1921 vi.
537 1891 567 1921 Si
589 1892 743 1921 defunctus
766 1891 853 1921 suerit
876 1891 1004 1921 novitius
1021 1891 1064 1921 vel
1087 1892 1174 1922 dona-

436 1945 493 1979 tus,
512 1940 651 1970 recitetur
674 1949 726 1979 pro
749 1949 782 1970 eo
805 1940 951 1978 integrum
976 1940 1104 1970 officium
1126 1941 1175 1971 de-

435 1990 624 2027 functorum,
647 1993 674 2018 et
703 1993 836 2019 cantetur
858 1998 914 2018 una
938 1989 1026 2019 missa
1048 1989 1078 2018 in
1109 1998 1175 2019 con-

436 2042 526 2067 ventu
548 2037 578 2067 in
601 2047 658 2077 quo
681 2037 764 2075 obiit,
783 2042 811 2067 et
833 2038 956 2077 quilibet
978 2038 1058 2067 illius
1080 2047 1175 2068 sacer-

436 2087 487 2117 dos
507 2095 593 2116 unam
611 2086 727 2115 missam
746 2087 904 2125 privatam,
922 2086 1067 2116 choristae
1084 2096 1174 2116 unum

435 2135 583 2173 integrum
607 2135 755 2172 officium,
780 2140 807 2164 et
829 2135 896 2165 laici
920 2145 1008 2165 unum
1031 2136 1174 2166 rosarium

435 2185 583 2222 integrum
610 2193 659 2223 pro
682 2184 744 2213 eius
766 2184 861 2213 anima
885 2184 1022 2214 recitent.

476 2242 524 2263 vn.
560 2233 602 2263 Ad
626 2233 680 2262 hoc
712 2236 742 2263 ut
770 2233 804 2262 de
834 2233 955 2262 istarum
991 2233 1176 2263 constitutio—

400 2306 403 2307 .
437 2291 507 2312 num
531 2282 757 2321 adimplemento
780 2285 903 2319 constet,
921 2282 957 2311 sit
973 2286 1039 2312 ante
1055 2283 1174 2312 eliorum

436 2331 546 2366 tabula,
569 2330 599 2359 in
622 2339 677 2369 qua
700 2329 867 2359 scribantur
889 2330 1029 2368 religiosi,
1053 2331 1103 2369 qui
1130 2331 1175 2360 de-

436 2381 543 2410 cedunt
565 2380 594 2409 in
618 2378 746 2418 quolibet
778 2379 904 2409 triennio
922 2402 929 2416 ,
954 2383 981 2408 et
1003 2384 1122 2409 notetur
1144 2379 1174 2408 in

436 2430 489 2459 itt-:t
510 2429 584 2464 dies,
608 2428 637 2457 in
660 2437 717 2467 quo
739 2427 815 2457 iusta
838 2427 896 2457 illis
918 2428 1012 2457 soluta
1036 2432 1113 2457 sunt.

477 2486 536 2507 vm.
561 2476 702 2514 Religiosi
724 2476 816 2505 nostri
850 2485 965 2515 semper
997 2476 1176 2515 sepeliantur

438 2526 468 2555 in
492 2526 635 2563 claustro,
660 2525 705 2554 vel
728 2524 784 2554 alio
806 2525 837 2554 in
860 2525 921 2554 loco
943 2524 1002 2554 illis
1025 2525 1175 2555 dumtaxat

439 2575 586 2615 deputato,
601 2584 633 2604 ac
657 2578 807 2612 segregato
824 2583 838 2603 a
861 2573 1055 2603 saecularium
1081 2574 1176 2613 sepul-

439 2623 522 2661 turis,
536 2626 563 2654 et
578 2622 743 2654 scribantur
755 2626 782 2653 et
794 2622 947 2662 signentur
958 2622 1080 2653 fratrum
1095 2631 1177 2662 prae-

1018 235 1202 261 BULLARIUM
1227 235 1384 261 ROMANUM

1213 284 1377 315 dictorum¹
1400 285 1590 325 sepulturae,
1614 286 1738 317 maxime
1760 285 1876 317 illorum
1899 287 1948 326 qui

1213 333 1377 363 sanctitatis
1399 334 1475 363 sama
1496 334 1696 364 decesserunt.

1252 391 1291 411 1x.
1317 382 1440 421 Insuper
1472 383 1627 412 statuimus
1655 383 1732 422 quod
1763 383 1792 413 in
1815 383 1950 414 omnibus

1213 430 1403 459 conventibus
1426 434 1454 459 ot
1476 431 1607 469 collegiis
1629 431 1748 468 nostris,
1766 441 1831 461 cum
1848 432 1949 462 notitia

1213 479 1249 507 sit
1264 478 1298 508 de
1321 478 1402 508 obitu
1425 479 1535 508 Summi
1558 479 1706 508 Pontificis
1722 483 1749 509 et
1765 479 1875 509 domini
1891 489 1951 510 car-

1214 527 1320 556 dinalis
1343 527 1517 565 protectoris
1539 526 1658 557 Ordinis
1680 528 1782 565 nostri,
1805 528 1951 558 solemnes

1215 575 1285 605 fiant
1308 576 1449 614 exequiae
1472 585 1523 614 pro
1544 576 1613 606 illis.
1637 576 1778 606 Similiter
1800 577 1871 606 fiant
1886 586 1952 607 exe-

1214 624 1299 662 quiae
1322 624 1468 653 solemnes
1491 633 1542 662 pro
1565 624 1697 663 principe
1719 624 1900 662 dominanti,
1924 628 1953 655 et

1215 672 1277 701 eius
1300 676 1457 708 consorte,
1480 672 1510 701 in
1543 672 1735 702 conventibus
1766 677 1794 703 et
1822 672 1953 711 collegiis

1214 720 1332 749 ditionis
1354 730 1434 750 suae.

1256 777 1284 798 x.
1311 768 1475 805 Praeterea,
1493 769 1562 799 dum
1579 769 1666 799 suerit
1688 769 1789 799 notitia
1812 769 1847 799 de
1862 773 1954 800 morte

1216 822 1370 856 parentum
1399 818 1444 848 vel
1475 819 1596 848 fratrum
1625 818 1749 848 alicuius
1771 818 1900 857 religiosi
1922 818 1953 848 in

1215 876 1248 896 eo
1271 872 1415 897 conventu
1440 867 1483 897 vel
1511 867 1652 906 collegio,
1677 867 1726 897 ubi
1752 867 1808 898 iste
1830 877 1954 898 conven-

1216 916 1303 946 tualis
1326 916 1424 952 fuerit,
1449 925 1503 945 una
1529 917 1615 946 missa
1643 916 1756 946 dicatur
1779 925 1830 955 pro
1852 916 1954 948 defun-

1215 969 1271 995 cto.
1297 965 1433 1004 idemque
1450 965 1500 994 fiat
1523 975 1574 1004 pro
1595 965 1720 995 habente
1736 966 1888 1005 epistolam
1903 976 1954 996 no-

1216 1019 1305 1044 stram
1335 1015 1584 1045 confraternitatis
1616 1015 1646 1045 in
1679 1024 1712 1044 eo
1741 1020 1887 1046 conventu
1909 1016 1954 1046 vel

1216 1064 1349 1102 collegio,
1370 1064 1453 1094 cuius
1475 1064 1627 1102 religiosos
1649 1064 1833 1104 frequentius
1855 1065 1953 1104 hospi-

1217 1114 1256 1143 tio
1279 1112 1456 1151 excipiebat.

1399 1188 1547 1212 REGULAE
1573 1188 1673 1212 CAPUT
1698 1189 1768 1213 XIII.

1358 1239 1459 1262 Singulis
1474 1238 1555 1257 diebus
1570 1239 1589 1257 st
1603 1239 1652 1258 fleri
1667 1239 1749 1261 possit,
1767 1239 1814 1258 eto.

1215 1289 1312 1320 CAPUT
1336 1298 1395 1319 xm.
1419 1307 1458 1312 —
1479 1289 1519 1318 De
1541 1290 1663 1319 oratione
1684 1290 1811 1327 mentali,
1829 1290 1966 1326 lectiones

1255 1341 1383 1367 mancine
1409 1339 1603 1375 conscientiae,
1625 1343 1650 1367 et
1671 1340 1810 1369 communi
1830 1340 1955 1379 flayella-

1255 1388 1337 1423 tione,
1354 1393 1378 1416 et
1400 1388 1540 1416 exercitiis
1563 1388 1769 1426 spiritualibus.

1255 1463 1273 1483 1.
1297 1453 1425 1491 Singulis
1447 1453 1548 1483 diebus
1567 1453 1595 1483 in
1621 1454 1749 1493 qualibet
1771 1454 1856 1485 domo
1878 1464 1956 1486 com-

1217 1503 1312 1532 munis
1344 1502 1394 1531 fiat
1422 1502 1457 1531 ad
1488 1502 1577 1532 Deum
1611 1503 1746 1532 mentalis
1778 1503 1869 1533 oratio
1903 1513 1955 1543 per

1215 1552 1286 1581 duas
1309 1552 1413 1588 horas3
1440 1560 1497 1580 una
1524 1551 1672 1587 diluculo,
1703 1551 1732 1581 in
1765 1552 1956 1583 conventibus

1217 1600 1354 1639 quidem,
1378 1608 1392 1628 a
1415 1599 1461 1629 die
1485 1599 1578 1638 prima
1600 1599 1699 1629 martii
1721 1609 1813 1639 usque
1831 1601 1866 1631 ad
1888 1601 1957 1632 ulti-

1216 1657 1293 1677 mam
1328 1646 1524 1686 septembris,
1557 1646 1593 1676 ab
1622 1647 1696 1677 hora.
1729 1648 1833 1687 quinta.
1864 1658 1956 1689 usque

1216 1697 1251 1726 ad
1274 1697 1376 1726 horam
1400 1700 1509 1726 sextam
1524 1719 1532 1733 ,
1555 1700 1584 1726 et
1606 1705 1621 1726 a
1644 1696 1690 1726 die
1712 1697 1807 1736 prima.
1828 1697 1956 1729 octobris

1217 1754 1309 1784 usque
1332 1745 1366 1774 ad
1391 1745 1525 1775 ultimam
1542 1745 1696 1784 februarii,
1720 1745 1756 1776 ab
1780 1747 1854 1776 hora
1875 1749 1955 1778 sexta

1217 1802 1309 1832 usque
1332 1793 1367 1822 ad
1394 1793 1567 1832 septimam;
1601 1793 1689 1823 altera
1724 1803 1791 1824 vero
1824 1799 1956 1835 tempore

1180 1838 1184 1852 ¹
1217 1841 1398 1881 vespertino,
1421 1850 1537 1880 semper
1559 1851 1573 1871 a
1596 1842 1700 1881 quinta
1721 1852 1814 1882 usque
1835 1844 1871 1873 ad
1892 1853 1958 1874 sex-

1219 1895 1277 1920 tam
1294 1891 1407 1920 horam.
1428 1890 1549 1929 Insuper
1571 1894 1634 1930 post
1650 1891 1763 1921 finitum
1780 1892 1956 1922 matutinum

1218 1943 1245 1969 et
1269 1949 1406 1969 coronam
1430 1939 1556 1978 Virginis
1578 1940 1701 1975 Mariae,
1725 1949 1800 1980 quae
1832 1946 1896 1980 post
1923 1941 1958 1971 il-

1217 1989 1267 2019 lud
1281 1988 1450 2018 immediate
1473 1989 1624 2025 recitatur,
1646 1989 1792 2028 reliquum
1819 1990 1956 2029 temporis

1218 2046 1310 2076 usque
1333 2037 1368 2067 ad
1391 2037 1547 2066 secundam
1570 2038 1664 2067 noctis
1686 2038 1787 2067 horam
1805 2038 1834 2067 in
1851 2038 1958 2069 oratio-

1217 2095 1284 2116 nem
1307 2085 1502 2125 impendatur.
1533 2084 1613 2121 Quod
1643 2086 1667 2115 si
1695 2086 1762 2125 quis
1783 2086 1892 2126 absque
1923 2087 1957 2117 li-

1218 2135 1312 2164 centia
1336 2134 1371 2164 ab
1394 2134 1525 2164 oratione
1548 2134 1667 2164 mentali
1690 2135 1837 2174 abfuerit,
1861 2145 1957 2166 come-

1217 2184 1266 2214 dat
1288 2184 1317 2213 in
1341 2185 1436 2221 terra,
1461 2184 1523 2213 sine
1546 2183 1653 2223 capitio
1671 2208 1678 2222 ,
1709 2184 1785 2214 idem
1812 2185 1888 2224 qnod
1911 2194 1957 2215 ce-

1218 2232 1283 2268 teri,
1308 2235 1429 2271 excepto
1452 2232 1541 2271 pisce,
1566 2232 1609 2262 vel
1636 2232 1712 2271 quod
1736 2232 1799 2262 eius
1821 2233 1882 2263 vice
1905 2233 1956 2264 mi-

1218 2280 1371 2310 nistratur.

1257 2338 1286 2359 11.
1311 2329 1350 2359 Ne
1373 2334 1471 2359 autem
1487 2330 1583 2360 fervor
1598 2330 1721 2370 spiritus
1743 2334 1881 2370 tepescat,
1897 2332 1956 2362 imo

1218 2379 1388 2408 exercitium
1412 2379 1550 2409 orationis
1574 2384 1736 2417 augeatur,
1761 2381 1956 2420 praecipimus

1218 2431 1333 2456 nostros
1356 2427 1507 2465 religiosos
1528 2427 1652 2465 singulis
1664 2427 1766 2458 diebus
1781 2429 1882 2459 saltem
1906 2438 1957 2468 per

1218 2475 1370 2504 dimidiam
1393 2475 1494 2505 horam
1527 2476 1725 2505 immediatam
1758 2480 1826 2506 ante
1848 2477 1956 2507 oratio-

1217 2532 1284 2553 nem
1310 2524 1504 2563 vespertinam
1529 2524 1669 2554 librorum
1692 2524 1891 2564 spiritualium
1911 2525 1957 2556 in-

1218 2571 1354 2603 cumbere
1377 2572 1505 2602 lectioni.

1255 2628 1266 2654 1
1289 2625 1399 2654 Videtur
1418 2625 1513 2654 deesse
1532 2626 1655 2655 nomina
1674 2625 1714 2663 (a.
1736 2627 1785 2663 12).

1959 240 2011 267 An.
2025 240 2054 268 0.
2075 241 2145 272 1738·
2166 242 2172 285 'y
2196 246 2205 262 ‘
