2232 3178
33 175 81 202 An.
100 173 130 199 G.
149 170 216 199 1739

267 219 282 262 ἓ
310 218 341 252 6.
378 219 531 252 Volumus
568 224 674 252 autem
707 222 743 251 ut
776 216 966 250 earumdem

223 272 446 316 praesentium
463 272 646 306 litterarum
667 269 888 313 transumptis
908 279 966 302 seu

223 325 392 368 exemplis,
408 325 503 358 etiam
521 325 699 369 impressis,
718 334 813 357 manu
831 322 967 356 alicuius

222 378 340 411 notarii
360 378 482 421 publici
496 378 701 421 subscriptis,
720 383 752 410 et
769 377 879 419 sigillo
895 386 968 418 per-

222 442 320 464 sonae
338 431 371 464 in
393 431 613 464 ecclesiastica
638 431 796 474 dignitate
814 429 966 463 constitu·

223 490 273 517 tae
291 484 436 525 munitis,
456 484 571 517 eadem
593 494 726 527 prorsus
744 483 825 516 fides
845 481 966 524 ubique

222 537 390 577 habeatur,
408 548 491 581 quae
512 537 591 580 ipsis
613 535 842 579 praesentibus
867 534 967 567 habe-

222 596 312 624 retur
337 591 363 624 si
389 592 498 624 forent
518 590 683 624 exhibitae
709 590 759 622 vel
783 595 946 622 ostensae.

265 645 380 677 Datum
406 644 534 684 Romae,
561 644 646 688 apud
671 644 701 676 S.
719 642 850 675 Mariam
868 641 964 674 Maio-

222 709 310 739 rem,
341 698 400 731 sub
439 699 562 731 annulo
587 697 784 735 Piscatoris‚
820 696 872 728 die
905 705 966 728 xxx

222 752 418 796 septembris
443 761 648 791 moccxxmx,
675 749 882 794 pontificatus
908 760 964 783 no-

224 805 283 838 stri
309 815 394 838 anno
421 815 452 838 x.

258 868 319 895 Dat.
338 867 381 895 die
401 868 435 895 30
454 866 619 902 septembris
641 865 719 899 1739,
736 865 832 900 pontif.
849 873 919 892 anno
938 872 965 892 x.

69 233 212 259 'transumptis

34 261 101 284 danla
118 261 176 281 fides.

505 1009 684 1043 CCLXt'ltl.

224 1091 376 1124 Irrilatz'o
400 1090 567 1123 electionis
592 1089 686 1123 Petri
710 1089 845 1122 Ioannis
870 1089 968 1121 Mein-

268 1145 361 1177 clarls
394 1145 429 1177 in
461 1143 889 1187 pseudo-archiefflscopum
917 1141 970 1174 Ut-

271 1199 514 1238 !raz'eclensem,
549 1198 608 1241 qni
639 1197 785 1229 censuris
821 1196 969 1227 irretitus

268 1261 508 1295 suspensusque
533 1250 733 1289 declaratur,
761 1248 876 1281 addila
899 1258 971 1291 pro-

270 1305 432 1337 hibicione
465 1314 498 1336 se
528 1304 564 1335 in
589 1303 869 1347 archiepiscopum
895 1312 970 1334 con-

269 1358 392 1390 secrari
408 1357 566 1399 faciendi,
585 1366 682 1400 caque
700 1355 871 1388 exercende·
887 1365 971 1398 quae

270 1415 346 1443 sunt
372 1410 520 1444 Ordinis.

434 1491 575 1518 Clemens
595 1491 676 1524 Papa
695 1490 761 1517 xn.

287 1536 397 1563 Dilecti
417 1535 489 1569 filii,
511 1537 642 1562 salutem
663 1537 693 1562 et
713 1535 912 1568 apostoticam

472 1580 725 1608 benedictionem.

50 1667 109 1687 Dnlet
120 1665 217 1687 (ll-*mens

38 1693 43 1697 ,
272 1655 287 1697 g
312 1653 344 1686 1.
370 1653 484 1696 Magna
511 1662 567 1685 nos
601 1662 660 1696 pro
697 1651 839 1694 supremi
867 1656 973 1694 pasto-

36 1696 109 1744 iiiiiiras
122 1692 217 1748 afiligi?
229 1707 304 1741 ralis
328 1706 424 1740 officii
448 1716 583 1739 munere
610 1710 699 1738 tenet
723 1704 910 1738 sollicitudo
944 1709 973 1737 ct

36 1745 217 1798 ῗῖιῑῖῗῖἶῖἶέῃυερὲῗ
228 1760 378 1795 salutaris
404 1765 508 1793 metus
525 1786 533 1800 ,
560 1769 600 1792 ne
626 1758 657 1791 in
685 1758 893 1792 commissum
921 1763 970 1791 te-

38 1799 124 1820 ⁶¹¹²¹¹⁰⁵'
229 1814 346 1847 nuitati
383 1818 513 1846 nostrae
551 1811 704 1845 dominici
739 1811 848 1854 gregis
889 1811 973 1844 ovile

229 1868 353 1901 intrent
377 1867 409 1899 in
435 1866 637 1899 vestimentis
662 1865 768 1898 ovium
795 1865 863 1909 lupi
885 1876 975 1909 rapa-

229 1931 293 1961 oeS,
313 1921 475 1963 edantque
497 1924 639 1962 stragem
666 1929 703 1952 eo
728 1918 894 1959 maiorem,
911 1930 974 1962 quo

228 1974 364 2007 subdole
384 1979 415 2006 et
428 1973 589 2005 incautius
607 1973 742 2005 illatam.
758 1972 824 2010 Qua
842 1972 973 2015 quidem

230 2026 450 2060 sollicitudine
491 2025 718 2059 vehementius
757 2025 909 2068 angimur
944 2030 975 2059 et

232 2081 464 2120 conflictamur,
490 2090 562 2112 eum
595 2090 650 2112 vos
682 2078 777 2112 isthic
813 2079 915 2112 vocati
942 2079 975 2112 in

231 2139 353 2167 sortem
378 2133 504 2166 Domini
529 2138 602 2166 ante
629 2134 740 2166 oculos
766 2138 895 2166 nostros
920 2134 976 2167 ob-

233 2186 424 2229 versamini‚
452 2186 596 2230 undique
622 2187 660 2219 ab
687 2187 725 2219 iis
750 2187 974 2227 circumventi,

232 2240 306 2284 qui,
331 2239 497 2272 vobiscum
533 2239 631 2272 veluti
658 2239 691 2272 in
718 2240 830 2272 eadem
857 2239 977 2273 familia

233 2294 408 2337 degentes,
446 2293 570 2326 animos
607 2298 728 2326 vestros
768 2303 833 2326 non
871 2294 975 2326 solum

233 2357 359 2381 veneno
386 2347 579 2391 depravatae
605 2346 772 2379 doctrinae
798 2346 907 2380 dolose
934 2347 977 2380 in-

234 2401 343 2441 ficere,
363 2410 473 2433 verum
499 2405 531 2433 et
555 2400 706 2440 inaniter,
729 2399 977 2444 archiepiscopo

234 2454 294 2487 sibi
320 2454 508 2494 constituto,
531 2464 592 2497 per
609 2453 749 2497 speciem
768 2453 977 2487 adumbratae

236 2507 370 2541 huiusce
396 2507 574 2550 dignitatis,
603 2507 634 2539 in
661 2507 805 2540 fraudem
824 2506 978 2540 inducere

235 2561 459 2597 connituntur.
487 2561 687 2605 Quamquam
725 2560 811 2594 enim
852 2561 977 2604 experti

842 166 985 192 CLEMENS
1007 166 1055 190 ΧΠ
1079 166 1131 190 ΡΡ.

1646 153 1704 187 591

1011 214 1193 255 didicimus,
1211 213 1306 247 fidem
1327 218 1483 253 vestram,
1508 218 1669 256 tamquam
1694 222 1750 245 au-

1009 278 1080 300 rum
1101 267 1174 310 igne
1192 268 1373 311 probatum,
1393 277 1507 310 puram
1526 265 1750 309 illibatamque

1009 331 1162 361 manere,
1185 320 1340 364 vobisque
1358 330 1428 353 esse
1447 329 1648 363 persuasum,
1668 318 1752 362 quic-

1010 373 1088 416 quid
1109 379 1158 406 est
1178 373 1418 407 ecclesiasticae
1436 372 1655 412 hierarchiae,
1672 382 1751 405 non-

1010 427 1070 459 nisi
1103 426 1136 459 in
1169 426 1317 469 angulari
1343 427 1451 470 lapide
1488 431 1585 469 atque
1610 426 1643 458 in
1669 426 1752 469 Apo-

1009 477 1144 511 stolieae
1165 478 1280 511 Petrae
1300 478 1462 510 soliditate
1481 477 1649 510 fundatum
1667 476 1749 520 erigi

1009 541 1045 563 ac
1071 536 1158 563 stare
1183 541 1294 574 posse:
1321 536 1448 569 tamen,
1472 535 1506 563 ut
1531 540 1589 573 pro
1614 531 1749 573 paterna

1009 584 1179 624 charitate,
1205 595 1267 627 qua
1293 595 1347 617 vos
1373 584 1591 617 amantissime
1612 584 1753 627 comple-

1009 637 1138 677 ctimur,
1158 637 1286 680 longius
1306 638 1423 670 avobis
1441 638 1616 670 instructae
1632 637 1751 669 fraudis

1009 690 1192 733 perieulum
1230 701 1456 730 amoveamus,
1489 700 1525 722 ac
1564 689 1752 732 diligentius

1009 749 1162 776 aeternae
1187 743 1282 776 saluti
1307 748 1433 777 vestrae
1459 749 1584 776 cautum
1603 743 1659 783 sit,
1677 753 1753 785 apo-

1009 796 1114 830 stolici
1150 796 1321 829 ministerii
1358 796 1460 829 nostri
1498 806 1569 829 esse
1606 796 1752 828 duximus

1010 860 1064 883 vos
1100 850 1255 890 edocere,
1293 850 1371 893 quid
1407 860 1424 882 a
1459 848 1573 889 nobis,
1601 853 1636 881 ut
1672 849 1755 882 haec

1010 914 1187 947 paucorum
1204 903 1424 947 perduellium
1442 902 1664 935 inverecunda
1680 913 1756 945 pro-

1010 956 1140 989 tervitas
1158 966 1290 1000 prorsus
1309 956 1508 999 profligetur,
1525 960 1630 988 actum
1645 955 1753 996 suerit,

1012 1015 1044 1042 et
1061 1009 1140 1053 quid
1167 1020 1184 1042 a
1201 1009 1300 1049 vobis,
1321 1014 1356 1042 ut
1374 1020 1445 1042 eam
1470 1009 1599 1053 fugiatis
1617 1019 1652 1041 ae
1670 1008 1756 1041 dete-

1011 1063 1151 1103 stemini,
1174 1063 1333 1106 praestari
1351 1063 1480 1096 debeat.

1055 1118 1070 1161 S
1096 1117 1127 1149 2.
1147 1117 1257 1160 Igitur,
1275 1117 1329 1149 ubi
1356 1116 1605 1149 molestissimus
1625 1116 1782 1172 nuntiusp
1800 1154 1803 1170 ι
1822 1125 1953 1172 Εξῖοιωυριηξ

1012 1171 1051 1204 ad
1077 1181 1134 1203 nos
1160 1170 1334 1214 pervenit,
1362 1171 1489 1213 aliquos
1515 1170 1667 1203 factiosos
1693 1153 1954 1224 cle-ineii{e*u⁴lti¹3i3[tif

1013 1224 1110 1263 vicos,
1138 1224 1193 1266 qui
1219 1233 1252 1256 se
1275 1224 1371 1256 stulte
1397 1229 1495 1266 atque
1521 1223 1699 1256 insolenter
1720 1224 1758 1256 ia-
1769 1211 1953 1260 f'¹{2-1‡.23¹51⁰?3t.‚‚‘

1013 1283 1100 1311 etant
1116 1276 1288 1310 canonicos
1306 1276 1549 1310 Ultraiectensis
1568 1277 1700 1320 capituli
1719 1277 1758 1310 ab
1770 1259 1954 1305 lagia-'mmm‘

1013 1331 1106 1364 annis
1131 1341 1230 1374 supra
1255 1335 1387 1363 centum
1414 1330 1571 1371 extincti,
1599 1341 1637 1364 eo
1665 1335 1761 1364 teme-

1013 1384 1115 1418 ritatis
1154 1384 1324 1417 devenisse
1340 1411 1347 1425 ,
1387 1389 1421 1417 ut
1460 1385 1578 1418 sceleri
1615 1384 1760 1428 quotidie

1015 1438 1117 1480 magis
1143 1437 1313 1477 addentes,
1341 1444 1372 1471 et
1397 1442 1540 1471 veterem
1566 1438 1760 1471 seditionem

1015 1491 1139 1525 recenti
1165 1490 1300 1524 crimine
1321 1492 1536 1531 cumulantes,
1554 1491 1623 1524 ausi
1642 1491 1762 1524 fuerint

1015 1544 1068 1578 die
1101 1544 1244 1578 secunda
1268 1544 1413 1587 proxime
1439 1544 1609 1587 praeteriti
1642 1544 1761 1577 mensis

1015 1598 1086 1631 iulii
1123 1598 1155 1631 in
1193 1598 1460 1631 Ultraiectensem
1486 1597 1761 1641 pseudo-archie-

1015 1652 1184 1695 piscopum
1211 1651 1334 1684 nefarie
1357 1651 1480 1694 eligere
1506 1651 1679 1694 quemdam
1705 1651 1762 1684 Pe-

1018 1710 1100 1738 trum
1126 1705 1279 1738 loannem
1305 1705 1493 1745 Meindarts‚
1522 1710 1698 1748 pastorem,
1727 1710 1762 1737 ut

1017 1759 1128 1799 aiunt,
1163 1759 1385 1799 Leovardiae,
1413 1769 1610 1802 quamquam
1649 1763 1761 1802 aperte

1017 1813 1163 1851 scirent,
1200 1811 1384 1845 istiusmodi
1421 1812 1605 1845 execrabile
1639 1812 1762 1845 facinus

1016 1867 1056 1899 ab
1078 1865 1156 1909 ipsis
1180 1876 1246 1898 non
1273 1866 1376 1898 semel
1402 1870 1499 1898 antea
1524 1870 1696 1909 patratum,
1722 1866 1762 1898 ab

1018 1919 1208 1963 Apostolica
1233 1919 1316 1952 Sede
1341 1919 1536 1958 nefandum,
1564 1919 1712 1958 irritum,
1740 1919 1763 1951 i—

1018 1984 1102 2006 nane
1128 1972 1328 2006 declaratum
1355 1972 1463 2013 fuisse,
1491 1973 1645 2013 deletum,
1671 1971 1763 2005 abiu-

1019 2026 1174 2065 dicatum;
1200 2036 1258 2058 nos
1277 2025 1376 2065 illico,
1396 2025 1687 2069 praedecessorum
1706 2036 1764 2058 no-

1019 2086 1158 2112 strorum
1184 2089 1421 2122 sacrarumque
1447 2079 1554 2122 legum
1579 2089 1705 2112 morem
1722 2084 1765 2112 at-

1020 2143 1083 2177 que
1110 2133 1257 2175 exempla
1282 2132 1422 2176 sequuti,
1450 2132 1535 2165 hanc
1556 2132 1654 2165 modo
1673 2132 1765 2165 itera-

1021 2192 1095 2226 tam,
1122 2186 1325 2229 illegitimam
1351 2186 1609 2229 sacrilegamque
1636 2186 1765 2219 electio-

1019 2250 1114 2280 nem,
1143 2239 1259 2272 tradita
1284 2239 1378 2272 nobis
1413 2250 1430 2272 e
1467 2240 1559 2272 caelo
1586 2244 1762 2282 potestate,

1019 2292 1221 2333 rescidimns,
1238 2292 1475 2335 abrogavimus,
1491 2293 1611 2325 nullius
1626 2292 1764 2332 roboris,

1020 2356 1200 2390 vanamque
1219 2346 1494 2386 renuntiavimus,
1517 2346 1667 2379 eumdem
1690 2356 1765 2379 vero

1021 2400 1150 2432 Petrum
1164 2400 1328 2440 loannem,
1341 2404 1372 2432 et
1386 2404 1556 2442 quotquot,
1569 2398 1641 2432 sicto
1654 2409 1765 2432 emen-

1023 2452 1145 2496 titoque
1164 2452 1393 2485 canonicorum
1414 2451 1695 2485 Ultraiectensium
1713 2463 1766 2485 no-

1022 2507 1126 2546 mine,
1152 2506 1185 2538 in
1212 2506 1319 2548 ipsum
1358 2505 1511 2548 suffragia
1535 2505 1764 2547 contulerunt,

1022 2561 1115 2604 eique
1141 2560 1368 2600 adhaerentes,
1394 2560 1547 2600 savorem,
1572 2570 1678 2603 opem,
1694 2570 1766 2594 con-

1756 162 1806 189 An.
1827 163 1856 190 C.
1876 163 1942 190 ¹739
