2232 3178
32 217 81 246 An.
101 215 132 242 G.
149 214 218 242 1739

846 211 989 237 CLEMENS
1015 211 1062 237 x11
1087 212 1137 237 ΓΡ.

221 262 251 293 in
285 269 316 292 re
348 260 522 292 missionum
556 261 703 302 practicus
736 265 899 302 potensque
923 261 965 291 in-

221 315 334 341 struere
365 310 480 341 noviter
511 310 729 347 advenientes,
764 314 792 340 et
814 320 887 350 quos
912 319 964 350 pro

222 363 354 399 tempore
377 359 595 397 missionarios‚
619 359 714 399 quoad
738 368 771 389 ea
794 368 868 398 quae
895 359 964 388 mis-

220 408 312 437 sionis
334 416 441 437 munus
463 412 645 438 concernunt
663 430 670 444 ‚
693 407 860 437 immediate
882 411 910 437 et
933 416 964 437 u-

221 456 287 486 nice
302 456 411 486 nostris
427 460 654 496 nostrorumque
667 464 871 485 successorum
885 464 964 484 man-

220 503 316 542 datis,
340 504 434 543 quoad
458 504 643 544 disciplinam
666 503 857 533 monasticam
881 513 962 539 vero,

221 552 273 582 tibi
295 556 323 582 et
344 552 505 590 guardiano
523 562 624 583 eorum
640 552 774 582 volumus
793 556 821 581 et
839 551 963 581 sinimus

220 610 283 631 esse
305 600 462 631 subiectos.

259 658 290 679 ιι.
325 649 436 679 Horum
471 649 723 680 missionariorum
757 658 844 688 porro
877 649 962 679 unica

221 706 291 728 cura
313 697 370 727 erit
391 697 573 728 incessanter
595 698 671 728 intra
691 697 872 737 praedictum
889 697 963 727 Lun-

219 746 365 784 gaviensis
381 746 580 786 praefecturae
597 746 775 783 districtum,
793 746 828 776 de
847 745 910 776 loco
927 746 961 776 ad

220 795 328 833 locum,
346 799 384 832 et,
402 795 426 825 si
449 804 568 825 necesse
592 795 691 833 suerit,
708 795 795 825 etiam
819 795 854 825 de
876 795 961 825 domo

221 843 256 874 ad
275 843 392 873 domum
409 844 603 881 excurrendo,
621 843 769 874 missionis
786 843 962 883 apostolicae

221 902 328 924 munus
349 893 485 923 alacriter
514 893 633 933 explere
661 893 886 931 catechizando,
911 902 960 923 ru-

220 942 270 972 des
291 942 322 973 in
344 942 479 973 doctrina
501 942 659 972 christiana
695 942 890 981 instruendo,
915 951 960 972 re-

220 991 354 1022 ducendo
380 991 548 1022 dubitantes
570 991 605 1021 ad
628 991 704 1021 viam
727 991 871 1030 veritatis,
895 992 961 1022 hos-

219 1049 276 1080 que
297 1039 327 1069 in
351 1039 405 1070 hac
427 1039 639 1078 confirmando,
664 1039 693 1069 in
717 1039 880 1070 haereticos
910 1049 960 1070 seu

220 1088 256 1118 de
278 1087 393 1118 haeresi
422 1091 594 1128 suspectos,
620 1088 782 1128 horumque
811 1088 961 1118 consulto·

219 1145 278 1173 res,
303 1136 443 1174 fautores,
460 1141 668 1176 receptatores,
685 1137 828 1167 librorum
845 1137 962 1167 acatho-

220 1185 344 1215 licorum
359 1185 539 1222 detentores,
557 1186 601 1215 vel
617 1185 801 1216 detentorum
817 1186 960 1224 conscios,

219 1239 248 1265 et
266 1243 324 1264 non
339 1233 515 1270 revelantes,
528 1243 577 1264 eos
590 1235 620 1264 in
634 1235 815 1274 provinciam
830 1239 960 1265 nostram

218 1284 344 1313 serentes
365 1292 418 1313 seu
439 1283 635 1321 intrudentes,
659 1283 822 1322 horumque
838 1283 961 1314 auxilia—

219 1336 299 1362 tores
315 1355 323 1369 ,
347 1331 480 1361 conscios
502 1341 554 1362 seu
577 1332 737 1371 participes
759 1332 936 1371 inquirendo
951 1356 958 1367 ,

219 1380 329 1420 hosque
352 1384 380 1410 et
403 1380 475 1410 alios
498 1380 668 1411 huiusmodi
689 1380 801 1411 farinae
826 1380 960 1411 homines

219 1428 313 1466 nobis,
336 1429 381 1459 vet
399 1429 445 1459 cui
465 1439 516 1469 per
531 1439 584 1459 nos
600 1434 627 1459 et
643 1438 828 1460 successores
844 1434 959 1460 nostros

218 1477 466 1517 demandabitur,
490 1478 553 1508 sine
576 1479 677 1518 aliqua
699 1488 890 1519 personarum
914 1489 960 1508 ac-

219 1527 403 1567 ceptatione,
427 1527 567 1567 omnique
590 1527 718 1567 seposito
741 1528 867 1558 humano
890 1529 959 1558 affe-

219 1580 279 1614 ctu,
302 1576 520 1612 denunciando,
541 1576 661 1606 verbum
683 1576 815 1607 divinum
840 1581 866 1607 et
890 1577 958 1607 fidei

219 1624 355 1663 dogmata
383 1623 480 1654 ubivis
512 1629 540 1654 et
572 1624 657 1654 etiam
682 1634 719 1654 ex
742 1625 884 1655 cathedra
907 1625 959 1662 (sic

219 1677 347 1703 attamen
371 1676 402 1702 ut
424 1671 647 1703 Ordinariorum
671 1682 727 1702 non
754 1673 959 1704 disturbentur

218 1722 435 1753 ecclesiasticae
457 1722 636 1761 functiones)
670 1722 747 1752 intra
781 1723 853 1762 ipsis
884 1723 959 1753 desi-

218 1775 337 1810 gnatum
355 1771 548 1810 praemissum
564 1771 730 1801 districtum
749 1771 899 1807 tradendo,
918 1772 959 1802 sic

218 1824 248 1850 et
269 1820 466 1860 poenitentiae
488 1824 705 1850 sacramentum
742 1821 820 1860 (sola
842 1821 959 1860 dempta

218 1869 402 1899 consessione
424 1869 573 1908 paschali,
597 1869 621 1899 si
656 1869 788 1900 locorum
823 1870 960 1900 curiones

219 1918 296 1949 ultro
330 1926 387 1947 non
420 1918 612 1956 annuerent),
636 1922 854 1949 sacrosanctam
892 1927 960 1948 vero

219 1966 443 2003 eucharistiam,
467 1975 527 1996 non
548 1966 614 2005 ‚nisi
643 1967 674 1996 in
706 1967 828 2006 propria
860 1976 960 1997 eorum

220 2015 391 2046 monasterii
414 2015 550 2052 ecclesia,
576 2015 622 2045 vel
644 2015 732 2054 alibi,
756 2015 856 2046 habito
878 2016 907 2045 in
931 2016 961 2046 id

220 2065 436 2106 praedictorum
469 2065 624 2095 curionum
657 2074 778 2096 assensu
796 2089 803 2104 ‚
838 2065 961 2095 admini-

219 2114 352 2152 strando,
374 2113 469 2153 aegris
491 2118 519 2144 et
542 2113 726 2144 moribundis
741 2114 878 2144 solatium
895 2123 960 2144 cum

219 2163 328 2194 auxilio
350 2162 557 2202 impendendo,
577 2167 664 2202 atque
679 2172 712 2193 ea
729 2163 826 2193 omnia
843 2163 960 2193 demum

221 2212 399 2252 peragendo,
413 2221 488 2251 quae
499 2211 685 2242 individuum
700 2212 879 2243 missionarii
893 2222 962 2252 apo-

221 2261 317 2292 stolici
340 2261 433 2299 exigit
456 2269 577 2297 munus,
606 2261 670 2291 iure
693 2262 861 2301 sepulturae
891 2262 962 2292 alio-

221 2321 277 2350 que
299 2319 484 2350 quocumque
500 2310 660 2350 parochiali
675 2320 791 2350 semper
810 2315 837 2341 et
853 2310 961 2350 ubique

221 2360 383 2391 Ordinariis
404 2361 536 2390 locorum
558 2364 719 2390 reservato.

261 2418 302 2439 ιιι.
326 2408 467 2440 Volumus
488 2408 610 2447 insuper
632 2408 707 2448 quod
729 2408 784 2448 ipsi
808 2409 959 2439 missiona-

221 2458 260 2489 rii
281 2458 312 2489 in
334 2458 423 2488 vitam
446 2461 474 2487 et
490 2466 584 2487 mores
600 2466 659 2487 non
675 2457 760 2487 modo
777 2457 960 2488 subditorum

221 2507 291 2547 ipsis
312 2506 390 2537 intra
413 2506 579 2546 praedictae
597 2506 761 2545 Lungaviae
777 2506 850 2537 fines
866 2507 961 2547 quoad

222 2555 370 2586 missionis
391 2555 589 2585 ministerium
612 2555 848 2592 commissorum,
868 2556 918 2586 sed
934 2560 962 2586 et

1651 200 1711 234 5⁹21

1010 261 1069 291 stra
1092 260 1297 292 iurisdictione
1316 260 1452 298 subsunt,
1472 260 1574 291 sedulo
1596 259 1751 298 invigilare

1010 313 1177 344 teneantur,
1203 310 1328 349 datoque
1345 309 1458 340 defectu
1482 308 1618 348 religioni
1641 308 1751 338 directe

1009 358 1054 388 vel
1078 358 1221 389 indirecte
1246 359 1410 398 pernicioso
1425 383 1432 396 ,
1455 358 1479 388 si
1503 359 1630 388 fraterna
1653 357 1751 387 admo-

1010 407 1082 437 nitio
1105 417 1163 437 non
1187 407 1280 445 tollat,
1304 407 1388 437 nobis
1410 411 1438 437 et
1461 406 1681 437 successoribus
1699 416 1750 436 no-

1009 455 1080 484 stris
1111 455 1144 485 ad
1181 456 1314 495 proprias
1344 464 1431 485 aures
1461 455 1588 491 deferre,
1622 455 1657 483 ea
1687 454 1752 494 ipsa

1008 503 1121 533 ratione
1144 513 1201 543 qua
1224 513 1238 533 e
1261 508 1361 534 contra
1385 504 1494 534 nostris
1510 503 1751 533 demandabimus

1007 551 1125 581 decanis
1160 552 1308 582 ruralibus
1342 557 1526 592 perspectum
1555 551 1682 581 habendi
1714 561 1750 581 an

1008 601 1186 631 missionarii
1208 602 1265 640 ipsi
1288 602 1437 631 missionis
1460 611 1566 631 munus
1585 601 1681 631 debite
1703 601 1752 630 ad-

1006 650 1165 689 impleant,
1189 654 1217 680 et
1246 656 1439 690 assequantur
1461 660 1499 680 ex
1527 660 1613 687 asse,
1643 650 1750 689 quidve

1007 703 1167 738 operentur
1200 699 1343 728 adversus
1376 699 1447 729 haec
1470 704 1568 729 nostra
1592 698 1726 728 mandata
1741 723 1749 736 ,

1007 746 1091 777 nobis
1114 747 1263 785 defectus,
1288 747 1337 776 ubi
1370 747 1440 784 hos,
1464 747 1488 777 si
1515 747 1606 786 aliqui
1636 751 1751 786 praeter

1007 804 1087 834 spem
1110 800 1240 825 nostram
1260 804 1375 825 omnem
1399 795 1597 833 contigerint,
1621 796 1749 824 fraterna

1006 843 1167 874 admonitio
1191 853 1247 874 non
1271 844 1405 883 dissipet,
1429 844 1525 874 debite
1548 844 1696 875 relaturis.

1046 901 1084 922 iv.
1119 892 1213 927 Quare
1247 892 1513 931 praesentabuntur
1548 901 1663 931 semper
1696 891 1750 921 viri

1007 950 1074 970 cum
1095 941 1220 971 scientia
1236 946 1296 971 tum
1313 945 1341 971 et
1358 941 1432 971 vitae
1448 940 1642 970 sanctimonia
1659 940 1747 978 clari,

1006 989 1087 1027 iusti,
1112 989 1289 1029 incorrupti,
1315 989 1433 1028 integri,
1457 998 1561 1019 suaves
1585 992 1613 1018 et
1630 988 1750 1018 insimul

1005 1038 1119 1076 severi,
1144 1047 1270 1077 graves,
1295 1047 1434 1076 sagaces,
1460 1042 1515 1067 tam
1541 1038 1569 1067 in
1594 1037 1748 1076 polemica,

1005 1096 1091 1126 quam
1115 1087 1144 1116 in
1168 1088 1204 1117 iis
1227 1097 1301 1127 qnae
1323 1088 1358 1116 ad
1382 1086 1607 1126 promovendam
1625 1085 1751 1116 haereti-

1004 1136 1096 1166 calem
1110 1136 1332 1175 inquisitionem
1347 1136 1527 1173 conducunt,
1541 1135 1616 1165 bene
1629 1135 1748 1172 versati;

1005 1194 1058 1214 nec
1081 1185 1228 1224 accipient
1251 1184 1293 1214 illi
1315 1194 1330 1214 a
1352 1184 1477 1214 subditis
1494 1184 1587 1223 quoad
1604 1184 1750 1214 missionis

1006 1242 1113 1262 munus
1128 1234 1171 1263 eis
1186 1233 1327 1262 subiectis
1349 1233 1552 1271 eleemosynas
1572 1242 1623 1271 pro
1640 1233 1748 1270 missis,

1004 1281 1097 1311 aliave
1122 1290 1255 1319 munera,
1280 1282 1376 1311 forent
1399 1281 1466 1311 licet
1489 1282 1639 1312 esculenta
1657 1287 1684 1312 et
1700 1292 1749 1322 po-

1004 1330 1132 1368 culenta,
1157 1330 1248 1359 multo
1271 1329 1367 1359 minus
1390 1330 1484 1360 adhuc
1508 1330 1680 1360 collecturas
1698 1340 1750 1360 seu

1004 1383 1163 1418 quaestuas
1185 1378 1363 1415 instituent,
1388 1378 1433 1408 his
1455 1383 1483 1408 et
1505 1379 1564 1408 illis
1586 1379 1691 1409 ceteris
1713 1379 1749 1410 de

1005 1427 1181 1457 monasterio
1204 1426 1348 1467 patribus,
1367 1432 1397 1457 ut
1414 1428 1554 1457 hactenus
1570 1427 1747 1465 habuerunt,

1003 1475 1112 1506 illaesis
1130 1476 1262 1513 retentis3
1277 1476 1326 1515 qui
1343 1476 1520 1506 missionarii
1537 1477 1669 1516 insuper,
1685 1487 1749 1517 per-

1003 1525 1126 1555 durante
1149 1525 1307 1554 ministerii
1339 1534 1440 1554 eorum
1465 1525 1654 1564 praedefinito
1679 1531 1749 1556 tem-

1004 1583 1084 1613 pore,
1100 1574 1330 1613 Lungaviensem
1345 1575 1556 1613 praefecturam
1573 1575 1672 1614 egredi
1690 1585 1747 1606 non

1003 1628 1158 1663 poterunt,
1183 1633 1198 1653 a
1222 1623 1306 1653 nobis
1330 1624 1373 1653 vel
1397 1623 1616 1654 successoribus
1639 1625 1747 1655 nostris

1003 1683 1060 1703 non
1084 1672 1255 1713 praehabita
1274 1673 1404 1711 licentia,
1422 1673 1464 1703 eis
1480 1677 1672 1704 veruntamen
1689 1683 1747 1704 non

1003 1723 1058 1753 nisi
1081 1722 1163 1761 gravi
1186 1723 1221 1753 de
1244 1724 1331 1753 causa
1354 1723 1536 1761 deneganda.

1042 1780 1067 1801 v.
1094 1771 1174 1802 Licet
1189 1776 1285 1802 autem
1304 1771 1407 1802 Ordini
1423 1776 1471 1802 tuo
1488 1772 1663 1812 apostolicae
1679 1773 1747 1803 mis-

1002 1820 1094 1850 sionis
1114 1829 1221 1851 munus
1237 1821 1266 1850 in
1284 1820 1436 1860 praedicta
1452 1821 1647 1859 Lungaviensi
1664 1831 1747 1861 prae-

1002 1869 1117 1900 fectura
1140 1869 1283 1908 privative
1306 1869 1536 1906 committamus,
1561 1870 1687 1900 liberum
1707 1875 1748 1901 ta-

1004 1927 1069 1948 men
1092 1918 1176 1948 nobis
1198 1922 1226 1948 et
1248 1918 1469 1948 successoribus
1492 1919 1599 1949 nostris
1622 1929 1749 1950 essevo-

1003 1967 1100 1997 lumus
1124 1967 1195 1996 alios
1214 1976 1330 2007 quoque
1352 1966 1475 1997 alterius
1499 1967 1650 2005 religionis
1670 1968 1747 1998 viros

1003 2017 1034 2046 in
1056 2015 1289 2055 Lungaviensem
1311 2015 1476 2046 districtum
1500 2016 1535 2046 ad
1553 2020 1666 2056 tempus
1683 2017 1748 2047 mit-

1004 2071 1083 2105 tere,
1111 2065 1313 2096 missionarios
1340 2066 1375 2096 de
1408 2066 1545 2096 districtu
1578 2076 1647 2096 vero
1676 2067 1747 2097 alibi

1004 2115 1092 2146 etiam
1120 2120 1148 2146 et
1171 2119 1251 2145 extra
1276 2115 1360 2145 illum
1383 2115 1417 2145 ad
1441 2115 1613 2154 missiones,
1637 2116 1747 2156 pariter

1004 2169 1102 2195 tamen
1125 2164 1159 2194 ad
1183 2168 1316 2204 tempus,
1341 2163 1497 2202 ablegare,
1522 2164 1661 2194 missione
1695 2175 1746 2205 pro

1005 2211 1138 2251 patribus
1161 2212 1204 2241 tui
1226 2211 1345 2241 Ordinis
1368 2215 1568 2241 verumtamen
1588 2211 1617 2241 in
1634 2212 1747 2250 Lunga-

1004 2261 1052 2291 via
1075 2261 1224 2300 praedicta
1246 2260 1349 2290 harum
1374 2264 1474 2290 tenore
1501 2270 1617 2300 semper
1639 2262 1698 2290 fixa
1720 2265 1746 2291 et

1004 2311 1034 2340 in
1057 2320 1109 2340 suo
1131 2309 1236 2340 robore
1259 2309 1345 2339 firma
1367 2313 1514 2339 manente.

1045 2358 1164 2389 Curabit
1197 2358 1318 2398 proinde
1351 2358 1511 2397 paternitas
1541 2362 1614 2395 tua,
1647 2358 1747 2398 tuique

1004 2417 1190 2438 successores
1212 2416 1325 2445 omnes,
1350 2407 1497 2447 perpetuis
1516 2407 1621 2437 suturis
1637 2411 1747 2446 tempo-

1004 2457 1099 2495 ribus,
1123 2461 1154 2487 ut
1177 2461 1235 2487 tam
1257 2457 1385 2486 salutare
1408 2461 1540 2486 nostrum
1563 2456 1746 2495 propositum

1004 2506 1141 2537 alacriter
1172 2509 1365 2545 exequantur,
1389 2509 1476 2544 atque
1504 2505 1533 2534 in
1563 2509 1674 2544 partem
1698 2514 1747 2544 pa-

1004 2555 1121 2585 storalis
1143 2559 1259 2585 nostrae
1288 2554 1496 2584 sollicitudinis
1518 2553 1612 2583 vocati
1640 2553 1695 2583 rite
1717 2558 1746 2584 et

222 2614 324 2636 eorum
356 2603 463 2644 quibus
485 2604 540 2643 ipsi
565 2603 673 2633 subditi
697 2613 730 2634 ex
754 2604 889 2643 delegata
910 2614 963 2635 no·
1003 2604 1112 2643 iugiter
1133 2603 1272 2643 expleant
1294 2603 1366 2634 haec
1382 2607 1483 2634 nostra
1501 2602 1646 2633 mandata.
1664 2602 1745 2639 Quod

274 2662 355 2692 Bull.
374 2662 456 2692 Rom.
476 2677 510 2682 —-
533 2662 594 2691 Vol.
615 2662 716 2693 XXIV.
862 2662 897 2689 66

1762 210 1811 238 An.
1830 210 1861 240 C.
1882 211 1946 239 1730
