2232 3178
262 242 310 266 An.
328 239 357 266 C.
381 238 449 266 ¹738
495 229 559 263 449.

458 291 544 328 ponat
567 296 683 327 praeses
706 290 894 326 praeceptum
918 285 1053 315 omuibus
1081 289 1109 314 et
1141 285 1200 314 sin-

459 336 534 374 gulis
564 334 730 369 vocalibus,
765 338 796 364 ut
828 334 905 363 inter
937 333 1063 373 spatium
1098 333 1200 371 viginti

460 388 584 424 quatuor
606 383 744 412 horarum
777 382 907 412 revelent
940 385 1006 411 ante
1044 381 1140 420 ipsum
1173 385 1200 410 et

460 432 643 462 manifestent
665 431 926 470 impedimentum,
950 430 973 460 si
1005 430 1081 469 quod
1105 430 1200 459 forsan

461 481 566 518 suerit,
597 480 708 509 ratione
740 480 823 509 cuius
856 479 962 518 aliquis
995 488 1032 508 ex
1065 478 1202 518 praelatis

461 530 575 559 noviter
598 528 698 558 electis
721 537 777 557 non
802 528 893 566 possit
922 536 976 557 nec
1005 526 1107 556 debeat
1136 536 1204 556 con-

463 578 575 607 firmari
597 577 626 607 in
649 586 702 606 suo
725 576 831 606 officio.
857 576 937 611 Quod
961 576 986 605 si
1008 575 1125 615 aliquod
1152 575 1204 604 im-

463 627 660 666 pedimentum
683 626 835 654 inventum
866 624 973 660 suerit,
1003 624 1037 653 ad
1071 623 1203 653 definito-

463 675 538 704 rium
562 673 696 712 generale
719 673 836 703 Ordinis
859 676 970 712 spectat
999 671 1140 701 iudicium
1170 671 1205 701 de

464 724 531 759 illo;
553 723 633 752 nullo
655 727 750 751 autem
775 722 906 758 invento,
930 721 1089 760 capitulum
1113 724 1204 750 totum

465 772 617 802 confirmet
640 770 811 800 electionem
836 769 963 799 ministri
986 769 1132 806 generalis
1154 768 1193 799 Or

465 820 541 850 dinis
563 820 642 849 iuxta
665 819 756 848 Breve
786 818 878 848 sclicis
911 818 1125 847 recordationis
1154 817 1206 846 l'r-

466 870 533 900 bani
557 870 649 908 Papae
672 869 745 898 vlll.
768 868 877 897 Deinde
900 877 1000 897 omnes
1028 867 1141 896 vocales
1173 867 1206 896 ad

466 920 544 949 illius
560 918 730 948 electionem
747 918 923 947 confirment
939 916 1111 946 electionem
1130 925 1207 945 com-

467 967 593 997 missarii
616 966 762 1005 generalis
792 965 936 995 familiae:
961 969 989 994 et
1020 969 1117 1004 postea
1150 964 1206 993 duo

467 1016 631 1047 definitoria
657 1015 743 1044 simul
767 1024 832 1044 cum
866 1013 999 1053 praeside
1031 1013 1207 1042 confirment

467 1065 625 1096 electiones
647 1064 835 1094 definitorum
866 1063 1047 1099 generalium
1070 1061 1206 1092 Ordinis:

467 1124 500 1144 ac
517 1114 646 1149 demum,
663 1112 765 1142 ordine
783 1116 900 1141 servato
916 1111 1103 1149 electionum,
1122 1120 1209 1149 quae-

468 1163 539 1193 lihet
561 1162 667 1191 familia
686 1171 751 1190 cuin
772 1160 904 1200 praeside
923 1160 1076 1189 confirmet
1093 1159 1210 1189 electio-

468 1221 520 1241 nes
544 1220 615 1250 quas
638 1209 778 1239 canonice
801 1209 878 1238 fecit.

508 1269 578 1288 xxx.
601 1259 652 1288 llis
674 1257 826 1296 expeditis,
849 1256 944 1286 socius
968 1256 1134 1295 proi-inciae
1152 1265 1211 1285 mo-

469 1308 614 1338 dernioris
637 1307 766 1336 cuiusvis
789 1305 914 1335 familiae
936 1309 1046 1343 surgat,
1066 1309 1093 1334 et
1112 1314 1209 1334 coram

471 1357 598 1396 capitulo
625 1356 701 1393 legat
732 1354 895 1392 catalogum
929 1353 1131 1392 religiosorum
1163 1354 1211 1393 qui

470 1406 500 1435 in
523 1405 572 1434 illo
596 1403 722 1434 triennio
745 1403 774 1432 in
798 1404 858 1431 tota
880 1403 930 1431 suri
954 1402 1064 1431 familia
1081 1402 1212 1431 decesse-

471 1458 562 1491 runt,
587 1462 673 1492 quem
697 1452 739 1481 illi
764 1451 877 1481 tradere
912 1455 1050 1480 tenentur
1082 1451 1211 1480 eiusdem

472 1502 597 1533 familiae
620 1501 825 1541 provinciales.
851 1500 961 1530 Deinde
991 1503 1092 1537 surgat
1120 1509 1215 1529 secre-

473 1552 563 1581 tarius
586 1550 725 1589 capituli,
750 1554 777 1579 et
808 1559 905 1579 coram
929 1554 987 1578 toto
1017 1549 1104 1578 etiam
1138 1550 1215 1587 capi-

475 1600 534 1630 tulo
564 1600 641 1637 legat
669 1599 827 1628 electiones
855 1607 972 1635 ornnes,
1008 1602 1132 1634 statuta,
1167 1597 1213 1626 de-

474 1653 551 1679 creta
571 1653 598 1678 et
621 1653 716 1678 cetera
741 1647 837 1676 omnia
861 1652 922 1676 acta
946 1651 973 1675 et
1006 1646 1146 1685 disposita
1181 1645 1216 1675 ab

474 1700 599 1737 utraque
624 1697 733 1726 familia
757 1697 784 1725 in
810 1696 871 1734 ipso
895 1695 1031 1733 capitulo.
1054 1694 1131 1730 Quae
1148 1704 1217 1723 cuu-

474 1751 517 1776 cta
541 1746 647 1776 debent
668 1754 731 1774 esse
754 1745 861 1783 scripta
886 1745 914 1773 in
938 1743 1012 1773 libro
1034 1743 1152 1782 capituli
1170 1753 1217 1781 ge-

475 1796 601 1833 neralis,
626 1804 690 1824 cum
715 1794 902 1823 annotatione
926 1794 954 1822 in
978 1792 1108 1831 qualibet
1136 1802 1219 1831 prae-

475 1845 600 1873 latorum
624 1843 767 1872 ele-tione
790 1842 902 1871 numeri
926 1842 1131 1879 suffragiorum
1153 1851 1220 1870 con-

477 1893 657 1923 currentium
673 1892 706 1921 ad
724 1891 819 1926 illam,
834 1894 862 1920 et
878 1891 922 1920 his
935 1891 1017 1920 lectis
1032 1890 1219 1920 subscribant

478 1942 507 1972 in
527 1942 626 1971 endem
644 1940 719 1970 libro
735 1948 836 1969 omnes
859 1939 990 1974 vocales,
1009 1939 1057 1977 qui
1074 1948 1166 1978 usque
1185 1939 1218 1968 ad

478 1992 553 2021 hanc
570 1990 646 2020 [lieni
660 1993 688 2018 et
704 1990 864 2018 sessionem
881 1987 987 2017 debent
1003 1996 1066 2017 esse
1082 1988 1220 2026 aequales

479 2040 554 2069 inter
570 2048 611 2075 se,
630 2042 658 2067 et
674 2046 774 2066 omnes
790 2046 804 2065 a
822 2037 882 2065 solo
901 2036 1033 2075 praeside
1054 2036 1219 2073 licentiam,

480 2087 613 2124 socium,
645 2085 903 2122 benedictionem,
941 2084 1118 2122 signumque
1148 2084 1220 2113 reci-

481 2146 560 2176 pere,
578 2135 723 2174 quamvis,
741 2134 834 2173 quoad
859 2133 1075 2172 precedentiam
1099 2133 1176 2162 inter
1192 2142 1222 2162 se

481 2190 509 2215 et
525 2189 640 2214 actuum
659 2183 897 2223 praesidentiam,
915 2182 1076 2212 servandus
1092 2182 1130 2212 sit
1153 2182 1222 2211 ordo

481 2233 676 2273 supradictus.
696 2231 756 2267 Quo
774 2232 848 2260 sacto
864 2231 1036 2260 dissolvitur
1051 2231 1223 2269 capitulum.

522 2291 598 2311 xxxi.
621 2281 741 2319 Semper
763 2280 882 2318 capituli
902 2279 1047 2317 generalis
1064 2284 1121 2309 tres
1137 2285 1224 2309 erunt

483 2330 617 2371 publicae
629 2329 784 2359 conciones
802 2329 964 2367 missaeque
977 2329 1133 2364 solemnes,
1148 2328 1222 2357 duae

483 2390 518 2411 ex
540 2378 744 2409 festivitatibus
767 2378 884 2408 Ordinis
906 2378 941 2407 ad
964 2377 1118 2407 arbitrium
1142 2387 1224 2416 prae-

484 2429 570 2464 sidis,
595 2428 644 2467 qui
669 2432 798 2465 tempore
821 2432 887 2466 apto
910 2435 1028 2456 monere
1051 2426 1136 2455 dehet
1159 2436 1224 2465 pro-

485 2477 624 2507 vinciales
648 2486 716 2505 suae
739 2476 865 2505 familiae
889 2479 920 2505 ut
937 2475 1153 2514 praedicatores
1173 2475 1223 2504 eli-

485 2529 569 2564 gant,
594 2534 666 2563 quos
694 2524 861 2562 voluerint,
887 2533 937 2563 pro
960 2524 1156 2553 determinata
1188 2523 1223 2553 ab

486 2575 549 2612 ipso
572 2572 704 2612 praeside
726 2573 866 2602 concione
888 2572 1021 2602 facienda
1044 2572 1073 2602 in
1096 2572 1224 2611 capitulo

487 2622 546 2651 illo.
580 2621 729 2652 Mouemus
762 2625 859 2651 tamen
893 2621 1105 2662 provinciales,
1129 2625 1176 2658 ut,
1200 2620 1224 2650 si

1048 235 1233 260 BULLARIUM
1259 235 1415 259 ROMANUM

1244 284 1463 314 concionatores
1487 283 1530 313 vel
1553 283 1741 314 concionator
1759 283 1865 323 aliquis
1888 282 1981 314 satiri-

1243 342 1275 362 ce
1300 333 1334 362 ad
1358 342 1490 363 murmur
1514 332 1611 372 populi
1634 333 1818 362 excitandum
1837 332 1881 362 vel
1904 340 1983 362 com-

1244 381 1416 420 placendum
1437 381 1681 420 praedicaverint,
1706 381 1784 410 illico
1800 384 1828 410 et
1844 385 1983 419 perpetuo

1246 429 1430 468 praedicandi
1446 433 1474 459 et
1492 429 1685 459 concionandi
1700 429 1833 459 licentias
1851 429 1984 458 auferant

1246 477 1289 507 vel
1313 477 1472 514 licentiam,
1496 478 1580 514 itaut,
1605 477 1660 507 nisi
1683 477 1718 507 de
1740 486 1883 507 consensu
1906 477 1985 515 capi-

1247 526 1299 555 tuli
1322 526 1466 564 generalis
1483 526 1591 563 futuri,
1610 526 1740 563 minime,
1765 525 1812 565 qui
1832 525 1983 563 defecerit,

1248 574 1338 613 possit
1361 574 1436 604 intra
1460 584 1512 604 nec
1534 579 1617 604 extra
1641 574 1742 604 domos
1764 577 1878 604 nostras
1896 573 1986 613 Spiri-

1248 627 1294 653 tus
1316 623 1414 653 Sancti
1437 623 1593 653 ascendere
1621 623 1802 653 cathedram.
1832 622 1890 651 Iam
1923 631 1987 661 per-

1248 672 1322 702 fecto
1344 671 1543 711 dissolutoque
1576 671 1722 710 capitulo,
1747 680 1854 700 novum
1883 670 1987 700 defini-

1250 721 1354 751 torium
1377 721 1512 759 generale
1535 721 1652 751 Ordinis
1681 720 1777 750 visitet
1805 719 1988 759 superiorem

1249 769 1415 808 generalem
1439 775 1467 799 et
1489 769 1660 799 definitores
1684 767 1987 807 generalesssrdinis,

1250 818 1300 857 qui
1323 818 1378 847 iam
1403 818 1493 847 suncti
1526 827 1578 847 suo
1612 826 1732 847 munere
1764 817 1882 846 fuerint.
1917 816 1989 846 Item

1251 876 1342 895 novus
1370 866 1502 896 minister
1535 866 1679 904 generalis
1702 869 1730 895 et
1759 865 1836 894 idem
1852 865 1860 881 ¹
1882 873 1990 894 novum

1991 237 2042 263 An.
2056 236 2084 264 C.
2104 238 2165 270 17oe

1251 915 1448 944 definitorium
1471 914 1605 952 generale
1628 914 1726 944 visitet
1743 913 1923 953 superiorem
1943 922 1992 951 ge·
2037 946 2040 949 ,

1252 964 1380 994 noralem
1418 967 1446 993 et
1482 963 1649 992 definitores
1682 963 1833 1001 generales
1866 961 1992 991 familiae

1251 1014 1301 1053 qui
1336 1013 1368 1042 in·
1395 1013 1444 1042 illo
1477 1012 1605 1051 capitulo
1638 1011 1798 1051 spirarunt.
1820 1010 1993 1040 Huiusmodi

1251 1067 1348 1104 autem
1371 1061 1498 1091 visitatio
1521 1062 1570 1090 slat
1592 1061 1671 1090 iuxta
1694 1060 1816 1090 dicenda
1839 1069 1903 1100 cap.
1932 1069 1990 1098 xu,

1252 1112 1322 1151 gt,
1354 1120 1432 1140 num.
1464 1119 1501 1140 1v.
1535 1110 1568 1140 Et
1600 1110 1726 1149 receptis
1758 1108 1993 1148 depositionibus

1253 1159 1458 1200 capitularium
1475 1163 1575 1189 contra
1592 1158 1669 1195 illos,
1686 1158 1912 1197 visitationeque
1925 1167 1994 1187 con-

1254 1209 1331 1238 clusa
1356 1208 1438 1247 (nisi
1461 1208 1533 1237 sorte
1563 1207 1752 1237 insinuentur
1784 1207 1886 1246 culpae
1918 1215 1993 1246 quae

1256 1257 1393 1286 maiorem
1413 1256 1634 1295 inquisitionem
1651 1260 1736 1295 atque
1753 1264 1876 1285 examen
1895 1254 1993 1294 requi-

1255 1311 1342 1344 rant,
1368 1315 1433 1336 nain
1458 1311 1527 1335 tunc
1550 1305 1598 1335 siet
1620 1305 1696 1344 quod
1717 1304 1804 1334 citato
1825 1303 1951 1343 capitulo
1968 1307 1996 1334 et

1257 1355 1436 1394 paragrapho
1467 1354 1663 1393 disponitur),
1688 1354 1775 1383 missa
1799 1352 1937 1383 solemnis
1960 1353 1995 1383 de

1257 1405 1398 1443 Requiem
1423 1412 1474 1442 pro
1499 1403 1642 1432 defunctis
1665 1402 1809 1441 religiosis
1837 1406 1865 1432 et
1880 1401 1997 1432 benefa-

1256 1452 1384 1482 ctoribus
1406 1452 1541 1487 Ordinis,
1565 1455 1593 1481 et
1614 1451 1714 1481 concio
1738 1451 1878 1480 habeatur
1900 1451 1997 1490 (quae

1257 1501 1435 1540 crittertia),
1453 1501 1582 1530 facienda
1607 1500 1642 1529 ab
1666 1500 1763 1539 aliquo
1780 1500 1858 1529 illius
1881 1499 1998 1538 provin-

1258 1551 1330 1586 ciae,
1352 1550 1379 1579 in
1397 1559 1452 1589 qua
1470 1550 1628 1588 capitulum
1647 1548 1820 1586 celebratur,
1835 1548 1913 1581 iuxta
1931 1557 1997 1587 pro-

1260 1599 1391 1628 vincialis
1415 1598 1598 1628 electionem.
1623 1598 1682 1633 Qua
1701 1598 1850 1627 functione
1867 1598 1996 1636 peracta,

1260 1648 1436 1687 capitulares
1459 1656 1490 1676 se
1514 1651 1613 1676 mutuo
1632 1647 1773 1676 charitate
1794 1647 1922 1676 fraterna
1939 1655 1999 1675 am-

1262 1697 1459 1735 plexentur,et
1469 1696 1497 1724 in
1508 1700 1746 1725 suosconventus
1760 1695 1996 1734 proficiscantur.

1300 1756 1319 1774 1.
1344 1745 1401 1774 Nec
1425 1750 1505 1784 pater
1529 1745 1661 1774 minister
1683 1744 1839 1782 generalis,
1860 1753 1912 1774 nec
1926 1744 2000 1774 alius

1261 1795 1395 1833 superior
1409 1794 1500 1823 nostri
1514 1793 1632 1823 Ordinis
1645 1793 1750 1822 habeat
1766 1793 1810 1823 ius
1830 1792 1999 1822 nominandi

1264 1844 1306 1872 vel
1332 1842 1512 1881 proponendi
1535 1843 1662 1881 aliquam
1686 1850 1840 1881 personam
1863 1841 2002 1871 determi-

1263 1896 1358 1920 natam
1383 1895 1413 1920 ut
1429 1891 1563 1928 eligatur.
1581 1890 1689 1920 Poterit
1709 1894 1806 1920 tamen
1829 1890 2003 1930 quandoque

1263 1940 1479 1975 definitorinm,
1503 1940 1527 1968 si
1558 1939 1600 1969 illi
1624 1939 1760 1978 expedire
1789 1939 1880 1969 visui-n
1903 1939 2002 1977 suerit,

1264 1989 1377 2028 aliquas
1400 1997 1538 2027 personas
1561 1996 1725 2026 proponere
1747 1997 1782 2017 ex
1804 1987 2003 2025 eligibilibus,

1266 2037 1461 2076 relinquendo
1483 2041 1578 2065 tamen
1602 2036 1743 2066 electores
1767 2036 1872 2066 liberos
1895 2040 1926 2066 ut
1947 2036 2006 2066 suf-

1266 2086 1355 2123 fragia
1380 2094 1430 2114 sna
1454 2084 1511 2113 illis
1527 2084 1571 2113 vel
1588 2084 1651 2114 aliis
1668 2089 1813 2123 praestent
1832 2093 1866 2113 ex
1883 2084 2003 2114 eisdem.

1305 2143 1335 2163 n.
1354 2134 1509 2173 Postquain
1524 2142 1624 2163 omnes
1640 2142 1690 2163 sua
1708 2133 1846 2171 suffragia
1862 2133 2006 2164 dederunt

1267 2183 1295 2211 in
1320 2182 1448 2222 qnalibet
1471 2182 1633 2219 electione,
1658 2186 1834 2212 scrutatores
1861 2182 1909 2211 illa
1939 2186 2006 2212 ante

1266 2231 1363 2260 omnia
1387 2235 1554 2266 numerent,
1579 2230 1752 2260 attendendo
1775 2240 1810 2260 an
1833 2239 2006 2270 correspon-

1266 2279 1352 2308 deant
1388 2283 1415 2309 et
1452 2279 1582 2318 aequalia
1606 2280 1665 2309 sint
1693 2288 1815 2308 numero
1848 2279 2004 2310 vocalium.

1266 2328 1346 2363 Quod
1369 2328 1392 2357 si
1416 2328 1453 2357 ita
1477 2332 1531 2364 est,
1556 2328 1667 2367 priinus
1690 2333 1834 2358 scrutator
1855 2328 1904 2358 illa
1925 2337 2007 2368 repo-

1268 2381 1315 2405 nat
1338 2377 1366 2406 in
1391 2378 1484 2414 urna,
1505 2381 1533 2406 et
1557 2381 1656 2415 postea
1679 2376 1847 2414 singillatim
1871 2377 2007 2407 extrahat

1267 2430 1294 2455 et
1320 2426 1412 2464 legat,
1440 2430 1468 2455 et
1495 2425 1614 2463 legenda
1639 2425 1776 2463 praebeat
1802 2424 1916 2455 duobus
1939 2425 2007 2455 aliis

1267 2473 1490 2510 scrutatoribus,
1508 2478 1535 2503 et
1550 2474 1725 2503 secretarius
1747 2474 1881 2503 scrutinii
1903 2473 1952 2503 illa
1968 2473 2006 2504 si-

1267 2523 1388 2560 gillatim
1412 2522 1520 2551 scribat
1535 2526 1562 2551 et
1580 2526 1719 2551 numeret.
1743 2521 1771 2552 Si
1791 2531 1871 2560 vero,
1889 2522 2005 2561 quando

1267 2571 1422 2600 scindulae
1445 2576 1646 2608 numerantur,
1664 2580 1720 2600 non
1739 2570 1881 2601 accedunt
1903 2571 1938 2601 ad
1954 2581 2009 2602 nu-

1306 2626 1314 2651 l
1334 2623 1435 2651 Forsan
1450 2623 1520 2651 icem
1535 2631 1584 2659 pro
1602 2623 1677 2650 idem
1692 2623 1839 2659 legendum
1854 2625 1893 2659 (n.
1910 2623 1960 2660 Tu).

2080 1761 2116 1789 5⁶

2039 1789 2068 1810 De
2078 1777 2138 1809 modo
2147 1793 2187 1809 tor·
2208 1782 2209 1801 i
2225 1794 2232 1804 τ

2014 1815 2081 1836 vando
2108 1815 2127 1836 in
2147 1813 2186 1835 oln-
2208 1801 2214 1831 i

2015 1841 2118 1862 ctinnibus
2160 1839 2187 1862 &-

2013 1869 2102 1890 ciendis.
2210 1879 2213 1882 >

2189 177 2193 188 ⁴
2224 195 2232 226 1

2224 234 2232 275 t
