2232 3178
286 242 475 269 An.c.1739
521 233 583 266 542

480 301 549 323 rum
589 291 824 324 venerabilium
861 292 993 324 fratrum
1030 296 1217 324 nostrorum

1061 241 1247 267 BULLARIUM
1274 241 1435 267 Romnum
2001 245 2051 272 An.
2073 245 2103 271 c.
2127 246 2211 286 ’τως

1260 290 1323 323 lica
1347 290 1505 333 religione
1535 301 1666 334 semper
1700 292 1761 325 sibi
1798 302 1834 325 ac
1869 292 2088 336 potissi-emma
2106 290 2210 350 genere}

1969 345 1974 351 .
2011 331 2040 352 lia
2061 334 2153 354 coniitia.

350 1252 462 1278 [inrogati-2

280 1281 441 1301 contrariorum.

279 2592 355 2612 Habita
376 2592 458 2612 taudem

279 2619 363 2642 Ordinis
384 2619 460 2642 Cister-

479 343 622 376 ciusdem
649 344 680 376 S.
709 344 744 377 [l.
772 344 805 376 E.
834 344 1044 377 cardinalium
1070 344 1214 386 Congre-

480 396 620 436 gationis
646 397 811 439 praefatae
839 397 1024 439 specialiter
1048 397 1217 440 deputato-

479 458 547 479 rum
574 449 722 488 consilio,
748 449 782 481 B.
804 449 842 481 M.
864 449 897 481 V.
918 449 1158 481 lmmaculatam
1185 450 1215 481 in

478 499 692 542 principalem
719 501 808 543 regni
830 501 966 544 praefati
987 507 1165 543 patronam,
1185 507 1217 533 ut

478 552 599 584 maiora
625 552 730 585 eidem
758 564 886 597 semper
908 564 924 586 a
945 553 1215 587 christifidelibus

478 604 708 646 impendantur
733 606 899 649 obsequia,
925 612 955 639 et
981 606 1135 649 religiosa
1161 618 1217 650 po-

477 657 626 699 pulorum
654 658 756 701 pietas
782 660 1048 703 praesentissimo
1071 660 1215 693 eiusdem

478 710 602 742 fruatur
617 711 808 754 patrocinio,
825 719 987 756 quatenus
1004 724 1086 756 opus
1100 713 1151 753 sit,
1164 724 1216 746 au-

477 763 626 796 ctoritate
645 765 834 807 apostoliea,
848 770 961 798 tenore
979 766 1213 808 praesentium,

476 816 581 850 denuo
607 818 856 859 confi1·mamus;
884 830 1011 852 necnon
1038 821 1127 853 clero
1145 830 1215 852 sae-

475 870 575 902 culari
604 871 697 903 totius
724 872 859 914 praefati
886 872 997 914 regni,
1022 877 1057 904 ut
1081 880 1216 916 quotan-

474 923 524 956 nis
550 923 664 956 festum
691 925 722 957 S.
750 925 909 958 Francisci
937 926 975 959 de
1007 926 1102 958 Paula
1139 933 1215 959 tam-

473 987 568 1019 quam
596 979 723 1020 patroni
746 979 937 1021 principalis
956 980 1102 1012 eiusdem
1121 980 1213 1022 regui

473 1040 510 1061 ex
536 1037 713 1073 praecepto
738 1031 902 1064 Ecclesiae
927 1032 1092 1073 recolant,
1118 1038 1214 1076 atque

474 1082 560 1115 illius
586 1084 729 1117 officium
761 1095 796 1117 ac
831 1086 961 1118 missam
998 1096 1070 1118 cum
1105 1088 1215 1119 octava

473 1136 609 1169 recitent
634 1142 666 1169 et
690 1138 872 1178 celebrent,
899 1139 1091 1172 auctoritate
1117 1145 1148 1172 et
1169 1145 1214 1172 te-

474 1199 553 1222 nore
579 1191 732 1232 praefatis
758 1191 969 1235 iniungimus.

517 1243 531 1286 ξ
556 1242 587 1275 li.
614 1243 684 1276 Non
711 1245 915 1278 obstantibus
941 1246 1150 1289 praemissis,
1178 1258 1214 1280 ac

474 1296 758 1330 constitutionibus
784 1304 815 1330 et
840 1299 1104 1332 ordinationibus
1141 1311 1215 1344 apo-

473 1350 602 1391 stolicis,
623 1357 664 1391 et,
684 1356 842 1394 quatenus
871 1363 952 1396 opus
977 1353 1029 1393 sit,
1055 1353 1131 1386 dicti
1159 1364 1210 1387 re-

473 1403 537 1445 gni,
555 1409 585 1437 et
599 1404 669 1437 aliis
687 1405 897 1447 quibuslibet,
911 1407 1213 1448 consuetudinibus,

472 1456 661 1500 privilegiis,
678 1458 813 1491 indultis
840 1464 872 1491 et
889 1459 1007 1492 litteris
1026 1461 1214 1503 apostolicis

474 1510 507 1542 in
533 1511 733 1544 eontrarium
758 1512 1013 1555 praemissorum
1039 1515 1215 1557 quomodo-

473 1563 553 1596 libet
577 1565 754 1606 concessis,
782 1565 981 1599 confirmatis
1007 1571 1062 1599 aut
1082 1567 1215 1600 innova-

473 1617 530 1657 tis;
554 1617 671 1660 quibus
691 1619 844 1652 omnibus
864 1624 895 1652 et
911 1619 1056 1662 singulis,
1076 1631 1135 1663 pro
1156 1621 1215 1652 hac

473 1674 597 1703 tantum
622 1671 704 1712 vice,
724 1676 756 1704 et
781 1672 819 1704 ad
845 1672 931 1705 hune
956 1673 1120 1706 dumtaxat
1138 1672 1214 1706 etse-

473 1728 568 1764 ctum,
586 1724 775 1767 specialiter
789 1730 819 1757 et
833 1735 989 1769 expresse
1004 1726 1212 1768 derogamus,

473 1777 656 1821 ceterisque
682 1779 855 1812 contrariis
882 1779 1150 1823 quibuscumque.

516 1830 630 1864 Datum
656 1830 794 1872 Romae,
828 1832 914 1875 apud
939 1831 969 1865 S.
1000 1832 1129 1865 Mariam
1157 1832 1215 1865 Ma-

472 1884 587 1924 iorem,
614 1884 673 1917 sub
699 1884 820 1917 annulo
846 1885 1030 1926 piscatoris,
1058 1885 1109 1919 dic
1135 1896 1214 1920 xvul

472 1935 580 1969 martii
604 1946 794 1979 noccxxmx,
811 1937 1017 1981 pontificatus
1035 1938 1138 1972 nostri
1165 1949 1215 1972 an·

472 1999 514 2023 no
539 2000 580 2024 lx.

508 2048 565 2075 Dat·
586 2048 630 2075 die
652 2049 683 2076 18
704 2049 794 2076 martii
816 2050 894 2085 1739,
915 2050 1012 2086 pontif.
1031 2059 1102 2078 auno
1125 2057 1161 2078 lx.

679 2099 738 2132 Pro
760 2099 893 2133 domino
918 2101 1004 2134 card.
1025 2100 1213 2142 Passmnno,

782 2152 959 2186 Cumanus
984 2154 1123 2187 Antros.

773 2275 911 2309 CCXLH.

473 2345 684 2388 Confirmatio
716 2346 856 2389 capituli
882 2346 1045 2390 qeneralis
1079 2347 1214 2381 Ordinis

517 2399 739 2433 cisterciensis
752 2410 835 2432 anno
847 2409 1026 2434 noccxxxrx
1044 2400 1212 2434 celebrato.

682 2466 817 2494 clemens
840 2466 920 2500 Papa
940 2467 1011 2501 ΧΠ,

614 2511 652 2538 acl
672 2511 811 2538 futuram
832 2511 877 2538 rei
897 2511 1082 2539 memoriam.

515 2573 586 2616 §l
619 2573 788 2607 Praeclara
824 2573 1046 2607 Cisterciensis
1083 2572 1215 2606 Ordinis

471 2628 511 2660 ab
536 2628 607 2671 ipso
633 2627 770 2661 instituti
792 2627 840 2662 sui
868 2627 999 2661 exordio
1018 2638 1078 2670 pro
1104 2627 1213 2662 catho-

1261 353 1348 374 mum
1374 343 1492 376 sanctis
1521 343 1688 387 Stephano
1714 350 1746 377 et
1773 345 1939 378 Bernardo
1967 356 2000 378 111

1262 395 1354 428 terris
1378 396 1550 437 agentibus
1579 402 1669 439 parta
1698 397 1811 430 merita
1843 398 1999 441 singulari

1260 449 1457 491 apostolicae
1475 449 1642 482 charitatis
1660 455 1691 482 et
1708 450 1892 493 pontificiae
1913 451 2001 484 beni-

1260 501 1391 542 gnitatis
1428 502 1533 534 studio
1568 512 1626 535 nos
1661 504 1925 546 complectentes,
1953 503 1999 536 in-

1260 553 1346 595 genti
1373 564 1446 586 cum
1473 555 1599 597 paterni
1637 555 1734 587 animi
1773 556 1875 588 nostri
1908 557 2000 589 volu-

1259 612 1346 649 ptate
1372 617 1614 649 exceperamus,
1642 608 1781 641 dilectos
1807 609 1890 642 lilios
1916 609 2000 642 eius-

1259 659 1331 691 dem
1351 659 1480 692 Ordinis
1498 661 1685 703 superiores
1703 666 1734 694 et
1751 661 1883 694 abbates
1902 661 2000 695 alios-

1260 722 1321 755 que
1354 723 1438 746 anno
1470 713 1616 756 proxime
1650 715 1787 758 elapso,
1821 715 1996 755 omnibus,

1261 776 1344 808 quae
1386 766 1544 799 hactenus
1584 767 1783 800 obstiterunt
1823 768 1999 811 quominus

1260 819 1429 860 generalia
1461 819 1590 852 Ordinis
1616 820 1772 863 praedicti
1799 821 1931 854 comitia
1955 821 2002 854 Ci—

1259 871 1366 904 stercii
1392 872 1628 906 Cabillonensis
1655 873 1812 907 dioecesis
1838 874 1998 907 haberen-

1260 930 1323 965 tur,
1343 936 1402 968 per
1427 936 1584 958 summam
1603 926 1839 969 omnipotentis
1857 926 1912 960 Dei
1938 928 2002 960 cle-

1258 978 1412 1010 mentiam
1439 979 1641 1021 compositis,
1660 979 1726 1012 illic
1751 990 1767 1012 a
1793 980 1844 1013 die
1869 991 1886 1013 v
1911 990 2001 1013 men-

1258 1030 1300 1062 sis
1336 1030 1411 1063 maii
1445 1041 1547 1074 usque
1580 1032 1618 1064 ad
1656 1032 1741 1065 diem
1777 1043 1816 1066 xx
1851 1032 1998 1065 eiusdem

1258 1083 1379 1115 mensis
1395 1083 1468 1116 anni
1484 1085 1619 1126 praefati
1638 1090 1864 1128 congregatos,
1882 1085 1998 1118 eadem

1258 1137 1424 1178 generalia
1449 1136 1578 1170 comitia
1609 1138 1804 1171 celebrasse.
1843 1138 1905 1171 Sed
1934 1149 1999 1172 ma-

1258 1189 1317 1222 iori
1355 1190 1477 1223 laetitia
1513 1190 1617 1223 affecti
1655 1202 1783 1232 sumus,
1820 1202 1890 1224 cum
1927 1197 1998 1225 acta

1258 1242 1401 1286 ipsorum
1443 1245 1608 1286 generalia
1647 1244 1871 1285 comitiorum,
1912 1246 1999 1278 varia

1258 1296 1408 1337 decreta,
1452 1297 1692 1338 ordinationes,
1734 1298 1998 1339 deliberationes,

1259 1350 1510 1384 constitutiones
1551 1357 1581 1385 et
1620 1352 1767 1385 mandata
1809 1362 1870 1395 pro
1909 1351 1998 1386 bono

1259 1403 1404 1436 eiusdem
1422 1403 1551 1437 Ordinis
1578 1410 1608 1437 et
1633 1405 1830 1439 monasticae
1853 1405 2000 1449 discipli-

1258 1467 1318 1489 nae
1343 1457 1502 1499 regimine
1528 1458 1658 1491 condita
1675 1463 1707 1491 et
1724 1463 1841 1492 statuta
1865 1458 1998 1491 insimul

1259 1510 1524 1553 complectentia,
1550 1511 1589 1543 ad
1609 1521 1688 1552 nos,
1716 1516 1751 1543 ut
1771 1511 1835 1545 illis
1860 1517 1995 1555 aposto-

1258 1561 1340 1594 licae
1365 1562 1620 1596 confirmationis
1646 1564 1746 1596 robur
1769 1565 1996 1606 adliceremus,

1260 1614 1455 1656 transmissa,
1481 1620 1513 1648 ct
1538 1626 1555 1648 a
1579 1616 1838 1659 Congregatione
1862 1629 1998 1652 venera-

1258 1668 1372 1701 bilium
1398 1669 1532 1701 fratrum
1554 1675 1740 1703 nostrorum
1765 1670 1878 1703 S.R.E.
1900 1671 2001 1704 cardi-

1260 1722 1382 1756 nalium
1409 1722 1549 1765 negotiis
1575 1728 1606 1756 et
1624 1724 1916 1758 consultationibus
1934 1725 2001 1768 epi-

1261 1785 1432 1819 scoporum
1460 1780 1492 1808 et
1517 1776 1713 1818 regularium
1739 1777 1934 1820 praeposita,
1959 1777 2000 1810 ad

1259 1838 1354 1871 quam
1373 1828 1587 1861 examinanda
1604 1829 1841 1870 remiseremus,
1860 1839 2001 1874 expensa

1259 1885 1291 1913 et
1315 1881 1506 1924 approbata,
1534 1882 1713 1924 apostolico
1731 1882 1910 1916 munimine
1928 1892 2000 1916 cor·

1259 1934 1407 1967 roborari
1434 1944 1529 1977 posse
1555 1934 1746 1968 audivimus.

1302 1987 1317 2031 ἓ
1342 1987 1373 2020 ⁶2.
1401 1987 1635 2029 Quamobrem,
1661 1988 1782 2022 dilecto
1807 1988 1875 2022 filio
1900 1989 2001 2023 Phili·
2037 2000 2229 2024 remmam-,1

1258 2041 1352 2074 herto
1377 2041 1510 2082 Quarre,
1537 2041 1654 2075 abbate
1676 2041 1827 2075 Uterinae
1845 2042 1943 2076 Vallis
1969 2032 2056 2077 etiiiif¹
2083 2026 2183 2048 mmm*

1259 2094 1396 2137 praesati
1422 2094 1552 2127 Ordinis
1590 2100 1802 2138 procuratore
1838 2096 1997 2139 generali,

1258 2147 1351 2182 nohis
1376 2148 1547 2181 humiliter
1571 2149 1791 2193 supplicante,
1817 2155 1852 2182 ut
1875 2150 1942 2192 illa,
1965 2155 2002 2183 ut.

1257 2202 1486 2245 praemittitur,
1526 2205 1712 2246 opportuna
1751 2203 1999 2237 confirmatione

1257 2256 1388 2289 munire
1423 2255 1463 2289 de
1498 2255 1701 2299 benignitate
1736 2256 1918 2301 apostolica
1953 2256 1999 2290 di-

1258 2319 1455 2352 gnaremur:

1301 2363 1315 2406 g
1340 2362 1373 2396 3.
1399 2362 1463 2395 Nos
1487 2362 1606 2405 igitur,
1632 2362 1754 2396 dictum
1778 2363 1994 2397 philibertum
2010 2368 2182 2420 POEn-fisggizflrmtt

1257 2415 1452 2459 specialibus
1478 2416 1639 2450 favoribus
1657 2422 1688 2450 et
1713 2417 1824 2460 gratiis
1842 2428 1999 2461 prosequ1

1257 2470 1417 2510 volentes,
1444 2474 1476 2502 et
1499 2480 1516 2502 a
1544 2469 1708 2513 quibusvis
1733 2471 1997 2504 excommunica-

1258 2522 1370 2563 tionis,
1386 2522 1610 2566 suspensionis
1630 2529 1661 2556 et
1674 2523 1851 2563 interdicti,
1864 2523 1999 2568 aliisque
2028 2526 2030 2528 '

1257 2575 1486 2609 ecclesiasticis
1512 2576 1693 2617 sententiis,
1712 2576 1856 2610 censuris
1878 2582 1910 2610 ct
1925 2587 1998 2621 poe-

1256 2629 1317 2670 nis,
1344 2640 1361 2663 a
1386 2629 1456 2663 iure
1482 2630 1531 2663 vel
1551 2629 1589 2662 ab
1607 2629 1752 2673 homine,
1774 2629 1885 2674 quavis
1909 2640 1998 2664 occa-

2221 1660 2232 1730 -nu
