2232 3178
46 186 96 217 An.
113 184 141 213 C.
164 183 232 212 1734

850 179 994 206 CLEMENS
1019 179 1037 203 X
1044 179 1067 203 11
1092 179 1143 204 1³1².

244 230 482 271 festivitatibus,
509 241 546 264 ac
571 231 602 263 in
624 231 711 264 illius
737 229 869 273 Septem
893 229 987 263 Dolo·
1030 228 1164 261 vitatum
1183 228 1371 262 huiusmodi
1385 228 1523 272 singulis
1538 228 1630 261 annis
1646 228 1772 267 devote,

244 295 329 326 rum,
355 290 390 318 ut
413 284 608 328 praefertur,
627 284 811 326 nuncupata
828 288 859 316 et
884 282 988 316 domi-

245 338 317 374 nica
343 337 436 371 tertia
459 337 580 370 mensis
606 336 812 380 septembris,
837 342 873 368 ut
896 346 988 379 prae-

246 392 359 431 fertur,
376 391 535 424 celebrari
553 391 646 424 solita
662 390 844 431 festivitate,
861 389 988 423 etiamsi

247 445 302 478 illa
328 445 360 478 in
386 444 482 478 aliam
507 444 605 483 diem,
626 450 660 476 ut
677 443 871 488 praefertur,
898 452 988 475 cano-

246 498 319 531 nice
346 498 513 531 transferri
540 499 717 540 contingat,
738 495 917 539 respective
944 501 989 528 et-

246 551 308 583 iam
328 561 344 583 a
363 550 474 594 primis
493 550 639 594 vesperis
660 560 763 593 usque
781 550 822 582 ad
840 559 988 583 occasum

247 604 325 637 solis
350 604 553 647 singularum
591 608 733 647 quatuor
769 602 990 635 ultimodicta·

247 668 318 690 rum
345 658 553 691 festivitatum
580 657 712 690 easdem
739 656 893 690 ecclesias
913 655 988 689 dicti

247 711 378 744 Ordinis
406 711 502 743 etiam
528 709 620 743 annis
646 709 783 753 singulis
810 710 924 743 devote
945 709 990 741 vi-

247 764 432 804 silaverint,
456 763 602 807 inibique
627 773 688 807 pro
721 763 824 796 dictae
860 766 989 796 sanctae

248 818 359 851 matris
383 817 546 851 Ecclesiae
574 816 782 857 exaltatione,
802 827 838 849 ac
855 816 934 850 alias
955 822 990 848 ut

248 871 433 916 praefertur
458 871 637 915 respective
655 870 724 914 pias
742 871 781 904 ad
799 870 898 904 Deum
917 880 992 914 pre-

249 934 302 958 ces
328 923 518 964 ess'uderint,
545 930 577 958 et
605 924 714 968 quoad
751 922 989 957 ultimodictam

250 978 457 1011 festivitatem
484 978 568 1021 apud
595 979 696 1012 altare
722 988 779 1011 seu
805 977 989 1021 cappellam

249 1031 380 1075 Septem
410 1031 562 1065 Dolorum
595 1031 741 1064 eiusdem
769 1030 889 1064 B.M.V.
909 1040 992 1063 nun-

251 1091 386 1129 cupatae
413 1085 509 1119 etiam
531 1085 647 1118 devote
674 1085 847 1125 oraverint,
866 1084 992 1128 quoties

251 1139 282 1172 id
307 1140 340 1172 in
366 1141 562 1183 unaquaque
599 1150 635 1173 ex
668 1144 806 1182 quatuor
835 1137 994 1182 posterio-

251 1193 341 1226 ribus
367 1193 594 1226 festivitatibus
631 1192 821 1226 huiusmodi
847 1191 993 1236 egerint;

250 1256 381 1279 necnon
407 1245 560 1290 praefatis
591 1246 759 1290 utriusque
786 1256 881 1279 sexus
907 1246 995 1278 chri-

251 1298 447 1333 stifidelibus
469 1300 565 1334 etiam
590 1310 665 1333 vere
689 1299 938 1344 poenitentibus
963 1304 995 1333 et

251 1353 426 1394 confessis,
453 1363 488 1386 ac
513 1353 599 1386 dicta
625 1354 718 1386 sacra
742 1352 993 1393 communione,

251 1407 279 1440 si
305 1407 337 1440 id
363 1407 535 1441 commode
573 1407 643 1440 fieri
680 1407 820 1451 poterit,
848 1406 995 1448 refectis,

252 1460 301 1494 vel
325 1461 439 1494 saltem
465 1460 627 1501 contritis,
655 1460 731 1504 qui,
758 1465 930 1504 antequam
956 1471 994 1494 ex

253 1513 315 1547 hac
341 1514 404 1547 vita
427 1513 663 1557 migraverint,
690 1513 787 1547 etiam
812 1514 845 1546 in
879 1523 994 1547 eorum

253 1567 367 1601 mortis
393 1568 548 1607 articulo,
575 1567 607 1600 in
634 1567 800 1601 interioris
826 1567 993 1611 poeniten-

254 1620 317 1655 tiae
338 1621 477 1664 signum,
495 1621 642 1654 habitum
669 1631 730 1664 per
754 1621 869 1655 fratres
886 1621 993 1665 quoad

253 1674 339 1709 viros
364 1683 395 1708 et
420 1675 526 1719 quoad
552 1674 706 1708 mulieres
739 1685 799 1719 per
832 1675 995 1708 tertiarias

255 1728 330 1762 dicti
357 1728 484 1762 Ordinis
511 1728 693 1772 respective
719 1728 838 1772 gestari
864 1727 994 1762 solitum

255 1783 466 1817 deferendum
492 1783 589 1816 ctiam
620 1787 692 1827 post
716 1782 846 1816 illorum
871 1782 996 1816 obitum

255 1835 423 1870 humiliter
437 1836 602 1880 petierint,
617 1836 800 1881 respective
814 1836 996 1880 plenariam

255 1890 400 1925 omnium
425 1896 455 1923 et
481 1891 686 1934 singulorum
712 1900 847 1924 suorum
882 1899 997 1934 pecca-

257 1951 364 1979 torum
390 1944 628 1987 indulgentiam
654 1949 686 1978 et
710 1943 942 1977 remissionem
967 1954 998 1976 a·

257 1998 414 2043 postotica
432 1997 623 2031 auctoritate
648 1997 792 2041 praefata
809 1997 906 2030 etiam
927 2007 998 2040 per-

257 2059 355 2097 petuo
398 2051 603 2085 concedimus
649 2057 681 2085 et
715 2050 933 2094 impartimur.
961 2049 999 2084 Et

258 2106 381 2140 eisdem
407 2105 559 2139 fratribus
580 2109 613 2138 et
630 2104 826 2139 monialibus
847 2104 922 2138 dicti
943 2104 999 2138 Or-

260 2159 343 2192 dinis
368 2169 518 2202 expresse
535 2158 704 2202 professis‚
720 2158 816 2192 etiam
831 2168 907 2192 vere
925 2168 999 2202 poe-

259 2212 438 2246 nitentibus
462 2217 494 2246 et
518 2211 700 2253 confessis,
727 2222 763 2245 ac
792 2211 878 2245 dicta
911 2212 999 2245 sacra

261 2265 486 2299 communione
517 2265 669 2305 refectis,
695 2265 856 2309 praefatas
893 2265 1000 2298 eccle-

261 2317 325 2350 sias
364 2318 508 2352 eiusdem
552 2318 683 2352 Ordinis
720 2319 753 2351 in
791 2318 997 2360 Nativitatis,

262 2368 547 2412 Praesentationis,
574 2372 860 2414 Annunciationis,
888 2371 1001 2405 Visita-

263 2423 380 2464 tionis,
419 2423 654 2458 purificationis
693 2430 725 2459 et
762 2424 999 2470 Assumptionis

261 2477 406 2511 eiusdem
433 2477 466 2511 B.
491 2477 607 2512 Mariae
641 2478 781 2523 Virginis
819 2479 999 2524 respective

261 2531 487 2565 festivitatibus
512 2542 528 2565 a
562 2532 675 2576 primis
711 2533 855 2577 vesperis
896 2542 999 2577 usque

261 2585 300 2619 ad
327 2596 475 2619 occasum
503 2586 581 2620 solis
606 2586 806 2630 singularum
831 2597 886 2621 sex
912 2586 1022 2621 festi-‚

1032 287 1062 314 et
1087 282 1195 325 quoad
1222 282 1381 315 moniales
1400 281 1562 326 praefatas
1583 282 1668 314 intra
1689 282 1774 314 clau-

1033 340 1100 367 stra
1126 345 1239 368 eorum
1277 336 1461 379 respective
1498 335 1772 368 monasteriorum

1033 388 1126 421 annis
1151 389 1288 432 singulis
1312 389 1526 428 visitantibus,
1547 388 1691 432 inibique
1714 399 1773 432 pro

1033 447 1163 475 sanctae
1191 443 1298 475 matris
1323 442 1486 476 Ecclesiae
1513 442 1716 481 exaltatione,
1740 452 1776 475 ac

1035 496 1112 528 alias
1138 501 1169 528 ut
1189 496 1370 539 praefertur
1391 496 1459 539 pias
1481 497 1518 529 ad
1539 496 1638 529 Deum
1659 506 1775 539 preces

1036 548 1276 582 effundentibus
1294 577 1301 590 ‚
1339 549 1532 582 infirmitatis
1574 555 1680 582 tamen
1721 554 1775 581 aut

1035 603 1139 646 gravis
1165 603 1246 636 senii
1272 600 1367 635 causa
1392 603 1453 635 hoc
1479 603 1584 636 facere
1611 602 1776 645 impeditis

1037 656 1262 696 existentibus,
1289 656 1420 699 aliquod
1439 656 1525 689 aliud
1546 656 1584 689 ad
1604 655 1774 689 arbitrium

1035 709 1216 753 superioris
1241 709 1353 742 localis
1380 709 1536 752 regularis
1569 709 1659 753 pium
1696 719 1778 752 opus

1035 763 1280 807 peragentibus,
1308 762 1445 805 singulis
1472 774 1525 796 sex
1546 762 1775 796 festivitatibus

1037 817 1224 850 huiusmodi
1239 816 1419 859 respective
1436 816 1615 859 plenariam
1633 815 1777 849 omnium

1037 877 1068 904 et
1092 870 1295 913 singulorum
1321 875 1530 913 peccatorum
1567 879 1701 902 suorum
1729 869 1777 901 in-

1037 924 1235 968 dulgentiam
1262 929 1293 957 ct
1318 923 1550 964 remissionem,
1571 933 1632 967 per
1657 933 1712 956 eos
1738 922 1776 955 ad

1036 978 1168 1011 illorum
1193 978 1364 1011 arbitrium
1389 987 1449 1020 pro
1474 978 1608 1010 fratrum
1646 981 1677 1009 et
1709 986 1779 1009 mo-

1037 1031 1170 1065 nialium
1197 1031 1272 1064 dicti
1298 1030 1426 1064 Ordinis
1451 1030 1649 1074 illorumque
1676 1035 1708 1063 et
1741 1030 1778 1062 il-

1038 1086 1141 1118 larum
1173 1084 1489 1127 consanguineorum
1530 1090 1561 1117 ct
1597 1083 1776 1127 insignium

1037 1138 1285 1172 benefactorum
1301 1138 1481 1181 respective
1497 1137 1678 1177 animabus,
1694 1147 1777 1180 quae

1038 1191 1104 1224 Dco
1131 1191 1162 1223 in
1182 1190 1341 1224 charitate
1356 1190 1548 1223 coniunctae
1570 1189 1608 1222 ab
1630 1190 1690 1222 hac
1709 1190 1779 1222 luce

1039 1243 1262 1286 migraverint,
1290 1253 1348 1286 per
1384 1242 1518 1276 modum
1552 1241 1697 1285 suffragii
1723 1252 1779 1284 ap-

1039 1297 1239 1341 plicabilem,
1260 1296 1373 1330 eadem
1392 1295 1572 1339 apostolica
1589 1294 1779 1333 auctoritate

1039 1350 1136 1384 etiam
1160 1355 1323 1394 perpetuo
1349 1349 1561 1383 concedimus
1587 1354 1618 1382 et
1634 1347 1780 1392 imparti-

1039 1415 1124 1438 mur.
1152 1404 1348 1448 Eisdemque
1375 1403 1528 1437 fratribus
1568 1408 1600 1437 et
1635 1402 1781 1436 moniali-

1039 1458 1110 1500 bus,
1130 1464 1163 1492 ut
1184 1469 1292 1502 supra,
1311 1457 1555 1502 poenitentibus
1570 1462 1601 1490 et
1614 1456 1781 1496 confessis,

1040 1523 1077 1546 ac
1115 1511 1229 1545 eadem
1269 1513 1377 1544 sancta
1418 1511 1649 1544 communione
1685 1510 1782 1543 etiam

1040 1565 1182 1605 resectis,
1206 1565 1246 1598 de
1265 1565 1411 1598 eiusdem
1437 1564 1615 1608 superioris
1640 1563 1780 1603 licentia,

1040 1620 1073 1652 in
1101 1618 1253 1653 omnibus
1278 1624 1309 1651 et
1334 1618 1468 1661 singulis
1495 1617 1612 1660 vigiliis
1633 1616 1784 1650 festivita-

1041 1677 1106 1706 tum
1125 1672 1271 1706 eiusdem
1294 1672 1329 1705 B.
1349 1671 1437 1704 MN.
1466 1671 1496 1704 in
1523 1681 1607 1714 pane
1634 1675 1665 1704 et
1689 1672 1779 1714 aqua,

1041 1730 1115 1767 aut,
1140 1726 1203 1759 hoc
1228 1725 1334 1759 facere
1359 1723 1606 1769 nequeuntibus,
1633 1724 1666 1757 in
1698 1733 1782 1767 pane

1041 1785 1073 1814 et
1096 1779 1187 1820 vino,
1219 1783 1267 1820 et,
1295 1788 1351 1811 seu
1374 1778 1470 1811 etiam
1496 1777 1527 1811 id
1553 1776 1782 1821 nequentibus,

1042 1844 1107 1867 uno
1145 1839 1267 1866 tantum
1305 1832 1430 1866 ferculo
1470 1841 1530 1876 per
1568 1831 1783 1865 communita-

1042 1893 1105 1921 tem
1149 1886 1302 1931 apposito
1343 1886 1383 1919 ad
1423 1885 1594 1919 arbitrium
1639 1884 1783 1918 eiusdem

1042 1940 1223 1985 superioris
1256 1940 1386 1980 addito,
1411 1939 1642 1980 ieiunantibus,
1671 1944 1702 1971 et
1725 1948 1785 1982 per

1043 1994 1216 2028 dimidium
1253 1994 1354 2027 horae
1392 1993 1431 2026 de
1468 1994 1581 2027 eadem
1607 1993 1641 2026 B.
1668 1992 1784 2025 Mariae

1042 2048 1182 2092 Virginis
1219 2048 1335 2081 devote
1374 2046 1630 2087 meditantibus,
1657 2045 1785 2089 quoties

1042 2103 1075 2136 id
1111 2102 1257 2146 egerint,
1283 2106 1407 2145 septem
1443 2111 1544 2134 annos
1580 2105 1612 2133 et
1650 2099 1785 2132 totidem

1044 2156 1270 2200 quadragenas
1286 2154 1325 2188 de
1355 2153 1507 2187 iniunctis
1535 2153 1591 2193 eis,
1617 2158 1670 2186 aut
1694 2152 1783 2191 alias,

1043 2216 1078 2244 ut
1109 2209 1312 2254 praefertur,
1351 2207 1469 2241 debitis
1504 2205 1714 2251 poenitentiis
1739 2210 1785 2238 et·

1043 2263 1107 2297 iam
1133 2273 1192 2306 pro
1223 2262 1354 2294 fratrum
1381 2266 1411 2294 et
1435 2259 1624 2293 monialium
1650 2268 1781 2292 eorum-

1044 2327 1107 2361 que
1128 2314 1451 2358 consanguineorum
1478 2318 1510 2346 et
1534 2312 1711 2355 insignium
1732 2311 1784 2344 be-

1044 2370 1245 2403 nefactorum
1265 2366 1453 2401 huiusmodi
1474 2366 1644 2399 animabus
1662 2364 1784 2408 praesa-

1045 2424 1094 2463 tis,
1114 2433 1206 2467 quae,
1225 2428 1260 2455 ut
1276 2421 1469 2465 praefertur,
1491 2419 1554 2452 Deo
1574 2419 1604 2451 in
1624 2417 1784 2451 charitate

1044 2478 1237 2512 coniunctae
1256 2476 1295 2509 ab
1315 2476 1375 2508 bac
1394 2475 1463 2507 luce
1483 2471 1710 2516 migraverint,
1728 2482 1784 2515 ap-

1043 2530 1232 2575 plicabiles,
1260 2528 1410 2561 similiter
1434 2527 1466 2559 in
1492 2526 1594 2559 forma
1618 2524 1782 2558 Ecclesiae

1045 2585 1200 2619 consueta
1226 2582 1348 2626 pariter
1373 2585 1529 2624 perpetuo
1556 2579 1748 2612 relaxamus.

1688 169 1726 203 at
1777 179 1826 206 An,
1846 180 1874 207 c.
1900 180 1966 208 1734
