2232 3178
878 212 1018 236 CLEMENS

268 263 448 296 stianorum
473 262 658 306 principum
677 271 756 305 pace
775 265 806 294 et
825 260 1008 299 concordia,

269 327 305 349 ac
330 316 502 349 haeresum
528 315 744 359 extirpatione
763 314 832 357 pias
851 314 890 346 ad
908 314 1008 347 Deum

268 379 384 413 preces
412 368 603 408 effuderint,
629 373 676 407 et,
703 367 812 410 quoad
839 367 953 399 fratres
980 372 1010 399 et

269 422 436 463 moniales,
452 422 476 454 si
493 422 563 466 ipsi,
580 421 738 464 integram
753 430 904 454 coronam
920 430 1011 463 prac-

270 477 366 509 fatam
382 475 517 509 recitare
534 480 748 518 nequeuntes.
764 474 796 506 in
812 484 886 507 casu
904 478 1009 506 tamen

269 540 366 563 verae
392 529 603 573 impotentiae
632 534 764 568 tantum,
788 527 929 570 aliquem
954 527 1011 570 hy-

73 218 126 245 An.
143 216 172 244 C.
192 215 258 243 1734

269 594 379 617 mnum
414 583 560 616 ciusdem
593 583 625 615 B.
654 583 693 614 M.
721 582 755 614 Y.
784 581 1009 620 recitaverint,
1033 593 1034 598 ¹

269 636 462 680 respective,
483 635 662 679 plenariam
683 634 828 668 omnium
851 637 881 667 et
905 634 1012 676 siugu-

269 691 374 723 lorum
394 695 602 733 peccatorum
621 699 754 722 suorum
774 687 1009 731 indulgentiam

270 749 300 776 et
326 743 549 776 remissionem
577 742 672 776 etiam
699 747 857 785 perpetuo
896 752 1012 775 conce-

270 796 374 829 dimus
403 801 433 828 et
458 795 673 839 impartimur.

112 862 258 886 imminentia
314 849 329 892 g
353 849 384 882 li.
414 849 587 881 Praeterea
612 849 686 891 quia
712 858 729 881 a
754 848 918 881 nonnullis
956 849 1013 881 du-

75 889 248 942 sssssis-lifmiiflio
270 902 404 935 bitatum
427 901 483 934 fuit
510 912 547 934 an
570 902 683 934 fratres
703 907 731 934 et
751 901 907 934 moniales
925 912 1012 945 prae-

74 948 327 989 {22¹¹'f‡1‘.ss{}⁵⁵{isati
355 955 393 989 de
420 955 646 998 indulgentiis,
667 960 874 999 peccatorum
902 955 1013 988 remis-

74 994 259 1048 Ῑῖζὶἶῗῖῗιοέἓῖἵιῗ
270 1009 427 1049 sionibus,
452 1020 487 1042 ac
511 1009 789 1053 loioenitentiarum
809 1008 1014 1042 relax-atloni-

75 1049 160 1069 duum*
270 1064 330 1096 bus
347 1063 508 1107 praefatis,
528 1063 755 1102 confratribus,
775 1068 806 1095 ut
829 1063 1013 1106 praefertur

271 1116 451 1156 concessis,
479 1116 666 1149 huiusmodi
693 1115 905 1160 participent:
933 1126 1011 1155 uos,

270 1180 401 1203 omnem
437 1175 468 1202 et
501 1179 740 1212 quamcumque
768 1168 1012 1211 ambiguitatem

273 1223 386 1268 quavis
425 1223 598 1256 occasione
636 1224 685 1256 vel
721 1224 826 1262 causa,
854 1226 907 1254 aut
936 1222 1013 1255 alias

272 1276 518 1321 quomodolibet
556 1276 798 1319 insurgentem,
827 1276 866 1309 de
907 1276 1013 1309 medio

272 1331 389 1364 tollere
428 1331 596 1370 volentes,
633 1330 751 1362 fratres
788 1334 820 1362 et
856 1329 1014 1362 moniales

272 1383 458 1417 huiusmodi
489 1384 528 1416 de
562 1383 712 1416 omnibus
745 1388 776 1416 et
802 1382 937 1425 singulis
965 1382 1012 1415 in-

272 1436 460 1480 dulgentiis,
475 1442 681 1480 peccatorum
705 1435 965 1475 remissionibus,
980 1446 1015 1468 ae

271 1490 549 1534 poenitentiarum
580 1490 854 1530 relaxationihus,
892 1490 1013 1523 eisdem

272 1544 492 1578 confratribus
520 1555 580 1587 per
605 1554 827 1588 quoscumque
854 1544 1015 1578 Romanos

273 1597 447 1631 Pontifices
473 1597 569 1630 etiam
589 1598 860 1640 praedecessores
886 1603 1015 1630 nostros

274 1651 431 1684 hactenus
457 1650 709 1694 quomodolibet
737 1650 902 1683 concessis
928 1655 959 1682 et
984 1650 1015 1682 in

273 1709 441 1747 posterum
460 1703 678 1736 concedendis
698 1703 890 1745 (dummodo
909 1708 1014 1735 tamen

273 1767 332 1801 per
357 1757 487 1790 eosdem
515 1757 627 1790 fratres
661 1763 693 1790 et
724 1757 883 1789 moniales
917 1767 1016 1800 opera

274 1811 368 1844 dictis
397 1810 612 1844 confratribus
646 1810 789 1843 iniuncta
815 1810 1018 1853 adimplean-

275 1865 361 1908 tur),
388 1875 462 1897 vere
499 1863 715 1908 participare,
744 1863 881 1907 illasque
914 1863 1016 1896 valide

274 1918 390 1952 lucrari
411 1928 518 1961 posse,
533 1923 630 1958 motti,
650 1917 782 1950 scientia
801 1922 828 1950 et
848 1917 1018 1960 potestatis

276 1971 481 2015 plenitudine
520 1971 674 2015 paribus,
717 1971 801 2004 dicta
838 1970 1040 2014 apostolica³

277 2025 471 2059 auctoritate
498 2025 593 2058 etiam
620 2030 781 2068 perpetuo
817 2024 962 2057 volumus
988 2020 1040 2057 et¹

278 2079 491 2113 declaramus.

322 2133 336 2176 g
361 2132 392 2165 5.
420 2132 570 2172 Demum,
598 2132 685 2175 quod
718 2131 881 2175 praefatae
916 2130 1020 2164 indul-

107 2139 215 2160 Fratribus
231 2145 268 2165 [ro

89 2167 198 2186 antuini—us
233 2166 269 2186 de-

90 2193 206 2213 funcwrnm
235 2185 406 2227 ee-genuae
432 2185 600 2218 animabus
626 2184 909 2224 christifidelium,
937 2194 1019 2228 quae
1040 2202 1041 2205 ¹

90 2219 169 2239 tebrau·
175 2219 220 2238 itin<
231 2224 270 2239 cao
299 2237 305 2243 ,

89 2237 429 2292 iibcslil¹1'1l³f¹.²‘'¹i⁰mmmm*
447 2239 509 2272 Deo
529 2239 560 2272 in
579 2239 738 2272 charitate
759 2238 953 2271 coniunctae
980 2239 1019 2270 ab

283 2290 344 2324 hac
369 2292 438 2325 lucc
463 2292 687 2335 migraverint,
713 2302 772 2336 per
797 2292 926 2324 modum
953 2292 1019 2324 suf-

283 2344 373 2387 fragii
400 2345 553 2387 applicari
580 2346 723 2389 possint,
745 2347 831 2386 item,
851 2346 890 2379 de
918 2346 1021 2378 omui-

282 2398 426 2442 potcntis
447 2398 500 2431 Dei
532 2409 566 2431 ac
590 2399 759 2432 beatorum
780 2400 864 2433 Petri
884 2406 915 2433 et
932 2399 1019 2433 Pauli

282 2451 504 2494 apostolorum
545 2451 612 2484 eius
653 2453 845 2485 auctoritate
887 2453 1018 2491 contisi,

282 2504 370 2548 quod
392 2504 663 2548 quotiescumque
689 2505 827 2549 quilibet
852 2506 1021 2550 presbyter

282 2557 438 2599 regularis
461 2557 535 2591 dicti
554 2557 683 2591 Ordinis
706 2558 833 2592 missam
853 2559 1022 2592 defuncto-

282 2621 350 2644 rum
373 2610 458 2644 iuxta
478 2611 551 2644 dicti
570 2611 699 2645 Ordinis
726 2617 843 2646 statuta
869 2623 927 2656 pro
954 2613 1022 2645 aui-

1044 211 1091 236 ΓΡ.
1118 212 1159 235 xii
1714 202 1754 236 ⁶23

1054 260 1167 293 mabus
1205 261 1338 294 fratrum
1372 265 1402 293 et
1434 260 1623 294 monialium
1650 260 1793 294 eiusdem

1053 312 1193 353 Ordinis,
1211 324 1294 357 quae
1321 313 1470 347 similiter
1486 314 1550 347 Deo
1576 313 1609 346 in
1635 313 1795 347 charitate

1054 366 1245 399 coniunctae
1272 367 1309 399 ab
1336 367 1397 400 liae
1423 368 1495 401 luce
1518 366 1735 410 migraverint,
1762 366 1794 399 in

1055 430 1166 452 eorum
1192 419 1337 453 eeclesiis
1363 420 1529 453 dumtaxat
1559 419 1793 459 celebraverit,

1055 473 1179 506 animae
1206 472 1293 516 ipsae
1321 473 1360 506 de
1387 474 1541 507 thesauro
1558 473 1720 506 Ecclesiae
1737 483 1795 516 per

1057 526 1186 559 modum
1229 526 1374 570 suffragii
1416 527 1649 570 indulgentiam
1686 537 1797 560 conse-

1057 585 1207 622 quantur,
1234 579 1336 619 itaut,
1362 580 1507 613 eiusdem
1545 579 1665 613 domiui
1693 579 1795 612 nostri

1057 633 1128 666 lesu
1154 632 1270 665 Christi
1297 644 1331 665 ac
1353 632 1556 666 beatissimae
1575 632 1712 675 Virginis
1737 633 1798 666 Ma-

1059 686 1124 719 riae
1153 691 1403 729 sanctorumque
1429 687 1573 719 omnium
1601 686 1726 719 meritis
1752 686 1798 719 eis

1057 739 1320 782 suifragantibus,
1340 751 1355 772 a
1374 739 1553 783 purgatorii
1579 739 1695 783 poenis
1720 739 1798 773 libe-

1057 799 1193 833 rentur,
1221 793 1399 837 apostolica
1435 793 1623 826 auctoritate
1655 793 1799 836 praefata

1058 847 1154 880 ctiam
1191 851 1350 891 perpetuo
1388 846 1598 879 concedimus
1632 851 1663 879 ct
1692 845 1799 879 indnl-

1057 911 1180 943 gemus.

1102 954 1115 998 ξ
1141 954 1172 987 6.
1201 953 1392 987 praesentes
1419 964 1549 997 quoque
1569 953 1692 986 litteras
1710 953 1797 986 nullo
1830 963 1992 997 anteimus

1058 1019 1199 1052 unquam
1239 1013 1388 1051 tempore
1426 1007 1465 1040 de
1501 1006 1722 1050 subreptionis
1747 1007 1797 1040 vel
1811 989 1993 1037 fdssss'ssl's'vial-Llis'

1058 1061 1265 1104 obreptionis
1292 1067 1347 1093 aut
1372 1060 1528 1094 nullitatis
1555 1060 1650 1099 vitio,
1677 1059 1726 1092 vel
1751 1060 1800 1092 in-

1059 1114 1213 1147 tentionis
1239 1119 1367 1147 nostrae
1406 1123 1461 1146 seu
1495 1112 1558 1146 alio
1593 1111 1798 1156 quantumris

1057 1166 1262 1200 substantiali
1300 1167 1428 1199 defectu
1455 1165 1559 1198 notari
1580 1192 1587 1206 ‚
1612 1165 1798 1209 impugnari

1058 1220 1107 1252 vel
1134 1218 1297 1252 annullari
1323 1229 1416 1262 posse
1433 1245 1440 1258 ,
1468 1219 1525 1251 sed
1559 1219 1632 1251 illas
1671 1227 1800 1261 semper

1058 1279 1090 1306 et
1114 1279 1273 1316 perpetuo
1300 1272 1421 1305 validas
1448 1276 1478 1304 et
1504 1272 1649 1305 efficaces
1675 1271 1742 1304 fore
1769 1275 1800 1303 et

1059 1338 1143 1367 esse,
1170 1337 1312 1370 suosque
1337 1325 1502 1370 plenarios
1528 1331 1559 1359 ct
1584 1325 1730 1368 integros
1753 1326 1799 1358 ef-

1059 1381 1157 1414 fectus
1183 1380 1289 1414 sortiri
1316 1385 1347 1413 et
1372 1380 1546 1419 obtinere,
1574 1384 1606 1412 et
1631 1378 1797 1418 omnibus,

1059 1435 1095 1467 ad
1123 1445 1204 1478 quos
1229 1444 1314 1466 nunc
1340 1439 1466 1477 spectat
1503 1439 1533 1466 et
1567 1443 1627 1476 pro
1654 1438 1800 1475 tempore

1059 1487 1306 1532 quomodolibet
1333 1486 1495 1530 spectabit
1520 1486 1551 1519 in
1578 1486 1741 1523 futurum,
1767 1485 1799 1517 in

1059 1541 1209 1575 omnibus
1236 1546 1267 1573 et
1292 1551 1351 1584 per
1377 1540 1485 1573 omnia
1513 1538 1702 1583 plenissime
1735 1538 1802 1570 sus-

1061 1594 1198 1637 fragari,
1227 1594 1338 1636 sicque
1365 1599 1395 1626 et
1422 1603 1488 1625 non
1513 1593 1592 1625 alias
1619 1602 1678 1635 per
1703 1602 1801 1635 quos-

1060 1657 1198 1690 cumque
1220 1646 1343 1679 iudiccs
1366 1645 1550 1679 ordinarios
1569 1646 1617 1678 rel
1637 1645 1801 1687 delegatos

1061 1700 1171 1744 quavis
1192 1699 1384 1732 auctoritate
1412 1698 1594 1740 fungentes,
1614 1697 1707 1730 etiam
1726 1707 1800 1730 cau-

1061 1764 1169 1787 sarum
1209 1752 1318 1796 palatii
1356 1751 1528 1795 apostolici
1565 1751 1727 1784 auditores
1765 1761 1801 1784 ac

1062 1808 1138 1841 dicti
1172 1807 1301 1840 Ordinis
1336 1817 1396 1850 pro
1435 1812 1582 1849 tempore
1609 1804 1802 1838 existentem

1062 1866 1293 1904 protectorem,
1313 1871 1349 1893 ac
1370 1859 1450 1893 alios
1474 1869 1696 1902 quoscumque
1719 1857 1803 1892 eius-

1062 1916 1135 1948 dem
1161 1914 1189 1948 S.
1205 1914 1286 1947 RE.
1307 1913 1490 1946 cardinales
1516 1912 1612 1946 etiam
1640 1913 1678 1945 de
1704 1912 1804 1945 latere

1063 1970 1186 2012 legatos
1207 1995 1214 2009 ,
1243 1967 1454 2010 vice-legatos
1472 1994 1479 2007 ‚
1507 1966 1676 2009 dictaeque
1710 1965 1802 1998 Sedis

1063 2022 1220 2062 nuncios,
1246 2022 1375 2055 sublata
1401 2021 1448 2054 cis
1473 2025 1504 2054 et
1530 2030 1642 2053 eorum
1672 2019 1805 2052 cuilibet

1063 2076 1172 2120 quavis
1198 2075 1293 2108 aliter
1319 2075 1493 2113 iudicandi,
1513 2073 1688 2106 definiendi
1710 2078 1741 2106 et
1760 2073 1805 2105 in-

1065 2129 1264 2173 terpretandi
1293 2129 1444 2162 facultate
1470 2135 1500 2162 et
1526 2126 1732 2165 auctoritate,
1759 2126 1806 2158 iu-

1065 2183 1186 2223 dicari,
1214 2181 1341 2216 definiri
1368 2187 1400 2214 et
1425 2180 1635 2224 interpretari
1662 2180 1801 2219 debere,

1065 2243 1107 2278 et,
1127 2237 1152 2270 si
1174 2247 1266 2270 secus
1292 2246 1390 2279 super
1415 2235 1465 2268 liis
1490 2245 1507 2267 a
1531 2244 1705 2278 quoquam,
1729 2243 1807 2276 qua-

1066 2293 1109 2324 vis
1135 2290 1337 2329 auctoritate,
1364 2289 1508 2322 scienter
1532 2289 1580 2320 vel
1603 2288 1802 2330 ignoranter,

1065 2343 1242 2387 contigerit
1277 2342 1444 2382 attentari,
1480 2341 1604 2374 irritum
1642 2345 1673 2372 et
1709 2339 1805 2371 inane

1066 2397 1285 2431 decernimus.

1109 2452 1123 2495 ἓ
1150 2452 1180 2484 7.
1207 2451 1275 2485 Non
1301 2449 1517 2488 obstantibus,
1539 2452 1697 2491 quatenus
1722 2456 1804 2490 opus
1817 2449 1998 2501 da.⁴‚⁷L¹Lt'.⁴'⁰'‘¹''¹⁵

1065 2505 1128 2545 sit,
1154 2506 1264 2538 nostra
1296 2508 1326 2536 et
1358 2501 1574 2535 Cancellariae
1600 2499 1804 2544 Apostolicae

1067 2558 1178 2600 regula
1203 2558 1241 2590 de
1268 2554 1476 2597 indulgentiis
1511 2551 1729 2586 concedendis
1766 2551 1804 2584 ad

1068 2612 1186 2652 instar,
1214 2610 1369 2653 aliisque,
1399 2607 1494 2641 etiam
1523 2606 1554 2639 in
1580 2605 1806 2649 synodalibus,

1800 211 1849 238 An.
1868 210 1896 238 C.
1921 211 1986 238 ¹734
