<?xml version="1.0" encoding="UTF-8"?>
<!DOCTYPE html PUBLIC "-//W3C//DTD XHTML 1.0 Transitional//EN"
    "http://www.w3.org/TR/xhtml1/DTD/xhtml1-transitional.dtd">
<html xmlns="http://www.w3.org/1999/xhtml" xml:lang="en" lang="en">
 <head>
  <title>
</title>
<meta http-equiv="Content-Type" content="text/html;charset=utf-8" />
  <meta name='ocr-system' content='tesseract 3.04.00' />
  <meta name='ocr-capabilities' content='ocr_page ocr_carea ocr_par ocr_line ocrx_word'/>
</head>
<body>
  <div class='ocr_page' id='page_1' title='image "./bullarumdiplomat24cath_0572.png"; bbox 0 0 2232 3178; ppageno 0'>
   <div class='ocr_carea' id='block_1_1' title="bbox 265 253 555 290">
    <p class='ocr_par' dir='ltr' id='par_1_1' title="bbox 265 253 555 290">
     <span class='ocr_line' id='line_1_1' title="bbox 265 253 555 290; baseline -0.014 0"><span class='ocrx_word' id='word_1_1' title='bbox 265 265 300 290; x_wconf 70' lang='lat' dir='ltr'>A„</span> <span class='ocrx_word' id='word_1_2' title='bbox 331 264 357 289; x_wconf 78' lang='lat' dir='ltr'>c</span> <span class='ocrx_word' id='word_1_3' title='bbox 380 263 445 290; x_wconf 75' lang='lat'>1739</span> <span class='ocrx_word' id='word_1_4' title='bbox 491 253 555 287; x_wconf 71' lang='lat'>¹538</span> 
     </span>
    </p>
   </div>
   <div class='ocr_carea' id='block_1_2' title="bbox 273 1756 455 1811">
    <p class='ocr_par' dir='ltr' id='par_1_2' title="bbox 273 1756 455 1811">
     <span class='ocr_line' id='line_1_2' title="bbox 314 1756 455 1778; baseline -0.021 0"><span class='ocrx_word' id='word_1_5' title='bbox 314 1758 387 1778; x_wconf 72' lang='lat' dir='ltr'>menan</span> <span class='ocrx_word' id='word_1_6' title='bbox 404 1756 455 1775; x_wconf 72' lang='lat' dir='ltr'>Con-</span> 
     </span>
     <span class='ocr_line' id='line_1_3' title="bbox 273 1784 455 1811; baseline -0.005 -7"><span class='ocrx_word' id='word_1_7' title='bbox 273 1785 400 1811; x_wconf 58' lang='lat' dir='ltr'>grepdttstffls</span> <span class='ocrx_word' id='word_1_8' title='bbox 420 1784 455 1803; x_wconf 66' lang='lat' dir='ltr'>dss‘</span> 
     </span>
    </p>
   </div>
   <div class='ocr_carea' id='block_1_3' title="bbox 458 303 1210 2589">
    <p class='ocr_par' dir='ltr' id='par_1_3' title="bbox 458 303 1203 1734">
     <span class='ocr_line' id='line_1_4' title="bbox 458 303 1194 355; baseline -0.012 -10"><span class='ocrx_word' id='word_1_9' title='bbox 458 322 627 355; x_wconf 87' lang='lat' dir='ltr'>usquequo</span> <span class='ocrx_word' id='word_1_10' title='bbox 653 319 769 343; x_wconf 87' lang='lat' dir='ltr'>novum</span> <span class='ocrx_word' id='word_1_11' title='bbox 795 307 972 351; x_wconf 86' lang='lat' dir='ltr'>capitulum</span> <span class='ocrx_word' id='word_1_12' title='bbox 997 303 1194 349; x_wconf 77' lang='lat' dir='ltr'>provinciale</span> 
     </span>
     <span class='ocr_line' id='line_1_5' title="bbox 459 356 1194 403; baseline -0.014 -5"><span class='ocrx_word' id='word_1_13' title='bbox 459 366 655 398; x_wconf 86' lang='lat' dir='ltr'>celebratum</span> <span class='ocrx_word' id='word_1_14' title='bbox 682 361 799 401; x_wconf 78' lang='lat' dir='ltr'>suerit,</span> <span class='ocrx_word' id='word_1_15' title='bbox 826 360 846 392; x_wconf 93' lang='lat' dir='ltr'>ii</span> <span class='ocrx_word' id='word_1_16' title='bbox 873 360 927 403; x_wconf 93' lang='lat' dir='ltr'>qui</span> <span class='ocrx_word' id='word_1_17' title='bbox 963 369 1022 403; x_wconf 90' lang='lat' dir='ltr'>pro</span> <span class='ocrx_word' id='word_1_18' title='bbox 1050 356 1194 401; x_wconf 87' lang='lat' dir='ltr'>patribus</span> 
     </span>
     <span class='ocr_line' id='line_1_6' title="bbox 460 410 1195 457; baseline -0.012 -6"><span class='ocrx_word' id='word_1_19' title='bbox 460 418 575 451; x_wconf 82' lang='lat' dir='ltr'>additis</span> <span class='ocrx_word' id='word_1_20' title='bbox 593 415 780 450; x_wconf 79' lang='lat' dir='ltr'>definitorio</span> <span class='ocrx_word' id='word_1_21' title='bbox 802 412 992 457; x_wconf 85' lang='lat' dir='ltr'>provinciali</span> <span class='ocrx_word' id='word_1_22' title='bbox 1011 410 1120 454; x_wconf 86' lang='lat' dir='ltr'>(sicuti</span> <span class='ocrx_word' id='word_1_23' title='bbox 1141 410 1195 443; x_wconf 84' lang='lat' dir='ltr'>dc-</span> 
     </span>
     <span class='ocr_line' id='line_1_7' title="bbox 458 465 1193 510; baseline -0.01 -8"><span class='ocrx_word' id='word_1_24' title='bbox 458 469 601 502; x_wconf 80' lang='lat' dir='ltr'>linitorio</span> <span class='ocrx_word' id='word_1_25' title='bbox 628 468 793 510; x_wconf 77' lang='lat' dir='ltr'>generali)</span> <span class='ocrx_word' id='word_1_26' title='bbox 820 465 1027 509; x_wconf 79' lang='lat' dir='ltr'>pronunciari</span> <span class='ocrx_word' id='word_1_27' title='bbox 1053 474 1193 496; x_wconf 84' lang='lat' dir='ltr'>consue-</span> 
     </span>
     <span class='ocr_line' id='line_1_8' title="bbox 461 518 1197 563; baseline -0.007 -9"><span class='ocrx_word' id='word_1_28' title='bbox 461 527 594 561; x_wconf 90' lang='lat' dir='ltr'>verunt,</span> <span class='ocrx_word' id='word_1_29' title='bbox 628 522 705 553; x_wconf 87' lang='lat' dir='ltr'>itaut</span> <span class='ocrx_word' id='word_1_30' title='bbox 740 530 799 563; x_wconf 88' lang='lat' dir='ltr'>per</span> <span class='ocrx_word' id='word_1_31' title='bbox 830 519 992 561; x_wconf 86' lang='lat' dir='ltr'>reliquum</span> <span class='ocrx_word' id='word_1_32' title='bbox 1019 518 1135 550; x_wconf 89' lang='lat' dir='ltr'>deinde</span> <span class='ocrx_word' id='word_1_33' title='bbox 1162 527 1197 549; x_wconf 73' lang='lat' dir='ltr'>nc</span> 
     </span>
     <span class='ocr_line' id='line_1_9' title="bbox 463 572 1197 617; baseline -0.008 -9"><span class='ocrx_word' id='word_1_34' title='bbox 463 581 566 608; x_wconf 90' lang='lat' dir='ltr'>totum</span> <span class='ocrx_word' id='word_1_35' title='bbox 592 573 844 617; x_wconf 87' lang='lat' dir='ltr'>provincialatus</span> <span class='ocrx_word' id='word_1_36' title='bbox 871 572 1064 611; x_wconf 87' lang='lat' dir='ltr'>triennium,</span> <span class='ocrx_word' id='word_1_37' title='bbox 1092 580 1197 614; x_wconf 87' lang='lat' dir='ltr'>quae-</span> 
     </span>
     <span class='ocr_line' id='line_1_10' title="bbox 462 623 1198 671; baseline -0.008 -10"><span class='ocrx_word' id='word_1_38' title='bbox 462 638 599 671; x_wconf 88' lang='lat' dir='ltr'>cumque</span> <span class='ocrx_word' id='word_1_39' title='bbox 618 627 722 665; x_wconf 89' lang='lat' dir='ltr'>detur,</span> <span class='ocrx_word' id='word_1_40' title='bbox 739 632 771 658; x_wconf 86' lang='lat' dir='ltr'>et</span> <span class='ocrx_word' id='word_1_41' title='bbox 789 625 902 668; x_wconf 86' lang='lat' dir='ltr'>quovis</span> <span class='ocrx_word' id='word_1_42' title='bbox 920 635 957 657; x_wconf 79' lang='lat' dir='ltr'>ex</span> <span class='ocrx_word' id='word_1_43' title='bbox 982 634 1068 662; x_wconf 89' lang='lat' dir='ltr'>casn,</span> <span class='ocrx_word' id='word_1_44' title='bbox 1087 623 1198 656; x_wconf 82' lang='lat' dir='ltr'>defini-</span> 
     </span>
     <span class='ocr_line' id='line_1_11' title="bbox 462 676 1198 720; baseline -0.007 -7"><span class='ocrx_word' id='word_1_45' title='bbox 462 682 581 714; x_wconf 90' lang='lat' dir='ltr'>torium</span> <span class='ocrx_word' id='word_1_46' title='bbox 607 678 801 717; x_wconf 74' lang='lat' dir='ltr'>deficientia,</span> <span class='ocrx_word' id='word_1_47' title='bbox 820 687 952 720; x_wconf 78' lang='lat' dir='ltr'>semper</span> <span class='ocrx_word' id='word_1_48' title='bbox 977 676 1198 709; x_wconf 77' lang='lat' dir='ltr'>delinitorium</span> 
     </span>
     <span class='ocr_line' id='line_1_12' title="bbox 463 730 1199 777; baseline -0.01 -10"><span class='ocrx_word' id='word_1_49' title='bbox 463 735 540 767; x_wconf 87' lang='lat' dir='ltr'>illud</span> <span class='ocrx_word' id='word_1_50' title='bbox 567 734 700 777; x_wconf 90' lang='lat' dir='ltr'>plenum</span> <span class='ocrx_word' id='word_1_51' title='bbox 728 737 909 771; x_wconf 84' lang='lat' dir='ltr'>remaneat,</span> <span class='ocrx_word' id='word_1_52' title='bbox 937 736 967 763; x_wconf 87' lang='lat' dir='ltr'>et</span> <span class='ocrx_word' id='word_1_53' title='bbox 991 730 1122 772; x_wconf 83' lang='lat' dir='ltr'>negotia</span> <span class='ocrx_word' id='word_1_54' title='bbox 1147 739 1199 761; x_wconf 91' lang='lat' dir='ltr'>oc-</span> 
     </span>
     <span class='ocr_line' id='line_1_13' title="bbox 462 784 1200 827; baseline -0.009 -7"><span class='ocrx_word' id='word_1_55' title='bbox 462 787 626 820; x_wconf 86' lang='lat' dir='ltr'>currentia</span> <span class='ocrx_word' id='word_1_56' title='bbox 646 786 750 819; x_wconf 86' lang='lat' dir='ltr'>statim</span> <span class='ocrx_word' id='word_1_57' title='bbox 776 790 807 817; x_wconf 89' lang='lat' dir='ltr'>et</span> <span class='ocrx_word' id='word_1_58' title='bbox 831 784 953 827; x_wconf 78' lang='lat' dir='ltr'>absque</span> <span class='ocrx_word' id='word_1_59' title='bbox 979 784 1045 816; x_wconf 71' lang='lat' dir='ltr'>nlla</span> <span class='ocrx_word' id='word_1_60' title='bbox 1071 786 1200 814; x_wconf 88' lang='lat' dir='ltr'>cuncta-</span> 
     </span>
     <span class='ocr_line' id='line_1_14' title="bbox 464 836 1199 882; baseline -0.008 -9"><span class='ocrx_word' id='word_1_61' title='bbox 464 841 562 879; x_wconf 87' lang='lat' dir='ltr'>tione,</span> <span class='ocrx_word' id='word_1_62' title='bbox 578 840 697 882; x_wconf 82' lang='lat' dir='ltr'>absque</span> <span class='ocrx_word' id='word_1_63' title='bbox 716 839 778 871; x_wconf 86' lang='lat' dir='ltr'>alio</span> <span class='ocrx_word' id='word_1_64' title='bbox 792 847 936 876; x_wconf 87' lang='lat' dir='ltr'>recursu,</span> <span class='ocrx_word' id='word_1_65' title='bbox 956 842 990 869; x_wconf 91' lang='lat' dir='ltr'>ut</span> <span class='ocrx_word' id='word_1_66' title='bbox 1007 836 1199 880; x_wconf 80' lang='lat' dir='ltr'>praefertur,</span> 
     </span>
     <span class='ocr_line' id='line_1_15' title="bbox 464 889 1200 932; baseline -0.011 -4"><span class='ocrx_word' id='word_1_67' title='bbox 464 905 529 928; x_wconf 88' lang='lat' dir='ltr'>non</span> <span class='ocrx_word' id='word_1_68' title='bbox 556 895 599 927; x_wconf 89' lang='lat' dir='ltr'>ita</span> <span class='ocrx_word' id='word_1_69' title='bbox 618 891 743 932; x_wconf 80' lang='lat' dir='ltr'>sacile¹‚</span> <span class='ocrx_word' id='word_1_70' title='bbox 765 892 849 924; x_wconf 75' lang='lat' dir='ltr'>iuxta</span> <span class='ocrx_word' id='word_1_71' title='bbox 868 902 979 923; x_wconf 87' lang='lat' dir='ltr'>eorum</span> <span class='ocrx_word' id='word_1_72' title='bbox 1006 889 1200 932; x_wconf 70' lang='lat' dir='ltr'>exigentiam</span> 
     </span>
     <span class='ocr_line' id='line_1_16' title="bbox 464 942 1201 991; baseline -0.008 -10"><span class='ocrx_word' id='word_1_73' title='bbox 464 948 616 991; x_wconf 82' lang='lat' dir='ltr'>expedire</span> <span class='ocrx_word' id='word_1_74' title='bbox 642 947 787 979; x_wconf 85' lang='lat' dir='ltr'>valeant:</span> <span class='ocrx_word' id='word_1_75' title='bbox 814 950 844 977; x_wconf 90' lang='lat' dir='ltr'>et</span> <span class='ocrx_word' id='word_1_76' title='bbox 869 945 901 977; x_wconf 91' lang='lat' dir='ltr'>in</span> <span class='ocrx_word' id='word_1_77' title='bbox 928 944 1041 977; x_wconf 78' lang='lat' dir='ltr'>eadem</span> <span class='ocrx_word' id='word_1_78' title='bbox 1066 942 1201 986; x_wconf 77' lang='lat' dir='ltr'>exposi-</span> 
     </span>
     <span class='ocr_line' id='line_1_17' title="bbox 464 997 1202 1038; baseline -0.009 -4"><span class='ocrx_word' id='word_1_79' title='bbox 464 1002 552 1034; x_wconf 88' lang='lat' dir='ltr'>tione</span> <span class='ocrx_word' id='word_1_80' title='bbox 577 1000 767 1038; x_wconf 86' lang='lat' dir='ltr'>subiuneto‚</span> <span class='ocrx_word' id='word_1_81' title='bbox 792 1004 836 1037; x_wconf 91' lang='lat' dir='ltr'>ut,</span> <span class='ocrx_word' id='word_1_82' title='bbox 856 998 895 1030; x_wconf 86' lang='lat' dir='ltr'>ad</span> <span class='ocrx_word' id='word_1_83' title='bbox 917 997 1103 1030; x_wconf 75' lang='lat' dir='ltr'>uberiorem</span> <span class='ocrx_word' id='word_1_84' title='bbox 1130 1006 1202 1029; x_wconf 82' lang='lat' dir='ltr'>eau-</span> 
     </span>
     <span class='ocr_line' id='line_1_18' title="bbox 464 1050 1202 1092; baseline -0.005 -5"><span class='ocrx_word' id='word_1_85' title='bbox 464 1056 579 1092; x_wconf 89' lang='lat' dir='ltr'>telam,</span> <span class='ocrx_word' id='word_1_86' title='bbox 596 1053 627 1085; x_wconf 92' lang='lat' dir='ltr'>in</span> <span class='ocrx_word' id='word_1_87' title='bbox 643 1063 713 1085; x_wconf 82' lang='lat' dir='ltr'>casu</span> <span class='ocrx_word' id='word_1_88' title='bbox 730 1051 931 1084; x_wconf 79' lang='lat' dir='ltr'>deiicientiae</span> <span class='ocrx_word' id='word_1_89' title='bbox 948 1050 1131 1083; x_wconf 86' lang='lat' dir='ltr'>huiusmodi</span> <span class='ocrx_word' id='word_1_90' title='bbox 1151 1050 1202 1083; x_wconf 89' lang='lat' dir='ltr'>de-</span> 
     </span>
     <span class='ocr_line' id='line_1_19' title="bbox 464 1104 1200 1149; baseline -0.007 -9"><span class='ocrx_word' id='word_1_91' title='bbox 464 1108 628 1140; x_wconf 71' lang='lat' dir='ltr'>finitorum</span> <span class='ocrx_word' id='word_1_92' title='bbox 650 1105 914 1149; x_wconf 84' lang='lat' dir='ltr'>provincialium,</span> <span class='ocrx_word' id='word_1_93' title='bbox 933 1106 957 1137; x_wconf 88' lang='lat' dir='ltr'>si</span> <span class='ocrx_word' id='word_1_94' title='bbox 981 1104 1144 1137; x_wconf 84' lang='lat' dir='ltr'>neminem</span> <span class='ocrx_word' id='word_1_95' title='bbox 1164 1114 1200 1136; x_wconf 84' lang='lat' dir='ltr'>ex</span> 
     </span>
     <span class='ocr_line' id='line_1_20' title="bbox 465 1160 1201 1201; baseline -0.007 -7"><span class='ocrx_word' id='word_1_96' title='bbox 465 1162 559 1194; x_wconf 79' lang='lat' dir='ltr'>dictis</span> <span class='ocrx_word' id='word_1_97' title='bbox 585 1160 703 1193; x_wconf 85' lang='lat' dir='ltr'>additis</span> <span class='ocrx_word' id='word_1_98' title='bbox 726 1164 1000 1201; x_wconf 90' lang='lat' dir='ltr'>contemporanee</span> <span class='ocrx_word' id='word_1_99' title='bbox 1026 1168 1201 1200; x_wconf 78' lang='lat' dir='ltr'>superesse</span> 
     </span>
     <span class='ocr_line' id='line_1_21' title="bbox 465 1210 1201 1255; baseline -0.004 -11"><span class='ocrx_word' id='word_1_100' title='bbox 465 1214 687 1254; x_wconf 70' lang='lat' dir='ltr'>contingeret,</span> <span class='ocrx_word' id='word_1_101' title='bbox 714 1212 840 1255; x_wconf 78' lang='lat' dir='ltr'>quibus,</span> <span class='ocrx_word' id='word_1_102' title='bbox 868 1211 949 1244; x_wconf 83' lang='lat' dir='ltr'>sicut</span> <span class='ocrx_word' id='word_1_103' title='bbox 974 1210 1201 1253; x_wconf 84' lang='lat' dir='ltr'>praemittitur,</span> 
     </span>
     <span class='ocr_line' id='line_1_22' title="bbox 466 1264 1202 1306; baseline -0.001 -9"><span class='ocrx_word' id='word_1_104' title='bbox 466 1266 625 1299; x_wconf 90' lang='lat' dir='ltr'>indultum</span> <span class='ocrx_word' id='word_1_105' title='bbox 653 1265 766 1297; x_wconf 77' lang='lat' dir='ltr'>suisset</span> <span class='ocrx_word' id='word_1_106' title='bbox 791 1274 900 1296; x_wconf 88' lang='lat' dir='ltr'>eorum</span> <span class='ocrx_word' id='word_1_107' title='bbox 927 1264 1013 1296; x_wconf 87' lang='lat' dir='ltr'>vices</span> <span class='ocrx_word' id='word_1_108' title='bbox 1035 1264 1202 1306; x_wconf 88' lang='lat' dir='ltr'>supplere,</span> 
     </span>
     <span class='ocr_line' id='line_1_23' title="bbox 464 1316 1203 1362; baseline -0.001 -13"><span class='ocrx_word' id='word_1_109' title='bbox 464 1329 567 1362; x_wconf 78' lang='lat' dir='ltr'>usqne</span> <span class='ocrx_word' id='word_1_110' title='bbox 593 1318 632 1351; x_wconf 88' lang='lat' dir='ltr'>ad</span> <span class='ocrx_word' id='word_1_111' title='bbox 658 1318 730 1350; x_wconf 91' lang='lat' dir='ltr'>novi</span> <span class='ocrx_word' id='word_1_112' title='bbox 758 1317 888 1360; x_wconf 83' lang='lat' dir='ltr'>capituli</span> <span class='ocrx_word' id='word_1_113' title='bbox 922 1316 1126 1359; x_wconf 84' lang='lat' dir='ltr'>provincialis</span> <span class='ocrx_word' id='word_1_114' title='bbox 1152 1326 1203 1348; x_wconf 87' lang='lat' dir='ltr'>ce-</span> 
     </span>
     <span class='ocr_line' id='line_1_24' title="bbox 465 1370 1202 1412; baseline -0.004 -7"><span class='ocrx_word' id='word_1_115' title='bbox 465 1372 690 1410; x_wconf 86' lang='lat' dir='ltr'>lebrationem,</span> <span class='ocrx_word' id='word_1_116' title='bbox 709 1371 893 1403; x_wconf 71' lang='lat' dir='ltr'>facultatem</span> <span class='ocrx_word' id='word_1_117' title='bbox 912 1370 1030 1403; x_wconf 85' lang='lat' dir='ltr'>vicario</span> <span class='ocrx_word' id='word_1_118' title='bbox 1057 1370 1202 1412; x_wconf 80' lang='lat' dir='ltr'>generali</span> 
     </span>
     <span class='ocr_line' id='line_1_25' title="bbox 465 1423 1201 1469; baseline -0.001 -12"><span class='ocrx_word' id='word_1_119' title='bbox 465 1436 525 1469; x_wconf 88' lang='lat' dir='ltr'>pro</span> <span class='ocrx_word' id='word_1_120' title='bbox 543 1431 687 1467; x_wconf 83' lang='lat' dir='ltr'>[empore</span> <span class='ocrx_word' id='word_1_121' title='bbox 702 1423 860 1462; x_wconf 76' lang='lat' dir='ltr'>existenti,</span> <span class='ocrx_word' id='word_1_122' title='bbox 873 1428 914 1463; x_wconf 81' lang='lat' dir='ltr'>ut,</span> <span class='ocrx_word' id='word_1_123' title='bbox 926 1424 989 1455; x_wconf 72' lang='lat' dir='ltr'>una</span> <span class='ocrx_word' id='word_1_124' title='bbox 1005 1434 1077 1456; x_wconf 87' lang='lat' dir='ltr'>cum</span> <span class='ocrx_word' id='word_1_125' title='bbox 1093 1423 1201 1466; x_wconf 91' lang='lat' dir='ltr'>pri0re</span> 
     </span>
     <span class='ocr_line' id='line_1_26' title="bbox 465 1476 1203 1522; baseline -0.001 -11"><span class='ocrx_word' id='word_1_126' title='bbox 465 1478 660 1522; x_wconf 88' lang='lat' dir='ltr'>provinciali</span> <span class='ocrx_word' id='word_1_127' title='bbox 686 1483 717 1511; x_wconf 92' lang='lat' dir='ltr'>et</span> <span class='ocrx_word' id='word_1_128' title='bbox 742 1477 873 1519; x_wconf 88' lang='lat' dir='ltr'>reliquis</span> <span class='ocrx_word' id='word_1_129' title='bbox 899 1478 936 1510; x_wconf 90' lang='lat' dir='ltr'>de</span> <span class='ocrx_word' id='word_1_130' title='bbox 958 1476 1026 1510; x_wconf 86' lang='lat' dir='ltr'>eius</span> <span class='ocrx_word' id='word_1_131' title='bbox 1054 1477 1203 1510; x_wconf 75' lang='lat' dir='ltr'>definito-</span> 
     </span>
     <span class='ocr_line' id='line_1_27' title="bbox 466 1529 1203 1574; baseline -0.001 -11"><span class='ocrx_word' id='word_1_132' title='bbox 466 1531 513 1564; x_wconf 92' lang='lat' dir='ltr'>rio</span> <span class='ocrx_word' id='word_1_133' title='bbox 540 1531 594 1574; x_wconf 90' lang='lat' dir='ltr'>qui</span> <span class='ocrx_word' id='word_1_134' title='bbox 620 1531 792 1573; x_wconf 79' lang='lat' dir='ltr'>supersint,</span> <span class='ocrx_word' id='word_1_135' title='bbox 819 1529 1018 1570; x_wconf 81' lang='lat' dir='ltr'>definitores,</span> <span class='ocrx_word' id='word_1_136' title='bbox 1044 1536 1203 1574; x_wconf 84' lang='lat' dir='ltr'>quotquot</span> 
     </span>
     <span class='ocr_line' id='line_1_28' title="bbox 467 1583 1202 1627; baseline -0.003 -9"><span class='ocrx_word' id='word_1_137' title='bbox 467 1585 664 1624; x_wconf 78' lang='lat' dir='ltr'>defuissent,</span> <span class='ocrx_word' id='word_1_138' title='bbox 683 1595 755 1616; x_wconf 82' lang='lat' dir='ltr'>cuin</span> <span class='ocrx_word' id='word_1_139' title='bbox 777 1583 898 1616; x_wconf 90' lang='lat' dir='ltr'>eisdem</span> <span class='ocrx_word' id='word_1_140' title='bbox 923 1584 1202 1627; x_wconf 67' lang='lat' dir='ltr'>praeeminemus,</span> 
     </span>
     <span class='ocr_line' id='line_1_29' title="bbox 467 1637 1202 1681; baseline 0 -10"><span class='ocrx_word' id='word_1_141' title='bbox 467 1649 568 1681; x_wconf 85' lang='lat' dir='ltr'>usque</span> <span class='ocrx_word' id='word_1_142' title='bbox 594 1638 632 1670; x_wconf 86' lang='lat' dir='ltr'>ad</span> <span class='ocrx_word' id='word_1_143' title='bbox 654 1648 769 1670; x_wconf 90' lang='lat' dir='ltr'>novum</span> <span class='ocrx_word' id='word_1_144' title='bbox 797 1638 975 1680; x_wconf 86' lang='lat' dir='ltr'>capitulum</span> <span class='ocrx_word' id='word_1_145' title='bbox 1001 1637 1202 1680; x_wconf 74' lang='lat' dir='ltr'>provinciale</span> 
     </span>
     <span class='ocr_line' id='line_1_30' title="bbox 467 1690 1156 1734; baseline -0.003 -10"><span class='ocrx_word' id='word_1_146' title='bbox 467 1692 588 1734; x_wconf 79' lang='lat' dir='ltr'>eligere</span> <span class='ocrx_word' id='word_1_147' title='bbox 614 1691 729 1733; x_wconf 76' lang='lat' dir='ltr'>possit,</span> <span class='ocrx_word' id='word_1_148' title='bbox 755 1690 913 1733; x_wconf 87' lang='lat' dir='ltr'>impertiri</span> <span class='ocrx_word' id='word_1_149' title='bbox 941 1690 1156 1732; x_wconf 80' lang='lat' dir='ltr'>dignaretur:</span> 
     </span>
    </p>

    <p class='ocr_par' dir='ltr' id='par_1_4' title="bbox 467 1743 1203 1893">
     <span class='ocr_line' id='line_1_31' title="bbox 511 1743 1203 1787; baseline -0.001 -11"><span class='ocrx_word' id='word_1_150' title='bbox 511 1745 525 1787; x_wconf 64' lang='grc' dir='ltr'><strong>ἓ</strong></span> <span class='ocrx_word' id='word_1_151' title='bbox 550 1744 581 1776; x_wconf 67' lang='lat'>2.</span> <span class='ocrx_word' id='word_1_152' title='bbox 608 1743 776 1776; x_wconf 80' lang='lat' dir='ltr'>Ernanavit</span> <span class='ocrx_word' id='word_1_153' title='bbox 808 1743 846 1774; x_wconf 86' lang='lat' dir='ltr'>ab</span> <span class='ocrx_word' id='word_1_154' title='bbox 873 1743 987 1775; x_wconf 80' lang='lat' dir='ltr'>cadem</span> <span class='ocrx_word' id='word_1_155' title='bbox 1020 1743 1203 1785; x_wconf 78' lang='lat' dir='ltr'>Congrega-</span> 
     </span>
     <span class='ocr_line' id='line_1_32' title="bbox 467 1795 1202 1840; baseline -0.001 -11"><span class='ocrx_word' id='word_1_156' title='bbox 467 1797 553 1829; x_wconf 86' lang='lat' dir='ltr'>tione</span> <span class='ocrx_word' id='word_1_157' title='bbox 579 1796 788 1829; x_wconf 78' lang='lat' dir='ltr'>cardinalium</span> <span class='ocrx_word' id='word_1_158' title='bbox 814 1795 981 1828; x_wconf 83' lang='lat' dir='ltr'>decretum</span> <span class='ocrx_word' id='word_1_159' title='bbox 1008 1796 1128 1828; x_wconf 88' lang='lat' dir='ltr'>tenoris</span> <span class='ocrx_word' id='word_1_160' title='bbox 1149 1797 1202 1840; x_wconf 87' lang='lat' dir='ltr'>qui</span> 
     </span>
     <span class='ocr_line' id='line_1_33' title="bbox 467 1849 826 1893; baseline -0.006 -11"><span class='ocrx_word' id='word_1_161' title='bbox 467 1851 625 1893; x_wconf 82' lang='lat' dir='ltr'>sequitur,</span> <span class='ocrx_word' id='word_1_162' title='bbox 651 1849 826 1882; x_wconf 87' lang='lat' dir='ltr'>videlieet:</span> 
     </span>
    </p>

    <p class='ocr_par' dir='ltr' id='par_1_5' title="bbox 467 1914 1210 2589">
     <span class='ocr_line' id='line_1_34' title="bbox 506 1914 1206 1953; baseline 0.001 -8"><span class='ocrx_word' id='word_1_163' title='bbox 506 1915 591 1946; x_wconf 85' lang='lat' dir='ltr'>Sacra</span> <span class='ocrx_word' id='word_1_164' title='bbox 619 1914 814 1953; x_wconf 82' lang='lat' dir='ltr'>Congregatio</span> <span class='ocrx_word' id='word_1_165' title='bbox 846 1914 1147 1945; x_wconf 89' lang='lat' dir='ltr'>eminentissimorum</span> <span class='ocrx_word' id='word_1_166' title='bbox 1177 1920 1206 1946; x_wconf 89' lang='lat' dir='ltr'>et</span> 
     </span>
     <span class='ocr_line' id='line_1_35' title="bbox 467 1963 1205 1996; baseline 0.001 -1"><span class='ocrx_word' id='word_1_167' title='bbox 467 1965 780 1995; x_wconf 86' lang='lat' dir='ltr'>reverendissimorum</span> <span class='ocrx_word' id='word_1_168' title='bbox 803 1963 832 1994; x_wconf 91' lang='lat' dir='ltr'>S.</span> <span class='ocrx_word' id='word_1_169' title='bbox 850 1964 884 1994; x_wconf 87' lang='lat' dir='ltr'>R.</span> <span class='ocrx_word' id='word_1_170' title='bbox 903 1964 934 1994; x_wconf 87' lang='grc' dir='ltr'>Ε.</span> <span class='ocrx_word' id='word_1_171' title='bbox 950 1964 1140 1995; x_wconf 78' lang='lat' dir='ltr'>cardinalium</span> <span class='ocrx_word' id='word_1_172' title='bbox 1158 1976 1205 1996; x_wconf 91' lang='lat' dir='ltr'>ne-</span> 
     </span>
     <span class='ocr_line' id='line_1_36' title="bbox 467 2012 1206 2053; baseline 0 -9"><span class='ocrx_word' id='word_1_173' title='bbox 467 2015 554 2053; x_wconf 74' lang='lat' dir='ltr'>gotiis</span> <span class='ocrx_word' id='word_1_174' title='bbox 576 2018 603 2044; x_wconf 90' lang='lat' dir='ltr'>et</span> <span class='ocrx_word' id='word_1_175' title='bbox 635 2012 900 2043; x_wconf 81' lang='lat' dir='ltr'>consultationibus</span> <span class='ocrx_word' id='word_1_176' title='bbox 937 2013 1142 2053; x_wconf 85' lang='lat' dir='ltr'>episcoporum</span> <span class='ocrx_word' id='word_1_177' title='bbox 1178 2019 1206 2044; x_wconf 89' lang='lat' dir='ltr'>et</span> 
     </span>
     <span class='ocr_line' id='line_1_37' title="bbox 468 2061 1206 2102; baseline 0.001 -10"><span class='ocrx_word' id='word_1_178' title='bbox 468 2063 646 2101; x_wconf 71' lang='lat' dir='ltr'>regularium</span> <span class='ocrx_word' id='word_1_179' title='bbox 670 2062 847 2102; x_wconf 86' lang='lat' dir='ltr'>praeposita,</span> <span class='ocrx_word' id='word_1_180' title='bbox 880 2061 914 2091; x_wconf 83' lang='lat' dir='ltr'>ad</span> <span class='ocrx_word' id='word_1_181' title='bbox 937 2071 1023 2101; x_wconf 84' lang='lat' dir='ltr'>quam</span> <span class='ocrx_word' id='word_1_182' title='bbox 1057 2062 1206 2093; x_wconf 86' lang='lat' dir='ltr'>sanctissi-</span> 
     </span>
     <span class='ocr_line' id='line_1_38' title="bbox 470 2111 1205 2149; baseline 0.001 -9"><span class='ocrx_word' id='word_1_183' title='bbox 470 2121 533 2141; x_wconf 89' lang='lat' dir='ltr'>mus</span> <span class='ocrx_word' id='word_1_184' title='bbox 572 2111 707 2140; x_wconf 91' lang='lat' dir='ltr'>dominus</span> <span class='ocrx_word' id='word_1_185' title='bbox 742 2114 841 2140; x_wconf 89' lang='lat' dir='ltr'>noster</span> <span class='ocrx_word' id='word_1_186' title='bbox 877 2111 1040 2149; x_wconf 79' lang='lat' dir='ltr'>supplicem</span> <span class='ocrx_word' id='word_1_187' title='bbox 1073 2111 1205 2141; x_wconf 90' lang='lat' dir='ltr'>libellum</span> 
     </span>
     <span class='ocr_line' id='line_1_39' title="bbox 470 2159 1206 2198; baseline 0 -9"><span class='ocrx_word' id='word_1_188' title='bbox 470 2159 602 2198; x_wconf 83' lang='lat' dir='ltr'>remisit,</span> <span class='ocrx_word' id='word_1_189' title='bbox 626 2159 746 2189; x_wconf 83' lang='lat' dir='ltr'>attentis</span> <span class='ocrx_word' id='word_1_190' title='bbox 768 2159 958 2188; x_wconf 81' lang='lat' dir='ltr'>relationibus</span> <span class='ocrx_word' id='word_1_191' title='bbox 981 2159 1206 2190; x_wconf 87' lang='lat' dir='ltr'>eminentissimi</span> 
     </span>
     <span class='ocr_line' id='line_1_40' title="bbox 469 2208 1206 2247; baseline 0 -9"><span class='ocrx_word' id='word_1_192' title='bbox 469 2209 569 2238; x_wconf 85' lang='lat' dir='ltr'>Firrao</span> <span class='ocrx_word' id='word_1_193' title='bbox 586 2208 707 2247; x_wconf 80' lang='lat' dir='ltr'>praefati</span> <span class='ocrx_word' id='word_1_194' title='bbox 724 2208 841 2238; x_wconf 86' lang='lat' dir='ltr'>Ordinis</span> <span class='ocrx_word' id='word_1_195' title='bbox 857 2209 933 2247; x_wconf 85' lang='lat' dir='ltr'>apud</span> <span class='ocrx_word' id='word_1_196' title='bbox 953 2210 1087 2238; x_wconf 75' lang='lat' dir='ltr'>Sanctam</span> <span class='ocrx_word' id='word_1_197' title='bbox 1104 2209 1206 2240; x_wconf 84' lang='lat' dir='ltr'>Sedem</span> 
     </span>
     <span class='ocr_line' id='line_1_41' title="bbox 470 2257 1207 2297; baseline 0 -10"><span class='ocrx_word' id='word_1_198' title='bbox 470 2258 653 2297; x_wconf 86' lang='lat' dir='ltr'>protectoris,</span> <span class='ocrx_word' id='word_1_199' title='bbox 673 2266 703 2286; x_wconf 84' lang='lat' dir='ltr'>ac</span> <span class='ocrx_word' id='word_1_200' title='bbox 728 2257 819 2296; x_wconf 84' lang='lat' dir='ltr'>patris</span> <span class='ocrx_word' id='word_1_201' title='bbox 836 2257 943 2296; x_wconf 88' lang='lat' dir='ltr'>prioris</span> <span class='ocrx_word' id='word_1_202' title='bbox 965 2258 1122 2296; x_wconf 80' lang='lat' dir='ltr'>generalis,</span> <span class='ocrx_word' id='word_1_203' title='bbox 1140 2267 1207 2287; x_wconf 89' lang='lat' dir='ltr'>ceu-</span> 
     </span>
     <span class='ocr_line' id='line_1_42' title="bbox 469 2305 1207 2345; baseline 0.001 -10"><span class='ocrx_word' id='word_1_204' title='bbox 469 2306 538 2343; x_wconf 82' lang='lat' dir='ltr'>suit,</span> <span class='ocrx_word' id='word_1_205' title='bbox 562 2305 584 2335; x_wconf 88' lang='lat' dir='ltr'>si</span> <span class='ocrx_word' id='word_1_206' title='bbox 615 2305 785 2335; x_wconf 83' lang='lat' dir='ltr'>Sanctitatis</span> <span class='ocrx_word' id='word_1_207' title='bbox 821 2315 889 2335; x_wconf 86' lang='lat' dir='ltr'>suae</span> <span class='ocrx_word' id='word_1_208' title='bbox 926 2306 1091 2345; x_wconf 79' lang='lat' dir='ltr'>placuerit,</span> <span class='ocrx_word' id='word_1_209' title='bbox 1124 2316 1207 2345; x_wconf 85' lang='lat' dir='ltr'>posse</span> 
     </span>
     <span class='ocr_line' id='line_1_43' title="bbox 470 2354 1209 2394; baseline 0.003 -10"><span class='ocrx_word' id='word_1_210' title='bbox 470 2364 521 2394; x_wconf 85' lang='lat' dir='ltr'>per</span> <span class='ocrx_word' id='word_1_211' title='bbox 543 2364 610 2384; x_wconf 89' lang='lat' dir='ltr'>suas</span> <span class='ocrx_word' id='word_1_212' title='bbox 633 2354 746 2384; x_wconf 84' lang='lat' dir='ltr'>litteras</span> <span class='ocrx_word' id='word_1_213' title='bbox 768 2355 943 2393; x_wconf 83' lang='lat' dir='ltr'>apostolicas</span> <span class='ocrx_word' id='word_1_214' title='bbox 965 2355 994 2384; x_wconf 90' lang='lat' dir='ltr'>in</span> <span class='ocrx_word' id='word_1_215' title='bbox 1018 2356 1111 2385; x_wconf 67' lang='lat' dir='ltr'>forma</span> <span class='ocrx_word' id='word_1_216' title='bbox 1142 2356 1209 2386; x_wconf 87' lang='lat' dir='ltr'>Bre-</span> 
     </span>
     <span class='ocr_line' id='line_1_44' title="bbox 471 2403 1207 2442; baseline 0.001 -9"><span class='ocrx_word' id='word_1_217' title='bbox 471 2404 513 2433; x_wconf 89' lang='lat' dir='ltr'>vis</span> <span class='ocrx_word' id='word_1_218' title='bbox 549 2407 696 2433; x_wconf 84' lang='lat' dir='ltr'>oratorum</span> <span class='ocrx_word' id='word_1_219' title='bbox 731 2403 865 2442; x_wconf 87' lang='lat' dir='ltr'>precibus</span> <span class='ocrx_word' id='word_1_220' title='bbox 901 2404 1072 2442; x_wconf 84' lang='lat' dir='ltr'>indulgeri,</span> <span class='ocrx_word' id='word_1_221' title='bbox 1112 2408 1144 2434; x_wconf 90' lang='lat' dir='ltr'>ut</span> <span class='ocrx_word' id='word_1_222' title='bbox 1179 2404 1207 2434; x_wconf 92' lang='lat' dir='ltr'>in</span> 
     </span>
     <span class='ocr_line' id='line_1_45' title="bbox 470 2453 1207 2492; baseline 0.003 -11"><span class='ocrx_word' id='word_1_223' title='bbox 470 2461 655 2491; x_wconf 82' lang='lat' dir='ltr'>quocumque</span> <span class='ocrx_word' id='word_1_224' title='bbox 678 2461 768 2488; x_wconf 82' lang='lat' dir='ltr'>casu,</span> <span class='ocrx_word' id='word_1_225' title='bbox 793 2461 849 2491; x_wconf 91' lang='lat' dir='ltr'>quo</span> <span class='ocrx_word' id='word_1_226' title='bbox 873 2462 949 2482; x_wconf 84' lang='lat' dir='ltr'>unus</span> <span class='ocrx_word' id='word_1_227' title='bbox 972 2453 1032 2483; x_wconf 90' lang='lat' dir='ltr'>sive</span> <span class='ocrx_word' id='word_1_228' title='bbox 1055 2453 1152 2492; x_wconf 81' lang='lat' dir='ltr'>plures</span> <span class='ocrx_word' id='word_1_229' title='bbox 1175 2464 1207 2483; x_wconf 78' lang='lat' dir='ltr'>ex</span> 
     </span>
     <span class='ocr_line' id='line_1_46' title="bbox 471 2498 1209 2539; baseline 0.003 -11"><span class='ocrx_word' id='word_1_230' title='bbox 471 2498 674 2529; x_wconf 64' lang='lat' dir='ltr'>definitoribus</span> <span class='ocrx_word' id='word_1_231' title='bbox 697 2498 797 2529; x_wconf 85' lang='lat' dir='ltr'>electis</span> <span class='ocrx_word' id='word_1_232' title='bbox 826 2500 855 2527; x_wconf 89' lang='lat' dir='ltr'>in</span> <span class='ocrx_word' id='word_1_233' title='bbox 889 2499 1024 2538; x_wconf 90' lang='lat' dir='ltr'>capitulis</span> <span class='ocrx_word' id='word_1_234' title='bbox 1047 2500 1209 2539; x_wconf 87' lang='lat' dir='ltr'>provincia-</span> 
     </span>
     <span class='ocr_line' id='line_1_47' title="bbox 471 2547 1210 2589; baseline 0.003 -11"><span class='ocrx_word' id='word_1_235' title='bbox 471 2548 546 2578; x_wconf 89' lang='lat' dir='ltr'>libus</span> <span class='ocrx_word' id='word_1_236' title='bbox 569 2548 713 2587; x_wconf 82' lang='lat' dir='ltr'>dessciant,</span> <span class='ocrx_word' id='word_1_237' title='bbox 732 2547 881 2587; x_wconf 83' lang='lat' dir='ltr'>subrogati</span> <span class='ocrx_word' id='word_1_238' title='bbox 897 2557 1012 2588; x_wconf 83' lang='lat' dir='ltr'>semper</span> <span class='ocrx_word' id='word_1_239' title='bbox 1033 2554 1061 2580; x_wconf 90' lang='lat' dir='ltr'>et</span> <span class='ocrx_word' id='word_1_240' title='bbox 1082 2550 1210 2589; x_wconf 83' lang='lat' dir='ltr'>quando-</span> 
     </span>
    </p>
   </div>
   <div class='ocr_carea' id='block_1_4' title="bbox 509 2648 943 2686">
    <p class='ocr_par' dir='ltr' id='par_1_6' title="bbox 509 2648 943 2686">
     <span class='ocr_line' id='line_1_48' title="bbox 509 2648 943 2686; baseline 0.002 -10"><span class='ocrx_word' id='word_1_241' title='bbox 509 2650 519 2676; x_wconf 84' lang='lat'>1</span> <span class='ocrx_word' id='word_1_242' title='bbox 542 2648 637 2678; x_wconf 86' lang='lat' dir='ltr'>Potius</span> <span class='ocrx_word' id='word_1_243' title='bbox 656 2649 715 2686; x_wconf 86' lang='lat' dir='ltr'>lege</span> <span class='ocrx_word' id='word_1_244' title='bbox 734 2649 819 2685; x_wconf 71' lang='lat' dir='ltr'>sacili</span> <span class='ocrx_word' id='word_1_245' title='bbox 838 2650 878 2685; x_wconf 77' lang='lat' dir='ltr'>(n.</span> <span class='ocrx_word' id='word_1_246' title='bbox 895 2650 943 2686; x_wconf 83' lang='grc' dir='ltr'><strong>τ.).</strong></span> 
     </span>
    </p>
   </div>
   <div class='ocr_carea' id='block_1_5' title="bbox 1218 303 1233 2532">
    <p class='ocr_par' dir='ltr' id='par_1_7' title="bbox 1218 303 1233 2532">
     <span class='ocr_line' id='line_1_49' title="bbox 1218 303 1233 2532; baseline 0 0"><span class='ocrx_word' id='word_1_247' title='bbox 1218 303 1233 2532; x_wconf 95' lang='lat' dir='ltr'> </span> 
     </span>
    </p>
   </div>
   <div class='ocr_carea' id='block_1_6' title="bbox 1035 250 2172 280">
    <p class='ocr_par' dir='ltr' id='par_1_8' title="bbox 1035 248 2232 286">
     <span class='ocr_line' id='line_1_50' title="bbox 1035 250 2172 280; baseline -0.002 0"><span class='ocrx_word' id='word_1_248' title='bbox 1035 253 1220 280; x_wconf 60' lang='lat' dir='ltr'>nontamen</span> <span class='ocrx_word' id='word_1_249' title='bbox 1246 251 1406 276; x_wconf 68' lang='lat' dir='ltr'>nomnen</span> <span class='ocrx_word' id='word_1_250' title='bbox 1983 250 2034 277; x_wconf 83' lang='grc' dir='ltr'>Αη.</span> <span class='ocrx_word' id='word_1_251' title='bbox 2055 250 2084 277; x_wconf 82' lang='lat' dir='ltr'>e.</span> <span class='ocrx_word' id='word_1_252' title='bbox 2106 250 2172 278; x_wconf 76' lang='lat'>¹739</span> 
     </span>
    </p>
   </div>
   <div class='ocr_carea' id='block_1_7' title="bbox 1238 298 2216 1225">
    <p class='ocr_par' dir='ltr' id='par_1_9' title="bbox 1238 298 2216 1055">
     <span class='ocr_line' id='line_1_51' title="bbox 1239 298 1979 341; baseline -0.003 -10"><span class='ocrx_word' id='word_1_253' title='bbox 1239 310 1362 341; x_wconf 84' lang='lat' dir='ltr'>cumque</span> <span class='ocrx_word' id='word_1_254' title='bbox 1394 300 1609 340; x_wconf 80' lang='lat' dir='ltr'>intelligantur,</span> <span class='ocrx_word' id='word_1_255' title='bbox 1643 303 1671 330; x_wconf 89' lang='lat' dir='ltr'>et</span> <span class='ocrx_word' id='word_1_256' title='bbox 1694 299 1832 340; x_wconf 85' lang='lat' dir='ltr'>supplere</span> <span class='ocrx_word' id='word_1_257' title='bbox 1855 298 1979 329; x_wconf 83' lang='lat' dir='ltr'>debeant</span> 
     </span>
     <span class='ocr_line' id='line_1_52' title="bbox 1238 348 1979 388; baseline -0.003 -8"><span class='ocrx_word' id='word_1_258' title='bbox 1238 359 1339 380; x_wconf 87' lang='lat' dir='ltr'>eorum</span> <span class='ocrx_word' id='word_1_259' title='bbox 1362 358 1447 380; x_wconf 86' lang='lat' dir='ltr'>voces</span> <span class='ocrx_word' id='word_1_260' title='bbox 1469 353 1497 379; x_wconf 88' lang='lat' dir='ltr'>et</span> <span class='ocrx_word' id='word_1_261' title='bbox 1519 349 1599 379; x_wconf 82' lang='lat' dir='ltr'>vices</span> <span class='ocrx_word' id='word_1_262' title='bbox 1622 358 1687 379; x_wconf 89' lang='lat' dir='ltr'>cum</span> <span class='ocrx_word' id='word_1_263' title='bbox 1711 348 1812 378; x_wconf 88' lang='lat' dir='ltr'>iisdem</span> <span class='ocrx_word' id='word_1_264' title='bbox 1837 348 1979 388; x_wconf 88' lang='lat' dir='ltr'>praeemi-</span> 
     </span>
     <span class='ocr_line' id='line_1_53' title="bbox 1239 398 1979 439; baseline -0.003 -9"><span class='ocrx_word' id='word_1_265' title='bbox 1239 400 1349 430; x_wconf 86' lang='lat' dir='ltr'>nentiis</span> <span class='ocrx_word' id='word_1_266' title='bbox 1372 409 1464 439; x_wconf 87' lang='lat' dir='ltr'>usque</span> <span class='ocrx_word' id='word_1_267' title='bbox 1487 400 1520 430; x_wconf 86' lang='lat' dir='ltr'>ad</span> <span class='ocrx_word' id='word_1_268' title='bbox 1544 408 1651 429; x_wconf 90' lang='lat' dir='ltr'>novum</span> <span class='ocrx_word' id='word_1_269' title='bbox 1675 399 1834 438; x_wconf 82' lang='lat' dir='ltr'>capitulum</span> <span class='ocrx_word' id='word_1_270' title='bbox 1861 398 1979 438; x_wconf 83' lang='lat' dir='ltr'>provin-</span> 
     </span>
     <span class='ocr_line' id='line_1_54' title="bbox 1240 446 1979 486; baseline -0.004 -8"><span class='ocrx_word' id='word_1_271' title='bbox 1240 449 1324 484; x_wconf 79' lang='lat' dir='ltr'>ciale,</span> <span class='ocrx_word' id='word_1_272' title='bbox 1345 448 1394 478; x_wconf 82' lang='lat' dir='ltr'>alii</span> <span class='ocrx_word' id='word_1_273' title='bbox 1418 447 1474 478; x_wconf 89' lang='lat' dir='ltr'>duo</span> <span class='ocrx_word' id='word_1_274' title='bbox 1497 447 1557 477; x_wconf 91' lang='lat' dir='ltr'>sive</span> <span class='ocrx_word' id='word_1_275' title='bbox 1581 447 1680 486; x_wconf 87' lang='lat' dir='ltr'>plures</span> <span class='ocrx_word' id='word_1_276' title='bbox 1702 446 1832 484; x_wconf 80' lang='lat' dir='ltr'>religiosi</span> <span class='ocrx_word' id='word_1_277' title='bbox 1855 446 1904 485; x_wconf 87' lang='lat' dir='ltr'>qui</span> <span class='ocrx_word' id='word_1_278' title='bbox 1928 455 1979 485; x_wconf 91' lang='lat' dir='ltr'>pro</span> 
     </span>
     <span class='ocr_line' id='line_1_55' title="bbox 1241 494 1981 536; baseline -0.004 -10"><span class='ocrx_word' id='word_1_279' title='bbox 1241 496 1373 536; x_wconf 87' lang='lat' dir='ltr'>patribus</span> <span class='ocrx_word' id='word_1_280' title='bbox 1397 496 1502 525; x_wconf 83' lang='lat' dir='ltr'>additis</span> <span class='ocrx_word' id='word_1_281' title='bbox 1524 495 1689 525; x_wconf 83' lang='lat' dir='ltr'>definitorio</span> <span class='ocrx_word' id='word_1_282' title='bbox 1707 494 1891 534; x_wconf 85' lang='lat' dir='ltr'>provinciali,</span> <span class='ocrx_word' id='word_1_283' title='bbox 1909 504 1981 533; x_wconf 90' lang='lat' dir='ltr'>quo-</span> 
     </span>
     <span class='ocr_line' id='line_1_56' title="bbox 1242 542 1982 582; baseline -0.003 -9"><span class='ocrx_word' id='word_1_284' title='bbox 1242 544 1296 573; x_wconf 89' lang='lat' dir='ltr'>ties</span> <span class='ocrx_word' id='word_1_285' title='bbox 1319 543 1485 573; x_wconf 89' lang='lat' dir='ltr'>celebratur</span> <span class='ocrx_word' id='word_1_286' title='bbox 1508 543 1669 582; x_wconf 85' lang='lat' dir='ltr'>capitulum</span> <span class='ocrx_word' id='word_1_287' title='bbox 1693 542 1884 582; x_wconf 85' lang='lat' dir='ltr'>provinciale,</span> <span class='ocrx_word' id='word_1_288' title='bbox 1916 551 1982 581; x_wconf 91' lang='lat' dir='ltr'>pro-</span> 
     </span>
     <span class='ocr_line' id='line_1_57' title="bbox 1242 590 1984 630; baseline -0.003 -9"><span class='ocrx_word' id='word_1_289' title='bbox 1242 592 1376 622; x_wconf 85' lang='lat' dir='ltr'>nunciari</span> <span class='ocrx_word' id='word_1_290' title='bbox 1413 595 1649 629; x_wconf 82' lang='lat' dir='ltr'>consueverunt,</span> <span class='ocrx_word' id='word_1_291' title='bbox 1685 590 1771 620; x_wconf 89' lang='lat' dir='ltr'>sicuti</span> <span class='ocrx_word' id='word_1_292' title='bbox 1806 590 1984 630; x_wconf 86' lang='lat' dir='ltr'>practicatur</span> 
     </span>
     <span class='ocr_line' id='line_1_58' title="bbox 1242 639 1983 680; baseline -0.003 -10"><span class='ocrx_word' id='word_1_293' title='bbox 1242 640 1338 680; x_wconf 88' lang='lat' dir='ltr'>quoad</span> <span class='ocrx_word' id='word_1_294' title='bbox 1362 640 1561 670; x_wconf 79' lang='lat' dir='ltr'>definitorium</span> <span class='ocrx_word' id='word_1_295' title='bbox 1586 639 1733 678; x_wconf 86' lang='lat' dir='ltr'>generale,</span> <span class='ocrx_word' id='word_1_296' title='bbox 1763 639 1836 669; x_wconf 86' lang='lat' dir='ltr'>itaut</span> <span class='ocrx_word' id='word_1_297' title='bbox 1867 647 1917 678; x_wconf 89' lang='lat' dir='ltr'>per</span> <span class='ocrx_word' id='word_1_298' title='bbox 1938 648 1983 668; x_wconf 87' lang='lat' dir='ltr'>re-</span> 
     </span>
     <span class='ocr_line' id='line_1_59' title="bbox 1242 687 1982 728; baseline -0.001 -11"><span class='ocrx_word' id='word_1_299' title='bbox 1242 689 1353 728; x_wconf 85' lang='lat' dir='ltr'>liquum</span> <span class='ocrx_word' id='word_1_300' title='bbox 1370 688 1598 728; x_wconf 84' lang='lat' dir='ltr'>provincialatus</span> <span class='ocrx_word' id='word_1_301' title='bbox 1614 687 1785 725; x_wconf 85' lang='lat' dir='ltr'>triennium,</span> <span class='ocrx_word' id='word_1_302' title='bbox 1804 687 1982 726; x_wconf 87' lang='lat' dir='ltr'>quicumque</span> 
     </span>
     <span class='ocr_line' id='line_1_60' title="bbox 1242 735 1983 775; baseline -0.001 -8"><span class='ocrx_word' id='word_1_303' title='bbox 1242 738 1327 767; x_wconf 87' lang='lat' dir='ltr'>detur</span> <span class='ocrx_word' id='word_1_304' title='bbox 1348 746 1433 767; x_wconf 87' lang='lat' dir='ltr'>casus</span> <span class='ocrx_word' id='word_1_305' title='bbox 1448 737 1640 773; x_wconf 79' lang='lat' dir='ltr'>deficientiae,</span> <span class='ocrx_word' id='word_1_306' title='bbox 1658 735 1816 766; x_wconf 85' lang='lat' dir='ltr'>definitorii</span> <span class='ocrx_word' id='word_1_307' title='bbox 1834 736 1983 775; x_wconf 91' lang='lat' dir='ltr'>plenitudo</span> 
     </span>
     <span class='ocr_line' id='line_1_61' title="bbox 1244 784 1982 825; baseline -0.003 -9"><span class='ocrx_word' id='word_1_308' title='bbox 1244 795 1359 825; x_wconf 89' lang='lat' dir='ltr'>semper</span> <span class='ocrx_word' id='word_1_309' title='bbox 1376 790 1567 815; x_wconf 87' lang='lat' dir='ltr'>conservetur</span> <span class='ocrx_word' id='word_1_310' title='bbox 1585 794 1638 824; x_wconf 90' lang='lat' dir='ltr'>pro</span> <span class='ocrx_word' id='word_1_311' title='bbox 1654 784 1836 824; x_wconf 83' lang='lat' dir='ltr'>expeditione</span> <span class='ocrx_word' id='word_1_312' title='bbox 1852 784 1982 815; x_wconf 92' lang='lat' dir='ltr'>omnium</span> 
     </span>
     <span class='ocr_line' id='line_1_62' title="bbox 1244 833 2215 873; baseline -0.002 -9"><span class='ocrx_word' id='word_1_313' title='bbox 1244 835 1428 873; x_wconf 76' lang='lat' dir='ltr'>negotiorum</span> <span class='ocrx_word' id='word_1_314' title='bbox 1451 834 1681 864; x_wconf 86' lang='lat' dir='ltr'>occurrentium.</span> <span class='ocrx_word' id='word_1_315' title='bbox 1699 834 1732 863; x_wconf 87' lang='lat' dir='ltr'>In</span> <span class='ocrx_word' id='word_1_316' title='bbox 1748 837 1885 863; x_wconf 83' lang='lat' dir='ltr'>eventum</span> <span class='ocrx_word' id='word_1_317' title='bbox 1902 842 1982 872; x_wconf 89' lang='lat' dir='ltr'>vero,</span> <span class='ocrx_word' id='word_1_318' title='bbox 2214 833 2215 867; x_wconf 71' lang='lat' dir='ltr'>l</span> 
     </span>
     <span class='ocr_line' id='line_1_63' title="bbox 1245 871 2215 930; baseline -0.003 -17"><span class='ocrx_word' id='word_1_319' title='bbox 1245 893 1301 923; x_wconf 88' lang='lat' dir='ltr'>quo</span> <span class='ocrx_word' id='word_1_320' title='bbox 1326 883 1462 913; x_wconf 80' lang='lat' dir='ltr'>deficiant</span> <span class='ocrx_word' id='word_1_321' title='bbox 1484 893 1560 913; x_wconf 89' lang='lat' dir='ltr'>unus</span> <span class='ocrx_word' id='word_1_322' title='bbox 1583 883 1643 913; x_wconf 92' lang='lat' dir='ltr'>sive</span> <span class='ocrx_word' id='word_1_323' title='bbox 1667 883 1766 922; x_wconf 90' lang='lat' dir='ltr'>plures</span> <span class='ocrx_word' id='word_1_324' title='bbox 1789 891 1823 911; x_wconf 89' lang='lat' dir='ltr'>ex</span> <span class='ocrx_word' id='word_1_325' title='bbox 1848 882 1983 912; x_wconf 83' lang='lat' dir='ltr'>definito·</span> <span class='ocrx_word' id='word_1_326' title='bbox 2214 871 2215 930; x_wconf 41' lang='grc' dir='ltr'>ἰ</span> 
     </span>
     <span class='ocr_line' id='line_1_64' title="bbox 1245 931 2216 972; baseline -0.002 -10"><span class='ocrx_word' id='word_1_327' title='bbox 1245 933 1326 962; x_wconf 82' lang='lat' dir='ltr'>ribus</span> <span class='ocrx_word' id='word_1_328' title='bbox 1348 932 1588 972; x_wconf 87' lang='lat' dir='ltr'>provincialibus,</span> <span class='ocrx_word' id='word_1_329' title='bbox 1612 931 1711 961; x_wconf 89' lang='lat' dir='ltr'>nullus</span> <span class='ocrx_word' id='word_1_330' title='bbox 1733 931 1820 961; x_wconf 86' lang='lat' dir='ltr'>etiam</span> <span class='ocrx_word' id='word_1_331' title='bbox 1843 940 1881 961; x_wconf 82' lang='lat' dir='ltr'>ex</span> <span class='ocrx_word' id='word_1_332' title='bbox 1899 931 1984 961; x_wconf 90' lang='lat' dir='ltr'>dictis</span> <span class='ocrx_word' id='word_1_333' title='bbox 2214 951 2216 966; x_wconf 60' lang='lat'>,</span> 
     </span>
     <span class='ocr_line' id='line_1_65' title="bbox 1245 979 2215 1055; baseline -0.003 -44"><span class='ocrx_word' id='word_1_334' title='bbox 1245 981 1349 1012; x_wconf 85' lang='lat' dir='ltr'>additis</span> <span class='ocrx_word' id='word_1_335' title='bbox 1372 985 1548 1021; x_wconf 84' lang='lat' dir='ltr'>superesset,</span> <span class='ocrx_word' id='word_1_336' title='bbox 1572 985 1603 1010; x_wconf 92' lang='lat' dir='ltr'>ut</span> <span class='ocrx_word' id='word_1_337' title='bbox 1627 981 1801 1019; x_wconf 79' lang='lat' dir='ltr'>praefertur,</span> <span class='ocrx_word' id='word_1_338' title='bbox 1825 979 1984 1018; x_wconf 82' lang='lat' dir='ltr'>subrogan-</span> <span class='ocrx_word' id='word_1_339' title='bbox 2211 998 2215 1055; x_wconf 18' lang='lat' dir='ltr'>p</span> 
     </span>
    </p>

    <p class='ocr_par' dir='ltr' id='par_1_10' title="bbox 2213 1061 2215 1079">
     <span class='ocr_line' id='line_1_66' title="bbox 2213 1061 2215 1079; baseline 0 0"><span class='ocrx_word' id='word_1_340' title='bbox 2213 1061 2215 1079; x_wconf 73' lang='lat' dir='ltr'>t</span> 
     </span>
    </p>

    <p class='ocr_par' dir='ltr' id='par_1_11' title="bbox 2214 1093 2215 1113">
     <span class='ocr_line' id='line_1_67' title="bbox 2214 1093 2215 1113; baseline 0 0"><span class='ocrx_word' id='word_1_341' title='bbox 2214 1093 2215 1113; x_wconf 74' lang='lat' dir='ltr'>t</span> 
     </span>
    </p>

    <p class='ocr_par' dir='ltr' id='par_1_12' title="bbox 2213 1200 2215 1225">
     <span class='ocr_line' id='line_1_68' title="bbox 2213 1200 2215 1225; baseline 0 0"><span class='ocrx_word' id='word_1_342' title='bbox 2213 1200 2215 1225; x_wconf 74' lang='lat' dir='ltr'>t</span> 
     </span>
    </p>
   </div>
   <div class='ocr_carea' id='block_1_8' title="bbox 1245 1029 2215 1411">
    <p class='ocr_par' dir='ltr' id='par_1_13' title="bbox 1245 1029 2215 1411">
     <span class='ocr_line' id='line_1_69' title="bbox 1245 1029 1986 1067; baseline -0.003 -7"><span class='ocrx_word' id='word_1_343' title='bbox 1245 1031 1325 1067; x_wconf 87' lang='lat' dir='ltr'>dum,</span> <span class='ocrx_word' id='word_1_344' title='bbox 1349 1031 1524 1060; x_wconf 84' lang='lat' dir='ltr'>concedatur</span> <span class='ocrx_word' id='word_1_345' title='bbox 1547 1030 1640 1059; x_wconf 90' lang='lat' dir='ltr'>eidem</span> <span class='ocrx_word' id='word_1_346' title='bbox 1664 1029 1775 1059; x_wconf 88' lang='lat' dir='ltr'>vicario</span> <span class='ocrx_word' id='word_1_347' title='bbox 1794 1029 1923 1067; x_wconf 85' lang='lat' dir='ltr'>generali</span> <span class='ocrx_word' id='word_1_348' title='bbox 1945 1029 1986 1058; x_wconf 83' lang='lat' dir='ltr'>sa-</span> 
     </span>
     <span class='ocr_line' id='line_1_70' title="bbox 1246 1077 1986 1118; baseline -0.003 -9"><span class='ocrx_word' id='word_1_349' title='bbox 1246 1080 1351 1117; x_wconf 84' lang='lat' dir='ltr'>cultas,</span> <span class='ocrx_word' id='word_1_350' title='bbox 1370 1084 1412 1116; x_wconf 90' lang='lat' dir='ltr'>ut,</span> <span class='ocrx_word' id='word_1_351' title='bbox 1430 1081 1490 1109; x_wconf 65' lang='lat' dir='ltr'>una</span> <span class='ocrx_word' id='word_1_352' title='bbox 1505 1088 1570 1109; x_wconf 89' lang='lat' dir='ltr'>cum</span> <span class='ocrx_word' id='word_1_353' title='bbox 1591 1077 1763 1118; x_wconf 85' lang='lat' dir='ltr'>provinciali</span> <span class='ocrx_word' id='word_1_354' title='bbox 1781 1087 1832 1116; x_wconf 92' lang='lat' dir='ltr'>pro</span> <span class='ocrx_word' id='word_1_355' title='bbox 1855 1081 1986 1117; x_wconf 88' lang='lat' dir='ltr'>tempore</span> 
     </span>
     <span class='ocr_line' id='line_1_71' title="bbox 1246 1125 1985 1166; baseline -0.003 -9"><span class='ocrx_word' id='word_1_356' title='bbox 1246 1132 1273 1157; x_wconf 87' lang='lat' dir='ltr'>et</span> <span class='ocrx_word' id='word_1_357' title='bbox 1295 1128 1417 1166; x_wconf 90' lang='lat' dir='ltr'>reliquis</span> <span class='ocrx_word' id='word_1_358' title='bbox 1440 1127 1490 1166; x_wconf 87' lang='lat' dir='ltr'>qui</span> <span class='ocrx_word' id='word_1_359' title='bbox 1513 1127 1661 1166; x_wconf 82' lang='lat' dir='ltr'>supersint</span> <span class='ocrx_word' id='word_1_360' title='bbox 1677 1126 1712 1156; x_wconf 89' lang='lat' dir='ltr'>de</span> <span class='ocrx_word' id='word_1_361' title='bbox 1728 1125 1790 1155; x_wconf 90' lang='lat' dir='ltr'>eius</span> <span class='ocrx_word' id='word_1_362' title='bbox 1806 1125 1985 1165; x_wconf 81' lang='lat' dir='ltr'>definitorio,</span> 
     </span>
     <span class='ocr_line' id='line_1_72' title="bbox 1247 1174 1986 1216; baseline -0.003 -10"><span class='ocrx_word' id='word_1_363' title='bbox 1247 1177 1337 1216; x_wconf 81' lang='lat' dir='ltr'>possit</span> <span class='ocrx_word' id='word_1_364' title='bbox 1360 1177 1469 1214; x_wconf 81' lang='lat' dir='ltr'>eligere</span> <span class='ocrx_word' id='word_1_365' title='bbox 1491 1176 1661 1206; x_wconf 85' lang='lat' dir='ltr'>definitores</span> <span class='ocrx_word' id='word_1_366' title='bbox 1684 1178 1826 1214; x_wconf 88' lang='lat' dir='ltr'>quotquot</span> <span class='ocrx_word' id='word_1_367' title='bbox 1848 1174 1986 1205; x_wconf 82' lang='lat' dir='ltr'>deficiant</span> 
     </span>
     <span class='ocr_line' id='line_1_73' title="bbox 1246 1223 1987 1265; baseline -0.003 -9"><span class='ocrx_word' id='word_1_368' title='bbox 1246 1235 1338 1265; x_wconf 86' lang='lat' dir='ltr'>usque</span> <span class='ocrx_word' id='word_1_369' title='bbox 1361 1225 1397 1255; x_wconf 87' lang='lat' dir='ltr'>ad</span> <span class='ocrx_word' id='word_1_370' title='bbox 1420 1234 1526 1255; x_wconf 91' lang='lat' dir='ltr'>novum</span> <span class='ocrx_word' id='word_1_371' title='bbox 1543 1224 1702 1264; x_wconf 81' lang='lat' dir='ltr'>capitulum</span> <span class='ocrx_word' id='word_1_372' title='bbox 1723 1223 1913 1263; x_wconf 84' lang='lat' dir='ltr'>provinciale.</span> <span class='ocrx_word' id='word_1_373' title='bbox 1931 1224 1987 1254; x_wconf 85' lang='lat' dir='ltr'>Ro-</span> 
     </span>
     <span class='ocr_line' id='line_1_74' title="bbox 1248 1273 2215 1304; baseline -0.001 0"><span class='ocrx_word' id='word_1_374' title='bbox 1248 1284 1310 1304; x_wconf 89' lang='lat' dir='ltr'>mae</span> <span class='ocrx_word' id='word_1_375' title='bbox 1334 1283 1402 1304; x_wconf 80' lang='lat' dir='ltr'>xxul</span> <span class='ocrx_word' id='word_1_376' title='bbox 1424 1274 1551 1304; x_wconf 87' lang='lat' dir='ltr'>ianuarii</span> <span class='ocrx_word' id='word_1_377' title='bbox 1583 1282 1763 1303; x_wconf 63' lang='lat' dir='ltr'>iinccxxinx.</span> <span class='ocrx_word' id='word_1_378' title='bbox 1787 1290 1824 1295; x_wconf 91' lang='lat'>—</span> <span class='ocrx_word' id='word_1_379' title='bbox 1846 1273 1880 1303; x_wconf 84' lang='lat' dir='ltr'>A.</span> <span class='ocrx_word' id='word_1_380' title='bbox 1905 1273 1985 1303; x_wconf 88' lang='lat' dir='ltr'>card.</span> <span class='ocrx_word' id='word_1_381' title='bbox 2213 1276 2215 1303; x_wconf 73' lang='lat' dir='ltr'>t</span> 
     </span>
     <span class='ocr_line' id='line_1_75' title="bbox 1247 1321 1985 1360; baseline -0.003 -7"><span class='ocrx_word' id='word_1_382' title='bbox 1247 1324 1372 1354; x_wconf 62' lang='lat' dir='ltr'>Finnao.</span> <span class='ocrx_word' id='word_1_383' title='bbox 1398 1341 1432 1345; x_wconf 88' lang='lat'><strong>—</strong></span> <span class='ocrx_word' id='word_1_384' title='bbox 1457 1323 1484 1353; x_wconf 94' lang='lat' dir='ltr'>C.</span> <span class='ocrx_word' id='word_1_385' title='bbox 1508 1323 1588 1352; x_wconf 86' lang='lat' dir='ltr'>arch.</span> <span class='ocrx_word' id='word_1_386' title='bbox 1615 1322 1740 1352; x_wconf 52' lang='lat' dir='ltr'>Danum</span> <span class='ocrx_word' id='word_1_387' title='bbox 1756 1346 1763 1360; x_wconf 98' lang='lat'>,</span> <span class='ocrx_word' id='word_1_388' title='bbox 1795 1331 1869 1351; x_wconf 85' lang='lat' dir='ltr'>secr.</span> <span class='ocrx_word' id='word_1_389' title='bbox 1893 1339 1930 1345; x_wconf 92' lang='lat'>—</span> <span class='ocrx_word' id='word_1_390' title='bbox 1953 1321 1985 1351; x_wconf 85' lang='lat' dir='ltr'>F.</span> 
     </span>
     <span class='ocr_line' id='line_1_76' title="bbox 1247 1371 1985 1411; baseline -0.003 -9"><span class='ocrx_word' id='word_1_391' title='bbox 1247 1373 1399 1403; x_wconf 67' lang='lat' dir='ltr'>Micnffinn</span> <span class='ocrx_word' id='word_1_392' title='bbox 1421 1372 1517 1411; x_wconf 87' lang='lat' dir='ltr'>priore</span> <span class='ocrx_word' id='word_1_393' title='bbox 1539 1371 1680 1410; x_wconf 86' lang='lat' dir='ltr'>generali.</span> <span class='ocrx_word' id='word_1_394' title='bbox 1704 1389 1734 1393; x_wconf 97' lang='lat'><strong>—</strong></span> <span class='ocrx_word' id='word_1_395' title='bbox 1755 1371 1823 1400; x_wconf 82' lang='lat' dir='ltr'>Loco</span> <span class='ocrx_word' id='word_1_396' title='bbox 1845 1373 1863 1409; x_wconf 86' lang='lat'><strong>†</strong></span> <span class='ocrx_word' id='word_1_397' title='bbox 1885 1371 1985 1410; x_wconf 76' lang='lat' dir='ltr'>siqilli.</span> 
     </span>
    </p>
   </div>
   <div class='ocr_carea' id='block_1_9' title="bbox 1247 1427 2232 2591">
    <p class='ocr_par' dir='ltr' id='par_1_14' title="bbox 1247 1419 2215 1736">
     <span class='ocr_line' id='line_1_77' title="bbox 1290 1427 2180 1485; baseline -0.012 -22"><span class='ocrx_word' id='word_1_398' title='bbox 1290 1431 1304 1474; x_wconf 60' lang='lat' dir='ltr'>g</span> <span class='ocrx_word' id='word_1_399' title='bbox 1328 1429 1359 1464; x_wconf 77' lang='lat'>3.</span> <span class='ocrx_word' id='word_1_400' title='bbox 1395 1430 1473 1463; x_wconf 90' lang='lat' dir='ltr'>Cum</span> <span class='ocrx_word' id='word_1_401' title='bbox 1499 1435 1628 1471; x_wconf 85' lang='lat' dir='ltr'>autem,</span> <span class='ocrx_word' id='word_1_402' title='bbox 1659 1427 1762 1462; x_wconf 80' lang='lat' dir='ltr'>sicut¹</span> <span class='ocrx_word' id='word_1_403' title='bbox 1789 1428 1866 1462; x_wconf 86' lang='lat' dir='ltr'>dicti</span> <span class='ocrx_word' id='word_1_404' title='bbox 1891 1434 2180 1485; x_wconf 50' lang='lat' dir='ltr'>expo‘dffiiniflssfin&#39;ffl</span> 
     </span>
     <span class='ocr_line' id='line_1_78' title="bbox 1247 1478 2214 1525; baseline -0.001 -9"><span class='ocrx_word' id='word_1_405' title='bbox 1247 1488 1361 1516; x_wconf 90' lang='lat' dir='ltr'>nentes</span> <span class='ocrx_word' id='word_1_406' title='bbox 1390 1482 1484 1516; x_wconf 90' lang='lat' dir='ltr'>nobis</span> <span class='ocrx_word' id='word_1_407' title='bbox 1511 1482 1650 1515; x_wconf 85' lang='lat' dir='ltr'>subinde</span> <span class='ocrx_word' id='word_1_408' title='bbox 1677 1482 1797 1525; x_wconf 87' lang='lat' dir='ltr'>exponi</span> <span class='ocrx_word' id='word_1_409' title='bbox 1823 1483 2080 1523; x_wconf 46' lang='lat' dir='ltr'>senei-unimanus</span> <span class='ocrx_word' id='word_1_410' title='bbox 2212 1478 2214 1481; x_wconf 71' lang='grc'><strong>’</strong></span> 
     </span>
     <span class='ocr_line' id='line_1_79' title="bbox 1247 1535 1987 1580; baseline -0.001 -11"><span class='ocrx_word' id='word_1_411' title='bbox 1247 1537 1309 1580; x_wconf 91' lang='lat' dir='ltr'>ipsi</span> <span class='ocrx_word' id='word_1_412' title='bbox 1343 1537 1510 1569; x_wconf 87' lang='lat' dir='ltr'>decretum</span> <span class='ocrx_word' id='word_1_413' title='bbox 1537 1535 1745 1575; x_wconf 85' lang='lat' dir='ltr'>huiusmodi,</span> <span class='ocrx_word' id='word_1_414' title='bbox 1770 1546 1835 1579; x_wconf 90' lang='lat' dir='ltr'>quo</span> <span class='ocrx_word' id='word_1_415' title='bbox 1861 1535 1987 1569; x_wconf 89' lang='lat' dir='ltr'>firmius</span> 
     </span>
     <span class='ocr_line' id='line_1_80' title="bbox 1247 1588 1990 1632; baseline 0 -10"><span class='ocrx_word' id='word_1_416' title='bbox 1247 1590 1413 1629; x_wconf 84' lang='lat' dir='ltr'>subsistat,</span> <span class='ocrx_word' id='word_1_417' title='bbox 1433 1589 1632 1632; x_wconf 84' lang='lat' dir='ltr'>apostolicae</span> <span class='ocrx_word' id='word_1_418' title='bbox 1658 1588 1915 1622; x_wconf 86' lang='lat' dir='ltr'>confirmationis</span> <span class='ocrx_word' id='word_1_419' title='bbox 1933 1599 1990 1622; x_wconf 91' lang='lat' dir='ltr'>no-</span> 
     </span>
     <span class='ocr_line' id='line_1_81' title="bbox 1248 1641 1989 1686; baseline 0 -11"><span class='ocrx_word' id='word_1_420' title='bbox 1248 1648 1333 1675; x_wconf 88' lang='lat' dir='ltr'>strae</span> <span class='ocrx_word' id='word_1_421' title='bbox 1359 1642 1541 1685; x_wconf 83' lang='lat' dir='ltr'>patrocinio</span> <span class='ocrx_word' id='word_1_422' title='bbox 1567 1641 1761 1674; x_wconf 85' lang='lat' dir='ltr'>communiri</span> <span class='ocrx_word' id='word_1_423' title='bbox 1780 1652 1989 1686; x_wconf 91' lang='lat' dir='ltr'>summopere</span> 
     </span>
     <span class='ocr_line' id='line_1_82' title="bbox 1248 1696 2213 1736; baseline -0.005 -8"><span class='ocrx_word' id='word_1_424' title='bbox 1248 1696 1457 1728; x_wconf 85' lang='lat' dir='ltr'>desiderent:</span> <span class='ocrx_word' id='word_1_425' title='bbox 2210 1728 2213 1736; x_wconf 71' lang='lat'>.</span> 
     </span>
    </p>

    <p class='ocr_par' dir='ltr' id='par_1_15' title="bbox 1248 1738 2232 2591">
     <span class='ocr_line' id='line_1_83' title="bbox 1291 1748 2232 1803; baseline 0.005 -22"><span class='ocrx_word' id='word_1_426' title='bbox 1291 1750 1305 1792; x_wconf 63' lang='grc' dir='ltr'><strong><em>ξ</em></strong></span> <span class='ocrx_word' id='word_1_427' title='bbox 1329 1749 1361 1782; x_wconf 72' lang='grc'>4.</span> <span class='ocrx_word' id='word_1_428' title='bbox 1381 1748 1457 1789; x_wconf 84' lang='lat' dir='ltr'>Nos,</span> <span class='ocrx_word' id='word_1_429' title='bbox 1475 1748 1563 1791; x_wconf 88' lang='lat' dir='ltr'>ipsos</span> <span class='ocrx_word' id='word_1_430' title='bbox 1578 1754 1779 1792; x_wconf 81' lang='lat' dir='ltr'>exponentes</span> <span class='ocrx_word' id='word_1_431' title='bbox 1793 1749 2180 1803; x_wconf 46' lang='lat' dir='ltr'>specialibusatffo‘ssssfhssssssgflssss</span> <span class='ocrx_word' id='word_1_432' title='bbox 2228 1764 2232 1765; x_wconf 48' lang='lat'><em>⁷</em></span> 
     </span>
     <span class='ocr_line' id='line_1_84' title="bbox 1248 1802 2097 1846; baseline 0.002 -12"><span class='ocrx_word' id='word_1_433' title='bbox 1248 1802 1409 1835; x_wconf 85' lang='lat' dir='ltr'>favoribus</span> <span class='ocrx_word' id='word_1_434' title='bbox 1435 1806 1467 1834; x_wconf 86' lang='lat' dir='ltr'>et</span> <span class='ocrx_word' id='word_1_435' title='bbox 1491 1802 1601 1844; x_wconf 84' lang='lat' dir='ltr'>gratiis</span> <span class='ocrx_word' id='word_1_436' title='bbox 1628 1802 1785 1846; x_wconf 88' lang='lat' dir='ltr'>prosequi</span> <span class='ocrx_word' id='word_1_437' title='bbox 1823 1803 2097 1842; x_wconf 68' lang='lat' dir='ltr'>volentes,¹’⁰¹³‘¹¹¹··</span> 
     </span>
     <span class='ocr_line' id='line_1_85' title="bbox 1248 1855 1992 1899; baseline 0.001 -11"><span class='ocrx_word' id='word_1_438' title='bbox 1248 1860 1280 1888; x_wconf 87' lang='lat' dir='ltr'>et</span> <span class='ocrx_word' id='word_1_439' title='bbox 1304 1865 1415 1888; x_wconf 88' lang='lat' dir='ltr'>eorum</span> <span class='ocrx_word' id='word_1_440' title='bbox 1442 1855 1625 1897; x_wconf 80' lang='lat' dir='ltr'>singulares</span> <span class='ocrx_word' id='word_1_441' title='bbox 1649 1865 1807 1898; x_wconf 83' lang='lat' dir='ltr'>personas</span> <span class='ocrx_word' id='word_1_442' title='bbox 1825 1865 1842 1888; x_wconf 86' lang='lat' dir='ltr'>a</span> <span class='ocrx_word' id='word_1_443' title='bbox 1859 1855 1992 1899; x_wconf 89' lang='lat' dir='ltr'>quibus-</span> 
     </span>
     <span class='ocr_line' id='line_1_86' title="bbox 1248 1907 1994 1952; baseline 0.001 -11"><span class='ocrx_word' id='word_1_444' title='bbox 1248 1908 1292 1941; x_wconf 88' lang='lat' dir='ltr'>vis</span> <span class='ocrx_word' id='word_1_445' title='bbox 1319 1907 1684 1947; x_wconf 79' lang='lat' dir='ltr'>excommunicationis,</span> <span class='ocrx_word' id='word_1_446' title='bbox 1711 1908 1936 1952; x_wconf 88' lang='lat' dir='ltr'>suspensionis</span> <span class='ocrx_word' id='word_1_447' title='bbox 1961 1914 1994 1942; x_wconf 85' lang='lat' dir='ltr'>et</span> 
     </span>
     <span class='ocr_line' id='line_1_87' title="bbox 1248 1961 1993 2005; baseline 0.001 -11"><span class='ocrx_word' id='word_1_448' title='bbox 1248 1961 1434 2004; x_wconf 87' lang='lat' dir='ltr'>interdicti,</span> <span class='ocrx_word' id='word_1_449' title='bbox 1472 1961 1610 2005; x_wconf 88' lang='lat' dir='ltr'>aliisque</span> <span class='ocrx_word' id='word_1_450' title='bbox 1650 1961 1882 1996; x_wconf 86' lang='lat' dir='ltr'>ecelesiasticis</span> <span class='ocrx_word' id='word_1_451' title='bbox 1921 1972 1993 1996; x_wconf 90' lang='lat' dir='ltr'>sen-</span> 
     </span>
     <span class='ocr_line' id='line_1_88' title="bbox 1250 2015 1991 2058; baseline 0 -9"><span class='ocrx_word' id='word_1_452' title='bbox 1250 2015 1379 2055; x_wconf 87' lang='lat' dir='ltr'>tentiis,</span> <span class='ocrx_word' id='word_1_453' title='bbox 1405 2015 1551 2048; x_wconf 85' lang='lat' dir='ltr'>censuris</span> <span class='ocrx_word' id='word_1_454' title='bbox 1578 2020 1610 2048; x_wconf 90' lang='lat' dir='ltr'>et</span> <span class='ocrx_word' id='word_1_455' title='bbox 1635 2015 1770 2058; x_wconf 89' lang='lat' dir='ltr'>poenis,</span> <span class='ocrx_word' id='word_1_456' title='bbox 1796 2026 1814 2049; x_wconf 88' lang='lat' dir='ltr'>a</span> <span class='ocrx_word' id='word_1_457' title='bbox 1846 2015 1917 2049; x_wconf 90' lang='lat' dir='ltr'>iure</span> <span class='ocrx_word' id='word_1_458' title='bbox 1941 2016 1991 2049; x_wconf 90' lang='lat' dir='ltr'>vel</span> 
     </span>
     <span class='ocr_line' id='line_1_89' title="bbox 1250 2067 1992 2112; baseline 0.001 -11"><span class='ocrx_word' id='word_1_459' title='bbox 1250 2069 1288 2101; x_wconf 87' lang='lat' dir='ltr'>ab</span> <span class='ocrx_word' id='word_1_460' title='bbox 1313 2068 1465 2110; x_wconf 87' lang='lat' dir='ltr'>bomine,</span> <span class='ocrx_word' id='word_1_461' title='bbox 1492 2067 1603 2112; x_wconf 87' lang='lat' dir='ltr'>quavis</span> <span class='ocrx_word' id='word_1_462' title='bbox 1628 2068 1803 2102; x_wconf 88' lang='lat' dir='ltr'>occasione</span> <span class='ocrx_word' id='word_1_463' title='bbox 1829 2069 1880 2102; x_wconf 91' lang='lat' dir='ltr'>vel</span> <span class='ocrx_word' id='word_1_464' title='bbox 1897 2070 1992 2102; x_wconf 72' lang='lat' dir='ltr'>causa</span> 
     </span>
     <span class='ocr_line' id='line_1_90' title="bbox 1250 2121 1992 2165; baseline 0.001 -10"><span class='ocrx_word' id='word_1_465' title='bbox 1250 2122 1331 2160; x_wconf 80' lang='lat' dir='ltr'>latis,</span> <span class='ocrx_word' id='word_1_466' title='bbox 1358 2121 1383 2154; x_wconf 90' lang='lat' dir='ltr'>si</span> <span class='ocrx_word' id='word_1_467' title='bbox 1409 2121 1527 2165; x_wconf 86' lang='lat' dir='ltr'>quibus</span> <span class='ocrx_word' id='word_1_468' title='bbox 1553 2121 1800 2165; x_wconf 85' lang='lat' dir='ltr'>quomodolibet</span> <span class='ocrx_word' id='word_1_469' title='bbox 1817 2121 1992 2156; x_wconf 86' lang='lat' dir='ltr'>innodatae</span> 
     </span>
     <span class='ocr_line' id='line_1_91' title="bbox 1251 2174 1994 2218; baseline 0.001 -10"><span class='ocrx_word' id='word_1_470' title='bbox 1251 2175 1400 2215; x_wconf 75' lang='lat' dir='ltr'>existunt,</span> <span class='ocrx_word' id='word_1_471' title='bbox 1419 2175 1458 2208; x_wconf 87' lang='lat' dir='ltr'>ad</span> <span class='ocrx_word' id='word_1_472' title='bbox 1486 2174 1635 2208; x_wconf 82' lang='lat' dir='ltr'>ell&#39;ectum</span> <span class='ocrx_word' id='word_1_473' title='bbox 1661 2176 1884 2218; x_wconf 85' lang='lat' dir='ltr'>praesentium</span> <span class='ocrx_word' id='word_1_474' title='bbox 1902 2177 1994 2209; x_wconf 91' lang='lat' dir='ltr'>dum-</span> 
     </span>
     <span class='ocr_line' id='line_1_92' title="bbox 1251 2228 1994 2271; baseline 0.003 -11"><span class='ocrx_word' id='word_1_475' title='bbox 1251 2234 1336 2261; x_wconf 68' lang='lat' dir='ltr'>taxat</span> <span class='ocrx_word' id='word_1_476' title='bbox 1364 2228 1647 2271; x_wconf 85' lang='lat' dir='ltr'>consequendum,</span> <span class='ocrx_word' id='word_1_477' title='bbox 1673 2229 1788 2261; x_wconf 87' lang='lat' dir='ltr'>barum</span> <span class='ocrx_word' id='word_1_478' title='bbox 1821 2229 1906 2262; x_wconf 88' lang='lat' dir='ltr'>serie</span> <span class='ocrx_word' id='word_1_479' title='bbox 1938 2230 1994 2262; x_wconf 86' lang='lat' dir='ltr'>ab·</span> 
     </span>
     <span class='ocr_line' id='line_1_93' title="bbox 1251 2281 1993 2321; baseline 0.001 -7"><span class='ocrx_word' id='word_1_480' title='bbox 1251 2283 1415 2314; x_wconf 88' lang='lat' dir='ltr'>solventes</span> <span class='ocrx_word' id='word_1_481' title='bbox 1447 2287 1478 2314; x_wconf 89' lang='lat' dir='ltr'>et</span> <span class='ocrx_word' id='word_1_482' title='bbox 1506 2281 1672 2314; x_wconf 88' lang='lat' dir='ltr'>absolutas</span> <span class='ocrx_word' id='word_1_483' title='bbox 1699 2282 1767 2314; x_wconf 90' lang='lat' dir='ltr'>sore</span> <span class='ocrx_word' id='word_1_484' title='bbox 1804 2287 1993 2321; x_wconf 74' lang='lat' dir='ltr'>censentes,</span> 
     </span>
     <span class='ocr_line' id='line_1_94' title="bbox 1251 2334 1991 2378; baseline 0.001 -11"><span class='ocrx_word' id='word_1_485' title='bbox 1251 2334 1547 2378; x_wconf 78' lang='lat' dir='ltr'>supplicationibus</span> <span class='ocrx_word' id='word_1_486' title='bbox 1583 2345 1696 2367; x_wconf 87' lang='lat' dir='ltr'>eorum</span> <span class='ocrx_word' id='word_1_487' title='bbox 1732 2335 1861 2368; x_wconf 91' lang='lat' dir='ltr'>nomine</span> <span class='ocrx_word' id='word_1_488' title='bbox 1897 2335 1991 2369; x_wconf 90' lang='lat' dir='ltr'>nobis</span> 
     </span>
     <span class='ocr_line' id='line_1_95' title="bbox 1252 2386 1993 2430; baseline 0.003 -12"><span class='ocrx_word' id='word_1_489' title='bbox 1252 2398 1348 2430; x_wconf 82' lang='lat' dir='ltr'>super</span> <span class='ocrx_word' id='word_1_490' title='bbox 1373 2388 1436 2420; x_wconf 89' lang='lat' dir='ltr'>boc</span> <span class='ocrx_word' id='word_1_491' title='bbox 1461 2386 1628 2420; x_wconf 83' lang='lat' dir='ltr'>humiliter</span> <span class='ocrx_word' id='word_1_492' title='bbox 1652 2387 1812 2430; x_wconf 87' lang='lat' dir='ltr'>porrectis</span> <span class='ocrx_word' id='word_1_493' title='bbox 1834 2387 1993 2429; x_wconf 87' lang='lat' dir='ltr'>inclinati,</span> 
     </span>
     <span class='ocr_line' id='line_1_96' title="bbox 1253 2439 1993 2485; baseline 0 -11"><span class='ocrx_word' id='word_1_494' title='bbox 1253 2441 1418 2474; x_wconf 87' lang='lat' dir='ltr'>decretum</span> <span class='ocrx_word' id='word_1_495' title='bbox 1436 2441 1690 2483; x_wconf 85' lang='lat' dir='ltr'>praeinsertum,</span> <span class='ocrx_word' id='word_1_496' title='bbox 1710 2439 1902 2474; x_wconf 84' lang='lat' dir='ltr'>auctoritate</span> <span class='ocrx_word' id='word_1_497' title='bbox 1920 2451 1993 2485; x_wconf 88' lang='lat' dir='ltr'>apo-</span> 
     </span>
     <span class='ocr_line' id='line_1_97' title="bbox 1252 2493 1993 2536; baseline 0.001 -10"><span class='ocrx_word' id='word_1_498' title='bbox 1252 2493 1376 2533; x_wconf 79' lang='lat' dir='ltr'>stolica,</span> <span class='ocrx_word' id='word_1_499' title='bbox 1393 2498 1507 2525; x_wconf 90' lang='lat' dir='ltr'>tenore</span> <span class='ocrx_word' id='word_1_500' title='bbox 1522 2493 1753 2536; x_wconf 87' lang='lat' dir='ltr'>praesentium,</span> <span class='ocrx_word' id='word_1_501' title='bbox 1772 2494 1993 2536; x_wconf 89' lang='lat' dir='ltr'>approbamus</span> 
     </span>
     <span class='ocr_line' id='line_1_98' title="bbox 1253 2545 1992 2591; baseline 0.003 -12"><span class='ocrx_word' id='word_1_502' title='bbox 1253 2551 1283 2580; x_wconf 88' lang='lat' dir='ltr'>et</span> <span class='ocrx_word' id='word_1_503' title='bbox 1308 2545 1547 2587; x_wconf 72' lang='lat' dir='ltr'>confirmamus,</span> <span class='ocrx_word' id='word_1_504' title='bbox 1575 2546 1689 2590; x_wconf 89' lang='lat' dir='ltr'>illique</span> <span class='ocrx_word' id='word_1_505' title='bbox 1703 2545 1898 2580; x_wconf 86' lang='lat' dir='ltr'>inviolabilis</span> <span class='ocrx_word' id='word_1_506' title='bbox 1915 2557 1992 2591; x_wconf 84' lang='lat' dir='ltr'>apo-</span> 
     </span>
    </p>
   </div>
   <div class='ocr_carea' id='block_1_10' title="bbox 1289 2650 1856 2688">
    <p class='ocr_par' dir='ltr' id='par_1_16' title="bbox 1289 2650 1856 2688">
     <span class='ocr_line' id='line_1_99' title="bbox 1289 2650 1856 2688; baseline 0 -9"><span class='ocrx_word' id='word_1_507' title='bbox 1289 2652 1299 2679; x_wconf 93' lang='lat'>1</span> <span class='ocrx_word' id='word_1_508' title='bbox 1322 2651 1424 2679; x_wconf 87' lang='lat' dir='ltr'>Vocem</span> <span class='ocrx_word' id='word_1_509' title='bbox 1443 2651 1517 2681; x_wconf 76' lang='lat' dir='ltr'>sicut</span> <span class='ocrx_word' id='word_1_510' title='bbox 1536 2659 1586 2680; x_wconf 89' lang='lat' dir='ltr'>nos</span> <span class='ocrx_word' id='word_1_511' title='bbox 1605 2650 1731 2680; x_wconf 84' lang='lat' dir='ltr'>addimus</span> <span class='ocrx_word' id='word_1_512' title='bbox 1751 2650 1791 2687; x_wconf 80' lang='lat' dir='ltr'>(R.</span> <span class='ocrx_word' id='word_1_513' title='bbox 1807 2651 1856 2688; x_wconf 77' lang='lat' dir='ltr'>T.)-</span> 
     </span>
    </p>
   </div>
  </div>
 </body>
</html>
