2232 3178
270 293 319 319 An.
337 292 364 319 C.
385 291 453 318 1738

270 353 406 375 intonastoria.
415 358 452 372 ner

272 387 290 400 in
315 382 340 399 iis
369 381 452 404 paruntv

271 407 328 426 tendi
377 405 452 425 ludicii

273 436 339 452 nctus.

301 1668 392 1687 Praelati
409 1668 457 1687 abs·

273 1700 313 1719 qua
363 1694 457 1719 legitima

274 1727 337 1740 causa
370 1727 381 1740 a
413 1726 446 1740 mo

274 1748 371 1766 uasti-riis
381 1747 457 1768 abesse

273 1779 314 1794 non
330 1774 417 1796 debent.

300 2195 350 2216 Aliis
366 2195 460 2220 exemplo

276 2224 318 2242 sint
336 2228 356 2242 m
379 2222 460 2247 reguta-

277 2249 334 2278 ribus
345 2248 461 2269 observan-

278 2278 319 2295 tm,

498 282 562 316 488

463 339 549 370 dendi
576 349 590 369 a
623 339 797 368 monasterio
827 337 902 366 infra
930 344 1058 373 annum,
1085 343 1197 364 recrea-

465 387 550 417 tionis
573 386 616 416 vel
639 386 724 415 etiam
748 384 908 414 devotionis
935 384 1039 419 causa,
1067 393 1117 413 sen
1143 382 1199 412 alio

464 434 565 474 quovis
589 437 749 472 praetextu,
772 431 912 462 fratribus
933 436 1049 461 nostrae
1071 431 1197 469 Congre-

463 482 588 521 gationis
611 492 625 510 a
648 480 851 511 definitoribus
881 480 926 510 vel
957 480 1099 518 regimine
1121 484 1169 509 aut
1184 489 1199 509 a

465 530 601 570 praelatis
624 539 681 559 non
703 529 913 567 concedantur,
937 529 993 558 nisi
1017 537 1051 558 ex
1074 528 1202 558 rationa-

463 578 513 609 bili
530 579 626 613 causa‚
645 582 672 606 et
688 586 765 614 raro,
782 577 817 606 ad
834 576 982 606 evitandas
1000 577 1199 614 vagationes¹‚

464 631 519 656 etc.
538 635 565 655 »ε
585 630 737 664 propterea
760 624 889 661 abbates,
907 630 1037 663 tempore
1060 624 1201 654 baccana—

464 674 546 711 lium,
561 683 618 703 non
634 673 804 712 permittant
820 673 929 702 morari
947 673 1103 702 monachos
1116 676 1200 702 extra

465 722 658 759 monasteria,
684 730 778 760 neque
802 726 957 760 praetextu
986 721 1111 751 adeundi
1136 730 1201 750 con-

463 770 638 808 sanguineos
672 770 716 799 vel
750 770 868 807 affines,
897 779 949 799 nec
983 769 1041 798 alia
1073 768 1202 808 qualibet

465 818 601 857 quaesita
633 819 733 847 causa.
767 817 1008 847 Adulescentibus
1044 822 1140 847 autem
1174 821 1224 846 ct*

464 866 645 902 iunioribus,
680 867 771 896 donec
806 875 864 895 non
897 866 1005 895 suerint
1041 865 1201 895 sacerdotio

464 915 590 954 initiati,
624 925 682 945 non
714 915 874 945 concedant
897 915 1064 944 facultatem
1098 923 1201 953 perno-

464 964 561 994 ctandi
593 968 673 994 extra
705 963 854 999 claustra,
883 972 978 1002 neque
1011 962 1202 992 recreationis

465 1021 559 1051 neque
581 1012 669 1041 etiam
692 1013 780 1041 causa
802 1011 978 1048 devotionis,
998 1010 1055 1040 nisi
1077 1011 1108 1040 in
1130 1010 1202 1040 casi-

465 1061 519 1091 bus
541 1071 556 1091 a
571 1061 580 1077 ²
602 1060 860 1090 constitutionibus
882 1059 1044 1099 permissis.

543 1109 624 1146 Quod
648 1109 671 1139 si
693 1118 798 1139 causae
823 1108 968 1148 postulent
996 1107 1059 1138 dari
1082 1107 1202 1137 faculta—

466 1162 524 1188 tem
547 1158 693 1197 aliquibus
717 1158 791 1188 ultra
815 1158 902 1187 unius
935 1157 993 1187 diei
1025 1157 1081 1187 iter
1103 1156 1201 1193 eundi,

467 1211 535 1237 tunc
558 1207 677 1237 omnino
709 1211 862 1237 serventur
893 1215 925 1236 ea
948 1214 1022 1245 quae
1050 1205 1081 1234 in
1110 1205 1204 1234 decla-

466 1256 579 1286 ratione
602 1265 665 1295 cap.
686 1264 774 1292 mvn,
791 1263 894 1292 n.v111,
911 1263 939 1284 ix
952 1259 980 1285 et
992 1263 1042 1284 xm
1064 1253 1203 1283 servanda

467 1309 743 1335 commemorantur.

546 1352 687 1383 Similiter
703 1352 773 1382 dicti
793 1352 959 1392 superiores
975 1360 1126 1391 nunquam
1143 1360 1205 1390 per-

467 1402 585 1433 mittant
607 1405 657 1431 aut
680 1401 815 1438 tolerent,
840 1401 916 1440 quod
939 1400 1094 1435 monachi,
1119 1399 1205 1439 depo—

467 1451 522 1480 sito
536 1450 635 1480 habitu
649 1450 820 1485 monastico,
835 1450 879 1480 vel
894 1449 1039 1489 personati
1055 1448 1203 1484 incedant,

467 1499 512 1529 vel
545 1499 672 1529 ludicros
694 1502 775 1528 actus
790 1521 797 1535 ,
821 1498 1010 1528 recreationis
1042 1498 1151 1535 causa,
1175 1497 1204 1527 in

467 1548 594 1587 ipsomet
616 1547 792 1577 monasterio
815 1551 864 1576 aut
887 1545 956 1576 alibi
978 1545 1203 1585 quomodocum-

468 1606 524 1637 que
546 1600 712 1626 exerceant.

507 1655 548 1676 111.
572 1644 735 1675 Declaratio
754 1653 817 1684 cap.
842 1653 917 1673 vau
936 1644 975 1674 ita
995 1644 1099 1674 statuit
1117 1654 1146 1674 n.
1165 1653 1202 1673 xi:

472 1705 484 1723 (ι
501 1694 581 1730 Quod
598 1694 621 1723 si
634 1694 643 1710 ³
660 1693 781 1732 praelati
798 1702 877 1722 mora
896 1697 977 1723 extra
994 1693 1204 1722 monasterium

469 1747 528 1773 tres
544 1752 657 1772 menses
673 1742 844 1778 excesserit,
862 1742 1033 1781 praesidens
1055 1746 1083 1772 et
1107 1741 1205 1772 visita-

469 1796 548 1822 tores
569 1791 612 1821 illi
635 1790 812 1821 monasterio
834 1790 1101 1821 administratorem
1117 1790 1206 1830 depu-

469 1844 531 1871 tent
550 1850 574 1869 n:
592 1844 619 1870 et
635 1840 750 1875 merito,
768 1848 834 1869 cum
853 1839 997 1878 scriptum
1019 1840 1073 1869 sit:
1099 1849 1206 1868 verum-

469 1894 558 1919 tamen
585 1889 746 1927 sanyuinem
772 1898 866 1917 eorum
888 1889 920 1918 de
942 1898 1025 1917 ηιαηιι
1048 1890 1095 1917 lucz
1116 1888 1207 1926 requi-

469 1948 539 1968 ram.
563 1937 644 1973 Quod
666 1937 690 1967 si
722 1937 809 1967 etiam
842 1937 950 1967 minori
981 1941 1110 1976 tempore
1143 1938 1206 1967 sine

469 1987 557 2017 causa
580 1985 739 2023 abfuerint,
757 1985 851 2015 sciant
874 1985 1008 2025 praelati,
1031 1994 1062 2015 se
1084 1989 1112 2015 et
1130 1985 1207 2025 apud

469 2036 560 2065 Deum
582 2044 647 2065 reos
669 2043 743 2070 esse,
767 2039 795 2064 et
817 2043 868 2074 pro
891 2033 977 2064 modo
1000 2033 1103 2073 culpae
1125 2043 1139 2063 a
1163 2043 1208 2064 ca-

470 2084 563 2123 pitulo
599 2083 729 2121 generali
765 2082 811 2112 vel
846 2082 988 2120 regimine
1025 2082 1205 2122 puniendos,

470 2133 538 2163 dum
561 2131 742 2170 constiterit,
762 2131 825 2161 sine
847 2132 935 2161 causa
957 2140 1006 2161 eos
1027 2130 1166 2161 abfuisse.

511 2191 549 2211 tv.
581 2180 705 2211 Praelati
734 2180 1050 2220 quamdiligentissime
1075 2180 1206 2210 animum

471 2229 622 2260 attendant
644 2228 679 2259 ad
702 2237 734 2258 ea
758 2237 831 2267 quae
848 2228 934 2258 habet
950 2228 1051 2267 regula
1066 2228 1096 2258 in
1113 2228 1208 2258 decla-

471 2278 583 2309 ratione
598 2287 662 2317 cap.
679 2287 716 2315 11,
734 2286 815 2307 num.
832 2286 870 2315 11,
887 2277 1013 2307 scilicet:
1034 2287 1048 2306 «
1066 2281 1096 2307 ut
1109 2278 1118 2294 ⁴
1141 2277 1208 2306 sub-

471 2327 546 2357 ditos
568 2326 689 2357 reddant
713 2325 743 2356 in
769 2325 956 2365 obsequendo
990 2325 1206 2365 promptiores,

470 2376 527 2416 ipsi
550 2375 641 2405 forma
663 2374 759 2413 gregis
782 2374 852 2404 siant
867 2378 895 2404 et
911 2374 1000 2404 duces
1016 2374 1205 2413 agendorum.

471 2425 550 2462 Ergo
571 2422 756 2461 regularibus
789 2421 996 2460 observantiis,
1020 2422 1112 2461 chori,
1135 2423 1209 2453 rese-

473 2472 575 2510 ctorii,
599 2471 764 2511 ceterisque
787 2479 902 2510 semper
925 2470 1082 2510 intersint,
1102 2475 1157 2501 etc.
1179 2482 1205 2501 ›>.

510 2540 521 2565 1
544 2538 614 2565 Edit.
635 2538 718 2565 Maia.
735 2537 799 2572 legit
818 2537 979 2565 vacationes
998 2538 1037 2572 (u.
1053 2538 1102 2572 ⁸12).

507 2584 523 2609 2
544 2582 693 2617 praeposit.
715 2591 733 2609 ιι
752 2589 802 2609 nos
821 2581 946 2609 addimus
964 2583 1003 2617 (R.
1020 2584 1069 2615 r.).

508 2627 525 2653 3
543 2627 619 2654 Tom.
641 2633 703 2660 xix,
724 2634 784 2662 pag.
806 2626 854 2654 341
873 2635 890 2653 a
909 2627 948 2662 (n.
964 2627 1012 2662 τ.).

508 2672 526 2699 4
543 2671 610 2698 lbid.
633 2679 692 2707 pag.
713 2671 766 2699 280
781 2679 798 2698 a
817 2671 861 2707 (Β.
876 2672 925 2704 Τ.).

1045 286 1226 311 BULLAIUUM
1249 285 1407 311 ROMANUM

1244 333 1325 369 Quod
1349 343 1417 363 vero
1439 333 1493 363 hoc
1514 333 1576 362 loco
1598 332 1751 363 abbatibus
1774 332 1927 370 regiminis
1941 332 1980 361 sa-

1245 382 1380 412 ciendum
1413 382 1513 419 regula
1546 381 1686 419 inculcat,
1710 381 1738 410 id
1762 381 1856 420 ipsum
1888 381 1980 410 multo

1245 430 1336 467 magis
1369 439 1383 459 a
1407 429 1543 468 praelatis
1575 429 1739 458 faciendum
1763 429 1905 466 volumus,
1929 428 1979 467 qui

1245 479 1353 508 nullam
1371 477 1655 507 administrationem
1672 477 1789 513 habent,
1807 477 1890 515 vulgo
1909 476 1980 507 dicti

1245 527 1437 556 nullattnenti.

1284 583 1310 604 v.
1335 575 1509 604 Mutationes
1540 575 1748 604 monachorum
1778 582 1834 603 non
1859 572 1917 602 alia
1935 581 1980 602 ra-

1245 625 1324 653 tione
1348 624 1429 660 fiant,
1453 633 1539 662 quam
1562 623 1603 653 uti
1633 627 1731 652 monet
1757 622 1857 660 regula
1881 621 1910 651 in
1933 621 1981 651 de-

1244 672 1404 701 claratione
1426 681 1490 711 cap.
1515 680 1602 709 mvn,
1621 681 1650 700 n.
1671 679 1717 700 xv.
1742 670 1778 700 t't
1800 674 1898 700 autem
1915 669 1981 699 lites

1244 729 1355 756 omnes,
1376 729 1449 758 quae
1473 719 1666 749 mutationum
1683 719 1771 748 causa
1787 717 1859 747 oriri
1875 717 1980 753 solent,

1244 769 1279 798 (le
1304 769 1398 799 medio
1421 769 1572 806 tollantur,
1595 768 1763 805 statuimus,
1788 767 1983 806 quotiescum-

1245 827 1301 856 que
1324 817 1458 847 monachi
1481 817 1585 846 mutati
1607 816 1716 846 suerint
1738 815 1909 845 auctoritate
1937 823 1982 844 ca·

1246 866 1330 904 pituli
1346 866 1490 904 generalis
1506 866 1550 895 vel
1569 865 1693 902 diaetae,
1711 865 1755 894 vel
1772 864 1795 894 si
1812 868 1893 893 extra
1911 867 1981 893 tern-

1246 923 1299 952 pus
1321 923 1495 952 congressus
1518 914 1638 953 praelati
1654 913 1780 952 aliquem
1804 916 1915 942 mutare
1935 920 1982 941 vo·

1246 962 1363 1000 luerint,
1386 962 1492 992 debere
1514 962 1702 999 monasteria,
1720 971 1733 990 a
1751 961 1856 1000 quibus
1880 960 1983 990 mutati

1246 1010 1418 1047 discedunt,
1443 1010 1478 1040 iis
1511 1010 1696 1049 suppeditare
1719 1009 1815 1040 omnia
1847 1017 1982 1039 necessa-

1246 1059 1299 1088 ria.
1324 1059 1360 1088 At
1382 1060 1406 1088 si
1429 1059 1493 1098 quis
1515 1059 1674 1088 monachus
1697 1062 1776 1088 extra
1805 1058 1835 1087 id
1868 1061 1983 1095 tempus

1247 1108 1351 1137 mutari
1376 1107 1506 1146 petierit,
1530 1106 1565 1136 ob
1588 1116 1709 1146 eamque
1730 1115 1793 1136 rem
1816 1105 1984 1145 importune

1246 1156 1407 1193 institerit,
1430 1156 1484 1186 etsi
1509 1156 1677 1186 discedendi
1700 1155 1866 1186 facultatem
1890 1154 1985 1194 impe-

1248 1208 1322 1242 tret,
1340 1204 1413 1234 nihil
1438 1208 1532 1234 tamen
1555 1214 1570 1234 a
1593 1204 1731 1244 quopiam
1747 1204 1862 1242 exigere
1881 1202 1981 1242 possit.

1287 1262 1325 1284 vr.
1359 1253 1428 1284 Cum
1464 1253 1587 1284 decretis
1620 1263 1719 1284 sacrae
1749 1251 1985 1292 Congrcgationis

1247 1302 1368 1332 Concilii
1400 1302 1439 1332 De
1471 1302 1644 1341 regularibus
1675 1302 1805 1341 apostatis
1836 1305 1860 1330 et
1895 1301 1985 1330 eiectis

1247 1351 1316 1381 anni
1339 1359 1468 1381 MDCXxlv
1496 1354 1615 1380 cautum
1646 1350 1694 1388 sit,
1729 1354 1760 1380 ut
1792 1358 1985 1389 unaquaeque

1248 1400 1350 1438 religio
1383 1398 1487 1429 habeat
1519 1408 1651 1429 carceres
1680 1399 1710 1428 in
1732 1397 1863 1437 qualibet
1883 1397 1986 1427 saltem

1249 1448 1399 1488 provincia
1421 1448 1455 1478 ad
1473 1447 1699 1486 incorrigibiles,
1716 1446 1915 1484 scandalosos,
1931 1446 1987 1476 cri-

1248 1498 1376 1528 minosos
1391 1507 1423 1527 ac
1439 1497 1551 1526 similes
1574 1495 1735 1536 puniendos
1755 1500 1781 1525 et
1798 1494 1985 1532 coercendos,

1248 1556 1312 1584 nos,
1332 1546 1386 1576 etsi
1409 1545 1648 1584 Congregationis
1671 1543 1847 1574 monasteria
1871 1543 1985 1582 singula

1249 1596 1378 1635 privatos
1394 1595 1503 1625 habent
1518 1603 1650 1624 carceres
1665 1593 1747 1624 iuxta
1763 1592 1986 1623 constitutiones

1248 1649 1364 1674 nostras
1379 1669 1386 1682 ,
1421 1648 1518 1674 tamen
1533 1666 1540 1680 ,
1563 1643 1597 1672 ad
1628 1642 1719 1673 tutius
1742 1646 1770 1672 et
1802 1640 1984 1672 commodius

1249 1693 1364 1723 eosdem
1386 1693 1451 1723 illos
1467 1691 1707 1732 compescendOS,
1724 1691 1907 1729 assignamus
1932 1699 1985 1729 pu-

1249 1742 1339 1772 blicos
1362 1750 1495 1772 carceres
1526 1741 1556 1770 in
1587 1739 1765 1770 monasterio
1796 1741 1825 1769 S.
1849 1738 1927 1769 Petri
1949 1738 1985 1769 dc

1249 1791 1371 1821 Perusio
1394 1800 1446 1830 pro
1470 1789 1619 1829 provincia
1641 1788 1775 1818 Romana.
1797 1792 1825 1818 et
1847 1787 1983 1826 Etrusca,

1248 1840 1278 1869 in
1302 1838 1477 1869 monasterio
1499 1837 1604 1868 Montis
1626 1836 1723 1867 Casini
1757 1845 1808 1876 pro
1832 1836 1985 1875 provincia.

1249 1888 1439 1928 Neapolitana
1454 1912 1462 1925 ,
1485 1887 1515 1917 in
1549 1885 1726 1916 monasterio
1748 1885 1774 1915 S.
1798 1885 1912 1915 Martini
1935 1885 1988 1915 Pa-

1249 1938 1344 1968 normi
1367 1946 1417 1977 pro
1438 1936 1546 1973 Sicula,
1570 1936 1600 1965 in
1622 1935 1797 1965 monasterio
1813 1934 1842 1965 S.
1859 1934 1988 1965 Salvato-

1249 1986 1290 2016 ris
1312 1986 1417 2025 Papiae
1442 1994 1494 2024 pro
1518 1983 1680 2014 Lombarda
1695 1987 1722 2013 et
1745 1983 1864 2022 Ligure,
1881 1983 1911 2013 in
1927 1992 1988 2013 mo-

1249 2034 1378 2064 nasterio
1404 2033 1434 2063 S.
1459 2033 1589 2062 Iustinae
1611 2032 1645 2062 de
1667 2031 1769 2061 Padua
1790 2040 1843 2071 pro
1864 2031 1986 2068 Veneta,

1249 2082 1280 2112 in
1302 2081 1408 2122 quibus
1437 2081 1635 2111 detineantur.
1668 2079 1709 2110 Ne
1742 2089 1811 2110 vero
1834 2080 1906 2109 haec
1930 2089 1988 2110 mo-

1250 2130 1376 2161 nasteria
1404 2130 1512 2160 iniuste
1540 2132 1719 2167 graventur,
1744 2128 1930 2160 decernimus
1958 2138 1988 2159 o-

1251 2179 1329 2209 nmia
1350 2178 1513 2208 necessaria
1537 2182 1594 2207 tam
1617 2185 1669 2216 pro
1685 2177 1820 2216 expensis
1836 2176 1871 2206 ad
1894 2181 1990 2207 trans-

1251 2227 1418 2257 missionem
1441 2235 1578 2262 reorum,
1602 2234 1690 2265 quam
1713 2234 1764 2264 pro
1787 2225 1865 2255 victu
1887 2228 1916 2255 et
1940 2234 1990 2255 ve-

1250 2276 1333 2314 stitu,
1351 2276 1385 2305 ab
1401 2275 1452 2305 illo
1475 2273 1654 2304 monasterio
1676 2273 1831 2304 tribuenda
1850 2283 1924 2313 esse,
1942 2274 1988 2304 cui

1250 2333 1317 2354 reus
1344 2333 1450 2354 nomen
1476 2322 1600 2353 dederit.
1631 2322 1748 2352 Possint
1781 2325 1876 2352 tamen
1907 2331 1990 2361 prac-

1250 2373 1301 2404 lati
1333 2373 1368 2402 ad
1401 2372 1520 2412 aliquod
1553 2380 1588 2401 ex
1615 2370 1770 2409 assignatis
1803 2371 1989 2401 monasteriis

1250 2427 1330 2453 extra
1354 2421 1534 2462 provinciam
1558 2420 1676 2450 mittere
1699 2419 1868 2449 huiusmodi
1890 2419 1989 2449 crimi-

1250 2480 1357 2504 nosos.
1393 2469 1548 2500 dummodo
1580 2468 1669 2499 abbas
1704 2469 1785 2498 illius
1818 2468 1989 2499 monasterii

1251 2519 1435 2557 consentiat,
1459 2519 1504 2549 vel
1526 2518 1686 2558 capitulum
1708 2517 1843 2556 generale
1865 2521 1915 2547 aut
1942 2525 1987 2547 re-

1251 2569 1349 2608 gimen
1370 2567 1400 2598 id
1429 2567 1610 2607 praecipiat,
1645 2566 1733 2596 salvis
1764 2574 1881 2605 semper
1914 2574 1988 2605 quae

1252 2618 1286 2647 de
1309 2616 1444 2656 expensis
1466 2615 1544 2646 dicta
1566 2619 1646 2645 sunt.

1293 2674 1341 2696 vu.
1365 2665 1434 2696 Cum
1456 2668 1554 2696 autem
1575 2672 1633 2695 non
1654 2663 1728 2696 levis
1745 2663 1901 2695 inoleverit
1918 2662 1987 2695 abu-

1984 282 2036 311 An.
2053 283 2081 310 C.
2105 284 2168 311 ¹738
2200 282 2204 308 ¹,

2017 588 2048 609 De
2057 589 2170 612 mutation-

1991 616 2138 636 monachorum
2146 617 2171 637 d·

1991 647 2018 662 mi
2028 644 2118 662 naslei-to
2145 645 2171 664 ad

2005 668 2152 689 monasterium

1992 700 2033 714 non
2047 693 2151 715 facienda.

2015 1263 2045 1285 De
2057 1264 2174 1285 carceribus
2202 1266 2203 1271 ¹
2215 1279 2217 1282 .
2228 1276 2232 1283 .

1996 1291 2084 1321 publicis
2095 1291 2174 1316 provin·
2202 1307 2203 1310 ,

1996 1323 2082 1338 ciarum.

2019 2661 2050 2686 Do
2059 2660 2118 2685 modo
2126 2663 2170 2688 pro·
