2232 3178
70 210 119 236 An.
139 210 168 235 C.
190 208 256 235 1734

89 1862 117 1884 De
129 1864 249 1884 huiusmodi

68 1891 242 1915 Congregauoms

67 1917 155 1936 consiliu
190 1923 212 1937 su

69 1944 158 1962 risst'tliiis
178 1944 250 1963 locals-

68 1969 107 1989 bus
118 1969 179 1990 huius
190 1970 250 1990 Ordi-

68 2001 100 2015 nis
128 1997 250 2016 laenitatem

69 2023 143 2042 tribuit
162 2024 251 2043 bt'neli-

70 2048 130 2068 cendi
179 2055 251 2070 sacros

70 2077 194 2100 apparatus.

888 205 1030 229 CLEMENS
1055 205 1101 228 ΧΠ
1126 205 1174 229 ΡΡ.

262 256 441 295 ticularem,
460 256 612 289 videlicet
633 255 828 289 dilectorum
855 254 952 287 etiam
976 253 1008 285 fi-

260 309 377 343 liorum
413 314 599 342 nostrorum
636 308 768 342 Antonii
803 308 932 340 Xaverii
966 308 1005 340 de

262 362 452 401 Gentilibus,
479 361 672 405 pro-datarii
691 361 805 402 nostri,
824 366 854 393 et
879 361 1006 393 loannis

262 415 393 448 Antonii
418 415 596 458 Guadagni,
622 414 723 447 nostri
750 414 782 446 in
808 413 891 446 Urbe
918 413 1004 446 eius-

262 478 324 512 que
350 468 495 501 districtu
522 468 632 500 vicarii
658 468 689 500 in
709 467 933 511 spiritualibus
951 477 1005 509 ge-

263 522 392 562 neralis,
419 532 454 554 ac
480 521 622 554 Marcelli
648 520 793 560 Passeri,
821 521 1005 563 respective

261 580 534 617 nuncupatorum,
557 574 658 607 nostri
684 573 916 617 pro-auditoriS
942 583 1005 606 res-

262 628 395 670 pective,
415 627 677 670 presbyterorum
705 626 850 659 eiusdem
869 626 898 658 S.
917 626 954 658 R.
968 626 1002 658 E.

262 680 489 721 cardinalium,
515 680 820 723 Congregationem,
841 679 1005 721 assignato

263 734 307 766 illi
332 734 365 766 in
386 733 596 766 secretarium
622 732 801 765 venerabili
829 732 927 765 fratre
949 743 1005 765 no-

261 792 328 820 stro
347 786 462 820 Carolo
481 785 614 819 Alberto
640 785 827 820 Cavalcliini
846 785 1004 818 moderno

261 839 510 883 archiepiscopo
528 839 743 883 Philippensi,
759 839 938 881 apostoliea
953 850 1004 871 au-

262 893 410 926 ctoritate
430 893 706 937 deputaverimus,
724 893 899 935 eidemque
922 892 1004 925 Con-

261 946 462 989 greg-anoni,
480 946 527 979 sic
551 957 568 979 a
593 946 706 987 nobis,
734 951 770 979 ut
800 946 1004 989 praefertur,

262 1000 451 1043 deputatae,
470 1005 671 1044 opportunas
704 1000 743 1033 ad
775 999 806 1032 id
833 1000 1003 1033 facultates

262 1054 538 1094 concesserimus3
558 1053 678 1095 deinde
694 1063 769 1087 vero
789 1053 848 1085 sub
863 1053 913 1086 die
931 1063 1004 1086 xxxi

262 1107 384 1140 mensis
402 1107 477 1140 maii
492 1107 641 1151 proxime
660 1108 827 1151 praeteriti
844 1107 1004 1140 Antonius

263 1161 417 1193 Xaverius
435 1166 466 1194 et
486 1161 624 1194 loannes
642 1161 802 1194 Antonius
819 1171 854 1193 ac
871 1160 1005 1193 Marcel-

262 1216 310 1249 lus
324 1215 508 1248 cardinales
523 1215 660 1258 praefati
675 1215 807 1247 insimul
826 1225 1004 1257 congrega-

263 1269 303 1309 ti,
324 1274 356 1302 et
381 1278 415 1301 re
440 1273 566 1301 mature
584 1268 740 1308 discussa,
759 1269 846 1301 inter
872 1268 942 1307 alia,
962 1268 1004 1301 in-

262 1321 468 1365 frascriptum
486 1321 648 1354 indultum
666 1331 724 1364 per
742 1331 801 1354 nos
820 1321 1011 1355 conceden:

262 1376 338 1408 dum
357 1375 560 1415 censuerint,
580 1375 788 1418 postmodum
805 1385 882 1408 vero
899 1375 1003 1408 dictus

262 1428 392 1462 Carolus
410 1428 562 1461 Albertus
581 1428 852 1471 archiepiscopus
873 1429 1005 1461 relatio-

262 1492 336 1515 nem
359 1481 462 1515 dictae
488 1481 782 1524 Congregationis,
810 1487 841 1514 et
867 1493 1002 1524 eorum,

262 1547 344 1579 quae
382 1536 415 1568 in
451 1535 507 1568 illa
541 1535 581 1568 al)
619 1535 761 1568 Antonio
798 1535 936 1568 Xaverio
973 1541 1005 1568 et

262 1590 380 1623 Ioanne
400 1589 542 1622 Antonio
560 1600 595 1622 ac
612 1589 763 1622 Marcello
782 1589 1003 1622 cardinalibus

262 1643 416 1686 praefatis
442 1648 642 1686 pertractata
659 1669 666 1682 ‚
693 1653 841 1686 quaeque
867 1653 884 1675 a
909 1642 1002 1676 nobis

263 1696 397 1729 concedi
423 1706 520 1739 posse
547 1695 592 1729 eis
618 1696 852 1736 visa'fuerunt,
871 1697 930 1729 sub
952 1696 1003 1729 die

264 1760 293 1783 xi
318 1749 439 1782 mensis
463 1749 590 1792 augusti
616 1749 713 1782 etiam
739 1749 885 1792 proxime
910 1760 1004 1793 prae-

264 1803 349 1836 teriti
374 1802 468 1835 nobis
494 1802 626 1836 fecerit:

305 1857 320 1900 ἓ
345 1855 376 1888 ΕΖ.
403 1855 485 1896 Nos,
513 1856 566 1899 qui
592 1866 669 1899 erga
695 1856 813 1889 dictum
850 1856 1002 1890 Ordinem

216 1910 461 1953 r··-peculiarem
488 1909 674 1942 devotionis
701 1909 848 1943 atl'ectum
874 1921 1004 1954 semper

262 1962 434 2005 gessimus,
459 1963 670 2006 eiusdemque
696 1962 824 1996 Ordinis
842 1968 1004 2007 protecto-

262 2016 306 2048 ris
333 2026 448 2048 munus
473 2016 551 2050 olim
577 2027 594 2049 a
618 2017 723 2050 bonae
748 2017 924 2050 memoriae
949 2017 1006 2051 Ne-

262 2079 329 2110 reo,
354 2069 428 2102 dum
453 2070 584 2111 viveret,
611 2070 756 2103 eiusdem
781 2070 812 2103 S.
830 2071 866 2103 R.
883 2071 918 2103 E.
935 2081 1004 2104 car-

264 2122 363 2155 dinali
388 2123 512 2156 Corsini
538 2129 726 2166 nuncupato
752 2129 869 2168 patruo
893 2130 1003 2159 nostro

265 2175 462 2216 obtentum,
502 2177 578 2209 dum
618 2177 840 2211 cardinalatus
877 2179 1003 2212 honore

267 2228 478 2270 fungebamur
509 2240 567 2272 per
592 2231 703 2274 plures
729 2241 831 2264 annos
861 2232 1004 2275 egimus,

267 2286 309 2320 et,
329 2282 365 2314 ad
385 2283 499 2315 summi
526 2285 725 2326 apostolatus
748 2285 875 2329 apicem
897 2285 1004 2319 divina

266 2334 392 2367 favente
418 2336 591 2369 clementia
616 2338 792 2382 assumpti,
819 2339 926 2382 quoad
960 2339 1005 2372 vi-

265 2398 392 2428 vemus,
419 2388 626 2423 retinendum
663 2391 834 2432 duximus,
862 2392 1000 2436 quique,

266 2440 395 2483 quando
420 2441 485 2474 Deo
511 2443 692 2485 placuerit,
720 2444 783 2477 vita
807 2445 907 2478 functi
934 2446 1004 2479 fue-

265 2494 364 2526 rimus
380 2521 387 2535 ‚
422 2494 460 2527 ad
502 2495 580 2528 illud
621 2497 806 2530 obeundum
847 2498 1002 2532 dilectum

265 2547 362 2580 etiam
399 2547 500 2581 filium
538 2554 685 2583 nostrum
721 2550 861 2585 Nereum
898 2553 1003 2586 dietae

264 2599 295 2633 S.
331 2600 367 2634 R.
402 2601 436 2634 E.
472 2601 645 2637 diaconum
670 2605 868 2639 cardinalem
906 2606 1003 2640 etiam

353 2663 438 2693 Buca.
456 2664 542 2694 Rom.
563 2683 596 2686 —
621 2667 683 2697 Vol.
702 2667 806 2695 XXIV.
951 2669 967 2696 4

1714 198 1756 231 ⁶25

1050 252 1175 286 Corsini
1194 259 1426 298 nuncupatum,
1447 260 1594 288 nostrum
1613 256 1793 289 secundum

1050 318 1180 340 carnem
1200 318 1235 340 ex
1255 308 1352 341 fratre
1372 319 1528 351 germano
1548 314 1711 351 nepotem,
1734 320 1794 352 per

1050 360 1176 393 litteras
1201 361 1399 403 apostolicas
1427 361 1459 394 in
1482 360 1584 394 fornia
1604 362 1711 394 Brevis
1733 363 1792 395 sub

1050 414 1170 446 annulo
1196 413 1371 447 Piscatoris
1399 415 1541 458 desuper
1567 415 1737 458 expeditas
1763 426 1793 447 a-

1049 467 1208 509 postolica
1244 467 1435 501 auctoritate
1473 468 1698 512 deputavimus
1735 469 1793 501 Pe-

1050 525 1132 552 trum
1157 520 1286 552 Mariam
1313 521 1525 561 cardinalem,
1547 532 1581 554 ac
1599 522 1716 555 fratres
1737 522 1793 555 Or-

1050 573 1133 606 dinis
1172 574 1356 608 huiusmodi
1393 574 1593 618 specialibus
1625 575 1791 608 favoribus

1050 631 1080 658 et
1105 626 1216 669 gratiis
1242 627 1397 670 prosequi
1423 629 1580 667 volenteS,
1607 632 1696 662 motu
1719 639 1792 672 pro-

1049 679 1141 721 prio,
1179 685 1211 712 et
1247 690 1284 712 ex
1321 682 1409 712 certa
1446 680 1578 713 scientia
1605 692 1640 713 ac
1665 683 1793 714 matura

1050 732 1286 765 deliberatione
1305 733 1438 772 nostris,
1459 733 1565 776 deque
1591 734 1792 777 apostolicae

1049 786 1218 828 potestatis
1244 786 1463 828 plenitudine,
1492 792 1522 819 et
1548 797 1585 819 ex
1610 792 1684 820 voto
1711 787 1792 820 Con-

1049 838 1247 881 gregatiouis
1263 838 1468 882 particularis
1487 839 1684 879 huiusmodi,
1706 840 1792 883 quod

1049 902 1161 925 omnes
1187 897 1218 925 et
1242 891 1360 935 singuli
1386 892 1577 934 superiores
1605 893 1790 935 regulares,

1049 945 1146 978 etiam
1172 946 1314 986 locales,
1343 945 1419 979 dicti
1445 945 1574 978 Ordinis
1601 945 1793 978 indumenta

1049 1004 1079 1032 et
1104 1003 1295 1042 paramenta
1320 997 1541 1031 ecclesiastica
1567 999 1606 1031 ad
1633 998 1709 1031 dicti
1735 997 1793 1031 Or-

1049 1052 1133 1086 dinis
1160 1052 1317 1086 ecclesias
1345 1057 1469 1085 tantum
1487 1051 1682 1096 spectantia,
1702 1052 1793 1084 dum-

1049 1107 1144 1140 modo
1170 1107 1202 1139 in
1229 1106 1274 1139 eis
1300 1105 1381 1138 sacri
1398 1105 1467 1139 Olei
1489 1105 1599 1138 unctio
1617 1115 1681 1138 non
1703 1104 1792 1137 adhi-

1049 1161 1185 1200 beatur,
1212 1160 1272 1192 rite
1297 1159 1494 1192 benedicere
1521 1158 1622 1191 libere
1649 1164 1681 1191 ct
1704 1158 1792 1191 licite

1049 1214 1175 1258 possint
1189 1219 1221 1246 et
1234 1214 1372 1253 valeant,
1390 1212 1570 1256 apostolica
1589 1211 1793 1253 auctoritate,

1049 1274 1164 1300 tenore
1190 1266 1427 1310 praesentium,
1452 1270 1616 1309 perpetuo
1642 1265 1792 1298 concedi-

1049 1332 1120 1354 mus
1147 1326 1178 1354 et
1203 1320 1421 1363 indulgemus.

1092 1377 1106 1420 g
1131 1375 1161 1408 3.
1192 1375 1385 1407 Praesentes
1412 1383 1540 1417 quoque
1562 1372 1686 1406 litteras
1703 1374 1794 1406 nullo

1048 1439 1190 1473 unquam
1228 1433 1377 1471 tempore
1414 1427 1453 1460 de
1487 1426 1708 1470 subreptionis
1740 1428 1791 1460 vel

1048 1481 1250 1526 obreptionis
1277 1486 1330 1513 aut
1354 1480 1513 1514 nullitatis
1538 1480 1615 1512 vitio
1633 1506 1640 1520 ‚
1668 1480 1718 1513 vel
1743 1479 1792 1513 in-

1049 1535 1203 1569 tentionis
1239 1539 1370 1567 nostrae
1404 1534 1453 1566 vel
1487 1532 1550 1565 alio
1580 1533 1789 1576 quantumvis

1048 1587 1252 1621 substantiali
1291 1586 1418 1619 defectu
1444 1585 1578 1625 notari,
1604 1585 1790 1629 impugnari

1048 1642 1096 1675 vel
1123 1639 1284 1674 annullari
1310 1650 1433 1683 posse,
1460 1639 1517 1672 sed
1554 1639 1625 1672 illas
1662 1648 1792 1682 semper

1047 1699 1207 1738 perpetuo
1243 1693 1365 1726 validas
1402 1696 1434 1725 et
1471 1691 1620 1724 efficaces
1657 1691 1726 1726 sore
1759 1697 1792 1725 et

1049 1759 1128 1787 esse,
1156 1757 1298 1790 suosque
1324 1745 1488 1789 plenarios
1516 1750 1548 1778 et
1573 1745 1718 1788 integros
1749 1746 1793 1778 ef-

1050 1801 1150 1833 feetus
1176 1799 1287 1833 sortiri
1313 1804 1345 1832 et
1369 1798 1542 1839 obtinere,
1569 1803 1601 1831 et
1626 1799 1790 1840 omnibus,

1049 1855 1088 1888 ad
1115 1865 1195 1898 quos
1221 1863 1308 1886 nunc
1333 1857 1458 1896 spectat
1494 1857 1526 1885 et
1560 1863 1620 1896 pro
1647 1858 1792 1896 tempore

1049 1908 1295 1953 quomodolibet
1321 1906 1480 1950 spectabit
1505 1907 1537 1939 in
1565 1906 1730 1947 futurum,
1759 1906 1793 1940 in

1048 1962 1197 1996 omnibus
1234 1967 1264 1994 et
1288 1971 1346 2004 per
1372 1960 1480 1994 omnia
1506 1960 1699 2003 plenissime
1726 1961 1792 1993 suf-

1049 2016 1185 2059 fragari,
1213 2015 1326 2058 sicque
1360 2019 1390 2047 et
1416 2024 1482 2047 non
1508 2014 1588 2047 alias
1614 2024 1672 2057 per
1698 2025 1793 2058 quos-

1048 2079 1186 2113 cumque
1204 2068 1326 2101 iudices
1344 2066 1525 2100 ordinarios
1544 2068 1594 2100 vel
1613 2068 1791 2111 delegatos,

1049 2122 1160 2167 quavis
1186 2121 1378 2154 auctoritate
1402 2121 1585 2163 fungentes,
1605 2120 1702 2154 etiam
1720 2132 1792 2154 cau-

1049 2187 1155 2209 sarum
1192 2174 1302 2218 palatii
1335 2173 1504 2218 apostolici
1530 2174 1697 2207 auditores
1718 2201 1725 2215 ‚
1755 2185 1791 2208 ac

1049 2230 1126 2263 dicti
1164 2229 1292 2263 Ordinis
1328 2239 1389 2272 pro
1427 2234 1571 2272 tempore
1597 2228 1790 2262 existentem

1048 2287 1278 2327 protectorem,
1306 2292 1342 2315 ac
1367 2282 1447 2314 alios
1466 2291 1687 2324 quoscumque
1707 2282 1791 2314 eius-

1049 2337 1123 2370 dem
1140 2336 1253 2369 S.R.E.
1274 2335 1458 2368 cardinales
1477 2334 1515 2367 de
1534 2334 1633 2367 latere
1652 2335 1787 2377 legatos,

1047 2390 1265 2431 vice-legatos
1302 2393 1333 2421 et
1358 2386 1564 2430 Apostolicae
1591 2386 1682 2420 Sedis
1708 2398 1790 2420 nun-

1048 2442 1143 2482 cios,
1182 2442 1310 2474 sublata
1346 2441 1391 2473 eis
1439 2444 1470 2472 et
1507 2449 1618 2471 eorum
1656 2440 1791 2474 cuilibet

1047 2497 1158 2542 quavis
1195 2497 1290 2531 aliter
1326 2494 1514 2535 iudicandi,
1542 2494 1720 2529 definiendi
1758 2502 1790 2530 et

1047 2550 1285 2595 interpretandi
1316 2549 1467 2582 facultate
1503 2554 1533 2581 et
1569 2549 1787 2592 auctoritate,

1047 2605 1190 2645 iudicari,
1210 2602 1335 2638 definiri
1362 2608 1392 2636 et
1418 2602 1628 2646 interpretari
1650 2603 1786 2646 debere,

1803 208 1851 235 An,
1870 208 1898 238 C.
1921 209 1988 238 1734

1831 1387 1930 1417 Frrniitas
1940 1395 1988 1412 con.

1804 1419 1915 1437 cessionis.
