2232 3178
298 246 349 275 An.
368 246 399 275 c.
415 246 483 274 1738
529 238 594 272 454

490 305 545 325 xxx
568 296 692 326 ianuarii
716 305 791 325 anno
813 305 952 326 nuccvui.
983 297 1037 325 Sex
1068 296 1154 325 etiam
1177 296 1226 326 de-

490 343 558 373 bent
581 354 643 373 esse
668 344 835 374 definitores
869 344 996 374 familiae
1030 344 1107 374 iuxta
1135 344 1226 374 Breve

491 392 667 422 sanctissimi
688 393 798 422 domini
823 392 914 422 nostri
931 393 1088 423 Clementis
1107 392 1155 422 Xll
1178 402 1227 422 ex-

490 441 618 480 peditum
641 441 687 470 die
712 452 726 470 x
749 441 912 471 decembris
945 451 1020 472 anno
1043 451 1223 472 muccxxxm.

490 489 527 518 De
551 489 594 518 his
617 490 751 520 omnibus
774 490 996 529 definitoribus,
1021 491 1081 521 sive
1109 491 1225 521 Ordinis

489 537 549 566 sive
572 537 718 574 familiae,
743 538 818 568 idem
847 539 1002 568 dicendum
1030 543 1094 569 est:
1118 539 1225 578 quippe

489 585 627 615 differunt
660 590 771 615 tantum
805 587 832 615 in
866 596 917 623 eo,
942 587 1017 626 quod
1050 587 1136 626 primi
1159 591 1226 616 sunt

489 634 657 664 definitores
681 635 769 665 totius
791 635 908 666 Ordinis
939 636 1023 665 electi
1059 636 1093 665 ad
1124 646 1226 666 sexen-

489 683 581 721 nium,
599 688 627 714 et
650 684 723 713 intra
741 688 769 714 et
785 689 865 714 extra
884 684 1022 714 familiam
1039 694 1119 715 suam
1144 694 1227 724 prae-

489 732 591 761 cedere
625 731 733 762 debent
766 742 866 762 omnes
898 733 991 769 alios;
1016 734 1134 763 secundi
1159 743 1226 763 vero

490 784 558 810 sunt
581 780 719 816 familiae,
739 785 766 810 et
788 781 937 819 eliguntur
958 782 991 811 ad
1013 782 1182 820 triennium,
1200 787 1227 812 et

490 829 665 868 praecedere
687 829 795 859 debent
817 840 917 860 omnes
941 831 1013 860 alios
1041 831 1117 860 intra
1144 831 1227 860 sami-

490 876 557 906 liam
582 881 713 916 tantum,
739 882 802 917 post
825 883 920 908 tamen
944 879 1113 908 definitores
1142 888 1227 917 gene-

490 926 564 955 rales
587 925 715 956 Ordinis.
740 927 839 966 Itaque
859 927 966 966 singuli
983 928 1039 957 duo
1058 928 1226 957 definitores

490 984 542 1014 pro
565 975 686 1013 singulis
709 976 865 1014 provinciis
881 986 948 1006 suae
966 977 1091 1006 familiae
1116 977 1225 1015 eligan-

490 1027 548 1061 tur,
583 1029 610 1055 et
641 1035 741 1055 omnes
774 1025 849 1055 intra
882 1036 963 1055 suam
997 1026 1136 1055 familiam
1170 1026 1227 1055 sint

490 1073 626 1112 aequales
649 1074 678 1103 in
702 1078 843 1113 potestate
865 1078 892 1104 et
915 1075 1171 1114 praeeminentiis,
1195 1084 1228 1104 ac

490 1120 543 1151 filii
571 1122 630 1151 sint
661 1122 875 1161 provinciarum
901 1132 951 1161 pro
980 1122 1087 1162 quibus
1115 1123 1227 1161 eligun-

490 1174 538 1200 tur
559 1171 725 1200 actualiter.
757 1171 866 1201 llorum
895 1172 973 1201 cnim
1004 1172 1083 1211 prior
1105 1171 1226 1210 electus,

490 1219 601 1258 primus
623 1220 660 1249 sit
683 1219 820 1249 definitor
843 1220 919 1250 intra
952 1230 1035 1251 suam
1065 1221 1226 1257 familiam,

492 1267 620 1296 secundo
643 1267 764 1305 electus,
781 1268 938 1305 secundus,
955 1272 982 1298 et
998 1268 1040 1298 sic
1056 1269 1090 1298 (le
1110 1269 1226 1308 ceteriS‚

491 1317 606 1346 servata
629 1316 780 1355 prioritate
804 1316 967 1346 electionis.

529 1372 559 1393 ιι.
584 1364 716 1394 Ceterum
741 1364 839 1394 nullus
862 1365 1016 1403 religiosus
1032 1364 1170 1403 eligibilis
1192 1365 1229 1395 sit

489 1412 520 1442 in
542 1413 727 1443 definitorem
751 1413 938 1451 generalem,
962 1414 1032 1452 quin
1066 1414 1229 1453 expleverit

490 1461 594 1499 viginti
628 1471 719 1491 annos
755 1466 818 1500 post
851 1462 1084 1501 professionem,
1108 1467 1135 1491 et
1158 1462 1227 1501 quin

491 1509 581 1539 suerit
604 1510 684 1549 prius
706 1510 741 1539 ad
765 1510 862 1540 minus
882 1520 932 1549 per
955 1510 1115 1540 triennium
1139 1511 1229 1540 lector

491 1557 665 1596 theologiae,
698 1562 747 1588 aut
781 1559 958 1589 secretarius
991 1559 1155 1597 generalis,
1179 1563 1229 1589 aut

491 1612 663 1646 procurator
686 1607 831 1646 generalis
858 1608 886 1637 in
909 1607 996 1638 Curia.
1018 1608 1160 1644 Romana,
1186 1608 1229 1637 vel

491 1656 682 1686 concionatus
711 1656 799 1686 suerit
826 1661 949 1695 quatuor
974 1657 1227 1696 quadragesimas,

490 1710 540 1735 aut
562 1705 701 1744 magister
723 1705 899 1735 novitiorum
923 1715 974 1745 per
997 1706 1178 1742 triennium,
1202 1710 1230 1736 et

490 1754 560 1794 quin
584 1759 683 1794 postea
702 1754 737 1784 ad
760 1754 856 1784 minus
879 1764 932 1794 per
954 1755 1113 1785 triennium
1143 1755 1230 1785 suerit

491 1803 626 1833 minister
661 1803 865 1833 conventualis
900 1803 1025 1834 alicuius
1069 1808 1229 1833 conventus

491 1851 537 1881 vel
559 1851 677 1890 collegii
699 1861 768 1882 suae
790 1852 968 1891 provinciae.

530 1909 572 1930 111.
599 1900 738 1940 Superior
760 1901 905 1939 generalis
935 1905 963 1931 et
991 1901 1159 1931 definitores
1182 1910 1231 1939 ge-

492 1949 619 1987 nerales,
643 1949 712 1979 dum
735 1953 800 1988 post
822 1959 903 1979 suam
926 1949 1099 1980 electionem
1134 1950 1230 1989 primo

491 1997 521 2028 in
543 1997 709 2028 delinitorio
732 1998 1003 2036 congregabuntur,
1027 1999 1135 2028 faciant
1164 2002 1230 2028 ante

492 2046 589 2076 onmia
611 2047 640 2076 in
663 2046 726 2086 ipso
748 2047 915 2077 definitorio
944 2048 1140 2077 iuramentum
1171 2056 1231 2077 ser-

491 2095 577 2125 vandi
601 2100 774 2135 perpetuum
809 2100 954 2126 secretum
978 2096 1012 2126 de
1035 2096 1121 2126 rebus
1144 2096 1173 2126 in
1197 2106 1230 2126 eo

492 2144 623 2183 agendis.
663 2145 743 2180 Quod
775 2145 974 2175 iuramentum
1008 2150 1076 2175 tunc
1109 2145 1228 2184 obliget,

492 2193 607 2232 quando
632 2193 724 2223 maior
754 2203 820 2233 pars
852 2194 1011 2224 dessnitorii
1039 2194 1231 2223 declaraverit

492 2241 599 2272 debere
615 2242 725 2272 servari
743 2246 888 2272 secretum
906 2243 935 2272 in
953 2243 1002 2273 tali
1022 2243 1065 2272 vel
1083 2243 1133 2273 tali
1149 2252 1229 2272 casu.

492 2290 546 2326 Qui
569 2295 666 2321 autem
689 2291 760 2321 illud
785 2291 922 2329 fregerit,
947 2291 982 2321 ab
1005 2292 1105 2322 eodem
1129 2291 1232 2321 defini-

493 2339 567 2370 torio
590 2349 691 2370 severe
714 2339 863 2379 puniatur.

532 2397 570 2418 1v.
593 2388 767 2419 Definitores
781 2389 933 2427 generales
956 2388 1089 2418 habitent
1110 2388 1140 2418 in
1163 2398 1231 2418 con-

493 2437 630 2468 ventibus
652 2437 813 2476 designatis
834 2447 850 2467 a
873 2447 925 2467 suo
959 2437 1111 2477 superiore
1144 2447 1231 2476 gene-

493 2487 565 2526 rali,
590 2491 618 2518 et
648 2487 723 2527 aptis
745 2491 776 2517 ut
798 2491 960 2527 opportune
985 2486 1114 2516 scribere
1136 2491 1163 2516 et
1185 2496 1230 2517 re-

492 2536 590 2576 cipere
623 2536 759 2576 epistolas
793 2535 904 2576 possint
937 2535 973 2565 ad
1006 2545 1090 2565 suum
1124 2545 1230 2566 munus

494 2589 680 2625 spectantem
714 2588 742 2615 et
774 2585 804 2615 in
839 2584 955 2614 omibus
988 2585 1180 2615 conventibus
1202 2589 1231 2615 et

493 2633 635 2672 collegiis,
659 2634 706 2665 ubi
741 2633 871 2673 suerint,
895 2633 1068 2672 suffragium
1091 2633 1228 2673 habeant,

1060 247 1241 272 BULLARIUM
1266 247 1424 273 ROMANUM

1269 296 1344 326 sicut
1360 296 1449 326 ceteri
1468 296 1686 334 conventuales,
1703 296 1882 336 sedeantque
1897 296 1927 327 in
1944 299 2002 326 toto

1269 344 1377 375 Ordine
1400 345 1479 375 iuxta
1503 350 1620 375 nostras
1642 346 1877 382 constitutioneS‚
1902 354 2004 384 quam-

1269 394 1312 423 vis
1344 394 1460 433 aliquod
1494 395 1692 425 definitorium
1728 395 1789 425 sive
1826 394 2004 434 provinciale

1269 443 1329 472 sive
1345 443 1480 481 generale
1497 443 1622 474 familiae
1645 448 1710 474 actu
1733 443 1897 474 celebretur
1918 443 1946 472 in
1969 443 2004 472 ea.

1269 490 1365 527 domo,
1398 491 1426 520 in
1461 500 1516 530 qua
1550 491 1656 530 aliquis
1687 492 1824 521 definitor
1856 490 2004 530 generalis

1269 538 1385 569 Ordinis
1407 539 1582 578 inveniatur,
1607 550 1664 579 quo
1687 544 1827 580 tempore,
1851 541 1930 569 iuxta
1953 549 2006 569 no-

1269 591 1344 617 stras
1376 589 1610 626 constitutiones,
1648 589 1835 628 provincialis
1869 593 2005 628 respectu

1269 636 1427 666 definitorii
1457 637 1619 675 generalis,
1643 642 1671 667 et
1694 638 1827 667 minister
1849 637 1937 667 etiam
1959 645 2006 666 re-

1269 689 1369 723 spectu
1386 685 1544 714 (lefinitorii
1561 685 1759 724 provincialis,
1774 685 1880 715 amittit
1895 685 2004 715 locum.

1309 741 1336 761 v.
1361 733 1487 763 Absente
1509 734 1643 763 ministro
1675 734 1797 771 domus,
1821 733 1845 763 si
1876 733 1916 764 ibi
1947 742 2007 763 non

1271 782 1357 811 suerit
1380 791 1496 821 praeses
1515 782 1683 820 designatus
1699 792 1750 822 per
1765 782 1944 821 superlorem
1959 792 2007 821 ge-

1270 830 1399 860 neralem
1423 831 1466 860 vel
1490 831 1689 861 definitorium
1713 831 1869 869 generale,
1893 840 2007 871 semper

1272 879 1459 918 praesideant
1476 880 1504 909 in
1527 879 1640 910 actibus
1662 884 1689 909 et
1712 879 1908 910 functionibus
1930 889 2008 910 com-

1271 929 1433 963 munitatis,
1451 929 1626 968 signumque
1649 929 1767 966 faciant,
1791 933 1823 958 ut
1840 928 1929 958 moris
1944 933 2004 966 est3

1271 986 1420 1016 nunquam
1441 981 1536 1006 tamen
1559 987 1589 1006 se
1618 977 1816 1007 intromittant
1832 978 1860 1007 in
1878 977 2007 1016 regimen

1271 1026 1374 1055 domus
1389 1050 1396 1062 ,
1421 1025 1477 1055 nisi
1501 1025 1669 1055 absentibus
1692 1026 1777 1056 simul
1802 1026 1945 1062 ministro,
1968 1026 2008 1055 vi-

1271 1074 1351 1103 cario
1367 1078 1395 1103 et
1418 1073 1622 1104 definitoribus
1645 1074 1723 1103 illius
1740 1074 1922 1113 provinciae,
1940 1077 2010 1103 tunc

1272 1123 1349 1152 enim
1373 1123 1467 1161 quoad
1491 1123 1586 1152 onmia
1610 1123 1755 1162 praesides
1778 1126 1864 1152 erunt
1885 1122 2007 1160 domus;

1272 1175 1299 1200 et
1323 1180 1423 1201 omnes
1457 1171 1586 1209 religiosi
1614 1179 1730 1210 semper
1751 1175 1779 1200 et
1800 1170 1909 1209 ubique
1931 1179 2009 1200 eam-

1272 1220 1336 1249 dem
1359 1219 1416 1249 illis
1440 1219 1654 1249 observantiam
1671 1224 1698 1249 et
1716 1219 1910 1249 reverentiam
1928 1228 2010 1258 prae-

1272 1272 1372 1306 stent,
1397 1278 1429 1298 ac
1452 1269 1512 1298 suis
1536 1269 1690 1306 ministris,
1714 1268 1767 1298 suh
1791 1269 1882 1307 poena
1909 1268 1944 1298 ad
1967 1277 2010 1298 ar-

1272 1318 1391 1348 bitrium
1415 1318 1574 1348 definitorii
1605 1318 1750 1356 generalis
1781 1327 1850 1348 suae
1883 1317 2010 1348 familiae

1273 1367 1331 1397 illis
1347 1367 1477 1405 rigorose
1500 1367 1682 1406 applicanda..
1968 1388 1969 1391 ,

1313 1425 1351 1445 vi.
1376 1416 1406 1445 In
1431 1415 1560 1455 qualibet
1581 1416 1665 1445 domo
1680 1440 1687 1453 ,
1711 1415 1761 1446 ubi
1783 1415 1890 1445 fuerint
1912 1418 2010 1454 patres

1272 1464 1439 1495 definitores
1461 1464 1611 1502 generales
1633 1473 1699 1494 cum
1722 1463 1871 1503 superiore
1893 1472 1945 1493 suo
1963 1472 2011 1501 ge-

1272 1513 1377 1550 nerali,
1401 1512 1436 1542 ab
1459 1513 1521 1552 ipso
1544 1513 1704 1551 licentiam,
1728 1513 1839 1542 socium
1872 1516 1900 1542 et
1922 1512 2012 1542 bene-

1273 1561 1431 1591 dictionem
1454 1561 1599 1600 accipiant
1625 1561 1659 1590 ad
1685 1561 1852 1591 exeundum
1878 1569 1893 1590 e
1911 1560 2008 1590 domo.

1273 1609 1301 1640 Si
1324 1614 1419 1640 autem
1444 1609 1578 1649 superior
1600 1609 1744 1648 generalis
1766 1609 1806 1639 ibi
1829 1619 1887 1639 non
1910 1608 2010 1647 suerit,

1274 1668 1325 1698 per
1340 1668 1370 1689 se
1386 1663 1435 1688 aut
1451 1668 1501 1698 per
1516 1658 1605 1688 alium
1621 1658 1719 1688 dicant
1736 1658 1888 1695 ministro,
1902 1661 2011 1688 etcum

1274 1707 1351 1738 socio
1367 1707 1403 1737 ab
1419 1707 1481 1746 ipso
1499 1707 1649 1745 designato
1661 1711 1782 1737 exeant:
1803 1707 1900 1737 socius
1916 1710 2012 1737 tamen

1273 1757 1337 1796 ipse
1360 1766 1374 1786 a
1398 1756 1533 1786 ministro
1556 1755 1791 1786 benedictionem
1815 1755 1949 1794 accipiat.

1313 1814 1363 1834 vu.
1388 1804 1532 1844 Epistolas
1554 1803 1787 1843 quibuscumque
1819 1803 1962 1842 religiosis
1984 1806 2013 1833 et

1274 1853 1475 1884 saecularibus
1498 1853 1639 1891 scribere,
1660 1857 1688 1883 et
1709 1852 1745 1882 ab
1767 1852 1825 1883 illis
1847 1852 1951 1882 missas
1968 1861 2013 1882 re-

1275 1903 1371 1943 cipere
1402 1903 1487 1933 liceat
1514 1902 1718 1932 definitoribus
1748 1902 1856 1941 absque
1889 1901 2012 1932 alicuius

1276 1952 1387 1992 (etiam
1419 1952 1509 1992 patris
1543 1952 1673 1982 ministri
1700 1951 1869 1991 generalis)
1892 1950 2014 1990 impedi«

1274 2004 1372 2031 mento
1395 2001 1439 2030 vel
1462 2000 1607 2030 examine.
1631 2000 1724 2030 Etiam
1741 2001 1782 2030 eis
1802 2000 1887 2030 liceat
1902 1999 2012 2039 alloqui

1274 2060 1472 2090 quascumque
1509 2059 1669 2089 personas,
1702 2049 1882 2080 observando
1914 2053 2013 2079 tamen

1274 2099 1351 2139 quod
1389 2099 1489 2137 regula
1526 2103 1553 2129 et
1588 2098 1813 2129 constitutiones
1852 2097 2011 2137 disponunt

1274 2147 1368 2188 quoad
1384 2148 1446 2177 loca
1469 2151 1497 2177 et
1519 2150 1649 2187 tempora
1672 2147 1811 2187 loquendi
1834 2151 1862 2177 et
1885 2146 2010 2177 tacendi.

1314 2205 1333 2225 1.
1364 2196 1528 2235 Capitulum
1560 2196 1738 2235 provinciale
1771 2195 1955 2234 celebretur,
1980 2198 2013 2225 ut

1274 2244 1363 2275 moris
1385 2248 1440 2282 est,
1459 2244 1488 2274 in
1505 2245 1628 2283 singulis
1651 2245 1811 2284 provinciis
1832 2245 1867 2275 de
1887 2245 2012 2275 triennio

1274 2293 1303 2323 in
1326 2293 1486 2323 triennium
1509 2293 1628 2323 sabbato
1651 2294 1698 2333 (si
1721 2294 1784 2323 sieri
1807 2293 1922 2333 possit)
1945 2297 2012 2324 ante

1274 2346 1410 2382 quartam
1433 2342 1609 2372 dominicam
1633 2346 1698 2382 post
1719 2343 1842 2381 Pascha,
1865 2342 1906 2372 ita
1929 2346 1960 2372 ut
1982 2341 2012 2372 in

1274 2390 1387 2421 duabus
1410 2391 1581 2430 provinciis,
1606 2391 1650 2421 vel
1674 2391 1704 2421 in
1728 2390 1832 2429 tribus,
1851 2390 1875 2420 si
1890 2390 2013 2421 creverit

1274 2450 1415 2471 numerus
1446 2440 1662 2479 provinciarum
1693 2440 1903 2479 cuiuscumque
1933 2439 2014 2469 sami-

1275 2489 1330 2519 liae
1345 2513 1352 2527 ,
1377 2488 1545 2519 celebretur
1567 2498 1643 2518 anno
1670 2488 1855 2528 praecedenti
1877 2488 1912 2518 ad
1935 2487 2014 2528 capi-

1276 2538 1368 2568 tulum
1392 2537 1538 2576 generale,
1556 2537 1612 2567 nisi
1631 2537 1709 2567 iusta
1724 2537 1758 2567 de
1774 2537 1863 2567 causa.
1878 2536 2012 2576 superior

1274 2586 1418 2625 generalis
1452 2586 1579 2616 familiae
1611 2586 1729 2625 aliquod
1751 2585 1911 2625 capitulum
1933 2587 2012 2615 ante-

1275 2639 1362 2674 ponat
1382 2635 1426 2665 vel
1449 2639 1622 2675 postponat3
1647 2635 1722 2674 quod
1744 2638 1857 2666 tantum
1879 2642 1931 2675 per
1953 2637 2012 2664 tres

2149 0 2196 12 ,μι-

2200 30 2201 40 l

2202 49 2207 67 ἰ

2202 0 2232 93 5¹

2202 100 2232 111 μμ

2010 247 2063 276 An.
2082 247 2110 277 C.
2126 249 2187 282 rm
2202 270 2206 278 .

2093 2209 2104 2237 5
2117 2209 2136 2230 ι.
2215 2228 2217 2231 .

2057 2236 2086 2257 no
2110 2234 2195 2262 capituto

2022 2263 2148 2290 provinciali.
