2232 3178
40 248 86 276 Au.
101 244 128 272 C.
147 241 212 271 ¹738

40 285 42 287 ¹
262 296 309 317 vu.
332 286 457 325 Insuper
480 285 535 315 duo
554 285 660 315 fratres
676 283 807 323 germani
825 293 881 313 non
899 292 964 322 pos-

222 340 290 366 sunt
323 335 378 365 sibi
412 334 579 364 immediate
610 332 768 363 succedere
801 332 829 361 in
863 331 964 360 eodem

223 385 318 415 osticio
351 383 478 413 ministri
512 382 556 412 vel
581 381 775 412 commissarii
798 380 964 419 generalis,

223 433 387 464 definitoris
415 432 579 470 generalis,
604 430 848 471 provincialisve,
872 438 967 468 neque

223 482 350 512 ministri
374 481 563 520 provincialis
587 481 631 509 vel
654 480 747 515 socii,
772 479 852 508 iuxta
877 478 966 508 Breve

222 530 399 561 sanctissimi
413 530 523 559 domini
538 529 630 559 nostri
644 529 800 559 Clementis
812 527 834 557 X
850 527 968 566 expedi·
988 530 990 562 j

223 584 284 610 tum
301 579 348 609 die
365 587 400 608 xv
416 578 580 608 decembris
597 587 689 607 annos
706 585 802 607 nnetx
824 576 967 614 incipiens
989 605 990 612 ἵ

223 629 333 667 Exponi
356 628 439 667 nobis:
462 627 519 657 Nec
552 627 664 666 possint
697 627 786 655 etiam
819 625 888 654 dicti
912 624 968 653 (luo
989 642 991 647 ι

224 678 327 707 fratres
343 677 473 715 germani
491 676 588 711 simul,
606 685 656 705 seu
673 676 700 705 in
719 675 819 704 eodem
839 679 968 712 tempore

225 731 253 757 et
277 726 414 762 triennio,
432 725 539 755 habere
563 725 670 762 oslicia,
691 724 797 764 quibus
820 732 968 752 annexum

225 775 262 806 sit
285 779 383 805 votum
406 775 436 804 in
459 774 598 813 capitulo.

410 851 558 875 REGULAE
584 851 684 874 CAPUT
706 850 755 873 XLI
762 866 768 872 .

319 901 444 923 Postquam
458 904 515 919 vero
530 900 666 918 definitores
681 900 809 922 generalem,
825 900 871 917 etc.

245 953 342 985 CAPUT
363 962 420 983 XLI.
441 971 481 976 —-
505 953 542 983 De
564 953 716 982 visitatione
738 956 762 981 el
784 952 951 990 depositione

44 1138 114 1158 mm„
137 1139 216 1163 ww„
228 1113 332 1150 nerali,
350 1113 378 1142 in
396 1123 453 1153 quo
469 1113 531 1143 eius
550 1113 678 1142 officinm
696 1111 820 1151 expirat,
838 1112 972 1141 visitetur

44 1165 164 1212 33:333.
197 1165 217 1184 e·
228 1172 280 1202 per
302 1171 407 1192 novum
433 1162 600 1191 ministrum
622 1160 788 1199 generalem
819 1166 846 1190 et
864 1170 970 1190 novum

228 1211 441 1241 delinitorium:
465 1211 499 1240 ad
524 1210 599 1250 quod
623 1220 713 1240 novus
737 1210 870 1240 minister
886 1219 971 1248 gene-

228 1261 299 1291 ralis
321 1262 451 1300 imponat
474 1265 661 1299 praeceptum
695 1259 831 1289 omnibus
861 1259 973 1298 capitu-

228 1310 361 1347 laribus,
385 1314 416 1339 ut
440 1310 515 1339 intra
540 1309 642 1347 viginti
667 1313 791 1348 quatuor
816 1308 901 1337 horas
925 1318 972 1337 co-

227 1368 290 1389 ram
313 1359 375 1398 ipso
399 1359 596 1396 manifestent,
621 1358 644 1387 si
668 1357 737 1396 quid
757 1357 971 1386 animadverte-

229 1412 298 1437 runt
320 1417 371 1437 seu
394 1411 533 1437 notarunt
549 1407 578 1436 in
596 1411 675 1446 patre
692 1405 826 1435 ministro
841 1405 971 1444 generali

229 1457 306 1487 circa
331 1465 446 1491 mores,
471 1456 602 1494 regimen
625 1454 900 1494 observantiamque
923 1465 971 1485 no-

230 1511 307 1537 strae
327 1507 446 1545 regulae
469 1510 496 1535 et
519 1505 762 1535 constitutionum
778 1529 785 1543 ‚
817 1510 904 1544 atque
927 1505 971 1534 sui

231 1555 318 1586 officii
336 1556 558 1591 executionem3
582 1559 610 1584 et
633 1554 657 1584 si
673 1554 788 1594 aliquae
804 1554 907 1593 culpae
923 1563 973 1593 ap-

231 1605 392 1646 paruerint,
418 1604 584 1644 praedictus
608 1603 742 1633 minister
758 1603 905 1641 generalis
922 1612 974 1632 no-

231 1654 307 1684 viter
329 1654 439 1683 electus
472 1662 538 1683 cum
572 1656 631 1682 toto
655 1652 821 1682 delinitorio
843 1652 972 1690 generali

231 1702 349 1733 Ordinis
384 1702 489 1742 poterit
520 1701 546 1731 ei
576 1701 723 1741 applicare
761 1701 972 1741 poenitentiam

232 1751 494 1791 proportionatam.
518 1749 546 1780 Si
581 1760 649 1780 vero
683 1760 716 1780 ex
740 1750 974 1789 depositionibus

233 1799 317 1829 sactis
339 1809 355 1829 a
377 1798 588 1838 capitularibus
612 1798 745 1828 videatur
761 1798 898 1838 expedire
916 1808 976 1828 ma-

233 1849 322 1879 iorem
346 1849 441 1879 facere
464 1849 617 1888 culparum
639 1849 875 1888 inquisitionem,
894 1858 975 1888 prae·

234 1899 359 1938 cipimus
382 1898 470 1938 quod,
494 1898 570 1928 intra
594 1903 654 1928 tres
677 1907 792 1928 menses
814 1903 879 1937 post
901 1898 976 1928 cele-

233 1947 398 1978 brationem
412 1947 544 1986 capituli,
558 1948 638 1977 omni
654 1952 766 1978 secreto
779 1952 806 1977 et
821 1947 976 1986 diligentia

235 1997 284 2027 fiat
305 1997 381 2027 dicta
404 1997 568 2037 inquisitio,
589 2001 630 2036 ut,
654 1997 798 2027 instructo
822 2006 974 2036 processu,

235 2045 417 2085 delinquenti
439 2045 601 2085 applicetur
623 2046 777 2075 sententia.

30 2104 33 2148 ἶ
274 2105 305 2126 11.
330 2096 502 2126 Definitores
524 2096 676 2134 generales
698 2095 828 2133 Ordinis,
854 2096 902 2135 qui
926 2105 978 2125 ex-

30 2160 33 2188 1
237 2145 381 2185 pirarunt,
398 2145 552 2175 visitentur
568 2145 654 2175 etiam
671 2146 751 2175 finito
771 2145 833 2184 ipso
850 2145 977 2184 capitulo

30 2190 34 2245 l
236 2194 365 2232 generali
388 2203 439 2234 per
461 2203 568 2224 novum
592 2194 802 2224 definitorium.
821 2193 978 2233 Inquisitio

31 2262 34 2280 ,
237 2248 332 2273 autem
355 2243 447 2273 solum
472 2243 521 2273 fiat
544 2243 620 2273 circa
636 2243 839 2273 executionem
857 2253 976 2273 suorum

237 2291 417 2329 officiorum3
450 2292 527 2322 cirea
562 2301 658 2322 mores
692 2292 770 2322 enim
800 2292 927 2322 visitatio
950 2297 978 2322 et

237 2341 388 2382 inquisitio
414 2345 580 2371 reservetur
597 2341 671 2380 patri
688 2341 820 2371 ministro
836 2341 977 2380 generali,

238 2391 288 2432 qui
310 2396 376 2421 ante
400 2391 581 2431 praedictum
614 2390 774 2430 capitulum
799 2394 915 2420 tenetur
937 2391 978 2420 fa-

238 2449 304 2470 cere
338 2440 415 2470 illam
433 2465 441 2479 ,
465 2444 493 2470 et
515 2439 602 2470 simul
626 2448 691 2469 cum
715 2439 882 2469 definitorio
905 2439 981 2469 iudi-

238 2498 316 2528 care,
334 2491 448 2529 quando
465 2490 494 2520 in
511 2489 609 2529 aliquo
625 2498 659 2519 ex
674 2489 878 2519 definitoribus
895 2488 979 2528 culpa

239 2537 334 2578 aliqua
358 2538 497 2578 ponderis
519 2538 698 2577 apparuerit.

278 2596 318 2618 m.
348 2587 377 2618 Si
411 2587 477 2627 quis
509 2587 663 2625 religiosus
698 2585 835 2617 habuerit
868 2586 980 2626 aliquid

240 2639 338 2668 contra
354 2637 534 2676 superiorem
551 2636 718 2675 generalem
735 2635 779 2666 vel
798 2635 979 2675 definitores,

24 859 29 1005 1
494 1002 695 1041 praelatorum.

24 1009 32 1316 ἰ
106 1083 149 1111 5¹·
266 1074 285 1095 1.
307 1064 439 1095 Minister
471 1064 618 1103 generalis
633 1086 640 1100 ,
666 1063 748 1093 finito
772 1062 901 1102 capitulo
924 1071 972 1100 ge-

67 1111 94 1132 ne
109 1111 172 1132 ronna
188 1110 217 1129 vi-

27 1523 31 1618 l

29 1631 31 1669 l

28 1675 32 1703 l

28 1713 32 1799 l

28 1809 33 1975 l

30 2001 33 2015 l

833 234 974 259 CLEMENS
999 233 1043 257 ΧΠ
1066 233 1114 256 ΡΡ.

1648 218 1711 251 469
1758 226 1855 253 Aac.
1880 225 1947 253 ¹738

1008 281 1036 311 id
1052 280 1217 310 manifestet
1230 279 1347 309 illorum
1361 277 1563 308 visitatoribus
1576 276 1748 316 respective,

1009 330 1149 360 certiores
1172 329 1239 358 illos
1263 328 1405 364 faciendo,
1430 327 1474 357 vel
1498 336 1548 366 per
1564 327 1688 361 litteras,
1706 325 1750 355 vel

1010 388 1060 418 per
1083 378 1305 418 provincialem,
1331 376 1378 407 vel
1398 386 1449 416 per
1472 376 1603 412 socium,
1628 374 1672 404 vel
1696 373 1752 403 alio

1010 427 1200 457 convenienti
1225 426 1320 456 modo.

1050 486 1087 506 tv.
1111 476 1334 506 Commissarius
1357 474 1502 513 generalis
1525 473 1645 502 alterius
1670 471 1754 501 sami-

1011 527 1067 556 liae
1090 531 1117 555 et
1133 526 1303 555 definitores
1322 524 1475 562 generales
1492 523 1622 552 eiusdem
1643 520 1754 551 visitari

1011 575 1116 605 debent
1140 575 1169 604 in
1192 575 1320 613 capitulo
1343 573 1473 611 generali
1497 572 1626 603 Ordinis,
1645 571 1673 600 in
1697 580 1754 610 quo

1011 624 1158 663 expirant,
1184 632 1234 661 per
1257 622 1425 651 ministrum
1447 621 1614 659 generalem
1634 628 1752 654 novum,

1013 678 1040 703 et
1065 672 1264 702 delinitorium
1289 672 1424 709 generale
1447 670 1564 701 Ordinis
1599 674 1668 699 tunc
1698 669 1756 698 ele-

1012 727 1102 751 ctum.
1127 721 1261 751 Ceterum
1286 730 1385 750 omnes
1409 720 1521 750 visitari
1545 719 1673 755 debent,
1698 728 1755 747 non

1013 771 1106 800 solum
1141 770 1236 809 quoad
1269 772 1472 799 executionem
1503 777 1622 798 suorum
1646 767 1755 797 officio-

1013 828 1095 856 rum,
1120 819 1169 848 sed
1193 819 1280 848 etiam
1304 818 1397 857 quoad
1423 827 1518 848 mores
1544 821 1573 847 et
1600 816 1758 846 observan-

1016 869 1083 898 tiam
1107 868 1226 906 regulae
1242 872 1270 897 et
1285 867 1541 901 constitutionum,
1559 871 1584 895 et
1603 866 1637 895 de
1650 865 1754 904 culpis,

1014 926 1087 956 quae
1110 917 1313 956 apparuerint,
1338 916 1444 954 corrigi
1468 925 1500 945 ac
1525 915 1621 954 puniri
1651 914 1757 944 debent

1014 975 1027 994 a
1053 965 1209 1004 praedictis
1233 965 1445 995 visitatoribus.
1471 964 1500 993 ln
1518 964 1643 1002 capitulo
1660 967 1756 992 autem

1014 1014 1199 1051 intermedie,
1219 1016 1225 1030 ¹
1245 1014 1439 1043 commissarii
1457 1018 1484 1043 et
1500 1013 1686 1043 definitorum
1709 1021 1759 1050 ge-

1015 1062 1160 1092 neralium
1182 1062 1232 1101 qui
1255 1062 1429 1101 expirarunt
1445 1062 1473 1091 in
1491 1071 1536 1099 e0,
1553 1071 1566 1090 a
1584 1070 1658 1090 novo
1681 1069 1759 1090 com-

1015 1112 1148 1141 missario
1182 1121 1316 1150 novoque
1340 1111 1507 1140 delinitorio
1532 1110 1598 1140 fiat:
1623 1115 1651 1139 et
1670 1110 1693 1139 si
1710 1119 1759 1149 ap-

1016 1161 1168 1200 paruerint
1191 1161 1293 1200 culpae
1308 1185 1315 1199 ,
1340 1161 1559 1200 proportionata
1594 1159 1759 1199 applicetur

1016 1210 1140 1249 punitio.

1056 1268 1082 1288 v.
1107 1259 1192 1288 Pater
1214 1257 1425 1297 provincialis,
1450 1258 1499 1298 qni
1523 1257 1636 1297 expirat
1658 1257 1687 1287 in
1712 1266 1760 1287 ca-

1016 1307 1110 1347 pitulo
1145 1307 1342 1346 provinciali,
1367 1307 1478 1336 visitari
1512 1307 1596 1336 debet
1632 1305 1666 1336 ab
1696 1306 1759 1337 eius

1017 1356 1149 1395 praeside
1172 1356 1249 1385 circa
1274 1364 1381 1393 mores,
1406 1355 1502 1393 legum
1526 1354 1758 1391 observantiam,

1017 1410 1045 1435 et
1068 1405 1112 1435 sui
1133 1404 1222 1434 oflicii
1238 1404 1456 1442 executionem,
1473 1413 1505 1434 eo
1522 1404 1606 1434 modo
1623 1409 1650 1434 et
1666 1404 1761 1434 forma

1017 1454 1124 1494 quibus
1147 1454 1257 1484 dictum
1281 1458 1324 1483 est
1346 1463 1409 1492 cap.
1435 1462 1481 1491 xL,
1506 1453 1519 1492 g
1541 1454 1559 1482 4
1581 1453 1621 1483 De
1639 1453 1761 1493 capitulo

1014 1504 1195 1542 prouinciali,
1213 1512 1244 1532 n.
1261 1512 1344 1539 xxvi,
1361 1502 1411 1532 ubi
1428 1502 1462 1532 de
1476 1502 1681 1532 definitoribus
1698 1511 1761 1542 pro-

1018 1552 1192 1582 vincialibus
1215 1552 1325 1581 dicitur
1347 1552 1446 1581 etiam.

1057 1611 1076 1631 1.
1102 1601 1277 1631 Definitores
1308 1601 1461 1639 generales
1494 1599 1613 1630 Ordinis
1636 1600 1760 1630 seorsim
1844 1638 1848 1643 ζ

1017 1651 1166 1688 corrigant
1195 1655 1223 1681 et
1250 1650 1406 1680 emendent
1432 1659 1569 1680 excessus
1599 1650 1690 1689 patris
1713 1659 1761 1688 ge·
1772 1642 1957 1696 Ρῗίξῖῐῖιῗ.ζ”’ρΠ3-’

1018 1700 1147 1737 neraliS,
1172 1699 1221 1738 qui
1245 1708 1341 1729 coram
1365 1699 1436 1738 ipsis
1460 1699 1611 1728 humiliter
1643 1707 1673 1727 se
1697 1697 1903 1744 pro-{jgssplvrvni
1920 1698 1958 1717 ¹¹*-

1018 1754 1152 1779 sternens
1175 1749 1290 1778 veniam
1314 1752 1402 1788 petat,
1427 1753 1456 1778 et
1478 1753 1557 1778 stans
1580 1748 1614 1777 de
1637 1747 1697 1777 suis
1714 1757 1762 1777 ex-

1018 1798 1149 1828 cessibus
1172 1808 1203 1828 se
1225 1802 1352 1828 accuset.
1376 1797 1457 1833 Quod
1490 1798 1514 1827 si
1546 1797 1762 1837 praevaricator

1019 1846 1137 1877 Ordinis
1166 1847 1255 1877 suerit
1288 1851 1338 1877 aut
1372 1850 1575 1885 contemptor,
1608 1850 1657 1876 aut
1690 1846 1763 1875 adeo

1020 1897 1172 1935 negligens
1202 1901 1230 1926 et
1261 1896 1402 1926 remissus
1431 1900 1463 1926 ut
1492 1895 1611 1926 Ordinis
1638 1895 1764 1925 dissolu-

1020 1946 1129 1976 tionem
1152 1950 1179 1975 et
1201 1945 1430 1975 destructionem
1455 1944 1585 1981 inducat,
1610 1948 1764 1974 moneatur

1020 2006 1035 2025 a
1058 1995 1263 2025 definitoribus
1286 2000 1317 2024 ut
1339 1994 1435 2024 officio
1459 1994 1645 2032 generalatus
1668 1993 1762 2031 cedat,

1021 2045 1148 2084 alioquin
1174 2054 1240 2074 eum
1263 2043 1429 2083 deponendi
1445 2043 1567 2073 liberam
1585 2042 1710 2072 habeant
1726 2043 1765 2071 sa·

1021 2094 1171 2124 cultatem.
1207 2093 1289 2128 Quod
1323 2093 1424 2132 utique
1456 2092 1659 2131 accipiendum
1683 2091 1764 2121 iuxta

1021 2144 1097 2174 dicta
1120 2153 1184 2182 cap.
1210 2151 1308 2179 xxxix,
1331 2142 1344 2181 ἓ
1370 2142 1416 2178 11,
1441 2152 1470 2171 n.
1496 2150 1574 2171 xviii.

1061 2202 1091 2223 ιι.
1116 2192 1344 2223 Commissarius
1366 2191 1512 2229 generalis
1545 2195 1574 2220 et
1596 2189 1765 2220 definitores

1021 2242 1173 2281 generales
1196 2240 1314 2271 Ordinis
1338 2241 1382 2270 vel
1406 2240 1547 2278 familiae,
1573 2244 1658 2279 atque
1681 2238 1766 2268 mini-

1022 2292 1074 2322 stri
1097 2291 1293 2331 provinciales
1316 2294 1344 2320 et
1367 2290 1494 2320 ministri
1518 2288 1726 2319 conventuales
1748 2297 1764 2317 a

1022 2340 1083 2370 suis
1106 2338 1309 2378 superioribus
1331 2339 1410 2368 iuxta
1428 2338 1558 2376 regulam
1575 2341 1766 2367 amoveantur

1023 2399 1037 2418 a
1061 2389 1120 2419 suis
1143 2388 1270 2426 officiis,
1295 2397 1363 2417 casu
1396 2397 1453 2426 quo
1476 2386 1677 2416 commiserint
1702 2394 1767 2424 pec-

1023 2443 1119 2468 catum
1149 2437 1268 2476 aliquod
1297 2440 1396 2466 contra
1425 2436 1478 2466 tria
1506 2427 1573 2465 vota
1601 2433 1765 2464 essentialia

1023 2491 1051 2517 et
1073 2491 1211 2526 quartum
1235 2495 1292 2515 non
1316 2484 1476 2521 ambiendi,
1498 2483 1542 2513 vel
1563 2482 1714 2512 manifeste
1731 2481 1765 2511 de

1024 2536 1095 2576 ipsis
1118 2536 1228 2566 suerint
1250 2535 1437 2564 vehementer
1465 2532 1615 2572 suspecti;
1640 2532 1708 2562 item
1741 2530 1765 2560 si

1844 1618 1888 1639 ΕΞ.

1063 2640 1071 2666 1
1097 2638 1209 2665 Videtur
1229 2637 1323 2664 deesse
1344 2635 1471 2683 visitatio
1491 2636 1530 2670 (n.
1551 2635 1600 2670 T.).
