2232 3178
0 1761 7 2230 -ff-——ss

41 201 91 228 An.
111 200 143 229 C.
161 200 228 228 1740

104 1474 218 1503 Deroaatio

34 1502 196 1521 contrariorum.

856 203 999 227 emimus
1026 203 1072 227 ΧΠ
1097 204 1146 228 pr.
1659 196 1718 231 671
1770 205 1820 233 An.
1838 206 1870 234 G.
1889 206 1955 235 ¹740

233 249 508 291 revocationibus,
534 251 797 292 limitationibus,
825 257 881 284 aut
904 251 974 284 aliis

233 303 404 336 contrariis
440 303 701 338 ordinationibus
732 315 792 348 pro
827 309 974 348 tempore

233 355 482 398 quomodolibet
520 356 679 390 faciendis
714 356 973 400 comprehendi,

233 407 289 440 sed
316 418 445 451 semper
470 409 508 440 ab
534 409 598 441 illis
623 414 783 452 exceptaS,
812 414 974 452 perpetuo

232 459 364 499 validas,
391 461 497 492 lirmas
531 464 561 493 et
596 461 741 494 efficaces
778 461 918 494 existere
944 466 976 493 et

232 512 320 553 sore,
347 523 484 556 suosque
509 513 675 556 plenarios
701 518 733 546 et
758 514 904 555 integros
929 513 974 545 es-

232 565 512 604 sectusaohtinere,
530 566 570 598 ab
592 566 741 598 omnibus
767 570 797 598 et
822 565 972 607 singulis,

232 617 271 650 ad
296 627 377 660 quos
403 622 527 660 spectat
563 623 595 650 et
631 618 880 661 quomodolibet
906 628 975 661 spe-

231 669 331 702 ctabit
355 669 387 702 in
413 670 554 702 futurum
570 697 577 710 ,
603 671 836 704 inviolabiliter
867 670 974 702 obser·

230 722 316 762 vari,
340 721 451 765 sicque
477 728 509 755 et
533 733 597 756 non
623 722 702 756 alias
728 723 760 754 in
785 722 972 765 praemissis

232 774 383 807 omnibus
421 779 453 807 et
484 775 619 818 singulis
655 785 714 818 per
750 785 972 818 quoscumque

232 826 366 868 iudices,
394 826 488 859 etiam
515 827 627 870 palatii
663 826 765 860 nostri
802 826 971 870 apostolici

231 878 387 922 praedicti
405 879 581 921 auditores,
595 891 632 913 ac
646 880 829 923 praedictae
847 879 877 912 S.
891 879 926 912 R.
939 879 971 911 E.

231 932 426 973 cardinales,
452 932 549 965 etiam
574 933 613 966 de
638 934 739 966 latere
763 934 909 976 legatos,
936 943 972 966 ac

231 986 313 1018 alios
339 985 449 1028 quavis
474 985 665 1018 auctoritate
691 991 722 1018 et
738 990 898 1029 potestate
917 986 972 1018 sul-

232 1044 355 1081 gentes‚
375 1038 407 1070 in
429 1038 539 1081 quavis
557 1040 650 1071 causa
668 1044 699 1071 et
716 1038 881 1079 instantia,
901 1038 973 1071 sub-

231 1094 294 1125 lata
320 1092 365 1124 eis
391 1097 421 1124 et
446 1101 558 1124 corum
591 1092 726 1125 cuilibet
761 1092 858 1124 aliter
893 1092 972 1124 iudi-

231 1146 325 1179 candi
359 1150 390 1178 et
425 1145 662 1187 interpretandi
696 1146 847 1177 facultate
873 1151 903 1178 et
921 1156 971 1178 au-

231 1201 395 1239 ctoritate,
421 1200 558 1234 iudicari
595 1206 625 1233 et
661 1199 790 1232 deliniri
831 1201 970 1239 debere,

230 1263 267 1286 ac
292 1253 419 1286 irritum
445 1258 476 1285 et
501 1253 593 1286 inane
619 1253 645 1285 si
669 1263 761 1286 secus
798 1263 896 1296 super
922 1253 971 1285 his

230 1317 247 1339 a
273 1317 444 1349 quoquam,
471 1307 581 1349 quavis
607 1306 806 1345 auctoritate,
832 1306 972 1338 scienter

230 1361 280 1393 vel
307 1359 495 1402 ignoranter
519 1359 693 1402 contigerit
722 1359 893 1401 attentari,
920 1360 972 1392 de-

230 1412 408 1446 cernimus.

274 1466 288 1509 §
319 1466 349 1499 7.
386 1465 456 1499 Non
493 1465 697 1499 obstantibus
733 1464 970 1498 constitutioni-

229 1519 289 1552 bus
316 1524 348 1552 et
372 1519 632 1552 ordinationibus
650 1520 844 1563 apostolicis,
862 1528 898 1552 ac
915 1530 970 1551 no-

229 1573 296 1605 stra
314 1572 352 1605 de
371 1582 437 1605 non
456 1573 602 1606 tollendo
620 1573 689 1606 iure
710 1573 866 1616 quaesito,
885 1573 970 1606 aliis-

229 1636 311 1669 quae
341 1625 562 1659 Cancellariae
587 1626 796 1669 Apostolicae
829 1626 968 1669 regulis,

229 1688 358 1712 necnon
384 1679 603 1712 erectionibus
636 1679 818 1712 officiorum
845 1679 971 1722 praedi-

228 1736 400 1771 ctorum‚et
416 1732 546 1764 illorum
568 1731 846 1772 concessionibus,
863 1732 970 1775 acqui-

227 1783 413 1823 sitionibus,
442 1784 566 1826 gratiis,
593 1784 790 1827 privilegiis,
817 1784 970 1818 facultati-

227 1836 288 1869 bus
314 1842 346 1869 et
370 1836 503 1870 indultis
529 1837 805 1881 quibuscumque,
833 1848 868 1871 ac
892 1838 970 1871 alias

228 1890 477 1933 quomodolibet
497 1894 596 1932 mom,
611 1890 748 1924 scientia
774 1896 805 1924 et
828 1895 970 1934 potesta-

230 1942 268 1975 tis
292 1942 497 1986 plenitudine
530 1943 664 1987 paribus
688 1954 725 1977 ac
750 1944 844 1978 etiam
869 1944 969 1978 consi-

1019 253 1207 295 storialiter,
1236 258 1268 286 et
1303 254 1382 287 alias
1419 254 1666 298 quomodolibet
1701 265 1761 299 pcr

1019 306 1183 340 Romanos
1216 307 1389 340 Pontifices
1426 308 1702 351 praedecessores
1728 313 1761 341 et

1018 370 1220 393 successores
1242 367 1380 400 nostros,
1396 371 1432 393 ac
1450 361 1545 394 etiam
1561 372 1621 405 per
1635 372 1693 394 nos
1708 362 1760 395 ha-

1018 417 1130 445 ctenus
1150 414 1329 453 concessis,
1346 413 1443 446 etiam
1472 414 1531 446 sub
1559 414 1760 458 quibuscum-

1018 475 1079 507 que
1105 466 1280 507 clausulis,
1304 467 1398 499 etiam
1424 467 1580 507 insolitis,
1607 478 1643 500 ac
1668 468 1760 501 dero-

1017 518 1215 559 gatoriarum
1241 519 1476 561 derogatoriis,
1502 519 1701 552 irritantibus
1727 526 1758 553 et

1017 570 1087 602 aliis
1113 570 1278 611 decretis;
1307 572 1423 614 quibus
1461 572 1612 605 omnibus
1638 578 1670 605 et
1695 573 1759 605 sin-

1016 622 1119 665 gulis,
1145 624 1344 667 ceterisque,
1380 625 1576 668 illorumque
1611 631 1756 666 tenores,

1016 683 1052 705 ac
1070 673 1095 705 si
1122 674 1160 706 de
1187 674 1284 706 verbo
1306 675 1344 706 ad
1364 675 1495 707 verbum
1522 675 1603 707 nibil
1629 675 1757 718 penitus

1017 725 1145 766 omisso,
1170 731 1201 758 et
1230 727 1333 759 forma
1358 726 1389 759 in
1416 727 1478 760 illis
1504 728 1621 761 tradita
1647 728 1757 761 obser-

1018 779 1086 809 vata
1111 783 1141 810 et
1167 778 1278 811 inserti
1306 779 1420 819 forent,
1447 780 1671 822 praesentibus
1696 790 1756 823 pro

1017 831 1181 874 expressis
1218 831 1395 871 habentes,
1419 832 1483 864 illis
1519 833 1598 865 alias
1634 833 1666 865 in
1699 843 1757 866 suo

1015 884 1135 916 robore
1161 884 1394 927 permansuris,
1414 884 1472 918 hac
1490 885 1556 918 vice
1577 886 1754 926 dumtaxat,

1015 937 1130 969 harum
1157 938 1262 978 serie,
1290 939 1484 981 derogamus
1510 943 1541 971 et
1567 939 1756 983 derogatum

1014 1000 1085 1022 csse
1110 992 1268 1023 volumus.

1058 1043 1072 1085 ᾖ
1094 1042 1125 1076 8.
1153 1042 1238 1076 Nulli
1264 1053 1341 1085 ergo
1368 1044 1501 1077 omnino
1527 1044 1695 1077 hominum
1722 1045 1757 1077 li—
1794 1057 1878 1077 rosnae
1901 1064 1951 1077 00„-

1015 1101 1084 1128 ceat
1110 1097 1194 1129 hanc
1219 1097 1369 1139 paginam
1397 1103 1526 1130 nostrae
1552 1098 1756 1141 approbatio-
1767 1086 1950 1139 HS„¹.Z{¹L⁰E¹.¹HJ?.{

1015 1149 1073 1188 niS,
1091 1149 1360 1188 confirmationis,
1375 1150 1558 1182 defectuum
1579 1139 1861 1194 suppletio-¹ffl¹⁰¹¹'⁵‘

1014 1202 1076 1239 nis,
1113 1202 1252 1240 decreti,
1280 1203 1499 1243 derogationis
1527 1209 1557 1235 et
1581 1204 1755 1236 voluntatis

1014 1253 1214 1295 infringere,
1240 1254 1287 1285 vel
1315 1253 1342 1286 ei
1369 1264 1446 1286 ausu
1475 1256 1644 1288 temerario
1677 1267 1756 1288 con-

1016 1305 1112 1338 traire
1130 1317 1137 1346 ;
1156 1306 1181 1337 si
1201 1307 1270 1349 quis
1287 1312 1394 1338 autem
1413 1307 1474 1339 hoc
1492 1313 1648 1340 attentare
1667 1319 1756 1352 prae·

1014 1359 1209 1401 sumpserit,
1234 1358 1493 1401 indignationem
1521 1360 1756 1403 omnipotentis

1014 1411 1080 1451 Dei,
1095 1423 1130 1444 ac
1148 1413 1318 1444 beatorum
1346 1412 1431 1445 Petri
1459 1418 1490 1445 et
1515 1413 1604 1446 Pauli
1630 1419 1756 1457 aposto-

1014 1465 1120 1496 lorum
1147 1463 1214 1496 eius
1239 1475 1272 1496 se
1299 1465 1424 1497 noverit
1449 1465 1662 1499 incursurum.

1057 1517 1171 1549 Datum
1197 1517 1329 1557 Romae,
1362 1517 1446 1561 apud
1479 1518 1510 1550 S.
1538 1518 1668 1551 Mariam
1695 1519 1753 1552 Ma-

1012 1570 1138 1611 iorem,
1175 1581 1259 1603 anno
1294 1571 1531 1604 incarnationis
1571 1573 1753 1606 dominicae

1011 1633 1160 1664 nocem,
1185 1634 1215 1656 vl
1242 1623 1398 1656 kalendas
1424 1624 1598 1665 februarii,
1629 1625 1755 1668 pontifi-

1012 1681 1108 1743 catiffi
1126 1676 1227 1710 nostri
1252 1687 1337 1709 anno
1361 1688 1390 1710 x.

1047 1738 1106 1765 nat.
1129 1738 1173 1766 die
1192 1738 1227 1765 26
1247 1738 1361 1766 ianuarii
1384 1740 1461 1775 1740,
1484 1740 1581 1775 pontif.
1603 1749 1673 1768 anno
1694 1750 1716 1767 x.

1311 1794 1335 1825 A
1361 1794 1448 1827 card.
1476 1795 1705 1837 pro-datarius.

1050 1847 1117 1874 Visa
1136 1846 1170 1872 de
1192 1846 1293 1874 Curia.

1417 1892 1453 1925 N.
1482 1893 1706 1927 ANTONELLUS.

1419 1946 1442 1978 l.
1470 1947 1504 1979 B.
1532 1946 1705 1981 Eudemus.

634 2285 713 2316 Fixis
736 2285 998 2318 Cossmunorwn
1020 2288 1184 2319 CLEMEN'ris
1208 2288 1262 2319 PP.
1286 2289 1345 2318 xll.
