2232 3178
277 211 329 236 An.
347 210 375 236 ιι.
401 211 465 237 ¹7:38
514 200 579 235 360

471 258 582 301 aprilis
610 267 838 298 moccxxwin,
864 256 1074 299 pontificatus
1107 256 1209 290 nostri

471 322 557 344 anno
583 321 650 344 vni.

506 373 565 399 Dat.
587 373 630 400 die
652 373 668 399 9
687 372 781 407 aprilis
804 372 880 405 1738,
903 372 1003 407 pontis.
1027 380 1099 399 anno
1119 378 1172 398 viu.

766 513 918 546 CCXXVI.

470 593 655 627 Prohibz'tio
671 621 678 633 ,
698 603 737 625 ne
753 593 942 635 confessarii
959 592 1120 625 absolvere
1140 603 1211 635 pos-

513 646 580 677 sint
605 645 772 678 ministros
793 645 826 678 S.
848 644 952 687 Officii
976 645 1211 688 Inque'sitv'onis

514 698 691 730 revelantes
725 702 752 730 et
777 697 981 740 publicantes
1004 698 1096 730 illius
1120 702 1209 737 acta,

517 756 656 784 tractata
684 756 711 783 et
736 755 826 793 qesta
852 752 887 783 in
911 752 1020 793 reynz's
1037 751 1213 794 Portchal·

515 805 578 837 liae
604 809 631 836 et
655 804 902 847 Alyarbz'orum.

679 883 816 909 Clemens
838 883 917 916 Papa
937 883 1002 916 XII,

589 927 625 953 ad
646 930 825 960 perpetuam
845 928 890 953 rei
910 926 1097 954 memoriam.

1057 209 1156 232 BULLA
1163 209 1237 233 alunt
1264 208 1417 233 ROMAM'M

1253 256 1422 289 solutionis
1446 256 1641 289 beneficium
1666 256 1728 288 nisi
1753 267 1770 289 a
1803 256 1898 289 nobis
1935 266 1992 290 seu

1253 310 1497 342 successoribus
1532 310 1650 342 nostris
1689 314 1919 352 praeterquam
1960 309 1994 342 in

1252 362 1364 395 mortis
1390 362 1526 396 articulo
1552 362 1743 395 constitutus
1768 363 1917 395 obtinere
1941 373 1994 395 va-

1253 418 1353 456 leret,
1377 416 1514 459 aliisque
1539 427 1597 459 per
1622 421 1887 449 contraventores
1922 415 1992 459 ipso

1255 470 1338 502 sacto
1364 470 1485 513 absque
1506 470 1567 503 alia
1586 470 1806 502 declaratione
1824 469 1994 502 incurren-

1254 522 1301 554 dis
1316 522 1441 565 poenis,
1456 522 1640 562 districtius,
1653 522 1846 555 auctoritate
1861 527 1994 565 aposto-

1254 575 1323 614 lica,
1343 574 1589 614 inhibuerimus,
1608 585 1644 607 ac
1669 574 1935 618 praeceperimus
1961 579 1994 607 et

1254 627 1526 667 mandaverimus
1546 637 1581 659 ac
1599 627 1687 667 alias,
1708 632 1804 669 prout
1821 626 1851 658 in
1871 626 1992 659 nostris

1255 680 1396 723 desuper
1422 680 1452 712 in
1478 680 1575 712 simili
1597 680 1702 713 forma
1719 680 1827 713 Brevis
1845 680 1895 713 die
1912 687 1994 714 xxm

1255 733 1323 766 iifiii
1349 733 1424 766 anni
1450 733 1596 776 proxime
1628 732 1795 776 praeteriti
1833 732 1993 776 expeditis

1254 786 1395 825 litteris,
1425 797 1558 829 quarum
1597 792 1729 819 tenores
1766 787 1994 829 praesentibus

1255 848 1313 881 pro
1340 839 1437 881 plene
1463 844 1495 871 et
1529 839 1730 871 sufficienter
1766 838 1930 881 expressis
1964 843 1996 870 et

1254 890 1385 923 insertis
1411 891 1533 924 habere
1560 892 1729 931 volumus,
1754 891 1883 934 plenius
1919 900 1995 923 con·

1257 943 1394 976 tinetur:

2001 208 2049 236 An.
2067 208 2096 237 C.
2115 209 2179 239 1¹:38

2044 1005 2083 1026 Per
2098 1011 2181 1031 genera·
2204 1022 2205 1027 ,

330 1007 374 1028 Sub
391 1008 459 1033 poena

284 1040 391 1053 omnum
515 998 584 1041 §L
612 998 689 1031 Cum
726 1008 784 1030 nos
821 995 920 1037 alias,
960 1007 1019 1040 per
1055 997 1210 1040 quasdam

277 1063 340 1080 nonus
373 1040 597 1105 „diffisi-nostras
624 1052 764 1094 desuper
790 1051 822 1083 in
848 1051 947 1084 simili
973 1051 1075 1084 forma
1100 1051 1211 1084 Brevis

276 1088 638 1148 ssi2⁰¹¹¹<›s⁵isci':i'i¹ii‚'u¹2expeditas
657 1104 795 1144 litteraS,
815 1104 1106 1148 supplicationibus
1131 1105 1211 1138 dile-

275 1141 511 1215 lflgss'itcu
537 1157 592 1190 filit
618 1157 721 1190 nostri
746 1157 839 1197 unni,
862 1157 1042 1201 presbyteri
1064 1158 1095 1190 s.
1117 1158 1153 1190 n.
1174 1158 1208 1190 E.

277 1222 323 1241 aem
350 1221 459 1241 irmunaus
471 1211 644 1244 cardinalis
674 1211 713 1243 de
738 1210 849 1243 Cunlia
874 1211 1065 1253 nuncupati,
1081 1210 1112 1242 in
1138 1211 1211 1244 Por-

1298 997 1312 1039 ἓ
1338 996 1369 1029 02.
1397 996 1472 1029 Cum
1499 1001 1624 1037 autem,
1650 996 1734 1029 sicut
1755 996 1860 1029 dictus
1884 995 2045 1052 Nunuslem
2077 1032 2180 1061 inquam.
2204 1037 2205 1044 ἵ

1255 1049 1430 1083 cardinalis
1456 1055 1486 1083 et
1512 1049 1687 1092 inquisitor
1712 1049 1872 1091 generalis
1898 1048 1993 1081 nobis
2005 1057 2181 1110 Ziaem‘issti's'fflfflg
2204 1068 2205 1093 t

1255 1113 1361 1145 nuper
1387 1102 1552 1146 exposuit,
1574 1103 1641 1146 ipse
1668 1104 1792 1136 litteras
1815 1101 2181 1159 praedictas{gsreffieffitliffl-
2203 1129 2205 1149 ς

1255 1156 1362 1188 adbuc
1397 1156 1565 1198 publicare
1602 1166 1659 1188 sen
1696 1155 1855 1198 publicari
1889 1155 2205 1215 s²¹ee¹⁸eiig¹2re⁰b¹i3ffi⁴iiss0⁸ss

1254 1210 1518 1253 praetermiserit,
1537 1210 1750 1242 considerans
1769 1209 1871 1252 quod,
1893 1209 1918 1242 si
1937 1220 1994 1241 nn-
2005 1216 2125 1238 Cruciatao.

277 1253 376 1294 {xiguam
410 1254 625 1306 ³¹³⁰‘iugaltiae
652 1269 683 1295 et
708 1263 936 1305 Algarbiorum
961 1263 1070 1305 regnis
1097 1269 1127 1296 et
1153 1264 1209 1296 do-

471 1316 580 1349 miniis
606 1316 645 1349 ab
671 1316 716 1348 eis
750 1316 1010 1359 dependentibus
1042 1316 1209 1349 carissimo

471 1368 502 1400 in
528 1368 656 1401 Christo
676 1368 741 1401 silio
760 1375 869 1401 nostro
887 1368 998 1401 loanni
1019 1370 1209 1401 eorumdem

471 1432 649 1464 regnorum
676 1422 746 1464 regi
772 1421 890 1455 illustri
916 1422 1056 1454 mediate
1081 1422 1130 1454 vel
1156 1422 1211 1454 im-

470 1475 609 1508 mediate
637 1475 790 1507 subiectis
816 1475 1018 1517 inquisitoris
1046 1475 1210 1516 generalis

470 1528 570 1562 Officii
588 1528 812 1571 inquisitionis
838 1529 992 1561 adversus
1012 1529 1210 1562 haereticam

471 1581 661 1625 pravitatem
676 1581 868 1614 auctoritate
884 1581 1065 1624 apostolica
1083 1581 1211 1613 institu-

471 1635 516 1674 ti,
546 1634 714 1667 humiliter
738 1635 899 1677 porrectis
926 1634 1087 1674 inclinati,
1107 1634 1211 1667 omni-

470 1689 529 1721 bus
555 1693 585 1721 et
609 1688 746 1729 singulis
776 1686 875 1720 Officii
906 1687 1128 1730 Inquisitionis
1158 1688 1211 1720 hu·

472 1740 613 1773 iusmodi
650 1741 682 1773 in
719 1741 908 1773 memoratis
945 1741 1054 1783 regnis
1082 1746 1112 1773 et
1148 1740 1210 1774 do-

471 1794 598 1833 miniis,
628 1793 692 1827 sive
725 1793 908 1826 minoribus
941 1793 1210 1837 inquisitoribus,

471 1847 537 1879 sive
563 1846 777 1886 consiliariis,
804 1847 1086 1889 procuratoribus,
1112 1847 1211 1880 tabel-

471 1899 631 1940 lionibus,
658 1899 723 1932 sive
749 1899 903 1932 ministris
934 1904 964 1932 et
997 1900 1209 1941 officialibus,

472 1952 613 1996 aliisque
640 1953 900 1995 quibuscumque
926 1953 1078 1996 personis
1109 1954 1213 1986 eccle-

472 2005 609 2038 siasticis
636 2010 667 2038 ct
691 2006 930 2046 saecularibus,
958 2006 1085 2039 etiamsi
1101 2006 1212 2050 quavis

472 2059 699 2101 praefulgeant
723 2058 901 2101 dignitate,
938 2059 991 2101 qui
1028 2059 1067 2092 de
1104 2064 1212 2092 cetero

471 2111 640 2154 perpetuis
659 2111 773 2144 suturis
795 2112 994 2154 temporibus
1011 2112 1042 2144 in
1059 2113 1210 2152 tractatis,

474 2164 587 2207 gestis,
613 2165 740 2197 statutis
778 2170 809 2197 et
834 2165 1094 2198 ordinationibus
1132 2176 1211 2208 quo-

473 2217 714 2261 modocumque
741 2218 779 2250 ad
805 2217 1008 2260 praedictum
1034 2218 1213 2261 Inquisitio·

474 2269 523 2303 nis
548 2269 688 2303 officium
721 2270 944 2313 spectantibus
982 2271 1213 2312 interfuerint,

474 2333 514 2356 ne
539 2323 704 2366 quibusvis
730 2322 880 2365 personis
914 2328 1065 2363 tractata,
1104 2328 1212 2366 gesta,

475 2381 595 2409 statuta
613 2382 644 2409 et
664 2376 883 2409 ordinationes
901 2375 1101 2416 huiusmodi,
1120 2377 1214 2409 tacite

475 2431 523 2463 vel
551 2440 727 2473 expresse,
753 2440 813 2473 per
839 2440 872 2463 se
890 2456 897 2469 ,
924 2431 975 2463 vel
1008 2430 1130 2470 alium,
1157 2440 1213 2463 seu

476 2483 572 2523 alios,
607 2483 776 2526 publicare
802 2484 849 2516 vel
875 2483 1020 2516 revelare
1058 2483 1216 2516 auderent

476 2546 533 2568 seu
558 2541 829 2579 praesumerent,
865 2536 924 2570 sub
959 2536 1217 2569 excommunica-

478 2588 576 2622 tionis
595 2589 678 2622 latae
701 2590 891 2630 sententiae,
914 2600 931 2622 a
956 2600 1018 2635 qua
1041 2599 1136 2624 nemo
1163 2590 1218 2623 ab·

1255 1264 1347 1296 nistri
1379 1263 1497 1306 aliique
1530 1263 1684 1296 officiales
1719 1263 1896 1306 supradicti
1932 1268 1996 1296 tra-

1254 1323 1352 1356 ctata,
1375 1322 1483 1359 gesta,
1505 1317 1632 1359 aliaque
1665 1317 1704 1348 ad
1734 1316 1854 1348 dictum
1885 1315 1996 1359 lnqui-

1255 1371 1378 1403 sitionis
1401 1370 1546 1403 Officium
1564 1370 1743 1413 spectantia
1761 1368 1996 1413 publicaverint

1255 1435 1312 1457 scu
1334 1424 1561 1464 revelaverint,
1576 1423 1924 1456 excommunicationis
1939 1433 1996 1466 per

1255 1487 1310 1510 eos
1331 1479 1367 1509 ea
1382 1477 1421 1509 de
1443 1479 1540 1509 causa
1555 1476 1703 1509 incursae
1722 1475 1961 1508 absolutionem
1978 1485 1997 1508 a

1255 1539 1457 1573 quocumque
1496 1529 1696 1562 confessario
1736 1534 1799 1561 tam
1837 1528 1995 1561 saeculari

1255 1593 1351 1625 quam
1375 1581 1512 1614 cuiusvis
1533 1581 1662 1614 Ordinis
1694 1580 1835 1623 regulari
1871 1580 1903 1613 in
1934 1579 1995 1613 vim

1255 1635 1412 1668 facultatis
1434 1645 1493 1677 per
1513 1634 1637 1667 Bullam
1659 1633 1824 1667 Cruciatae
1846 1633 1885 1665 ab
1910 1633 1996 1676 Apo-

1256 1688 1369 1721 stolica
1389 1687 1470 1720 Sede
1491 1687 1523 1719 in
1545 1687 1667 1719 eisdem
1689 1686 1797 1729 regnis
1819 1695 1995 1719 concessae

1255 1741 1320 1774 illis
1353 1746 1388 1772 ut
1419 1740 1600 1783 praefertur
1624 1740 1798 1772 attributae
1823 1744 1995 1783 reportare

1256 1800 1286 1828 et
1307 1795 1326 1828 ii
1349 1795 1530 1828 concedere
1553 1793 1734 1837 respective
1760 1793 1908 1837 possint;
1942 1803 1995 1826 cu-

1255 1849 1387 1892 piatque
1409 1853 1585 1891 propterea
1618 1847 1724 1880 dictus
1749 1846 1859 1879 Nunus
1893 1846 1996 1879 cardi-

1256 1902 1337 1934 nalis
1357 1906 1388 1934 et
1409 1900 1581 1944 inquisitor
1602 1899 1778 1943 generalis,
1804 1910 1844 1932 ne
1859 1903 1995 1932 tractata

1256 1960 1287 1988 et
1317 1960 1406 1997 gesta
1434 1953 1563 1996 aliaque
1595 1954 1773 1996 praemissa
1801 1953 1840 1985 ab
1872 1952 1996 1985 eisdem

1256 2007 1409 2040 ministris
1430 2012 1461 2040 et
1482 2006 1674 2039 officialibus
1694 2005 1727 2038 in
1748 2011 1914 2049 posterum
1933 2015 1997 2038 ma-

1256 2071 1318 2103 gno
1341 2071 1412 2092 cum
1444 2059 1623 2092 catholicae
1652 2059 1894 2102 ortodoxaeque
1921 2057 1995 2091 fidei

1257 2113 1460 2152 detrimento,
1476 2113 1534 2145 sub
1555 2122 1611 2155 spe
1630 2111 1817 2155 reportandi
1832 2122 1874 2144 ex
1884 2121 1995 2145 eorum

1257 2165 1446 2198 criminibus
1468 2165 1711 2198 absolutionem
1744 2175 1761 2197 a
1793 2164 1886 2198 dictis
1918 2174 1996 2197 con-

1256 2217 1397 2251 sessariis
1417 2218 1526 2261 vigore
1547 2217 1664 2250 indulti
1686 2217 1796 2250 Bullae
1828 2217 1994 2251 Cruciatae

1257 2271 1459 2312 huiusmodi,
1487 2271 1676 2304 revelentur
1710 2276 1740 2305 et
1772 2271 1993 2314 publicentur,

1257 2334 1370 2357 omnes
1392 2324 1618 2365 difficultates,
1640 2334 1723 2368 quae
1751 2324 1837 2357 circa
1869 2333 1997 2357 excom-

1257 2377 1483 2410 municationis
1505 2387 1644 2421 poenam
1663 2388 1723 2421 per
1743 2387 1802 2410 nos
1825 2377 1997 2412 commina-

1258 2435 1321 2462 tam
1343 2430 1462 2463 exoriri
1483 2435 1642 2474 possent,
1674 2429 1812 2464 auferri:

1303 2484 1317 2527 g
1337 2483 1369 2517 3.
1388 2483 1462 2524 Nos,
1481 2484 1543 2526 piis
1563 2483 1706 2517 eiusdem
1723 2483 1807 2517 Nuni
1825 2483 1999 2517 cardinalis
2030 2489 2075 2510 ¹¹⁰0
2088 2488 2142 2510 idem
2153 2493 2199 2509 ⁰³·-

1261 2541 1293 2570 ct
1311 2536 1516 2580 inquisitoris
1534 2536 1695 2579 generalis
1713 2536 1794 2570 votis
1816 2537 1878 2570 bac
1897 2536 1931 2570 in
1951 2547 1998 2577 re,

1264 2595 1418 2633 quantum
1440 2600 1513 2624 cum
1534 2589 1672 2623 Domino
1703 2600 1887 2634 possumus,
1915 2589 2001 2624 savo-

2010 2518 2046 2563 bei
2059 2514 2150 2537 Pontifex
2159 2518 2184 2536 no

2025 2549 2037 2564 a
2049 2557 2054 2563 .
