2232 3178
13 220 63 249 An.
75 219 105 246 C.
127 216 194 245 ¹736

35 1339 107 1361 nodus
123 1344 192 1360 recur—

15 1371 71 1388 suum
98 1366 193 1387 declara·

5 2731 9 2759 t

7 2775 9 2790 ι

830 215 972 240 CLEMENS
997 215 1043 239 ΧΠ
1068 216 1119 239 ΡΡ.

202 264 329 298 Piarum
355 269 630 307 nuncupatorum,
651 265 746 297 nobis
768 275 872 307 nuper
889 275 942 297 ex-

201 319 278 362 poni
307 318 392 357 secit,
419 329 479 360 per
504 319 614 362 plures
640 325 767 351 nostras
794 318 826 350 in
844 319 941 350 simili

202 372 303 405 forma
328 371 437 404 Brevis
465 371 601 410 litteras,
619 372 656 404 ad
681 377 798 404 sartam
826 377 940 403 tectam

203 425 352 457 tuendam
378 424 536 466 regularis
556 425 779 457 observantiae
798 424 942 466 discipli-

201 488 274 510 nam
300 476 509 520 debitamque
536 477 738 510 subditorum
765 487 842 519 erga
866 487 942 509 suos

202 531 388 574 superiores
407 531 626 563 obedientiam
646 536 676 563 et
693 529 940 568 subiectionem,

202 583 235 616 in
260 583 396 616 diversis
417 582 592 615 Ordinibus
618 594 654 616 ae
678 582 943 625 congregauoni-

201 635 261 668 bus
286 635 492 677 regularibus
526 635 658 668 modum
690 635 943 678 imposuerimus

202 688 477 732 appellationibus
503 692 534 722 et
559 688 743 721 recursibus
772 688 943 730 religioso-

202 752 274 775 rum
298 742 451 775 adversus
489 742 676 784 gravamina
713 752 794 785 quae
827 741 888 774 sibi
926 752 944 773 a

203 796 270 829 suis
306 795 462 839 praelatis
499 796 590 829 illata
615 806 686 828 esse
712 795 829 838 passim
856 805 945 828 asse-

202 849 334 882 rebant:
369 849 439 892 ipse
465 848 600 882 Ioannes
625 848 711 882 Felix
738 849 944 892 praepositus

204 902 367 945 generalis
393 902 535 945 idipsum
561 913 692 945 quoque
719 902 750 934 in
780 901 944 945 praedicta

203 955 461 998 Congregatione
476 956 667 989 elericorum
680 955 890 998 regularium,
905 955 943 987 ad

204 1009 387 1042 tollendum
425 1009 562 1042 abusum
589 1009 807 1053 frequentium
833 1009 946 1052 appel-

204 1063 361 1096 lationum
399 1068 430 1095 et
464 1073 655 1096 recursuum
681 1068 770 1095 extra
795 1063 944 1095 eamdem

204 1115 500 1159 Congregationem
528 1117 582 1160 qui
608 1117 639 1149 in
666 1127 737 1149 eam
762 1116 879 1149 sensim
899 1116 945 1148 in-

204 1170 345 1211 vehitur,
365 1176 396 1203 et
420 1171 559 1213 longius,
577 1170 640 1203 nisi
666 1169 810 1203 mature¹
832 1180 946 1203 occur-

204 1229 304 1265 ratur,
328 1224 482 1267 progredi
503 1229 624 1267 posset,
649 1224 829 1267 praescribi
848 1229 945 1266 atque

205 1282 314 1310 exacte
340 1277 497 1310 custodiri
516 1288 725 1321 summopere
743 1277 943 1310 desideret²z

248 1331 263 1374 ἓ
296 1330 327 1364 2.
364 1330 453 1372 Nos,
480 1331 637 1374 praedicti
671 1331 800 1364 loannis
826 1331 944 1364 Felicis

203 1383 384 1428 praepositi
420 1384 585 1427 generalis
625 1384 707 1417 votis
745 1385 806 1417 hac
831 1384 864 1416 in
889 1394 944 1426 re⁷

204 1443 362 1481 quantum
388 1448 461 1470 cum
494 1438 631 1471 Domino
663 1449 856 1482 possumus,
882 1438 946 1471 be—

203 1491 302 1534 nigne
327 1501 472 1524 annuere
497 1492 652 1533 volentes,
671 1503 813 1536 eumque
839 1502 857 1524 a
882 1493 947 1536 qui-

203 1544 311 1577 busvis
346 1545 718 1586 excommunicationis,
760 1546 947 1589 suspensio-

203 1597 253 1631 nis
277 1602 308 1631 et
332 1598 521 1639 interdicti,
549 1598 685 1642 aliisque
717 1599 946 1633 ecclesiasticis

204 1651 397 1692 sententiis,
429 1651 573 1684 censuris
601 1657 633 1686 et
657 1652 792 1696 poenis,
825 1663 843 1686 a
875 1653 945 1685 iurc

204 1705 254 1737 vel
288 1706 327 1738 ab
366 1705 514 1745 homine,
542 1706 655 1749 quavis
689 1708 862 1740 occasione
896 1709 946 1741 vel

205 1761 301 1792 causa
324 1759 408 1799 lans,
431 1759 457 1791 si
480 1760 596 1803 quibus
622 1761 874 1804 quomodolibet
899 1761 947 1794 in-

203 1813 341 1846 nodatus
362 1812 481 1854 existit,
499 1814 538 1846 ad
557 1813 705 1846 ellectum
723 1815 945 1857 praesentium

205 1866 371 1899 dumtaxat
399 1867 685 1910 consequendum,
713 1868 828 1900 harum
863 1868 969 1913 seriel

205 1919 411 1953 absolventes
430 1924 462 1953 et
479 1920 662 1953 absolutum
680 1922 749 1954 sore
765 1928 945 1963 censentes,
967 1915 969 1946 ἶ

205 1973 497 2017 supplicationibus
524 1973 611 2007 illius
629 1975 763 2008 nomine
781 1975 876 2008 nobis
895 1987 948 2008 su-

205 2037 266 2070 per
289 2027 353 2060 hoc
389 2027 557 2060 humiliter
593 2029 751 2071 porrectis
789 2029 946 2070 inclinati,

206 2079 395 2113 auctoritate
421 2080 613 2123 apostolica,
631 2082 746 2115 harum
769 2082 865 2122 serie,
884 2088 948 2115 sta-

206 2133 326 2166 tuimus
363 2139 394 2167 et
427 2133 619 2167 ordinamus
655 2136 740 2179 quod
766 2137 874 2169 nullus
902 2136 948 2169 di-

206 2191 277 2220 ctae
302 2187 573 2230 Congregationis
600 2189 737 2222 clericus
763 2190 944 2233 regularis,

206 2239 308 2273 aliave
334 2251 476 2283 persona
501 2241 637 2274 cuiusvis
661 2242 781 2285 gradus
798 2270 805 2284 ,
834 2243 945 2286 digni-

208 2293 280 2339 tatis
316 2299 347 2326 et
383 2294 578 2328 conditionis
604 2295 738 2337 existat,
765 2297 797 2329 in
823 2297 949 2330 casibus

207 2346 241 2379 in
266 2347 385 2390 quibus
423 2348 462 2381 de
487 2348 556 2382 iure
583 2350 632 2382 vel
659 2349 745 2383 iuxta
770 2350 950 2394 Congrega-

208 2400 306 2433 tionis
342 2402 506 2444 praefatae
545 2402 798 2437 constitutiones
824 2415 842 2437 a
866 2405 949 2438 Sede

207 2452 393 2496 Apostolica
418 2453 623 2488 confirmatas
644 2456 810 2499 appellare
828 2462 882 2490 aut
904 2468 951 2491 re-

208 2515 341 2540 currere
365 2507 463 2549 licet,
489 2507 519 2541 id
552 2509 646 2542 aliter
681 2509 787 2543 facere
825 2512 956 2553 valeat,

212 2571 217 2576 ’
244 2578 256 2605 1
279 2577 350 2605 Edit.
372 2578 452 2606 Main.
474 2579 539 2614 legit
558 2583 693 2609 maturae
711 2583 749 2615 (a.
767 2582 815 2617 Τ.).

242 2621 259 2649 2
278 2622 374 2658 Aptius
393 2622 453 2660 tege
473 2623 619 2654 desiderat
638 2626 679 2662 (a.
697 2626 747 2661 r).

1625 205 1690 239 ζ203
1734 215 1832 242 An.c.
1853 214 1921 243 ¹730

986 275 1082 308 quam
1120 263 1303 306 gradatim,
1330 274 1446 307 nempe
1471 274 1488 296 a
1513 268 1638 296 rectore
1663 263 1728 297 col-

987 318 1062 359 legii
1089 327 1144 349 seu
1171 318 1298 357 domus,
1324 324 1437 361 utpote
1465 317 1652 350 immediato
1677 327 1728 348 su·

987 371 1135 413 periore,
1163 372 1201 404 ad
1227 372 1449 415 praepositum
1475 371 1729 415 provincialem,

987 429 1018 456 et
1043 424 1162 456 deinde
1187 425 1227 457 ad
1254 425 1358 467 ipsum
1385 426 1608 468 praepositum
1631 434 1729 467 gene-

988 478 1087 509 ralem
1127 478 1273 510 eiusdem
1314 479 1608 521 Congregationis,
1648 479 1730 511 itaut

986 540 1102 563 causae
1126 532 1359 574 appellationis
1396 543 1452 565 seu
1486 542 1639 565 recursus
1674 532 1731 563 bu-

987 583 1124 616 insinodi
1142 610 1149 623 ‚
1185 590 1357 628 antequam
1385 596 1401 617 a
1426 585 1512 618 dicto
1538 584 1729 628 praeposito

987 636 1132 678 generali
1168 637 1316 679 cognitae
1353 643 1384 670 et
1416 638 1568 671 definitae
1594 637 1726 677 suerint,

987 694 1076 721 extra
1113 690 1259 722 eamdem
1284 690 1581 733 Congregationem
1608 690 1728 723 deferri

988 748 1018 775 et
1043 743 1158 785 agitari
1184 749 1361 787 nequeant.

1033 797 1050 838 ἓ
1075 796 1105 829 3.
1134 797 1177 830 Ac
1202 804 1378 840 propterea
1412 799 1562 831 omnibus
1598 804 1630 831 et
1664 799 1730 830 sin-

989 850 1072 891 gulis
1105 849 1269 883 Romanae
1294 851 1409 884 Curiae
1443 852 1657 884 tribunalibus
1694 862 1730 884 ac

988 902 1171 944 iudicibus,
1197 910 1229 937 et
1254 903 1422 948 quibusvis
1448 906 1544 938 etiam
1569 905 1600 938 S.
1629 905 1666 938 R.
1692 904 1727 937 E.

989 957 1202 990 cardinalium
1228 957 1555 1001 Congiegationibus,
1581 969 1641 992 nec
1666 968 1732 992 non

989 1009 1081 1043 Sedis
1107 1011 1317 1053 Apostolicae
1343 1012 1472 1045 nunciis
1498 1022 1584 1045 nunc
1616 1018 1647 1045 et
1671 1022 1730 1055 pro

989 1069 1138 1106 tempore
1165 1065 1387 1105 existentibus,
1415 1077 1455 1098 ne
1476 1066 1669 1099 clericorum
1687 1076 1734 1099 re-

990 1118 1151 1160 gularium
1184 1129 1219 1151 ac
1254 1129 1470 1161 personarum
1499 1119 1733 1162 Congregatio-

990 1171 1038 1204 nis
1056 1173 1222 1214 praefatae
1251 1173 1492 1215 appellationes
1510 1179 1565 1205 aut
1583 1183 1731 1205 recursus

990 1224 1182 1265 admittant,
1217 1235 1397 1269 causasque
1434 1226 1596 1269 praefatas
1633 1236 1734 1268 agno-

990 1283 1091 1318 scant,
1117 1278 1178 1310 nisi
1198 1279 1287 1322 prius
1304 1279 1449 1322 legitime
1469 1279 1530 1312 sibi
1550 1279 1734 1312 constiterit

989 1332 1060 1364 illas
1087 1342 1147 1375 per
1172 1333 1321 1366 eumdem
1348 1333 1572 1377 praepositum
1598 1343 1733 1376 genera-

989 1386 1053 1418 lem
1089 1386 1179 1429 prius
1217 1387 1363 1429 cognitas
1390 1392 1421 1419 et
1447 1386 1597 1420 definitas
1625 1387 1732 1427 fuisse,

988 1439 1046 1472 sub
1071 1440 1180 1482 poena
1205 1440 1364 1473 nullitatis
1400 1446 1544 1474 actorum
1583 1451 1620 1474 ac
1657 1440 1734 1473 inde

988 1498 1184 1535 secutorum,
1211 1499 1262 1535 et,
1288 1495 1396 1538 quoad
1423 1495 1595 1537 religiosos
1621 1495 1733 1538 appel-

989 1547 1092 1580 lantes
1128 1548 1176 1580 vel
1214 1553 1421 1581 recurrentes
1457 1548 1511 1592 qui
1545 1548 1733 1592 praemissis

989 1601 1272 1641 contravenerint‚
1300 1602 1359 1634 sub
1386 1601 1541 1644 gravibus
1567 1608 1676 1635 nostro
1703 1606 1734 1634 et

990 1655 1124 1688 Romani
1151 1655 1318 1689 Pontificis
1344 1667 1403 1700 pro
1430 1662 1577 1700 tompore
1596 1657 1734 1689 existen-

990 1707 1028 1741 tis
1054 1709 1188 1742 arbitrio
1214 1709 1401 1752 infligendis
1427 1709 1555 1753 poenis,
1573 1709 1657 1742 dicta
1679 1720 1732 1743 au-

990 1762 1164 1803 ctoritate,
1200 1768 1315 1796 tenore
1348 1763 1590 1807 praesentium,
1619 1762 1733 1807 probi-

989 1816 1118 1849 bemus.

1034 1870 1048 1912 ἓ
1066 1869 1097 1902 4.
1123 1870 1349 1909 Decernentes‚
1366 1873 1452 1914 ipsas
1474 1876 1664 1914 praesentes
1682 1871 1734 1905 lit-
1757 1873 1928 1894 Pf³0⁵⁰¹²²³00w

1744 1904 1847 1921 stitultoni
1881 1906 1932 1926 per·

990 1929 1074 1956 teras
1100 1934 1232 1967 semper
1255 1924 1374 1965 sirmas,
1400 1925 1523 1958 validas
1544 1925 1928 1976 etefficacesg313¹g¹ssur¹³j¹¹¹¹h¹³

990 1976 1131 2009 existere
1159 1983 1191 2009 et
1216 1977 1295 2017 sore,
1325 1988 1467 2020 suosque
1501 1979 1667 2022 plenarios
1704 1984 1736 2012 et

991 2031 1134 2073 integros
1163 2029 1295 2063 effectus
1322 2031 1431 2064 sortiri
1458 2037 1489 2064 et
1517 2032 1681 2073 obtinere,
1700 2042 1735 2065 ac

990 2084 1076 2124 illis,
1104 2084 1144 2117 ad
1170 2095 1252 2127 quos
1277 2089 1402 2128 spectat
1427 2090 1458 2117 et
1490 2096 1549 2129 pro
1586 2090 1736 2129 tempore

991 2138 1266 2181 quandocumque
1292 2139 1463 2181 spectabit,
1483 2139 1513 2171 in
1537 2139 1686 2172 omnibus
1705 2144 1736 2171 ct

991 2202 1048 2235 per
1074 2192 1185 2224 omnia
1209 2191 1399 2235 plenissime
1427 2191 1612 2235 suffragari,
1639 2196 1669 2226 et
1695 2193 1734 2225 ab

992 2245 1055 2278 illis
1081 2245 1264 2288 respective
1289 2245 1524 2279 inviolabiliter
1550 2246 1734 2285 observari,

992 2298 1102 2342 sicque
1129 2299 1161 2331 iu
1198 2299 1384 2342 praemissis
1421 2310 1481 2342 per
1513 2309 1735 2342 quoscumque

992 2351 1115 2384 iudices
1149 2352 1338 2385 ordinarios
1364 2357 1396 2384 et
1422 2353 1611 2394 delegatos,
1638 2352 1736 2384 etiam

993 2415 1162 2437 causarum
1188 2405 1299 2448 palatii
1333 2405 1507 2448 apostolici
1545 2405 1733 2445 auditores,

993 2457 1128 2490 iudicari
1155 2464 1186 2490 et
1211 2458 1340 2490 deliniri
1367 2458 1504 2498 debere,
1539 2468 1574 2490 ac
1609 2458 1735 2490 irritum

994 2516 1024 2543 et
1049 2510 1146 2543 inane
1168 2511 1195 2543 si
1213 2521 1306 2544 secus
1331 2521 1430 2554 super
1455 2511 1505 2543 liis
1523 2521 1539 2543 a
1558 2521 1735 2554 quoquam,

994 2565 1104 2608 quavis
1130 2564 1322 2598 auctoritate
1343 2592 1351 2606 ,
1383 2564 1523 2597 scienter
1558 2565 1608 2597 vel
1647 2564 1736 2607 igno-

995 2624 1133 2662 ranter,
1166 2618 1342 2663 contigerit
1378 2619 1554 2653 attentari:

1807 808 1874 829 secus
1891 809 1924 834 agi

1741 838 1832 857 vetatur.
