2232 3178
940 158 1037 182 mnsx
1062 157 1168 182 asam
1716 146 1774 179 691

375 222 502 245 morum
528 211 740 254 regularium,
765 211 780 243 1
810 210 841 250 b,
867 220 920 243 eos
952 209 1108 253 supprimi
1141 207 1239 242 voluit
1267 207 1382 240 Paulus
1408 207 1442 249 V,
1471 207 1523 250 qui
1557 211 1629 240 octo
1660 207 1825 250 religiosos

373 274 437 298 non
461 264 631 305 haberent,
660 264 679 297 ⁶2
704 275 742 303 α;
771 263 907 296 restituit
932 272 1008 295 vero
1034 261 1169 305 antiquis
1198 261 1373 304 privilegiis
1397 260 1540 294 Clemens
1565 259 1635 301 XII,
1661 259 1680 293 3
1705 272 1735 293 α.

284 318 507 351 Panormitana
531 317 638 350 civitas
663 316 782 349 iamdiu
806 316 839 348 B.
867 315 903 348 M.
930 315 964 348 V.
990 315 1227 347 linmaculatam
1253 314 1283 346 in
1307 313 1515 357 principalem
1541 313 1631 356 regui
1657 319 1824 357 patronam

374 370 486 413 elegit,
510 370 569 403 541
599 371 635 410 b;
661 369 689 402 id
716 369 883 402 confirmat
907 368 1049 401 Clemens
1074 367 1144 408 XII,
1171 367 1235 399 542
1260 378 1291 400 α.

285 423 502 457 Parochorum
528 423 619 456 Urbis
644 421 829 464 collegium,
854 419 918 453 0220·
944 431 980 455 ct:
1014 420 1253 463 capitulationes
1284 429 1342 462 pro
1377 419 1461 451 bona
1494 419 1668 452 directione
1700 419 1824 461 collegii

372 475 528 508 dictorum
554 475 780 518 parochorum,
799 478 829 506 et
849 473 981 505 tuitione
1007 472 1123 505 iurium
1149 472 1398 516 parochialium,
1424 472 1488 504 226
1513 472 1528 505 b
1554 478 1583 505 et
1606 483 1684 515 serp,
1710 472 1825 505 contir-

373 533 517 569 mantur,
542 527 607 561 229
632 538 652 561 a
676 533 706 560 et
730 528 756 559 b.

285 582 518 615 Parochialium
535 591 610 614 usus
626 579 828 624 regularibus
845 579 1058 622 praescriptus
1078 589 1096 611 a
1112 578 1267 622 Gregorio
1284 578 1344 620 XV,
1362 578 1475 611 iterum
1493 578 1730 622 praescribitur,
1750 577 1790 611 70
1807 589 1827 611 a

375 640 406 668 et
429 645 490 678 seq.

285 688 493 721 Parracianus
516 686 684 721 cardinalis
708 685 840 719 loannes
865 684 1063 725 Dominicus,
1088 684 1159 717 ride
1182 684 1315 717 loannes
1340 684 1535 717 Dominicus.

285 741 475 774 Patriarcha.
503 759 547 764 —
578 738 830 783 Ulyssiponcnsis
854 737 1057 771 occidentalis
1081 736 1271 780 patriarcha,
1289 736 1320 768 in
1351 736 1540 769 consistorio
1570 737 1750 770 immediate
1781 748 1826 770 se-

373 793 480 837 quenti
504 792 542 824 ad
567 791 633 824 eius
658 790 871 834 provisionem
904 790 942 822 de
973 789 1206 832 patriarchatu,
1233 800 1323 822 sacro
1348 789 1553 822 cardinalium
1580 790 1714 834 collegio
1746 802 1826 825 coo-

372 845 516 889 ptandus,
541 843 606 877 313
629 843 645 875 b
670 848 700 875 et
724 853 800 886 scq.;
826 843 896 876 ride
921 843 1072 876 Ecclesia.

285 898 446 932 Paulutius
472 891 642 931 cardinalis
667 896 841 937 Fabritius,
867 896 939 929 ride
963 895 1134 928 Fabritius.

284 950 466 984 Pekinensis
483 950 623 994 episcopi
642 949 791 993 epistolae
809 949 888 981 duae
904 949 1080 992 pastorales
1098 949 1181 982 eirca
1198 949 1278 983 ritus
1295 950 1440 984 Sinenses
1456 951 1631 992 irritantur,
1649 950 1691 984 85
1708 962 1727 984 [ι
1746 956 1776 983 et
1795 951 1823 983 b.

285 1004 398 1038 Petrus
423 1003 577 1037 Antonius
602 1004 767 1045 Longone,
791 1003 862 1035 vitto
885 1003 1046 1045 Longone.

285 1057 396 1090 Petrus
420 1057 552 1090 Ioannes
576 1055 744 1089 Meindarts
769 1055 800 1087 in
825 1055 1233 1099 pseudo-archiepiscopum
1261 1055 1520 1089 Ultraiectensem
1546 1056 1674 1097 electus,
1699 1055 1758 1089 591
1788 1067 1825 1091 a:

373 1109 516 1143 censuris
540 1109 682 1142 irretitus
706 1118 940 1152 suspensusque
964 1108 1160 1148 declaratur,
1185 1108 1245 1141 591
1274 1109 1291 1141 b
1314 1114 1344 1141 et
1367 1120 1429 1152 seq.

286 1162 396 1196 Petrus
420 1162 571 1205 magister
601 1161 640 1194 de
672 1161 789 1194 Rubeis
819 1161 944 1194 auditor
968 1161 1072 1194 minus
1097 1161 1244 1205 antiquus
1275 1162 1306 1194 in
1339 1161 1496 1195 auditorio
1520 1161 1550 1195 S.
1576 1162 1691 1202 Rotae,
1716 1161 1758 1194 102
1784 1172 1825 1200 a;

373 1216 417 1248 illi
442 1220 547 1248 tamen
575 1214 774 1248 adiudicatur
803 1214 973 1248 decanatus
1008 1214 1156 1248 auditorii
1187 1214 1219 1247 in
1250 1225 1406 1248 concursu
1430 1215 1501 1248 Iulii
1526 1215 1654 1248 Oradini
1687 1215 1827 1258 episcopi

374 1267 537 1309 Perusini,
560 1268 637 1301 ibid.

285 1321 451 1365 Philippus
475 1320 649 1362 Boschetti,
675 1321 847 1354 assumitur
871 1320 903 1353 in
929 1320 1184 1354 ratiocinatorem
1210 1321 1361 1355 Gamerae
1385 1323 1599 1366 Apostolicae‚
1624 1321 1666 1354 48
1688 1321 1704 1354 b
1722 1326 1751 1354 et
1768 1332 1827 1365 seq.

284 1374 449 1419 Philippus
473 1373 696 1418 Hispaniarum
723 1385 777 1407 rex
803 1374 992 1414 catholicus,
1017 1373 1077 1407 3¹11
1107 1375 1139 1415 [13
1166 1380 1333 1408 tractatum
1363 1385 1435 1408 cum
1468 1375 1547 1408 Sede
1577 1374 1758 1418 Apostolica
1782 1374 1828 1406 vi-

373 1427 506 1470 gintisex
529 1428 670 1462 arti0ulis
695 1428 959 1472 comprehensum
985 1427 1054 1461 iniit
1078 1427 1163 1471 quod
1195 1438 1251 1471 per
1280 1433 1424 1462 mutuam
1450 1428 1713 1471 reciprocamque
1744 1427 1829 1471 regis

372 1480 524 1524 praedicti
550 1486 581 1514 et
604 1481 772 1514 Clementis
797 1481 851 1514 Xll
876 1480 1118 1514 ratificationem
1143 1485 1174 1513 et
1198 1481 1488 1514 ratihabitationem
1510 1480 1672 1513 firmatum
1697 1486 1727 1513 et
1752 1491 1828 1513 con·

374 1533 548 1567 stabilitum
584 1534 660 1574 suit,
694 1534 791 1575 datas,
826 1533 974 1567 subsidiis
1009 1538 1039 1566 et
1073 1534 1170 1566 armis
1205 1533 1243 1566 ab
1280 1534 1334 1568 illo
1371 1534 1495 1568 donatis
1532 1534 1642 1568 Carolo
1668 1533 1827 1567 Borbonio

372 1586 595 1630 Hispaniarum
620 1586 752 1627 infanti,
778 1587 834 1620 iste
860 1597 992 1629 regnum
1018 1586 1184 1630 utriusque
1207 1587 1332 1621 Siciliae
1356 1587 1537 1631 acquisivit,
1562 1586 1627 1620 384
1651 1599 1679 1620 a.

283 1639 406 1673 Piratae
430 1644 460 1673 et
482 1640 634 1683 piraticae
658 1651 753 1673 naves
778 1640 836 1673 sub
861 1639 975 1674 exteris
1001 1640 1120 1673 vexillis
1140 1646 1279 1673 armatae
1299 1641 1492 1685 depraedant
1513 1651 1668 1684 pauperes
1689 1641 1826 1674 Graecos

373 1692 579 1735 christianos,
604 1692 668 1726 380
693 1693 729 1735 b3
755 1692 858 1727 variae
884 1693 1101 1727 ordinationes
1126 1704 1185 1738 pro
1210 1693 1344 1728 navibus
1368 1693 1529 1727 armandis
1554 1699 1666 1727 contra
1689 1693 1827 1738 piratas,

373 1745 438 1779 390
463 1756 483 1779 α
508 1751 539 1779 et
561 1757 622 1791 seq.

284 1798 451 1843 Pompeius
475 1799 710 1842 Aldovremdus,
735 1800 807 1833 vide
830 1800 1049 1834 Aldovrandus
1073 1800 1251 1844 Pompeius.

283 1851 389 1885 Portia
413 1852 581 1886 cardinalis
605 1853 755 1894 Leander,
780 1854 851 1886 vide
876 1853 1028 1887 Leander.

283 1903 496 1947 Portugalliae
521 1909 552 1938 et
575 1905 798 1949 Algarbiorum
823 1916 896 1947 rex,
920 1907 992 1940 vide
1015 1906 1159 1940 Ioannes.

283 1956 561 2001 Privilegiatorum
587 1958 683 2002 vulgo
703 1960 870 2003 pertentati
892 1964 1149 2003 nuncupatorum
1174 1959 1336 1994 excessivo
1366 1970 1517 2003 numero,
1543 1959 1774 1993 administratio
1799 1965 1829 1993 et

335 2044 340 2048 ,
372 2021 483 2044 cursus
507 2016 613 2045 rectae
637 2015 667 2045 et
690 2011 855 2056 expeditae
880 2011 1025 2052 iustitiae,
1051 2023 1113 2056 qua
1137 2013 1335 2058 reipublicae
1360 2013 1443 2047 salus
1469 2013 1639 2058 praecipue
1664 2013 1827 2053 innititur,

373 2074 575 2108 summopere
599 2064 799 2106 obturbatur,
827 2064 869 2098 3⁶2
893 2065 920 2108 b,
947 2070 976 2098 et
999 2065 1064 2099 308
1090 2067 1115 2099 b.

283 2115 488 2159 Privilegium
514 2117 574 2150 sori
599 2117 718 2151 nemini
744 2117 938 2161 suffragetur
962 2130 1022 2163 pro
1046 2120 1179 2154 crimine
1203 2121 1386 2163 homicidii,
1411 2122 1453 2155 32
1478 2122 1503 2163 b,
1529 2128 1559 2155 ct
1581 2121 1646 2155 308
1671 2122 1698 2153 lt.

284 2168 419 2202 Proiecti
444 2169 589 2211 infantes,
613 2171 684 2204 victe
707 2171 845 2215 Expositi
872 2172 1017 2206 infantes.

284 2221 398 2256 Puellis
423 2224 650 2257 conservatorii
667 2224 748 2257 delle
764 2225 938 2259 Zoccoletce
954 2228 1127 2270 nuncupati
1150 2227 1289 2260 subsidia
1305 2227 1421 2261 dotalia
1438 2227 1585 2261 distribui
1604 2227 1705 2268 solita,
1723 2227 1759 2259 ttl
1783 2238 1801 2259 a
1817 2239 1823 2267 3

373 2276 486 2310 modus
510 2277 637 2311 illorum
663 2278 955 2313 distribuendorum
981 2280 1220 2323 praescribitur,
1247 2281 1283 2314 91
1313 2282 1338 2313 l».

1043 2432 1067 2470 Q

284 2543 495 2586 Quadraginta
511 2545 660 2579 horarum
679 2545 789 2587 oratio,
806 2544 871 2578 *2223
888 2557 922 2588 a,
943 2546 987 2589 iis,
1007 2546 1059 2589 qui
1080 2546 1122 2578 illi
1141 2546 1301 2587 intersint,
1321 2546 1514 2589 indulgentia
1532 2546 1728 2587 conceditur,
1747 2546 1823 2581 ibid,
