2232 3178
469 232 535 266 710

428 294 548 328 CCLlll.
574 293 738 325 Deci-ctum
765 291 803 323 de
828 290 936 323 ordine
961 290 1112 323 servando
1137 290 1168 321 in

518 344 697 376 recursibus
727 343 874 375 faviendis
898 353 916 374 a
939 343 1089 374 fratribus
1109 342 1167 375 Or-

516 396 599 429 dinis
624 395 720 427 sancti
746 395 902 427 Francisci
920 395 1074 427 Minorum
1092 395 1168 427 Con-

516 448 720 488 ventualium,
746 447 819 480 543.

429 501 546 536 CCLlV.
585 500 788 534 Confirmatio
814 505 842 532 et
868 500 1025 533 innovatio
1050 500 1167 533 littera-

518 563 586 585 rum
613 552 698 584 Pauli
725 553 757 594 V,
779 553 894 585 Urbani
921 553 995 593 VlIl,
1013 563 1049 585 ac
1073 553 1166 585 ctiam

515 606 543 638 S.
571 605 600 638 S.
637 610 743 638 contra
771 610 966 637 transeuntes
991 605 1029 637 de
1053 605 1168 638 Ordine

516 659 547 691 B.
573 659 687 691 Mariae
717 658 755 691 de
780 659 881 691 Monte
913 658 1055 691 Carmelo
1081 658 1166 692 Con-

516 711 709 754 grcgationis
734 711 903 754 Hispaniae
928 711 965 743 ad
990 712 1085 744 alium
1111 712 1167 744 Or-

514 764 630 805 dinem,
658 764 730 796 545.

428 817 530 851 CCLV.
553 816 727 849 Declaratio
745 816 827 859 quod
848 816 940 849 lectio
958 816 1070 849 Sacrae
1090 816 1168 849 Scri-

515 876 644 913 pturac,
669 869 700 902 in
726 870 856 902 ccclesia
882 869 911 902 S.
936 869 1103 912 Augustini
1130 869 1168 902 de

517 922 599 955 Urbe
629 922 752 956 Ordinis
788 923 921 955 fratrum
957 923 1166 955 Ereniitarum

516 976 677 1018 habenda,
703 975 784 1008 inter
809 981 911 1008 cetera
934 975 1085 1019 requisita
1110 986 1168 1019 pro

517 1028 686 1062 obtinendo
703 1028 804 1071 gradu
830 1028 1001 1071 magisterii
1027 1038 1170 1072 compre-

515 1081 679 1121 hendatur,
706 1080 781 1114 549.

427 1134 545 1168 CCLVI.
567 1135 739 1167 lubilaeum
759 1145 817 1178 pro
835 1133 1093 1167 christifidelibus
1110 1133 1169 1166 Ita-

516 1188 578 1220 liae
605 1194 634 1220 et
658 1188 831 1221 insularum
857 1188 1064 1220 adiacentium
1092 1186 1170 1219 divi-

518 1241 620 1274 vinam
638 1251 729 1285 opem
747 1245 856 1274 contra
873 1241 988 1273 Turcas
1006 1246 1033 1273 et
1049 1244 1168 1283 pestem

519 1294 772 1338 implorantibus,
798 1293 872 1327 552.

430 1347 560 1389 CCLVII.
588 1347 772 1381 Commissio
808 1346 1046 1390 archiepiscopo
1070 1346 1170 1379 Mexi-

521 1410 609 1442 cano,
633 1405 667 1432 ut
691 1400 829 1433 declaret
852 1399 1022 1432 Tertiarios
1046 1398 1170 1432 Ordinis

520 1453 651 1485 fratrum
669 1453 701 1485 B.
722 1453 835 1485 Mariae
849 1452 887 1484 de
900 1453 1002 1485 Monte
1027 1451 1170 1484 Carmelo

518 1505 783 1539 Discalceatorum
808 1509 1063 1548 nuncupatorum
1088 1503 1170 1537 Con-

520 1558 712 1601 gregationis
737 1558 904 1601 Hispaniae
920 1557 988 1590 aliis
1004 1556 1172 1590 Ordinibus

518 1611 704 1655 adscriptos,
724 1611 864 1645 omnium
883 1610 1034 1644 Ordinum
1052 1609 1172 1653 promi-

521 1675 593 1697 scue
618 1664 819 1707 indulgentiis
844 1664 889 1697 uti
914 1673 1017 1707 posse,
1043 1662 1117 1696 555.

433 1717 577 1751 CCLVIII.
604 1717 761 1751 Subiectio
786 1717 914 1750 militiae
940 1717 971 1749 B.
997 1716 1111 1749 Mariae
1135 1715 1173 1749 de

522 1772 662 1805 Montesa
697 1771 827 1804 consilio
863 1770 1015 1804 Ordinum
1051 1780 1067 1802 a
1100 1779 1174 1813 rege

521 1825 676 1858 catholico
702 1824 853 1865 instituto,
879 1823 952 1856 557.

431 1876 549 1910 CCLIX.
574 1876 778 1910 Confirmatio
795 1876 1018 1910 nonnullarum
1043 1884 1176 1908 conven-

519 1931 638 1963 tionum
677 1941 736 1974 pro
775 1930 939 1974 provincia
970 1928 1176 1962 Lombardiae

522 1980 782 2027 Congregationis
818 1983 1007 2016 clericorum
1044 1982 1173 2025 regula-

524 2037 606 2070 rium
632 2037 729 2070 sancti
755 2037 840 2069 Pauli
857 2036 1008 2069 Decollati
1028 2035 1177 2069 Barnabi—

521 2092 622 2122 tarum
648 2094 913 2133 nuncupatorum,
940 2089 1014 2122 559.

434 2142 539 2176 CCLX.
562 2142 764 2176 Confirmatio
780 2142 898 2175 decreti
917 2141 1177 2184 Congregationis

527 2194 792 2237 indulgentiarum
839 2203 1064 2236 sacrarumque
1100 2192 1176 2226 reli-

527 2247 684 2291 quiarum,
698 2257 761 2291 quo
774 2247 944 2280 declaravit
961 2256 1023 2279 non
1037 2250 1180 2289 spectare

525 2310 582 2332 nec
607 2305 764 2343 spectasse
797 2299 834 2332 ad
869 2299 1054 2342 episcopum
1080 2298 1179 2331 Tern-

476 2381 479 2384 .
532 2355 650 2386 lensem
676 2353 854 2386 facultatem
885 2351 1090 2385 benedicendi
1115 2361 1179 2384 sca-

528 2406 651 2450 pularia
668 2395 721 2438 seu
741 2415 856 2449 parvos
876 2404 1001 2437 habitus
1019 2403 1051 2436 Β,
1070 2404 1182 2436 Mariae

530 2458 568 2491 de
585 2459 686 2491 Monte
700 2458 853 2501 Carmelo,
870 2467 933 2490 non
949 2457 1092 2490 obstante
1109 2466 1183 2489 con-

529 2510 716 2554 suetudine,
742 2516 771 2544 et
803 2515 989 2553 aggregatos
1018 2519 1183 2542 recurrere

527 2563 643 2596 debere
676 2563 713 2596 ad
748 2563 928 2607 superiores
964 2562 1088 2596 Ordinis
1124 2572 1183 2606 pro

528 2616 609 2649 nova
629 2615 866 2659 aggregatione,
885 2614 958 2649 566.

515 2669 536 2688 0

1015 237 1192 262 BULLARIUM
1218 236 1369 262 ROMANFM

1218 288 1339 323 CCLXI.
1370 287 1461 328 Utin
1487 287 1625 331 priorem
1656 287 1832 330 generalem
1858 287 1950 321 Ordi-

1306 342 1353 374 nis
1372 342 1573 374 eremitarum
1588 341 1685 373 sancti
1699 341 1862 384 Augustini
1880 341 1953 384 eligi

1306 395 1425 438 possint
1460 394 1478 426 ii
1515 394 1568 437 qui
1604 393 1742 426 officium
1768 399 1955 437 procurato-

1307 447 1349 479 ris
1370 447 1415 479 vcl
1434 446 1605 478 assistentis
1630 446 1788 488 generalis
1812 456 1956 478 exercue-

1308 500 1379 541 rint,
1401 499 1489 531 nulla
1510 499 1671 542 expectata
1697 497 1845 542 temporis
1870 508 1956 531 vaca-

1307 553 1401 592 tione,
1427 551 1500 584 568.

1219 605 1355 639 CCLXII.
1388 604 1588 638 Confirmatio
1613 604 1729 637 decreti
1755 604 1881 648 capituli
1907 614 1958 647 ge-

1308 659 1422 691 neralis
1459 657 1583 691 Ordinis
1618 657 1822 690 eremitarum
1859 656 1956 690 sancti

1307 711 1470 754 Augustini
1502 721 1596 755 super
1626 710 1839 754 prohibitione
1871 720 1958 743 rece-

1307 764 1422 807 ptionis
1440 764 1478 797 de
1497 764 1631 797 ululatii
1651 769 1681 796 et
1705 763 1828 796 meslizt
1845 762 1876 795 in
1900 762 1960 795 fra-

1308 821 1372 850 tres
1397 816 1579 860 provinciae
1610 816 1787 849 Mexicanae
1819 815 1958 848 eiusdem

1308 869 1439 911 Ordinis,
1466 869 1540 903 569.

1221 921 1370 957 CCLXIII.
1393 922 1596 956 Confirmatio
1621 932 1825 955 censurarum
1843 921 1918 955 Sixti
1936 921 1959 954 V

1308 986 1344 1008 ac
1378 975 1602 1008 nonnullarum
1639 975 1870 1008 ordinationum
1900 984 1959 1017 pro

1308 1028 1502 1061 Bibliotheca
1516 1029 1663 1061 Vaticana
1680 1027 1869 1071 Apostolica‚
1886 1026 1960 1059 571.

1220 1081 1366 1116 CCLXIV.
1394 1081 1597 1116 Confirmatio
1617 1080 1824 1113 ordinationis
1840 1079 1962 1112 abbatis

1309 1134 1465 1177 generalis
1482 1133 1606 1167 Ordinis
1631 1133 1853 1166 canonicorum
1871 1142 1962 1175 regu-

1309 1187 1424 1219 larium
1450 1186 1547 1219 sancti
1564 1186 1690 1219 Antonii
1714 1184 1897 1218 Viennensis
1914 1194 1962 1216 su-

1310 1249 1367 1282 per
1391 1238 1606 1282 prohibitione
1643 1237 1785 1282 gestandi
1820 1236 1961 1269 fictitiam

1310 1292 1490 1332 caesariem,
1516 1291 1592 1324 576.

1222 1345 1354 1380 CCLXV.
1381 1343 1584 1378 Confirmatio
1608 1345 1792 1386 regularum
1817 1352 1876 1387 pro
1895 1352 1962 1375 mo-

1310 1398 1419 1431 nachis
1443 1398 1594 1431 Melcliitis
1619 1397 1807 1441 nuncupatis
1827 1397 1963 1439 Congre-

1312 1451 1447 1494 gationis
1475 1451 1574 1483 sancti
1598 1450 1724 1483 Ioannis
1748 1449 1903 1492 Baptistae
1932 1448 1964 1480 in

1312 1504 1422 1537 Soairo
1448 1504 1479 1536 in
1503 1504 1605 1535 Monte
1629 1503 1745 1535 Libano
1770 1502 1888 1535 Romae
1912 1500 1965 1533 de-

1312 1556 1457 1599 gentibus
1480 1556 1518 1589 ad
1543 1556 1705 1588 ecclesiam
1738 1555 1768 1588 S.
1795 1554 1909 1587 Mariae
1933 1553 1965 1586 in

1312 1609 1481 1649 Domnica,
1506 1618 1586 1652 quae
1619 1607 1752 1641 ecclesia
1776 1607 1868 1640 etiam
1893 1616 1966 1638 cum

1312 1661 1460 1694 omnibus
1477 1660 1694 1705 dependentiis
1715 1659 1831 1693 eisdem
1852 1668 1965 1692 conce-

1314 1715 1409 1756 ditur,
1435 1715 1508 1749 579.

1225 1768 1368 1803 CCLXVI.
1393 1767 1595 1801 Confirmatio
1612 1767 1837 1800 nonnullorum
1858 1764 1966 1798 decre-

1313 1826 1418 1854 torum
1443 1831 1502 1864 pro
1534 1820 1668 1863 collegio
1694 1820 1868 1862 Anglorum
1893 1826 1967 1850 nun-

1315 1878 1428 1918 cupato
1453 1873 1490 1906 de
1515 1873 1608 1913 Urbe,
1633 1871 1708 1905 583.

1227 1927 1386 1961 CCvall.
1425 1921 1522 1959 Breve
1553 1925 1668 1959 Urbani
1693 1924 1780 1966 VIII,
1805 1934 1868 1967 quo
1892 1933 1968 1967 pro-

1316 1980 1436 2013 vinciae
1478 1979 1642 2011 Lusitanae
1677 1977 1801 2011 Ordinis
1836 1977 1969 2009 fratrum

1316 2033 1471 2066 Minorum
1496 2031 1593 2064 sancti
1617 2030 1775 2064 Francisci
1799 2029 1836 2062 de
1856 2028 1969 2062 Obser-

1318 2086 1421 2118 vantia
1446 2085 1689 2117 reformatorum
1713 2087 1969 2126 nuncupatorum

1321 2138 1469 2172 fratribus
1482 2138 1670 2181 prohibetur
1684 2136 1831 2170 transitus
1845 2135 1883 2168 ad
1896 2135 1971 2167 alias

1318 2191 1495 2235 provincias
1520 2190 1660 2223 eiusdem
1685 2189 1821 2229 Ordinis,
1850 2187 1972 2221 studen-

1320 2244 1350 2276 di
1372 2244 1465 2276 causa
1480 2270 1487 2283 ‚
1515 2242 1691 2275 extenditur
1715 2241 1752 2274 ad
1776 2239 1971 2285 provinciam

1319 2296 1348 2329 S.
1374 2295 1500 2329 Antonii
1534 2295 1566 2327 in
1590 2295 1720 2328 Brasilia
1755 2293 1851 2337 ipsius
1875 2292 1971 2326 Ordi-

1320 2349 1378 2390 nis,
1404 2348 1478 2382 589.

1233 2400 1384 2437 CLXVIII.
1409 2401 1547 2435 Irritatio
1579 2400 1741 2434 electionis
1771 2398 1854 2432 Petri
1888 2398 1972 2431 Ioan-

1320 2455 1368 2488 nis
1390 2455 1557 2488 Meindarts
1586 2454 1616 2486 in
1633 2451 1975 2497 pseudo-archiepisco—

1322 2519 1398 2551 pum
1430 2508 1687 2542 Ultraiectensem
1706 2533 1713 2546 ‚
1746 2505 1799 2549 qui
1834 2503 1976 2538 censuris

1323 2561 1462 2594 irretitus
1502 2569 1733 2604 suspensusque
1773 2558 1973 2598 declaratur,

1324 2614 1428 2648 addita
1458 2613 1672 2658 prohibitione
1702 2622 1734 2646 se
1765 2611 1796 2644 in
1820 2609 1976 2654 archiepi-
