2232 3178
39 243 102 280 Ἀη.
122 242 152 277 β.
172 241 241 270 1735

244 292 484 335 exemptionem
510 291 796 335 immediatamque
821 301 909 324 suam
928 291 986 324 Ro-

243 355 338 377 mano
371 344 518 378 Pontifici
553 355 614 388 pro
652 350 799 388 tempore
834 344 985 377 existenti

244 397 385 440 Sedique
412 398 619 440 Apostolicae
644 397 757 430 sortita
782 396 879 430 fuerit
903 397 983 429 sub-

77 463 144 494 ‘nnus
164 450 442 492 ,exem-jectionem
480 452 753 493 exemptioneque
771 449 779 466 ¹
805 461 842 482 ac
867 450 983 482 imme—

51 493 110 550 {5335
123 493 234 544 {Zdffiffifd
245 502 552 547 diata'subiectione
571 502 758 535 huiusmodi
776 512 905 545 semper
922 512 987 534 ma-

51 543 103 591 {³53}
131 541 294 597 A¹¹⁰⁵²⁰¹⁹543is
318 555 495 598 magisque,
520 560 550 588 et
574 560 759 598 postquam,
782 554 910 587 omissis
935 564 988 587 ve-

247 608 418 641 tustiorum
455 607 699 651 quamplurium
731 607 987 650 apostolicarum

247 660 518 693 constitutionum
531 659 542 676 ²
559 660 590 692 id
610 659 797 692 testantium
817 659 989 692 documen-

248 714 299 754 tis,
320 713 423 747 felicis
440 712 678 751 recordationis
698 712 908 745 Innocentius
933 712 989 745 Pa-

248 778 289 811 pa
313 766 359 806 ll,
386 766 484 799 etiam
520 766 756 809 praedecessor
781 771 905 805 noster,
932 775 990 808 per

248 831 338 854 suam
356 820 388 853 in
408 820 551 853 Concilio
569 819 787 860 Lateranensi‚
802 820 861 852 sub
880 820 990 852 datum

247 884 267 907 x
293 873 448 906 kalendas
475 872 562 912 maii,
580 882 665 906 anno
691 872 817 905 Domini
842 882 989 912 mcxxxix,

249 924 456 969 pontificatus
481 924 528 957 sui
554 935 639 958 anno
664 936 691 965 x,
712 925 854 968 desuper
873 924 991 958 editam

249 984 281 1012 et
306 989 323 1011 a
348 984 424 1011 tune
449 978 656 1011 existentium
673 977 683 994 ⁸
708 978 739 1011 S.
760 978 797 1011 R.
817 978 852 1010 E.
887 977 991 1010 cardi-

249 1031 371 1065 nalium
408 1031 547 1073 collegio
584 1031 798 1074 subscriptam
829 1031 988 1064 constitu-

249 1085 381 1124 tionem,
403 1094 486 1127 quae
512 1083 625 1127 incipit
649 1084 702 1118 Act
723 1084 791 1124 hoc,
821 1084 991 1117 ecclesiam

249 1137 504 1176 Ferrariensem,
522 1146 594 1169 cum
613 1138 679 1170 tota
698 1137 856 1180 parochia
873 1139 941 1175 sua,
960 1137 991 1169 in

249 1190 328 1229 iure,
356 1189 500 1222 dominio
526 1199 562 1222 ac
583 1189 754 1232 privilegio
779 1189 810 1222 S.
832 1189 868 1222 R.
887 1190 921 1222 E.
956 1200 992 1222 ac

249 1243 285 1276 B.
306 1242 413 1281 Petri,
438 1242 530 1274 cuius
556 1247 603 1274 est
627 1242 860 1285 patrimonium
876 1269 883 1281 ‚
908 1253 989 1275 con-

250 1295 455 1334 servandam,
495 1300 527 1327 et
562 1295 621 1327 sub
658 1295 791 1328 Romani
829 1295 994 1328 Pontificis

251 1349 387 1388 ditione,
399 1348 604 1381 ordinatione
623 1353 719 1391 atque
734 1348 994 1381 consecratione'

251 1402 323 1434 sore
350 1406 381 1433 et
406 1411 492 1439 esse,
512 1400 688 1443 apostolica
713 1400 780 1433 eius
806 1401 995 1434 auctoritate

250 1454 431 1493 statuerat⁵‚
450 1464 486 1486 ac
507 1453 693 1486 huiusmodi
715 1454 875 1496 exemptio
894 1459 924 1487 et
942 1454 995 1486 im-

250 1507 389 1540 mediata
414 1506 573 1539 subiectio
598 1517 615 1539 a
640 1507 833 1540 recolendae
865 1517 992 1540 memo-

251 1560 318 1593 riae
355 1559 535 1593 Caelestino
561 1559 608 1600 II,
633 1560 729 1593 Lucio
754 1560 866 1593 itidem
886 1560 939 1600 11,
966 1565 996 1593 et

251 1613 407 1656 Gregorio
433 1612 508 1652 VIII,
541 1612 635 1646 etiam
660 1612 811 1646 Romanis
837 1612 997 1646 Pontifici-

251 1667 311 1699 bus
335 1665 641 1710 praedecessoribus
676 1666 810 1706 nostris,
846 1666 996 1709 praefati-

252 1731 314 1763 que
339 1719 513 1753 lnnocentii
538 1720 800 1761 successoribus⁷
826 1730 886 1763 per
917 1719 995 1752 alias

253 1783 365 1805 eorum
398 1771 576 1814 respective
601 1772 740 1815 desuper
773 1777 932 1805 emanatas
966 1777 997 1805 et

251 1835 269 1858 a
309 1830 383 1857 tunc
422 1825 546 1868 pariter
584 1824 795 1857 existentibus
836 1825 997 1867 praefatae

252 1879 283 1913 S.
304 1879 342 1912 R.
358 1878 393 1911 E.
414 1878 631 1911 cardinalibus
649 1879 798 1911 similiter
816 1879 996 1922 respective

252 1932 450 1975 subscriptas
479 1932 604 1965 litteras
624 1933 833 1976 approbatae,
846 1937 885 1965 >et
904 1932 933 1965 in
953 1933 998 1965 eis

253 1985 396 2029 praefata
422 1985 561 2018 ecclesia
581 1985 793 2018 Ferrariensis
814 1991 998 2018 manutenta

254 2049 385 2083 semper
410 2038 592 2079 extiterant,
624 2044 655 2072 et
686 2039 825 2072 subinde
850 2039 889 2071 ab
915 2039 998 2072 eius-

256 2093 328 2126 dem
361 2091 593 2126 reeordationis
619 2092 781 2126 Clemente
808 2093 856 2133 III,
893 2092 999 2126 Caele-

257 2145 340 2178 stino
372 2145 483 2178 itidem
510 2145 547 2178 III
563 2172 571 2186 ,
597 2145 783 2178 Innocentio
808 2145 862 2187 lv,
884 2156 901 2178 a
933 2157 997 2189 quo

258 2197 423 2240 privilegia
447 2198 623 2231 Innocentii
638 2226 646 2239 ‚
671 2198 866 2238 Caelestini,
894 2198 996 2238 Lucii,

259 2248 417 2292 Gregorii,
437 2250 610 2284 Clementis
636 2257 666 2284 et
683 2251 860 2284 Innocentii
876 2251 887 2267 ⁰
913 2262 999 2293 prae·

261 2302 469 2336 decessorum
492 2305 723 2347 praelatorum,
752 2311 782 2338 et
807 2305 997 2348 praesertim

299 2408 307 2433 1
333 2396 407 2434 Addf
424 2409 659 2444 exemptioneque
679 2418 710 2436 ex
729 2413 787 2437 aut.
810 2410 883 2437 Ferr.
901 2410 997 2444 (HJ.)-

295 2453 311 2477 2
333 2451 402 2478 Edit.
424 2451 505 2479 Main.
526 2452 590 2487 legit
610 2455 823 2481 concessionum
843 2459 884 2485 (n.
901 2455 951 2488 Τ.).

295 2495 312 2521 3
333 2494 382 2521 Ed.
403 2495 436 2521 M.
458 2495 532 2522 addit
550 2496 677 2523 eiusdem
698 2498 736 2529 (R.
753 2498 803 2531 τ.).

295 2540 310 2565 t
331 2538 404 2565 Edit.
421 2539 505 2566 Main.
522 2539 587 2573 legit
602 2542 814 2568 conservatione
829 2544 866 2576 (n.
879 2542 926 2576 τ.).

295 2583 311 2610 5
331 2582 401 2610 Edit.
422 2582 501 2610 Maia.
523 2584 588 2619 legit
605 2588 744 2613 statueret
763 2586 804 2621 (n.
820 2587 868 2620 T.)-

295 2628 310 2655 6
326 2627 435 2656 Videtur
450 2628 557 2664 legend.
572 2630 738 2666 Caelestini,
751 2639 848 2667 nempe
860 2625 1000 2666 111(}i.r.).

861 241 1002 267 CLEMENS
1029 242 1075 266 ΧΠ
1099 242 1149 266 ΓΡ.

1687 233 1728 267 63
1774 242 1813 269 An
1846 243 1873 269 c.
1893 243 1958 271 1735

1028 296 1062 323 ut
1100 290 1234 324 ecclesia
1264 290 1479 324 Ferrariensis
1515 296 1602 324 esset
1638 301 1769 335 semper

1028 344 1087 376 sub
1113 344 1251 377 Romani
1277 344 1440 378 Pontificis
1473 350 1503 378 et
1533 344 1618 386 illius
1643 355 1770 378 succes-

1029 407 1137 429 sorum
1162 398 1366 431 ordinatione
1391 403 1487 442 atque
1515 398 1768 438 consecratione,

1030 451 1206 492 approbata
1231 455 1262 483 et
1286 450 1473 483 confirmata
1499 451 1641 489 fuerant,
1666 461 1701 483 ac
1719 451 1772 484 de-

1031 502 1106 535 inde
1123 502 1257 535 validius
1275 503 1314 535 ab
1331 503 1475 545 Eugenio
1494 504 1530 537 lv
1556 514 1613 546 per
1631 503 1772 536 diversas

1031 555 1099 587 eius
1124 555 1248 588 litteras
1273 556 1467 598 apostolicas
1501 556 1531 588 in
1570 557 1674 589 forma
1698 556 1773 589 Bre-

1031 608 1076 640 vis
1101 609 1279 651 respective
1305 610 1446 652 desuper
1471 611 1645 652 expeditas,
1679 621 1770 653 quae,

1032 661 1114 693 sicut
1137 662 1331 705 accepimus,
1351 663 1552 705 originaliter
1570 663 1601 695 in
1627 663 1771 696 archivio

1033 714 1208 758 episcopali
1236 715 1391 748 ecclesiae
1416 715 1633 748 Feri-ariensis
1670 726 1774 748 asser-

1032 773 1158 808 vantur,
1185 777 1312 800 necnon
1345 778 1362 800 a
1393 768 1462 810 piae
1486 768 1660 801 memoriae
1684 767 1774 801 Nico-

1034 822 1084 853 Iao
1104 820 1126 852 V
1151 820 1211 853 sibi
1238 819 1421 854 concessis¹
1448 821 1553 863 gavisa
1579 821 1672 854 suerit
1688 833 1696 862 ;
1715 821 1774 854 eis-

1034 884 1097 917 que
1121 874 1165 907 sic
1190 874 1342 916 gaudens,
1361 884 1377 906 a
1398 874 1530 917 reliquis
1547 884 1606 917 pro
1625 879 1774 918 tempore

1035 927 1265 968 existentibus,
1291 933 1321 960 et
1356 928 1547 970 praesertim
1571 928 1610 960 ab
1639 928 1775 960 Alexan-

1036 981 1095 1014 dro
1112 980 1186 1021 wll,
1215 981 1400 1014 Innocentio
1419 981 1470 1013 XII
1499 986 1531 1014 et
1554 980 1719 1014 Clemente
1737 981 1775 1014 XI

1035 1034 1158 1076 pariter
1183 1034 1335 1067 Romanis
1354 1033 1560 1067 Pontificibus
1586 1033 1774 1076 praedeees-

1035 1086 1161 1119 soribus
1178 1087 1303 1126 nostris,
1330 1086 1360 1118 in
1387 1097 1499 1120 eorum
1521 1086 1699 1128 respective
1725 1086 1777 1119 Iit-

1035 1139 1111 1172 teris
1135 1139 1321 1182 apostolicis
1338 1149 1437 1181 super
1454 1139 1599 1171 eiusdem
1619 1138 1775 1171 ecclesiae

1036 1191 1248 1224 Ferrariensis
1273 1201 1332 1233 pro
1359 1196 1502 1233 tempore
1529 1191 1608 1223 facta
1625 1190 1778 1232 provisio-

1037 1254 1076 1276 ne
1098 1243 1257 1286 expeditis
1293 1248 1324 1275 et
1360 1243 1486 1275 debitae
1519 1242 1699 1275 executioni
1726 1242 1778 1275 de-

1038 1296 1205 1336 mandam,
1223 1296 1296 1329 Sedi
1315 1296 1477 1339 praefatae
1504 1294 1687 1328 immediate
1705 1295 1779 1327 sub-

1038 1350 1141 1389 iecta,
1169 1353 1264 1392 prout
1299 1359 1429 1392 semper
1454 1348 1623 1388 extiterat,
1649 1357 1779 1391 semper

1038 1402 1208 1435 enunciata
1232 1401 1352 1441 fuerit,
1380 1406 1410 1434 et
1431 1412 1544 1444 nuper,
1568 1401 1715 1434 videlicet
1740 1401 1779 1433 de

1038 1454 1145 1487 anno²
1168 1454 1294 1488 Domini
1315 1464 1473 1495 mcccxxv,
1500 1455 1568 1487 orta
1585 1464 1684 1497 super
1701 1453 1781 1486 eius-

1039 1509 1111 1541 dem
1137 1508 1293 1541 ecclesiae
1318 1508 1532 1540 Ferrariensis
1558 1507 1631 1540 Sedi
1658 1507 1779 1550 praefa-

1041 1567 1089 1594 tae
1124 1561 1311 1594 immediata
1351 1560 1552 1594 subiectione
1593 1560 1778 1593 huiusmodi

1040 1613 1238 1657 quaestionis
1257 1613 1402 1653 materia,
1421 1615 1522 1656 eaque
1548 1612 1584 1645 ad
1603 1612 1779 1646 Concilium

1040 1667 1218 1700 Romanum
1233 1667 1291 1699 sub
1307 1666 1435 1699 eodem³³
1453 1665 1626 1698 Benedicto
1643 1665 1780 1708 praede-

1040 1730 1171 1753 cessore
1196 1725 1271 1752 tune
1296 1720 1442 1752 habitum
1469 1719 1582 1758 delata,
1601 1718 1638 1750 ab
1665 1718 1779 1751 eodem

1040 1773 1194 1813 Concilio,
1212 1772 1262 1806 cui
1289 1778 1320 1804 et
1345 1783 1403 1805 nos
1423 1772 1638 1805 cardinalatus
1658 1771 1780 1803 honore

1042 1827 1211 1870 fungentes
1230 1826 1451 1864 interfuimus,
1471 1824 1688 1858 emanaverit⁴
1713 1834 1780 1857 sen-

1042 1880 1140 1913 tentia
1166 1880 1283 1913 tenoris
1308 1878 1483 1922 sequentis,
1503 1877 1668 1910 videlicet:

1084 1979 1097 1997 «
1120 1968 1230 1999 Christi
1254 1967 1371 1998 nomine
1398 1967 1542 2004 invocato,
1566 1975 1617 2006 pro
1640 1965 1780 1996 tribunali
1806 1979 1974 1999 nmuqnnaum.

1792 2006 1885 2025 mediata
1905 2006 1973 2024 <utne-

1041 2017 1193 2053 sedentes,
1217 2022 1245 2047 et
1278 2017 1372 2046 solum
1402 2016 1490 2045 lleum
1515 2024 1582 2054 prae
1615 2014 1708 2043 oculis
1730 2014 1780 2043 ha-
1792 2035 1834 2051 m,
1865 2032 1974 2051 Roman„

1042 2067 1160 2103 bentes,
1185 2075 1236 2105 per
1259 2066 1334 2094 hanc
1357 2069 1486 2094 nostram
1515 2063 1693 2093 definitivam
1716 2071 1782 2092 sen·
1792 2058 1974 2109 iiiiifffifkissssss

1042 2115 1176 2152 tentiam,
1202 2123 1287 2153 quam
1321 2113 1356 2142 de
1388 2112 1625 2151 iurisperitorum
1659 2110 1828 2140 consutos-³³

1042 2163 1071 2192 in
1095 2163 1139 2192 his
1162 2162 1281 2200 scriptis
1308 2160 1428 2191 serimus
1450 2160 1478 2190 in
1503 2160 1591 2189 causa
1613 2163 1640 2188 et
1665 2138 1974 2207 causis‚Zi>h¹[f.iss0¹“u3.„l'3

1042 2220 1116 2250 quae
1149 2211 1243 2249 primo
1275 2214 1304 2239 et
1336 2210 1366 2239 in
1400 2209 1495 2247 prima
1523 2217 1573 2237 seu
1596 2208 1652 2236 alia
1676 2206 1783 2236 veriori
1794 2196 1819 2209 ⁰⁰
1836 2195 1934 2209 *¹⁰⁸⁸*

1042 2269 1139 2289 coram
1163 2259 1247 2289 nobis
1270 2268 1370 2288 versae
1389 2259 1398 2274 ⁵
1430 2258 1548 2288 suerunt
1579 2261 1607 2286 et
1631 2259 1783 2285 vertuntur

1042 2308 1194 2346 instantia,
1209 2308 1306 2346 vigore
1323 2306 1458 2346 specialis
1474 2304 1687 2335 commissionis
1704 2308 1783 2333 motu

1854 2113 1958 2135 exon-ptum
1970 2125 1974 2131 ,

1081 2412 1089 2437 1
1115 2410 1217 2445 Nempe
1238 2408 1421 2442 exemptione
1441 2415 1473 2432 ac
1493 2405 1673 2444 immediata
1688 2404 1783 2430 subie-

1043 2455 1136 2482 ctione
1154 2453 1284 2488 praefatis
1302 2454 1341 2486 (tt.
1358 2452 1406 2483 τ.).

1080 2499 1097 2524 2
1117 2498 1166 2524 Ed.
1187 2497 1268 2524 main.
1290 2496 1364 2522 addit
1383 2495 1507 2521 eiusdem
1527 2494 1568 2524 (it.
1586 2493 1634 2520 tut.

1079 2543 1095 2569 3
1111 2542 1164 2569 Vox
1181 2541 1279 2568 eodem
1296 2543 1402 2575 praeter
1417 2546 1475 2564 rem
1491 2545 1549 2563 esse
1567 2536 1672 2562 ridetur
1685 2536 1781 2569 (usn).

1078 2587 1095 2613 4
1115 2586 1186 2613 Edit.
1207 2585 1290 2611 Main.
1311 2584 1377 2617 legit
1395 2585 1533 2609 emanata
1552 2581 1642 2615 suerit
1662 2586 1699 2611 tn.
1716 2582 1764 2613 τ.).

1079 2631 1095 2658 5
1114 2630 1187 2658 Edit.
1206 2629 1290 2657 Main.
1311 2627 1375 2661 legit
1396 2634 1477 2654 versa
1497 2633 1545 2660 pro
1567 2633 1662 2653 versae
1684 2626 1719 2660 (a.
1734 2624 1782 2659 τ.).
