2232 3178
42 206 92 233 An.
108 204 137 231 C.
161 203 226 230 1737

231 251 332 284 decim
363 251 449 294 alios
482 260 585 284 annos
623 262 640 284 a
676 252 738 285 sine
776 253 969 286 novissimae

230 304 470 347 prorogationis
509 304 695 338 huiusmodi
733 306 969 345 numerandos,

228 360 353 389 servata
379 362 484 389 tamen
519 358 757 400 praedictarum
791 359 968 391 litterarum

228 411 328 443 rei-ma
351 416 381 443 et
407 411 634 454 dispositione,
666 412 859 445 auctoritate
894 422 970 454 apo—

227 464 351 502 51011011,
368 470 482 496 tenore
501 465 734 507 praesentium,
752 475 969 508 prorogamus

226 517 347 559 pariter
382 523 413 550 et
450 518 672 555 extendimus,
700 529 736 551 ac
761 519 869 551 denuo
893 529 969 551 con-

62 584 214 606 cwmrioium
225 570 385 603 cedimus.
410 571 442 603 ln
463 572 662 604 contrarium
683 573 876 605 facientibus
902 583 966 605 non

37 613 151 637 ⁶⁸¹⁰³“¹¹⁰'
225 623 429 656 obstantibus
448 625 720 668 quibuscumque.

268 676 282 719 ἓ
311 676 342 709 4.
372 677 521 710 Volumus
545 684 672 717 autem,
699 684 747 718 ut,
774 679 798 711 si
826 690 883 722 pro
909 679 967 711 im-

224 730 424 772 petratione,
451 731 738 774 praesentatione,
766 732 965 765 admissione

223 793 279 815 seu
317 784 538 826 publicatione
580 785 801 828 praesentium
841 785 963 828 aliquid

222 837 270 869 vel
299 836 464 869 minimum
492 837 605 876 detur,
634 844 690 871 aut
721 844 837 882 sponte
874 839 964 872 obla-

223 896 287 922 tum
323 890 514 934 recipiatur,
548 902 702 934 praesens
739 892 846 925 nullae
879 893 962 933 sint,

221 950 319 987 utque
345 944 488 987 ipsarum
515 945 694 978 litterarum
735 946 962 988 transumptis,

219 1008 275 1029 seu
301 998 480 1040 exemplis,
508 998 603 1030 etiam
641 998 829 1041 impressis,
864 1010 960 1031 manu

219 1050 355 1083 alicuius
392 1051 509 1084 notarii
545 1051 668 1094 publici
706 1053 754 1085 vel
796 1051 959 1085 secretarii

219 1103 322 1135 dictae
347 1102 516 1136 Societatis
543 1104 755 1147 subscriptis,
789 1111 820 1137 et
853 1105 960 1147 sigillo

219 1157 396 1199 praepositi
439 1158 601 1199 generalis
642 1158 747 1191 dictae
787 1158 960 1191 Societatis

219 1211 267 1242 vel
304 1211 440 1243 alterius
477 1221 636 1253 personae
670 1212 700 1244 in
738 1212 958 1245 ecclesiastica

217 1263 375 1305 dignitate
414 1264 606 1297 constitutae
648 1265 805 1305 munitis,
845 1265 958 1298 eadem

216 1326 348 1359 prorsus
368 1316 447 1349 {ides
473 1317 593 1360 ubique
620 1319 767 1351 locorum
789 1319 960 1358 habeatur,

216 1379 297 1412 quae
323 1369 502 1403 haberetur
519 1370 597 1414 ipsis
618 1371 847 1415 praesentibus
870 1372 896 1405 si
914 1373 961 1405 so·

215 1429 289 1456 rent
315 1424 479 1458 exhibitae
506 1426 553 1458 vel
579 1431 742 1459 ostensae.

257 1477 370 1510 Datum
396 1477 526 1518 Romae,
553 1479 639 1522 apud
664 1478 696 1512 S.
714 1479 844 1512 Mariam
864 1479 960 1513 Maio-

214 1541 294 1573 rem,
321 1531 380 1564 sub
406 1533 527 1565 annulo
549 1532 731 1572 piscatoris,
758 1533 809 1566 die
834 1544 898 1566 xxu
921 1533 961 1566 se-

214 1583 338 1617 bruarii
372 1594 581 1628 mccxxxvii,
615 1585 823 1629 pontificatus
855 1587 958 1619 nostri

213 1647 298 1671 anno
324 1648 379 1671 vu.

248 1700 307 1728 Dat.
329 1700 373 1728 die
393 1702 425 1728 Ξῖ).
446 1701 577 1729 februarii
600 1703 678 1737 1737,
699 1703 795 1739 pontif.
817 1711 887 1731 anno
908 1710 956 1731 vu.

525 1756 557 1789 F.
583 1757 672 1790 card.
701 1756 887 1791 Omvemus.

99 690 213 722 Dandaque

35 721 166 744 transumptis
192 720 213 737 11-

35 746 77 766 des.

518 1908 646 1942 CXClll.

212 1987 420 2030 Confirmatio
445 1986 721 2022 deliberationum
751 1990 837 2023 circa
866 2001 954 2024 smu-

254 2042 403 2075 titionem
456 2043 722 2075 commendaram
781 2044 954 2087 hospitalis

253 2095 287 2128 S.
311 2095 446 2128 Ioannis
471 2095 740 2138 Ierosolymitani
774 2095 860 2129 alifis
885 2097 953 2129 iam

252 2148 511 2192 approbatorum
537 2159 557 2181 α
581 2159 700 2192 mayno
721 2149 876 2192 uzayistro
894 2148 954 2183 Or-

252 2200 353 2235 dinis.

12 1369 22 2134 ——--.-———m————-—-———--—-·

414 2275 552 2302 clemens
574 2275 654 2308 Papa
674 2274 739 2309 xn,

343 2319 380 2346 ad
402 2319 538 2347 futuram
558 2319 605 2347 rei
624 2320 814 2347 memoriam.

46 2391 182 2418 Prooemium.
253 2390 416 2424 Militantis
451 2391 616 2425 Ecclesiae
652 2391 806 2434 regimini
844 2391 952 2424 divina

209 2443 421 2487 dispositione
447 2445 688 2488 praesidentes
706 2445 773 2486 illa,
791 2456 873 2488 quae
892 2456 951 2489 pro

208 2496 295 2530 felici
328 2498 493 2541 celerique
529 2503 561 2531 et
585 2498 731 2541 proficua
756 2498 949 2541 dignitatum

210 2555 240 2583 et
266 2561 439 2584 munerum
465 2551 767 2584 ecclesiasticorum
800 2562 949 2595 quorum-

209 2613 357 2649 cumque,
377 2609 409 2639 et
435 2604 628 2648 praesertim
650 2603 807 2638 Ordinum
835 2605 948 2640 milita-

854 204 937 228 CLEM
943 205 998 228 ENS
1023 205 1067 229 xil
1093 206 1141 229 FP.

1652 198 1717 232 ⁶213
1764 208 1859 237 111111,
1885 210 1950 237 t737

1014 254 1095 286 rium
1125 255 1289 296 egregiam
1323 255 1523 298 reipublicae
1556 255 1754 289 christianae

1014 317 1146 349 operam
1166 308 1351 340 navantiurn
1378 309 1580 351 provisione,
1606 319 1641 341 ac
1667 319 1758 352 prae·

1012 360 1162 391 cavendis
1200 360 1310 393 litibus
1349 367 1380 394 et
1416 362 1645 394 controversiis
1672 373 1754 405 qnae

1014 413 1153 445 suboriri
1180 420 1326 456 possent,
1352 415 1486 457 provide
1513 415 1756 458 prudenterque

1015 465 1194 498 deliberata
1216 478 1250 499 ac
1276 468 1423 501 ordinata
1443 475 1472 501 et
1499 469 1629 501 decreta
1660 469 1756 502 fuisse

1015 525 1200 559 noscantur,
1228 527 1261 552 ut
1286 521 1378 554 firma
1411 528 1507 565 atque
1535 523 1657 555 illibata
1682 533 1756 566 per-

1014 578 1181 611 maneant,
1218 575 1388 616 apostolici
1427 576 1615 608 muniminis
1651 575 1754 609 nostri

1013 626 1187 666 praesidio,
1213 637 1286 658 cum
1319 627 1348 660 id
1383 639 1399 660 a
1435 629 1528 661 nobis
1561 630 1690 672 petitur,
1718 630 1755 663 li-

1012 677 1127 710 beuter
1147 680 1407 713 constabilimus.

1055 730 1126 773 gi.
1159 731 1284 774 Exponi
1318 733 1478 776 siquidem
1514 736 1611 768 nobis
1649 747 1754 780 nuper
1777 746 1948 767 Ammitmhu-

1011 783 1158 816 fecerunt
1195 785 1302 818 dilecti
1334 785 1392 819 sitii
1425 798 1561 830 magnus
1596 773 1948 832 magisterisffil‡i1’12td'¹¹¹s⁵n'2ii·¹ss

1010 842 1040 868 et
1066 837 1237 870 consilium
1266 838 1437 881 hospitalis
1466 840 1497 872 S.
1526 841 1653 874 loannis
1679 828 1937 876 {tie-li.22?lss”ffl„?‘'¹'¹

1009 890 1248 933 rosolymitani,
1268 893 1368 934 qnod,
1387 903 1447 936 pro
1466 894 1551 927 bono
1578 895 1693 928 ordine
1720 902 1752 929 et

1008 943 1195 984 provisione
1232 944 1317 977 circa
1356 947 1578 980 srnutitionem
1616 959 1750 991 praece-

1007 996 1184 1037 ptoriarurn
1219 1007 1274 1029 seu
1310 1000 1578 1033 commendaram
1605 1002 1751 1035 eiusdem

1009 1047 1203 1091 liospitaliS‚
1230 1051 1360 1092 praevia
1387 1058 1528 1094 quatuor
1564 1054 1751 1087 commissa-

1007 1102 1127 1135 riorum
1154 1114 1171 1136 a
1200 1104 1286 1137 dicto
1313 1106 1452 1138 consilio
1483 1107 1671 1149 specialiter
1696 1109 1753 1141 de-

1005 1162 1191 1198 putatorum
1217 1159 1397 1197 relatione,
1423 1160 1680 1194 deliberationes
1717 1161 1750 1194 in

1006 1210 1122 1241 eodem
1150 1210 1303 1253 hospitali
1330 1213 1509 1245 servandae
1539 1213 1570 1245 in
1597 1215 1749 1247 omnibus

1006 1263 1131 1295 casibus
1170 1264 1396 1297 smutitionum
1429 1265 1612 1299 huiusmodi
1647 1267 1747 1300 factae

1007 1316 1136 1349 suerunt
1163 1318 1287 1350 tenoris
1313 1320 1498 1361 sequentis,
1526 1320 1697 1353 videlicet:

1045 1378 1144 1408 Frater
1165 1380 1291 1409 domiuus
1320 1379 1500 1419 Haymundus
1533 1382 1673 1422 Despuiy,
1697 1383 1763 1430 Dei,
1831 1386 1941 1422 ¹¹⁴'ff‘¹,'¹'¹¹

1766 1411 1837 1430 aud-iti
1859 1414 1942 1432 ιοιμιΙιι

1002 1429 1094 1466 qratia
1112 1438 1206 1457 sacrae
1228 1429 1322 1458 domus
1345 1429 1487 1468 hospitatis
1506 1431 1536 1460 S.
1555 1431 1667 1460 Ioannis
1682 1432 1749 1462 Hia—
1758 1440 1850 1467 quntuqr
1884 1444 1942 1458 com—

1003 1478 1195 1515 rosolymitam'
1216 1484 1240 1506 el
1256 1478 1404 1508 militantis
1423 1480 1536 1509 Ordinis
1554 1479 1582 1509 S.
1598 1470 1910 1520 8111111111νί””“““’““’“’“”

1003 1527 1135 1557 dominici
1155 1529 1286 1565 magister
1306 1528 1431 1566 humitis,
1450 1539 1661 1568 pauperumque
1683 1530 1745 1560 Iesu

1004 1576 1109 1606 Clu-isti
1130 1581 1227 1613 custos,
1244 1577 1381 1606 uuit-ersis
1396 1582 1421 1606 et
1436 1579 1552 1616 siuyulis
1573 1584 1744 1618 praesenteS,

1003 1629 1109 1654 nostras
1130 1625 1236 1654 litteras
1260 1627 1381 1663 visuris,
1406 1626 1518 1656 lecturis
1540 1632 1564 1656 et
1587 1628 1743 1667 audituris,

1000 1673 1126 1703 salutem.
1146 1692 1180 1696 -—
1198 1674 1303 1704 Notum
1326 1674 1460 1711 facimus,
1485 1680 1512 1705 et
1534 1676 1563 1706 in
1588 1676 1676 1706 verbo
1698 1687 1746 1707 ve-

1000 1723 1095 1753 ritatis
1115 1727 1298 1761 attestamur,
1313 1724 1439 1763 qualiter
1455 1725 1676 1764 infrascriptum
1696 1726 1745 1756 de—

999 1777 1112 1802 cretum
1135 1776 1299 1802 extractum
1316 1773 1370 1803 suit
1393 1783 1427 1803 ex
1451 1773 1526 1804 libro
1549 1775 1743 1805 conciliorum

1000 1822 1028 1851 in
1051 1822 1231 1851 cancellari-:2
1252 1824 1354 1852 nostra
1377 1828 1564 1862 conservato,
1583 1825 1612 1854 in
1632 1834 1689 1864 quo
1706 1825 1744 1855 si-

999 1871 1078 1900 milia
1102 1870 1198 1900 notari
1221 1875 1249 1901 et
1270 1871 1421 1909 registrari
1445 1872 1555 1911 solent,
1580 1873 1656 1912 quod
1680 1873 1743 1913 qni-

998 1919 1062 1950 dem
1086 1920 1115 1950 in
1139 1920 1213 1949 lianc
1242 1919 1390 1959 publicam
1421 1921 1543 1951 sormam
1578 1922 1693 1952 extrahi
1715 1926 1743 1952 et

998 1970 1091 2008 redigi
1114 1970 1270 2007 iussimus,
1295 1974 1326 1999 nt
1356 1970 1465 2010 ubique
1488 1975 1545 2001 tam
1576 1971 1605 2001 in
1634 1971 1742 2001 iudicio

997 2029 1083 2058 qnam
1107 2024 1186 2049 extra
1210 2019 1304 2049 eidem
1329 2020 1412 2059 plena
1437 2024 1464 2050 et
1488 2020 1652 2051 indubitata
1671 2020 1741 2050 fides

996 2068 1193 2108 adhibeatur,
1229 2070 1312 2099 cuius
1344 2073 1427 2100 tenor
1456 2074 1498 2100 est
1522 2070 1571 2109 qui
1595 2070 1739 2110 sequitur,

998 2118 1150 2148 videlicet:

1036 2167 1086 2197 Die
1110 2175 1127 2196 x
1151 2167 1260 2197 mensis
1290 2167 1418 2197 ianuarii
1446 2176 1613 2198 ›inccxxxvt
1636 2167 1671 2197 ab
1694 2167 1740 2197 In-

996 2218 1177 2255 efflatione,
1197 2218 1327 2258 perlecta
1344 2217 1484 2248 relatione
1502 2218 1738 2248 venerandorum

996 2267 1265 2297 conunissariorum
1296 2267 1342 2296 die
1373 2277 1426 2296 xxx
1456 2267 1570 2305 augusti
1606 2267 1737 2306 proxime

997 2316 1146 2356 praeteriti
1169 2316 1389 2355 deputatorum,
1407 2316 1490 2345 cuius
1514 2320 1598 2345 tenor
1620 2320 1665 2345 est
1688 2314 1738 2354 qui

996 2365 1142 2404 sequitur,
1166 2364 1317 2394 videlicet:

1049 2415 1275 2444 Eminentissimo
1287 2415 1405 2453 signore,
1419 2423 1433 2443 e
1445 2423 1521 2443 sacro
1537 2412 1684 2451 ConstTio,

1036 2463 1066 2493 ln
1092 2463 1309 2502 adeinpimento
1332 2462 1405 2492 della
1429 2461 1634 2492 commissione
1657 2461 1737 2491 inca*

995 2512 1113 2542 ricataci
1136 2511 1248 2542 dall'E.
1273 2511 1305 2540 V.
1336 2520 1351 2540 e
1382 2510 1415 2539 (la
1447 2514 1551 2549 questo
1578 2519 1631 2539 suo
1653 2516 1735 2540 sacro

993 2560 1139 2599 Consiglio
1163 2569 1213 2600 per
1235 2559 1351 2589 decreto
1370 2558 1416 2589 dei
1439 2559 1477 2587 30
1500 2562 1600 2596 agosto
1623 2567 1734 2597 scorso,

992 2610 1027 2641 ed
1058 2608 1195 2649 ampliata
1227 2607 1272 2649 poi
1301 2612 1377 2639 sotto
1406 2607 1425 2638 li
1449 2607 1481 2637 11
1508 2606 1666 2638 novembre
1692 2616 1737 2638 se-
