2232 3178
21 233 69 262 An.
87 230 117 259 G.
133 228 200 257 ¹738

7 2267 13 2645 w„h-
6 2166 11 2252 --—
6 2109 10 2154 --
6 2071 10 2097 -
6 2032 10 2047 -
4 1813 10 2021 --.w
1 705 9 1804 *mv—mm*

818 225 959 251 CLEMENS
981 225 1026 249 XII
1051 225 1099 249 PP.

209 285 354 314 concessa,
377 285 423 314 eqo
446 275 553 305 absolvo
569 285 614 305 ros
636 276 670 305 ad
692 277 820 315 effectam
843 275 950 305 electio-

210 335 275 355 num
297 325 497 364 faciendarum,
520 329 545 354 et
567 326 681 355 restituo
702 335 748 355 vos
770 326 950 354 sacramentis

208 374 357 408 Ecclesiae,
382 375 567 404 communioni
588 378 613 403 et
635 376 736 404 unitati
757 374 892 413 fideliam.
917 374 947 403 In

210 424 318 453 nomine
339 423 433 452 Patris
453 425 481 460 †,
503 427 528 452 et
550 423 631 460 Filii,
655 428 679 452 et
697 423 822 463 Spiritus
844 423 947 453 Sancti.

209 472 308 502 Amen.
333 471 400 501 Item
422 472 515 501 eadem
533 473 692 501 auctoritate
714 481 759 509 eqo
780 482 822 500 vos
844 471 950 500 absolco

210 520 242 550 ab
263 520 386 550 omnibus
418 520 504 557 aliis,
529 522 561 549 cle
593 521 690 559 quibas
715 521 777 559 fieri
809 521 949 549 consuerit

210 568 341 599 absolutio
373 569 402 598 in
435 569 623 599 consimilibus
655 569 804 608 capitaIiS,
829 573 858 597 at
890 570 950 597 sitis

209 617 325 647 absoluti
345 617 390 646 ta‘c
411 622 437 646 et
457 619 486 646 in
505 617 639 647 tribunali
661 618 764 647 dontini
788 618 874 646 nostri
891 618 950 646 lesu

212 665 325 703 Christi,
348 669 377 694 at
399 665 519 695 habeatis
542 667 622 695 ritant
645 671 797 703 aeternam,
815 670 839 695 ct
855 667 951 695 viwttis

210 715 241 744 in
255 714 364 744 saecula
379 715 558 744 saeculoram.
581 715 680 745 Amen.

251 773 279 792 x.
303 762 519 802 Capitularibus
551 763 592 793 sic
626 763 766 793 absolutis
800 767 827 793 et
856 763 951 793 adhuc

210 812 375 850 genuflexis
404 816 472 841 ante
500 812 658 850 imaginem
682 812 818 842 Crucifixi
853 813 951 851 (quae

212 860 298 891 debet
330 869 393 890 esse
426 869 514 900 supra
546 861 670 900 primam
701 866 728 890 et
759 861 950 900 principalem

211 919 341 941 mensam
365 910 448 940 aulae
467 910 661 950 capitularis),
685 911 808 948 gratiam
825 910 952 949 Spiritus

212 959 310 991 Sancti
333 959 510 989 invocabunt
532 959 635 989 devote
657 959 788 989 dicentes
810 959 951 998 hymnum

216 1010 282 1040 Veni
301 1008 413 1039 Creator
435 1007 567 1047 Spiritus,
592 1012 648 1037 etc.
673 1007 733 1043 Quo
750 1007 843 1046 finito,
868 1017 953 1047 prae-

212 1068 258 1089 ses
280 1057 412 1097 capituli,
437 1057 542 1087 ceteris
564 1057 822 1096 respondentibus,
854 1066 954 1096 prose-

212 1108 328 1148 quitur:
355 1106 386 1147 ᾖ.
403 1107 505 1136 Emitte
526 1107 658 1146 spiritam
674 1112 752 1136 taum
775 1111 800 1136 et
823 1107 954 1136 creaban-

211 1162 268 1188 tur.
285 1158 319 1196 13¹.
343 1157 379 1186 Et
397 1156 539 1185 renovabis
554 1157 654 1195 faciem
669 1160 769 1185 terrae.
788 1155 819 1195 5⁷.
836 1156 953 1185 Benedi-

211 1217 305 1238 eamus
320 1206 431 1236 Patrem
449 1209 474 1235 et
497 1205 602 1234 Filiam
625 1215 686 1235 cnm
707 1205 807 1235 Sancto
830 1205 952 1244 Spiritu.

212 1256 407 1296 &Laudemus
422 1259 447 1284 et
462 1254 698 1294 superexaltemus
713 1265 774 1283 eam
790 1257 819 1283 ia
835 1254 953 1283 saecula.

213 1304 246 1345 ᾖ.
260 1304 337 1334 Mate
351 1305 400 1338 eis,
413 1303 684 1341 Domine,au.cilium
701 1304 732 1333 (le
749 1303 858 1333 Sancto.
877 1305 910 1333 R'.
922 1303 955 1332 Et

213 1355 244 1384 de
259 1353 325 1384 Sion
341 1358 417 1382 tuere
432 1363 485 1382 eoS.
507 1352 539 1392 pf.
558 1352 613 1382 Ora
624 1363 678 1389 pro
693 1353 779 1389 nobis,
795 1357 889 1382 sancta
905 1353 955 1382 Dei

211 1404 345 1442 yenitriat.
362 1404 395 1442 li.
415 1402 448 1432 Ut
463 1403 539 1440 digni
554 1403 707 1441 efficiamur
727 1402 956 1442 prona'saonttas

216 1451 332 1482 Christi.
355 1451 388 1491 pi.
412 1450 545 1480 Exuttent
574 1453 640 1480 iusti
669 1452 699 1480 in
721 1454 864 1490 conspecta
891 1450 952 1480 Dei.

215 1502 247 1540 132.
261 1500 295 1530 Et
309 1500 478 1530 delectentur
493 1501 521 1529 in
538 1500 655 1529 laetitia.
670 1499 700 1539 ᾦ.
714 1500 841 1536 Domine,
855 1500 956 1529 eraudi

214 1550 363 1579 orationem
378 1559 478 1578 meam.
496 1549 528 1587 133.
546 1548 581 1578 Et
595 1549 698 1578 elamor
714 1559 789 1577 meas
810 1550 844 1578 ad
864 1553 888 1578 te
911 1559 955 1578 vc-

214 1599 283 1628 niat.
302 1598 335 1638 ylt
352 1598 486 1628 Dominus
504 1599 651 1627 robiseam.
670 1598 703 1637 ΒΜ
721 1598 755 1627 ΕΙ
771 1608 832 1627 eunt
854 1598 957 1637 spirita

218 1652 274 1677 tuo.

517 1704 645 1726 OREMUS.

256 1747 359 1778 Mentes
381 1749 496 1779 nostra&
521 1755 696 1784 quaesitmaS,
721 1745 846 1780 Domine,
872 1745 959 1775 Para-

216 1796 310 1833 clitus,
335 1796 382 1835 qut
399 1806 415 1825 a
432 1799 457 1824 te
473 1795 606 1834 procedit,
624 1795 773 1829 illuminet,
801 1798 825 1824 et
848 1795 959 1824 inducat

216 1846 247 1874 in
262 1854 378 1879 omnem,
395 1845 465 1874 sieut
481 1848 544 1873 taus
558 1845 687 1883 promisit
701 1844 787 1882 filius,
806 1845 956 1873 veritatem.

258 1893 435 1933 Omnipotens
463 1894 630 1931 sempiterne
659 1894 750 1929 Deus,
783 1893 831 1931 qai
861 1893 959 1922 dedisti

217 1942 332 1982 famulis
347 1942 402 1971 tais
420 1942 450 1971 in
465 1942 633 1980 confessione
654 1951 736 1971 verae
751 1942 815 1980 fidei
833 1945 959 1970 aeteram¹

220 1991 365 2021 Trinitatis
391 1990 508 2029 gloriam
537 2000 698 2028 aqnascere,
728 1995 752 2019 et
781 1991 811 2020 in
837 1991 959 2029 potentia

218 2041 367 2070 maiestatis
396 2040 511 2068 adorare
540 2041 690 2077 unitatem,
720 2049 900 2078 quaesamus,
934 2044 960 2068 at

218 2090 338 2119 eiusdem
353 2089 418 2128 fidei
432 2090 564 2127 firmitate
585 2088 616 2117 ab
632 2089 755 2117 omnibus
775 2098 882 2128 semper
902 2098 961 2117 ma-

220 2140 332 2168 niamar
347 2139 481 2168 adversis.

259 2187 392 2226 Defende,
424 2195 599 2225 quaesumus,
627 2186 750 2224 Domine,
767 2186 843 2216 beatri
869 2186 961 2216 Maria

221 2246 326 2276 semper
358 2235 468 2273 Virgine
498 2236 692 2272 intercedente,
722 2236 801 2265 istam
833 2236 864 2265 ab
890 2237 963 2265 omni

221 2285 384 2316 adversitate
393 2283 549 2322 familiam,
574 2289 599 2313 et
615 2288 666 2313 toto
681 2285 759 2313 corde
775 2285 825 2314 tibi
838 2289 964 2324 prostra-

222 2340 277 2365 tam
306 2334 338 2364 ab
360 2333 479 2362 hostium
499 2333 639 2372 propitias
659 2338 735 2362 tuere
753 2333 899 2363 elementer
922 2335 964 2364 in-

223 2384 313 2414 sidiis.

262 2432 344 2466 Deus,
360 2432 416 2470 qui,
426 2440 478 2470 per
494 2435 598 2460 sanctos
611 2435 707 2470 patres
720 2436 823 2461 nostros
836 2431 965 2461 Ioannem

223 2486 248 2512 et
273 2481 400 2516 Felicem,
430 2480 561 2511 Ordinem
588 2480 639 2511 SS.
664 2481 811 2511 Trinitatis
836 2482 870 2511 ad
892 2482 965 2511 recli-

224 2531 352 2560 mendum
367 2531 399 2559 de
412 2534 542 2569 potestate
554 2529 755 2559 Saracenorum
773 2531 895 2569 captivos
908 2540 967 2560 eae-

225 2578 290 2609 litas
316 2580 460 2610 instituere
485 2579 612 2617 dignatas
636 2589 681 2613 es;
707 2583 829 2618 praesta,
851 2589 966 2618 quaesu-

226 2638 296 2668 mus,
321 2633 349 2658 at
371 2638 464 2658 eorum
486 2628 701 2668 saffragyantibas
728 2631 833 2659 meritis
848 2639 863 2659 a
880 2630 966 2669 eapti-

996 275 1077 304 ritate
1106 276 1228 315 corporis
1257 280 1283 307 et
1306 275 1426 312 animae,
1449 278 1473 304 te
1495 275 1651 308 adiuvante,
1668 273 1734 303 libe-

992 333 1096 359 remur,

1034 373 1211 414 Omnipotens
1231 378 1397 416 sempiterne
1419 375 1503 412 Deus,
1523 375 1570 414 qai
1592 374 1663 413 facis
1686 374 1735 402 mi-

992 423 1092 451 rabilia
1109 433 1205 462 mayaa
1221 425 1306 463 solas,
1318 424 1466 464 praetende
1483 434 1567 463 super
1589 432 1734 460 congyrcga-

993 472 1076 500 tiones
1091 472 1147 501 iltis
1160 475 1317 503 commissas
1329 475 1458 513 spiritam
1471 474 1582 510 cratiae
1594 471 1736 508 salutaris,

993 523 1027 553 et,
1055 525 1081 549 ut
1101 521 1127 549 in
1148 523 1259 552 veritate
1281 523 1330 552 tibi
1354 522 1550 561 complaceant,
1572 525 1736 560 perpetuam

993 569 1031 597 eis
1046 579 1137 598 rorem
1153 575 1216 599 tuae
1232 571 1425 600 benedictionis
1441 571 1569 609 infande.

1032 616 1117 653 Dens,
1135 617 1252 656 largitor
1276 620 1353 657 pacis
1370 624 1395 648 et
1410 624 1516 648 (tinator
1531 619 1685 652 eharitatis,
1703 619 1736 647 da

993 666 1109 703 famatis
1124 668 1179 696 tais
1204 677 1298 696 reram
1320 678 1381 696 eam
1405 669 1452 697 twt
1477 667 1613 696 voluntate
1628 676 1738 696 coneor-

994 715 1067 743 diam
1082 739 1087 749 ,
1110 721 1138 744 at
1154 716 1186 744 ab
1202 716 1336 753 omnibns,
1354 726 1423 755 qaae
1439 726 1486 745 nos
1501 716 1625 755 pulsant,
1651 719 1738 744 tenta-

994 764 1112 792 tionibas
1132 764 1287 793 liberemur.
1311 764 1366 794 Per
1383 765 1533 798 Christum,
1552 769 1607 794 etc.

1036 821 1075 841 xr.
1100 813 1263 851 Rogatione
1281 813 1377 850 finita,
1396 814 1537 843 electores
1553 822 1655 842 omnes
1671 816 1738 842 ante

996 862 1196 900 supradictam
1220 861 1377 900 imaginem
1401 861 1540 892 Crucifixi
1563 861 1673 891 saciant
1694 861 1740 891 iu-

996 915 1177 947 ramentum,
1201 920 1258 950 quo
1287 920 1317 941 se
1347 911 1477 949 obligent
1506 911 1541 940 ad
1571 910 1739 948 eligendum

996 959 1145 997 digniores
1175 964 1202 990 et
1232 960 1359 999 aptiores
1391 964 1527 999 respectu
1557 959 1738 996 officiorum,

997 1019 1070 1048 quae
1090 1013 1305 1048 proponuntur,
1323 1013 1351 1039 et
1373 1010 1467 1048 quod¹
1484 1018 1553 1048 prae
1574 1008 1667 1039 oculis
1690 1009 1740 1038 ha-

997 1058 1084 1088 beant
1107 1058 1134 1088 in
1158 1058 1293 1088 omnibus
1316 1058 1509 1088 electionibus
1529 1059 1671 1088 maiorem
1688 1058 1738 1088 Dei

997 1106 1121 1145 gloriam
1146 1111 1174 1137 et
1197 1116 1384 1146 progressum
1408 1107 1572 1146 religionis,
1597 1107 1678 1137 iuxta
1702 1111 1741 1137 te-

998 1165 1098 1185 norem
1121 1160 1238 1186 nostrae
1261 1156 1388 1194 regulae.
1418 1156 1496 1186 Idem
1521 1166 1638 1196 quoque
1660 1156 1739 1186 iura-

998 1210 1129 1235 mentum
1154 1206 1261 1235 faciant
1283 1206 1424 1235 electores
1448 1205 1595 1235 sociorum
1611 1228 1618 1241 ‚
1642 1209 1670 1235 et
1692 1205 1740 1235 de-

998 1254 1129 1283 finitores
1151 1254 1180 1283 in
1204 1254 1381 1289 definitorio,
1402 1255 1446 1284 vel
1474 1255 1502 1284 in
1523 1254 1654 1293 qualibet
1683 1254 1742 1284 alia

998 1303 1246 1341 congregatione,
1271 1303 1388 1342 quando
1411 1303 1542 1332 facienda
1576 1307 1620 1333 est
1645 1303 1742 1343 aliqua

1000 1352 1105 1382 electio
1127 1352 1253 1381 alicuius
1277 1352 1399 1391 praelati
1423 1352 1467 1382 vel
1491 1352 1574 1382 socii.

1038 1402 1143 1431 Forma
1176 1401 1333 1431 iuramenti
1367 1401 1432 1431 talis
1464 1405 1531 1431 est:
1565 1402 1622 1440 Ego
1654 1403 1744 1441 frater

1000 1451 1035 1481 N.
1059 1448 1091 1480 'tle
1107 1451 1140 1481 N.
1171 1451 1232 1480 iuro
1261 1455 1285 1479 et
1311 1452 1442 1489 promitto
1468 1450 1522 1480 Deo
1551 1452 1742 1490 omnipotenti,

1000 1500 1033 1529 Β.
1050 1500 1159 1530 Mariae
1183 1509 1291 1539 semper
1321 1499 1439 1537 Virasia,
1463 1504 1487 1528 et
1509 1500 1592 1529 beatis
1618 1500 1744 1539 patribus

1000 1551 1100 1578 nostris
1131 1549 1228 1579 Ioanni
1250 1553 1275 1577 et
1304 1548 1403 1583 Felici,
1432 1558 1474 1577 me
1500 1549 1650 1578 electarum
1669 1549 1742 1586 illos,

1000 1608 1065 1637 quos
1087 1599 1164 1628 iaxta
1189 1608 1277 1627 meanz
1300 1599 1493 1627 conscientiam
1515 1598 1623 1627 credam
1638 1598 1745 1637 diglaio-

1002 1657 1043 1676 res
1061 1651 1086 1676 et
1101 1648 1219 1686 aptiores
1235 1649 1353 1684 saturos
1368 1657 1424 1675 esse
1447 1646 1547 1676 Ordini
1564 1651 1663 1684 nostro,
1678 1657 1744 1686 pro-

1000 1696 1100 1725 vinciis
1129 1699 1153 1724 et
1182 1695 1377 1729 conventibus,
1411 1695 1500 1734 quoad
1529 1695 1692 1734 spiritualia
1720 1699 1745 1725 et

1001 1745 1175 1784 temporalia.

1042 1804 1090 1824 xn.
1109 1794 1196 1824 Facto
1212 1794 1388 1831 iuramento,
1409 1793 1587 1832 capitulares
1609 1793 1745 1824 sedentes

1001 1843 1111 1882 eligant
1144 1852 1195 1882 per
1231 1847 1343 1872 secreta
1379 1843 1515 1881 suffragia
1553 1844 1745 1874 secretarium

1002 1892 1122 1932 capituli
1145 1893 1180 1922 (le
1203 1892 1265 1922 eius
1288 1901 1411 1931 corpore
1426 1915 1433 1928 ,
1458 1896 1486 1922 et
1519 1901 1571 1931 per
1603 1892 1745 1922 maiorem

1003 1941 1209 1980 suffragiorum
1234 1945 1344 1980 partem
1367 1941 1476 1970 electus
1499 1941 1746 1980 pronunciabitur

1003 2000 1016 2020 a
1041 1990 1174 2031 praeside
1196 1990 1328 2029 capituli,
1352 1990 1381 2019 in
1402 1990 1485 2019 cuius
1516 1999 1619 2019 manus
1650 1999 1746 2020 secre-

1005 2040 1096 2070 tarius
1119 2040 1230 2069 electus
1252 2039 1340 2069 saciat
1362 2039 1562 2069 iuramentum
1596 2039 1746 2070 fidelitatis

1004 2093 1032 2118 et
1054 2088 1189 2118 servandi
1213 2092 1371 2124 secretum,
1396 2088 1530 2127 sequenti
1548 2088 1665 2118 forma:

1044 2138 1100 2177 Ego
1122 2140 1211 2177 frater
1233 2137 1267 2168 N.
1292 2138 1323 2167 cle
1345 2137 1380 2168 N.
1405 2139 1466 2168 iaro
1488 2143 1512 2167 et
1539 2140 1671 2177 promitto
1692 2138 1748 2168 Deo

1005 2188 1192 2227 omnipotenti,
1209 2187 1243 2216 B.
1261 2186 1367 2216 Mariae
1383 2197 1489 2226 semper
1509 2185 1627 2225 Virgini,
1647 2191 1673 2217 et
1689 2188 1748 2216 bea-

1005 2239 1040 2267 tis
1067 2237 1192 2276 patribus
1223 2238 1323 2266 nostris
1351 2236 1450 2266 Ioanni
1472 2239 1496 2266 et
1518 2236 1614 2271 Felici,
1646 2246 1688 2266 me
1717 2238 1749 2266 in

1006 2286 1130 2315 omnibns
1151 2286 1183 2314 ati
1205 2295 1295 2314 meam
1315 2285 1432 2324 officiam
1454 2285 1638 2324 spectantibus
1659 2285 1749 2324 fideli-

1006 2340 1086 2365 tatem
1104 2338 1128 2365 et
1143 2340 1276 2365 secretam
1292 2339 1477 2364 servaturam.

1048 2393 1106 2414 xm.
1136 2384 1293 2414 Confestim
1323 2384 1483 2422 capitulum
1511 2383 1599 2421 eligat
1629 2392 1680 2422 per
1706 2392 1751 2414 se-

1008 2437 1087 2463 creta
1110 2434 1246 2472 suffragia
1271 2437 1330 2462 tres
1353 2432 1530 2470 capitulares
1553 2432 1582 2461 in
1607 2436 1751 2462 scrutato-

1008 2492 1055 2513 res
1077 2483 1111 2513 ad
1134 2482 1325 2521 regulandum
1342 2481 1480 2518 suffragia
1497 2481 1526 2510 in
1543 2481 1749 2512 electionibus.

1009 2531 1060 2561 Isti
1083 2535 1179 2561 autem
1205 2531 1242 2570 (si
1266 2530 1344 2560 aliud
1368 2530 1462 2559 visum
1485 2538 1542 2559 non
1563 2529 1651 2560 suerit
1672 2530 1751 2569 capi-

1047 2634 1057 2660 1
1081 2632 1152 2659 Edit.
1174 2632 1256 2661 Maio.
1277 2631 1342 2667 legit
1362 2639 1434 2666 quac
1455 2639 1503 2667 pro
1524 2632 1599 2667 qaod
1619 2635 1660 2666 (n.
1677 2632 1729 2668 12).

1631 214 1695 250 439
1741 223 1790 251 An.
1813 222 1842 251 c.
1858 223 1926 251 1738
