2232 3178
291 246 340 272 An.
359 245 388 272 c.
412 244 479 272 1740
528 236 593 270 648

328 735 376 755 Cn.
394 735 436 755 Vll.

301 762 330 782 De
343 764 471 782 visitatione.

485 303 545 331 vaS‚
570 293 684 324 etiamsi
706 292 810 323 habeat
833 292 916 332 plura
938 291 968 321 in
987 290 1094 322 Ordine
1113 291 1220 328 officia,

484 344 533 374 sed
550 342 749 381 unusquisque
763 350 850 370 unam
864 344 977 371 tantum
992 349 1089 370 vocem
1104 340 1219 370 habeat.

524 400 561 420 vi.
576 390 676 420 Omnis
691 390 794 419 electio
812 389 860 419 fiat
876 398 927 429 per
942 388 1079 426 suffragia
1096 392 1219 417 secreta.

524 448 572 467 vn.
596 438 670 467 Ante
694 437 866 467 electionem
883 437 1018 475 legantur
1036 435 1221 466 constitutio-

484 497 535 516 nes
557 488 591 516 de
614 487 708 516 officio
731 486 933 524 eligendorum
956 489 983 514 et
1005 485 1039 515 de
1065 485 1219 514 electione.

523 544 581 564 vni.
606 535 635 564 Si
657 535 794 573 suffragia
823 534 930 564 suerint
952 533 1095 573 aequalia,
1120 537 1169 562 aut
1191 533 1221 562 in

483 583 611 613 diversas
646 592 784 622 personas
816 584 855 613 ita
887 583 1102 620 distrahantur,
1130 587 1161 612 ut
1190 582 1220 611 in

483 631 596 661 nullum
628 631 720 660 maior
743 640 810 670 pars
832 631 998 668 conveniat,
1022 630 1051 660 id
1073 630 1122 659 siat
1143 629 1220 669 quod

483 688 583 718 supra,
601 688 664 718 cap.
688 688 719 716 ιι,
742 688 824 708 num.
846 688 884 708 xu
903 682 931 708 et
954 687 1013 715 χιιι,
1031 678 1141 708 dictum
1164 682 1218 708 est.

524 736 542 757 1.
565 726 662 756 Abbas
684 727 828 765 generalis
846 726 937 757 semel
954 726 1056 756 saltem
1078 726 1108 755 in
1131 726 1220 756 trien-

483 775 532 805 nio
569 775 667 805 visitet
702 775 799 805 onmia
834 775 1010 805 monasteria
1041 773 1170 812 Ordinis,
1194 778 1222 804 et

482 823 571 853 abbas
595 823 763 863 provinciae
785 824 874 854 semel
901 823 1033 863 quolibet
1061 832 1137 853 anno
1160 831 1221 852 mo-

483 872 609 902 nasteria
626 871 681 902 sibi
698 871 838 909 subiecta,
856 876 887 902 ut
903 872 1013 901 dictum
1029 874 1072 900 est
1089 874 1163 909 part.
1178 879 1218 908 111,

481 929 545 959 cap.
570 929 610 956 111,
634 929 716 950 num.
741 929 781 956 111,
806 924 833 950 et
855 929 917 959 cap.
940 928 968 958 v,
992 928 1072 949 num.
1095 927 1125 948 ιι.

520 977 551 998 ιι.
568 968 596 998 Si
613 968 741 1006 legitime
757 968 866 998 suerint
881 968 1026 1007 impediti,
1042 966 1220 997 substituent

482 1016 623 1046 vicarium
644 1016 839 1055 visitatorem,
863 1016 910 1046 cui
933 1020 1047 1055 tempus
1071 1018 1099 1045 et
1122 1018 1220 1045 aucto-

481 1066 596 1095 ritatem
630 1074 682 1104 per
713 1074 780 1094 suas
814 1064 926 1094 litteras
955 1063 1112 1101 definiant,
1135 1063 1220 1102 eique

481 1114 592 1143 socium
626 1122 676 1143 seu
709 1112 901 1142 secretarium
936 1112 1105 1150 adiungent.
1143 1111 1220 1141 Nulli

481 1166 578 1192 autem
601 1162 711 1192 vicario
731 1161 873 1191 visitatori
895 1161 1041 1197 credatur,
1065 1160 1122 1190 nisi
1144 1159 1221 1189 litte-

481 1220 528 1241 ras
543 1221 613 1241 suae
628 1210 820 1248 delegationis
838 1214 922 1240 antea
941 1209 1106 1240 exhibuerit
1123 1217 1219 1238 coram

482 1260 635 1290 monachis
657 1259 686 1288 in
709 1258 934 1297 congregatione
950 1257 1117 1288 convocatis
1135 1257 1164 1287 in
1187 1266 1220 1287 eo

482 1308 659 1338 monasterio
681 1307 757 1346 quod
781 1307 959 1337 visitandum
975 1307 1042 1337 erit.
1067 1307 1135 1337 Eam
1154 1315 1220 1336 vero

481 1356 690 1386 monachorum
719 1356 975 1394 congregationem
998 1355 1087 1385 abbas
1109 1364 1217 1385 convo-

480 1404 559 1434 cabit
581 1404 677 1434 statim
699 1408 787 1443 atque
816 1403 843 1433 ei
873 1404 1019 1434 exhibitae
1042 1403 1151 1433 suerint
1174 1403 1221 1433 lit-

481 1457 558 1482 terae
581 1452 693 1482 abbatis
714 1452 871 1490 generalis,
895 1456 945 1482 aut
976 1453 1218 1490 hegumenorum‚

481 1505 531 1531 aut
554 1500 666 1530 abbatis
689 1500 868 1540 provinciae.
884 1500 914 1530 Si
936 1504 1033 1530 autem
1056 1500 1145 1530 abbas
1161 1500 1221 1530 sue-

480 1550 519 1580 rit
540 1549 656 1586 absens,
679 1552 729 1578 aut
751 1548 868 1579 obedire
891 1548 1035 1586 noluerit,
1060 1552 1129 1578 tunc
1157 1548 1219 1587 ipse

481 1598 607 1628 vicarius
630 1598 761 1627 visitator
784 1606 847 1627 eam
870 1597 1052 1628 convocabit.
1067 1598 1218 1627 —Forma

480 1647 645 1677 litterarum
673 1646 775 1676 vicarii
798 1646 981 1676 visitatoris:
1016 1646 1220 1675 Venerabilibns

478 1695 615 1733 fratribus
639 1694 750 1724 Ordinis
772 1695 859 1723 sancti
878 1695 968 1733 patris
989 1695 1077 1723 nostri
1104 1694 1221 1723 Antonii

478 1743 694 1781 conyreqationis
725 1741 754 1772 S.
787 1742 876 1771 Isaiae
906 1743 1067 1781 provinciae
1099 1742 1143 1779 N.,
1175 1742 1219 1771 vel

480 1791 639 1820 monasterii
671 1790 718 1828 N.,
739 1790 855 1819 salntem
877 1791 908 1820 in
929 1790 1045 1820 Domino
1066 1794 1091 1819 et
1112 1790 1221 1820 benedi-

478 1841 603 1870 ctionem.
638 1840 738 1870 Notum
770 1840 888 1877 sacimas
920 1840 1012 1877 vobis,
1033 1841 1148 1878 fratres,
1173 1848 1219 1868 nos

478 1889 590 1926 elegisse
622 1888 802 1918 reverendam
832 1892 940 1926 patrem
962 1888 996 1919 N.
1024 1890 1055 1917 in
1082 1888 1219 1917 vicarium

478 1941 622 1973 nostrum,
656 1938 733 1976 cique
762 1938 831 1966 vices
863 1941 968 1966 nostras
990 1937 1163 1971 commisisse,
1190 1941 1220 1965 nt

480 1986 569 2015 visitet
592 1995 636 2014 cos
659 1989 683 2014 ct
706 1988 824 2014 vestrum
845 1985 1043 2014 monasteriam
1065 1986 1095 2014 in
1117 1989 1219 2024 tempo-

480 2033 583 2062 ralibus
605 2036 628 2062 et
649 2033 859 2072 spiritualibus,
880 2037 906 2062 et
928 2034 1053 2072 inquirat
1075 2033 1104 2061 in
1127 2034 1218 2062 omnia

478 2082 512 2110 ad
535 2091 579 2110 vos
601 2081 756 2119 dictamque
778 2081 973 2110 monasterium
994 2081 1155 2119 spectantia,
1176 2081 1218 2110 ia-

477 2134 525 2159 xta
561 2134 667 2159 nostras
701 2129 923 2164 eonsuetudines,
954 2131 1158 2159 constitutiones
1193 2134 1218 2159 et

478 2178 612 2216 requiam,
634 2187 693 2207 eum
715 2177 848 2216 facultate
874 2178 1049 2215 decernendi,
1079 2188 1147 2217 quae
1172 2178 1218 2206 (le-

477 2226 613 2255 cernenda
648 2235 703 2255 esse
732 2235 831 2263 aryens
858 2226 1001 2255 necessitas
1034 2226 1214 2265 eompzilerit3

478 2274 534 2303 alia
556 2284 619 2303 uero
641 2274 675 2302 ad
697 2283 743 2302 nos
761 2274 925 2312 deferendi‚·
942 2283 994 2303 non
1017 2277 1108 2303 tamen
1129 2274 1216 2303 aliam

478 2325 508 2352 in
530 2323 618 2352 locam
639 2331 719 2351 suum
740 2322 935 2356 substituendi,
959 2331 1008 2352 nec
1036 2323 1216 2352 visitationem

478 2372 506 2401 z'n
529 2371 645 2409 quolibet
667 2371 830 2399 monasterio
862 2370 935 2399 ultra
967 2371 1091 2399 triduam
1119 2380 1215 2410 proro-

475 2419 569 2456 9andi.
594 2417 727 2454 Quocirca
758 2418 920 2447 mandamus
951 2418 1025 2448 vobis
1054 2420 1083 2448 in
1115 2419 1217 2448 virtute

478 2471 588 2496 sanctae
609 2467 787 2504 obedientiae,
813 2470 841 2494 ut
861 2467 1040 2496 reverendam
1060 2470 1167 2505 patrem
1183 2467 1216 2496 N.

478 2519 608 2554 tanquam
630 2515 763 2544 vicarium
784 2514 954 2543 visitatorem
975 2524 991 2543 a
1012 2514 1086 2543 nobis
1107 2514 1217 2554 deputa-

479 2568 537 2592 tam
558 2563 718 2602 recipiatis,
743 2563 821 2602 eique
842 2564 958 2593 debitam
987 2563 1167 2592 reverentiam
1193 2566 1218 2592 ct

479 2612 657 2644 obedientiam
693 2613 771 2644 iuxta
805 2613 976 2644 commissam
1010 2613 1064 2652 ipsi
1098 2612 1217 2652 officium

1082 242 1261 267 nULLAmUM
1286 242 1441 267 ROMANUM

1263 291 1422 321 exhibeatis.
1457 290 1488 322 Si
1523 292 1584 331 quis
1618 291 1663 322 illi·
1697 293 1882 323 contradicere
1917 303 1999 323 ausas

1261 340 1365 378 faerit,
1388 340 1491 369 noverit
1517 350 1543 369 se
1569 350 1680 370 suorum
1708 344 1828 370 votorum
1850 346 2000 380 transgres-

1263 397 1349 417 sorem
1376 390 1447 427 sore.
1478 388 1635 418 Benedictio
1664 390 1699 418 sit
1726 399 1809 428 super
1835 390 1996 419 obedientes.

1263 436 1364 465 Datum.
1386 438 1416 466 in
1435 439 1598 466 monasterio
1625 438 1671 475 N.,
1699 438 1742 467 die
1764 438 1813 476 N.,
1844 448 1932 468 mense
1949 438 1999 475 N.‚

1263 494 1334 513 anno
1352 484 1386 515 N.
1405 503 1439 506 —
1456 484 1545 514 Abbas
1558 487 1705 524 generalis,
1723 487 1768 516 vel
1785 487 1938 526 hegumeni,
1956 487 2001 517 vel

1263 532 1342 561 abbas
1361 533 1520 571 provinciae
1541 533 1576 563 N.
1599 552 1639 557 —
1661 534 1727 564 Loco
1748 536 1766 572 †
1788 535 1887 572 sigilli.

1304 590 1344 610 111.
1364 581 1457 611 Lectis
1480 581 1510 610 in
1532 582 1757 620 congregatione
1772 583 1887 618 litteris,
1904 583 2001 613 statim

1263 638 1363 659 omnes
1388 629 1601 668 genuflectent,
1625 634 1745 670 excepto
1774 631 1884 661 vicario
1905 631 2002 661 visita-

1264 681 1347 714 tore3
1378 678 1482 707 deinde
1513 683 1666 717 surgentes
1692 679 1838 710 deducunt
1864 679 1948 709 illum
1970 680 2001 710 in

1264 726 1416 756 ecclesiam
1439 736 1453 756 a
1477 726 1587 757 dextris
1610 727 1720 758 abbatis
1742 728 1913 758 monasterii
1936 738 2002 768 pro-

1264 774 1425 804 cedentem.
1460 774 1490 805 Si
1525 774 1615 805 abbas
1650 776 1794 814 generalis
1826 780 1876 806 aut
1911 775 2001 806 abbas

1264 822 1431 861 provinciae
1462 823 1654 862 personaliter
1676 825 1711 854 ad
1733 824 1909 854 visitandum
1942 833 2002 855 mo-

1263 871 1423 901 nasterium
1440 871 1564 910 venerit,
1582 874 1743 903 convocata
1764 872 1799 903 ab
1822 872 1924 903 abbate
1945 873 2002 903 loci

1264 919 1472 949 monachorum
1488 921 1723 959 congregatione,
1741 921 1918 959 significabit
1935 921 2002 951 bre-

1264 967 1339 997 viter
1369 971 1399 997 ut
1427 973 1602 1008 praeparent
1631 979 1661 999 se
1690 969 1725 999 ad
1755 969 1933 999 reddendam
1956 978 2003 999 ra-

1264 1015 1385 1054 tionem,
1409 1025 1495 1055 quam
1518 1017 1652 1056 sequenti
1667 1017 1713 1047 die
1728 1017 1846 1055 exigere
1862 1017 2000 1056 incipiet:

1263 1063 1368 1094 deinde
1392 1065 1529 1104 procedet
1551 1066 1607 1095 una
1630 1075 1696 1096 cum
1712 1065 1816 1096 abbate
1832 1065 2002 1096 monasterii

1263 1116 1291 1141 et
1314 1112 1464 1142 monacbis
1486 1113 1522 1143 ad
1546 1114 1711 1152 ecclesiam,
1735 1118 1766 1144 ut
1787 1123 1885 1153 supra.

1302 1168 1340 1190 1v.
1363 1161 1438 1190 Ante
1460 1170 1539 1191 aram
1557 1162 1713 1192 maximam
1730 1162 1864 1192 omnibus
1880 1162 1999 1192 ordina-

1264 1209 1314 1239 tim
1338 1209 1510 1247 genuflexis,
1534 1209 1622 1239 abbas
1640 1219 1692 1240 seu
1708 1211 1833 1240 vicarius
1855 1210 2000 1248 visitator,

1263 1257 1333 1286 item
1358 1258 1541 1295 genuflexus,
1566 1257 1601 1288 ad
1624 1262 1735 1297 portam
1759 1258 1884 1289 mediam
1907 1258 2003 1290 orabit

1263 1305 1490 1345 aliquantulum,
1505 1306 1608 1336 deinde
1624 1306 1769 1337 intonabit
1785 1307 1887 1346 psalm.
1898 1315 2003 1338 chvni

1263 1353 1384 1383 Laudate
1405 1353 1554 1383 Dominam
1575 1355 1607 1383 de
1628 1354 1722 1393 caelis,
1745 1358 1809 1392 etc.,
1832 1364 1921 1394 quem
1943 1357 2003 1385 una.

1263 1412 1329 1432 cum
1355 1402 1468 1433 duobus
1498 1403 1688 1443 sequentibus
1718 1403 1837 1443 psalmis
1866 1404 2002 1434 monachi

1263 1451 1429 1481 alternatim
1451 1452 1605 1482 cantent1.
1628 1452 1662 1482 Et
1687 1452 1764 1482 dicto
1792 1452 1885 1482 Gloria
1909 1452 2000 1490 Patri,

1262 1499 1356 1536 surgit
1373 1499 1474 1536 abbas,
1491 1509 1542 1530 seu
1565 1500 1693 1530 vicarius
1715 1500 1859 1539 visitator,
1875 1503 1903 1530 et
1924 1501 2003 1531 sacta.

1262 1547 1296 1576 ad
1313 1547 1404 1577 altare
1420 1548 1599 1585 reverentia,
1617 1557 1775 1578 conversus
1790 1548 1825 1578 ad
1842 1549 2001 1579 monachos

1262 1594 1452 1633 genuflexos,
1487 1595 1573 1625 faciat
1608 1595 1838 1633 absolutionem,
1872 1596 1974 1627 dicens
1992 1607 1998 1626 ε

1263 1643 1334 1673 Deus
1355 1644 1518 1673 misereatur
1539 1645 1635 1682 vestri,
1658 1650 1682 1673 et
1708 1645 1827 1674 dimittat
1848 1645 1938 1675 debita
1958 1656 2001 1675 ve-

1262 1695 1329 1726 stra,
1353 1696 1377 1721 et
1399 1692 1502 1721 tribuat
1523 1693 1598 1722 vobis
1619 1692 1816 1722 absolutionem
1842 1697 1866 1722 et
1894 1695 2001 1724 veniam

1262 1741 1383 1770 omnium
1416 1744 1591 1780 peccatorum
1627 1745 1788 1770 vestrorum.
1826 1742 1858 1771 In
1893 1743 2001 1772 nomine

1263 1789 1355 1819 Patris
1375 1791 1404 1827 †,
1435 1793 1460 1818 et
1491 1789 1562 1819 Filii
1582 1791 1616 1826 †‚
1647 1794 1672 1819 et
1703 1789 1827 1829 Spiritus
1853 1791 1872 1828 †
1893 1790 1999 1820 Sancti.

1262 1838 1389 1873 Fratres,
1407 1839 1509 1868 Amen.
1533 1838 1567 1868 Et
1589 1842 1724 1876 surgunt,
1741 1838 1863 1878 eiusque
1882 1848 1999 1869 manum

1262 1886 1418 1916 ordinatim
1451 1886 1633 1924 osculantur,
1657 1891 1686 1916 et
1718 1886 1826 1917 abeunt
1853 1886 1884 1916 in
1912 1887 2000 1917 cellas

1261 1943 1340 1964 suas.

1301 1992 1328 2013 v.
1353 1982 1491 2013 Visitator
1514 1983 1640 2022 primum
1669 1984 1764 2014 locum
1795 1983 1904 2014 tenebit
1932 1993 1999 2014 cum

1261 2030 1340 2061 socio
1363 2040 1427 2069 suo,
1444 2031 1494 2070 qui
1510 2031 1660 2062 secretarii
1676 2041 1783 2062 munus
1798 2036 1891 2070 geret,
1910 2032 1999 2062 etiam

1260 2083 1326 2109 ante
1349 2079 1482 2109 abbatem
1506 2080 1686 2110 monasterii.
1705 2080 1775 2111 Cum
1791 2085 1887 2110 autem
1903 2081 1999 2112 officio

1260 2137 1312 2158 suo
1344 2128 1460 2157 functus
1492 2128 1596 2163 suerit,
1620 2128 1682 2168 ipse
1714 2133 1743 2158 et
1775 2129 1871 2159 socius
1903 2129 1998 2159 locum

1259 2177 1338 2206 iuxta
1362 2176 1537 2215 dignitatem
1553 2187 1633 2208 suam
1652 2178 1696 2208 vel
1712 2178 1915 2218 antiquitatem
1933 2187 1999 2218 pro-

1260 2226 1394 2256 fessionis
1416 2225 1545 2256 habebit.

1298 2283 1336 2303 νι.
1361 2274 1457 2304 Primo
1480 2274 1655 2305 visitationis
1671 2275 1729 2312 die,
1746 2275 1868 2305 cantatis
1891 2275 1998 2306 divinis

1259 2322 1375 2360 officiis,
1409 2332 1442 2352 ac
1464 2323 1621 2353 terminata
1642 2332 1693 2362 per
1715 2323 1847 2353 abbatem
1870 2323 1925 2354 loci
1947 2328 1998 2355 aut

1259 2371 1401 2400 vicarium
1423 2372 1507 2401 sacra
1527 2371 1664 2410 liturgia,
1695 2375 1849 2410 antequam
1876 2372 1960 2402 detur
1981 2382 1997 2403 a

1260 2419 1426 2449 celebrante
1459 2419 1645 2458 benedictio,
1681 2419 1816 2449 omnibus
1847 2420 1997 2450 monachis

1260 2467 1416 2498 ordinatim
1439 2468 1610 2506 genuflexis,
1628 2468 1760 2498 visitator
1777 2468 1934 2507 diligenter
1956 2469 1998 2499 vi-

1260 2515 1359 2547 sitabit
1392 2520 1481 2546 totam
1513 2516 1690 2546 ecclesiam:
1714 2525 1747 2546 ac
1770 2516 1895 2556 primum
1917 2525 1996 2548 aram

1297 2618 1308 2645 1
1331 2617 1402 2646 Edit.
1422 2616 1503 2646 Main.
1524 2617 1589 2654 legit
1607 2620 1702 2647 caniet
1720 2617 1762 2653 (ιι.
1776 2618 1825 2654 τ.).

2007 244 2055 272 An.
2073 245 2101 272 G.
2125 245 2192 274 1740
