2232 3178
276 169 325 194 Λη.
342 167 370 193 c.
394 167 459 194 1738
506 158 570 191 5374

275 229 390 254 ‹lommqno
437 235 454 248 et

275 256 397 275 attributae.

289 820 328 840 Pr.»
322 826 376 839 »unc
381 821 398 840 ia
418 820 455 839 lto·

276 853 300 866 ιιι.
312 854 336 866 na
353 853 370 865 ιι
382 853 434 866 ιιιιινι
425 852 456 865 em

275 880 301 892 ιιιι
299 855 364 892 ιΙΙῑιῑα
354 880 357 883 ’
368 876 378 892 ιΙ
399 879 421 892 cn
428 878 456 898 [ιι-

277 900 339 919 tulum
359 906 369 913 2¹
373 906 408 918 nnn·
413 906 426 918 ι·
430 900 456 919 le

274 930 314 947 etc.

291 1297 329 1315 Per
338 1295 456 1319 geiieralcrn

276 1323 380 1342 vrsitanda
404 1328 456 1348 qun-

275 1350 328 1369 lnbet
343 1355 449 1370 sexennio.

325 1640 391 1660 Penes
408 1645 459 1665 qnos

277 1667 370 1687 eiusdem
385 1667 460 1689 auber-

278 1694 334 1713 nium
357 1699 402 1713 esse
425 1693 460 1713 de·

277 1720 333 1740 bean

319 2273 347 2295 De
363 2275 462 2300 capituli«

289 2302 454 2327 provincialibus

283 2331 303 2348 et
315 2328 420 2348 electione
431 2334 464 2348 su-

281 2356 388 2380 periorum
401 2355 420 2375 in
434 2355 463 2375 eis

281 2381 414 2407 peragendis.

467 216 572 255 quibus
597 220 653 245 tota
677 215 827 245 constabat
858 215 1047 254 Neapolitana
1080 215 1205 253 Congre-

470 264 568 301 gatio,
593 273 696 302 nempe
726 264 855 300 collegiis
885 263 1040 302 Neapolis,
1065 263 1203 299 Lanrcti,

469 312 620 349 Laureani,
644 312 738 347 Sorbi,
762 313 791 342 S.
810 312 924 342 loannis
948 313 976 342 in
994 312 1100 349 Galdo,
1118 316 1205 351 atque

467 361 610 398 (lasertae,
634 365 662 390 et
685 365 749 390 octo
771 361 906 390 domibus
930 361 958 390 in
975 361 1059 390 ltalia
1075 361 1108 390 ad
1132 361 1205 389 Con-

466 410 666 446 gregationem
690 410 868 438 Gallicanam
901 409 1115 448 pcrtinentibus
1140 415 1167 439 et
1190 418 1202 438 a

468 457 618 495 provincia
639 457 849 486 Avenionensil
870 466 902 486 ac
926 457 1056 495 collegiis
1081 457 1205 486 civitatis

469 504 596 542 Yetulae,
621 505 812 542 ltoncilionis,
836 506 864 535 S.
889 505 1017 541 Martini,
1042 505 1202 539 Ferentilli,

466 552 635 591 Sospitelli,
660 558 687 582 et
718 553 907 592 lpporegiae,
931 563 1005 592 quae
1036 554 1153 593 quidem
1190 563 1204 582 a

467 600 617 638 provincia
640 601 836 630 Avenionensi
870 601 1030 631 manebunt
1052 601 1081 631 in
1106 611 1206 640 perpe-

468 653 548 677 tuum
564 648 786 687 disineinbrata,
804 659 837 679 ac
856 649 949 679 dictae
966 650 1133 688 provinciae
1151 650 1206 679 lto-

469 706 571 726 manae
594 697 747 734 attributa,
772 697 858 727 sicuti
882 703 909 728 et
932 698 1035 728 domus
1063 708 1113 728 seu
1147 698 1204 728 col-

468 747 576 785 legium
601 747 708 776 Romae
732 756 825 785 nuper
847 750 990 777 erectum.

507 805 547 825 ιιι.
572 796 725 825 Provincia
761 797 890 826 Romana
924 797 960 826 ad
997 796 1130 826 ριίῑιιιιάιι
1166 800 1205 826 tot

469 844 621 882 longorum
645 845 783 874 itinerum
807 845 988 875 incommoda
1013 850 1040 874 et
1063 845 1204 884 pericula,

468 896 496 922 et
517 902 553 922 ne
587 893 674 923 totius
707 894 948 931 Congrcgationis
980 903 1122 933 expensas
1155 902 1205 932 pro

468 941 580 980 aequali
606 946 686 980 parte
708 942 855 972 sustinere
892 947 1022 980 cogatur,
1058 943 1204 972 neminem

469 991 563 1020 mittet
586 991 620 1019 ad
643 991 801 1029 capitulum
824 992 970 1029 generale,
996 1001 1047 1021 nec
1068 991 1206 1020 assisten-

469 1042 526 1067 tem
560 1038 678 1068 habebit
710 1039 785 1078 apud
817 1040 1001 1077 generalem,
1035 1040 1205 1077 nullumque

469 1087 624 1116 ol'ticialein
647 1088 676 1116 in
699 1088 865 1117 definitorio
881 1088 1022 1126 generali,
1040 1088 1205 1125 derogando

469 1134 704 1175 quibuscumque
733 1137 901 1169 contrariis.
928 1137 1039 1172 Quibus
1071 1136 1205 1166 omnibus

469 1188 497 1213 et
519 1184 641 1223 singulis
662 1185 761 1214 eadem
782 1186 912 1217 Romana
936 1185 1084 1224 provincia
1101 1189 1204 1225 sponte

470 1236 498 1262 et
520 1232 648 1263 libenter
666 1234 818 1264 renunciat
835 1234 863 1263 in
881 1239 1064 1273 perpetuum.

509 1289 547 1311 lv.
571 1281 655 1311 Vivet
678 1283 747 1312 llaec
772 1283 921 1321 provincia
954 1282 1007 1312 sub
1039 1282 1205 1312 obedientia

469 1330 621 1359 reverendi
645 1330 805 1370 presbyteri
829 1331 985 1369 generalis,
1010 1332 1059 1370 qni
1083 1331 1204 1370 sumpti-

469 1378 522 1408 bus
546 1379 662 1418 quidem
686 1381 774 1410 totius
807 1380 1046 1418 Congregationis
1069 1390 1131 1410 eam
1163 1390 1205 1410 se-

469 1428 525 1457 mel
547 1429 671 1466 singulis
694 1430 842 1459 sexenniis
875 1431 1002 1469 poterit,
1028 1430 1071 1459 vel
1103 1439 1153 1469 per
1175 1439 1205 1460 se

471 1477 514 1506 vel
533 1486 584 1516 per
606 1478 695 1506 alium
712 1478 847 1512 electum,
866 1479 984 1508 visitare
999 1479 1078 1508 iuxta
1102 1479 1206 1508 consti-

471 1526 598 1556 tutiones
621 1531 744 1556 nostras:
770 1528 820 1566 qui
842 1527 916 1557 alius
933 1527 968 1557 de
985 1528 1038 1557 hac
1055 1527 1206 1566 provincia

472 1575 632 1605 sumendus
656 1575 722 1605 erit.

510 1632 537 1652 v.
572 1623 652 1654 Illius
688 1624 857 1663 provinciae
892 1625 1039 1655 Romanae
1076 1626 1205 1663 regimen

471 1671 528 1701 erit
551 1681 640 1710 penes
672 1672 814 1702 vicarium
847 1673 1014 1711 generalem
1048 1682 1113 1703 cum
1147 1673 1206 1702 suis

471 1720 669 1757 consiliariis,
695 1721 902 1760 provincialem
926 1731 991 1751 cum
1014 1721 1075 1751 suis
1098 1721 1208 1760 pariter

471 1769 658 1807 consiliariis,
677 1774 705 1799 et
726 1770 892 1809 superiores
914 1770 1021 1800 locales
1044 1771 1093 1810 qui
1116 1775 1208 1800 recto-

472 1827 517 1848 res
551 1818 809 1857 nuncupabuntur.
834 1819 940 1849 Vicarii
972 1819 1116 1858 generalis
1139 1829 1209 1859 qua-

472 1870 537 1897 tuor
559 1872 645 1897 erunt
668 1868 840 1906 consiliarii,
865 1869 922 1898 duo
938 1869 1050 1899 scilicet
1069 1869 1209 1898 assisten-

472 1920 531 1953 teS,
556 1925 632 1946 unus
655 1917 822 1956 provinciae
846 1922 1035 1956 procurator,
1060 1923 1089 1948 et
1115 1927 1210 1948 secre-

472 1966 564 1995 tarius
586 1975 674 1995 unus.
700 1966 749 1995 llis
766 1966 895 2006 quinque
911 1976 1033 1997 munere
1057 1967 1207 1997 sexennali

472 2014 616 2043 functuris
639 2019 829 2054 componetur
850 2015 1019 2052 concilium,
1044 2016 1121 2055 quod
1156 2016 1210 2045 lta-

473 2062 529 2091 liae
552 2063 750 2092 definitorium
775 2063 982 2102 appellabitur.
1016 2064 1210 2094 Provincialis

472 2111 529 2140 duo
552 2115 638 2141 erunt
660 2112 819 2142 consiliarii
841 2113 991 2151 ordinarii,
1015 2113 1127 2143 (luobus
1146 2113 1210 2144 aliis

472 2160 593 2199 insuper
609 2161 766 2200 assumptis
781 2161 815 2190 de
831 2171 975 2192 consensu
990 2162 1210 2193 Ordinariorutn

473 2208 524 2239 ubi
545 2209 580 2239 de
602 2209 710 2239 iudicio
733 2213 782 2239 aut
811 2210 952 2240 electione
975 2211 1119 2249 agendum
1142 2212 1208 2242 erit.

513 2265 552 2286 vx.
578 2257 707 2295 Singulis
730 2258 866 2287 trienniis
889 2267 988 2288 mense
1022 2259 1108 2297 maio,
1140 2259 1212 2290 inci-

476 2306 579 2346 piendo
602 2306 637 2335 ab
660 2315 736 2336 anno
751 2315 921 2345 noccxxxn,
946 2317 1002 2346 quo
1018 2308 1080 2338 loco
1096 2313 1124 2338 et
1141 2313 1212 2338 tem-

476 2365 545 2395 pore
568 2355 710 2386 indictum
743 2356 831 2386 suerit
854 2366 868 2385 a
892 2357 1086 2396 provinciali,
1110 2358 1211 2388 vicarii

475 2405 618 2442 generalis
641 2405 758 2434 nomine
781 2409 808 2435 et
830 2405 930 2443 iussu,
954 2406 1113 2445 capitulum
1147 2416 1213 2445 pro-

477 2453 602 2483 vinciale
625 2453 833 2492 celebrabitur,
859 2454 887 2483 in
911 2464 967 2493 quo
984 2455 1129 2492 eligentur
1147 2464 1212 2494 pro-

476 2502 617 2540 vincialis,
635 2502 697 2532 eius
709 2503 868 2532 consiliarii
886 2506 913 2532 et
930 2503 1056 2542 denique
1072 2507 1209 2533 rectores.

511 2557 522 2581 1
546 2554 646 2582 Forsan
667 2555 743 2582 deest
762 2556 905 2590 separatis
924 2557 962 2591 (n.
979 2557 1028 2591 τ.).

1046 168 1226 192 numanum
1250 167 1405 192 ROMANUM

2171 85 2188 119 l.

2170 121 2174 143 ι

1985 167 2035 194 Άιι.
2052 167 2081 195 C.
2103 168 2175 198 173⁸,

1329 215 1359 245 ln
1397 215 1523 254 capitulo
1558 220 1654 247 autem
1688 215 1869 254 provinciali,
1906 215 1983 254 quod
2174 216 2175 249 l

1248 264 1415 293 immediate
1438 264 1564 303 capitulo
1586 264 1715 302 generali
1740 264 1901 304 proximum
1925 264 1984 293 fue-

1248 312 1297 349 rit,
1321 312 1466 351 eligentur
1495 317 1642 352 praeterea
1680 313 1805 342 vicarius
1841 312 1984 350 generalis

1249 361 1369 399 eiusque
1392 361 1566 397 consiliarii,
1591 370 1714 400 quorum
1731 365 1760 390 et
1778 370 1847 390 snae
1868 360 1985 390 electio-

1249 409 1293 438 nis
1329 410 1362 438 ad
1399 410 1574 439 sexennium
1610 410 1766 439 duraturae
1801 409 1984 438 confirmatio

1248 458 1283 487 ad
1306 458 1465 496 capitulum
1488 458 1622 495 generale
1653 458 1698 487 vel
1730 458 1765 487 ad
1787 457 1983 487 definitorium

1249 507 1383 544 generale
1407 506 1575 545 pertinebit,
1599 516 1632 536 eo
1667 506 1751 536 modo
1779 516 1836 545 quo
1869 510 1897 536 et
1920 515 1985 545 pro-

1250 554 1417 584 vincialium
1451 559 1479 584 ct
1511 559 1657 585 rectorum
1696 554 1819 584 aliarum
1855 554 1984 584 omnium

1250 603 1464 642 provinciarum
1498 603 1648 632 electionis
1685 602 1878 632 confirmatio.
1917 602 1985 632 Pro-

1250 651 1382 680 vincialis
1405 660 1483 687 vero,
1509 651 1571 679 eius
1594 651 1838 688 consiliariorum,
1867 651 1936 680 item
1958 655 1986 680 et
2181 675 2183 699 Ι

1250 704 1391 729 rectorum
1415 700 1589 729 electionum
1613 700 1793 729 confirmatio
1808 701 1827 736 ¹,
1851 699 1886 728 ad
1910 698 1985 728 vica·
2182 725 2184 745 Ι

1249 748 1324 778 rium
1354 748 1520 786 generalem
1553 749 1673 788 eiusque
1705 748 1900 778 definitorium
1924 757 1986 788 per·
2181 749 2184 781 l

1250 797 1365 826 tinebit.
2179 788 2186 832 ἰ

1329 846 1432 875 Verum
1457 846 1479 876 si
1503 846 1567 885 quis
1599 846 1675 876 adsit
1709 846 1835 876 vicarius
1867 855 1987 884 genera·
2179 837 2188 906 ἶ

2183 909 2187 936 l

2183 938 2188 965 l

2184 977 2187 993 l

1250 895 1284 923 lis
1307 895 1549 933 retroproximus,
1570 895 1618 924 ille
1640 895 1742 924 vicarii
1765 895 1909 932 generalis
1931 895 1986 925 erit

1250 942 1362 982 primus
1385 943 1573 972 consiliarius
1595 947 1644 973 aut
1667 944 1805 973 assistens
1823 947 1920 973 natus.
1943 943 1987 974 Si-

1250 991 1357 1021 militer
1379 986 1405 1020 si
1433 992 1497 1030 quis
1525 992 1600 1021 adsit
1633 992 1818 1030 provincialis
1840 996 1987 1031 retropro-

1250 1039 1361 1077 ximus,
1387 1040 1435 1069 ille
1466 1039 1566 1069 itidem
1600 1040 1629 1069 in
1659 1039 1781 1069 concilio
1815 1039 1986 1079 provinciali

1249 1088 1303 1118 erit
1332 1088 1444 1126 primus
1477 1088 1662 1118 consiliarius
1690 1093 1796 1118 natus:
1829 1088 1934 1127 quibus
1955 1088 1985 1118 in

1248 1137 1363 1166 casibus
1387 1147 1460 1167 unns
1492 1137 1594 1166 vicarii
1621 1137 1765 1175 generalis
1796 1137 1935 1167 assistens
1957 1141 1985 1167 et

1248 1195 1323 1215 unus
1348 1185 1535 1224 provincialis
1558 1186 1747 1215 consiliarius
1765 1185 1914 1216 dumtaxat
1932 1185 1985 1216 eli-

1247 1238 1363 1272 gentur.

1287 1292 1336 1313 vn.
1361 1283 1390 1312 ln
1415 1283 1541 1322 capitulo
1566 1283 1737 1322 provinciali
1768 1292 1867 1313 vocem
1898 1283 1986 1314 habe·
2032 1299 2121 1320 Vocales
2143 1305 2176 1321 ea·

1248 1331 1320 1361 bunt
1343 1332 1468 1361 ιίυιιιὶιιε
1490 1332 1646 1370 generalis,
1671 1332 1859 1371 provincialis
1880 1337 1909 1362 et
1940 1342 1985 1363 re-
1995 1325 2064 1375 {3:²¹¹ssss
2096 1332 2176 1352 'mm'

1249 1386 1353 1418 ct01es,
1371 1381 1421 1420 qui
1444 1384 1552 1418 tamen,
1570 1381 1605 1410 oh
1629 1381 1788 1411 maximam
1803 1382 1986 1412 diversorum

1249 1406 1439 1467 collegiorum
1472 1429 1548 1458 inter
1577 1439 1607 1458 se
1630 1429 1799 1459 distantiam
1833 1434 1861 1460 et
1893 1430 1989 1460 reddi-

1249 1483 1330 1508 tuum
1349 1478 1531 1516 tenuitatem,
1550 1478 1612 1507 voci
1629 1487 1696 1508 suae
1715 1478 1744 1508 in
1762 1478 1897 1518 capitulis
1922 1487 1988 1518 pro-

1251 1527 1424 1557 vincialibus
1458 1527 1631 1556 renunciare
1665 1531 1824 1566 poterunt,
1858 1527 1902 1557 vel
1936 1536 1988 1566 per

1251 1580 1469 1615 procuratorem
1491 1575 1654 1613 suffragari,
1679 1576 1716 1605 ita
1741 1580 1836 1605 tamen
1859 1580 1890 1606 ut
1913 1576 1988 1606 duae
2194 1581 2195 1595 ι

1251 1625 1353 1655 tertiae
1388 1629 1483 1664 partes
1518 1624 1661 1654 vocalium
1692 1624 1727 1654 iis
1749 1625 1887 1655 intersint
1909 1625 1989 1664 capi—

1252 1674 1320 1703 tulis
1335 1696 1342 1710 ,
1366 1677 1395 1703 et
1416 1683 1501 1703 nemo
1524 1673 1627 1713 quovis
1650 1673 1734 1703 titulo
1757 1673 1801 1703 vel
1834 1677 1989 1713 praetextu

1252 1718 1412 1761 plusqua&
1441 1722 1498 1752 duo
1540 1722 1677 1760 suffragia
1721 1721 1827 1752 habere
1856 1726 1884 1752 et
1912 1722 1988 1752 serre

1253 1771 1354 1810 possit.

1291 1818 1507 1858 v111.Capitulo
1531 1819 1703 1858 provinciali
1725 1819 1801 1850 sicut
1830 1824 1858 1850 et
1886 1818 1990 1850 defini
2021 1838 2178 1860 Praesesonu-
2208 1823 2232 1859 ,ι

1254 1869 1327 1899 torio
1349 1868 1449 1898 Italiae
1472 1868 1597 1907 praeerit
1621 1868 1747 1898 vicarius
1763 1869 1920 1907 generalis,
1941 1877 1989 1898 eo·
2000 1865 2055 1888 ‘¹⁸⁰³-

1253 1927 1308 1957 que
1331 1918 1376 1947 vel
1398 1917 1518 1947 absente
1540 1917 1584 1947 vel
1607 1917 1736 1954 infirmo,
1755 1918 1880 1947 vicarius
1902 1927 1990 1956 gene·
2194 1919 2213 1953 ¹,

1253 1966 1321 1996 ralis
1349 1966 1598 2005 retroproximus,
1622 1966 1647 1995 si
1680 1966 1771 2004 adsit,
1802 1966 1917 2006 istoque
1945 1966 1989 1997 vel

1253 2014 1372 2044 absente
1388 2015 1433 2044 vel
1449 2014 1577 2051 infirmo,
1601 2015 1750 2044 assistens.

1292 2072 1331 2093 lx.
1356 2063 1384 2093 Si
1407 2072 1492 2102 quem
1516 2072 1550 2092 ex
1573 2063 1731 2092 definitoiii
1759 2064 1919 2102 praesentis
1942 2073 1992 2094 vo·
2007 2075 2062 2099 Qum
2072 2075 2178 2103 agen-tun

1254 2112 1366 2141 calibus
1388 2111 1488 2142 abesse
1511 2113 1686 2150 contigeiit,
1710 2113 1804 2151 deque
1838 2113 1919 2151 gravi
1941 2122 1991 2142 ne·
2000 2110 2053 2150 {¹0¹2}ss
2069 2102 2201 2150 ξζυξῗῑᾞ,
2198 2132 2201 2138 .

1254 2161 1331 2199 gotio
1349 2160 1491 2199 agendum
1506 2161 1554 2199 sit,
1579 2161 1668 2190 alium
1691 2161 1720 2190 in
1743 2161 1872 2191 absentis
1894 2161 2019 2192 locum⁸¹
2033 2157 2061 2177 ⁸¹²
2075 2156 2157 2178 absens.

1254 2210 1399 2239 sufficient
1421 2210 1593 2248 superstites
1610 2210 1768 2240 delinitorii
1786 2210 1909 2240 vocales.
2200 2248 2201 2252 Ἰ

1294 2267 1322 2287 Χ.
1348 2258 1378 2288 Si
1412 2268 1479 2288 vero
1512 2259 1618 2297 aliquis
1651 2268 1684 2288 ex
1715 2259 1791 2289 dicto
1825 2259 1990 2289 definitorio
2015 2276 2082 2302 Quop
2085 2273 2201 2296 actuali-¹

1256 2308 1376 2345 vocalis,
1394 2312 1443 2337 ant
1458 2308 1564 2347 aliquis
1588 2313 1696 2346 1ect01,
1714 2312 1764 2338 ant
1787 2308 1987 2348 p1ovincialis,
2002 2281 2179 2350 ,ξέἒὲἓῡζῑζῇἷῗ

1255 2361 1304 2386 aut
1319 2357 1424 2396 aliquis
1440 2357 1502 2386 eius
1518 2357 1702 2387 consiliarius
1721 2357 1837 2395 obierit,
1855 2361 1903 2387 aut
1920 2367 1991 2397 quo-

1256 2414 1379 2443 cumque
1402 2405 1487 2434 modo
1511 2405 1662 2443 defecerit,
1687 2415 1777 2436 unum
1801 2415 1837 2435 ex
1860 2405 1954 2435 tribus
1976 2414 1992 2435 a

1256 2453 1380 2483 coneilio
1398 2454 1568 2493 provinciali
1582 2454 1813 2484 extraordinario
1836 2455 1993 2484 nominatis

1256 2502 1285 2532 in
1307 2502 1450 2532 demortui
1470 2502 1514 2531 vel
1531 2512 1715 2542 quocumque
1732 2503 1816 2533 modo
1831 2503 1993 2533 deficientis

1292 2557 1302 2582 1
1321 2556 1388 2583 lllale
1404 2556 1468 2584 edit.
1489 2555 1571 2585 Maia.
1591 2556 1656 2592 legit
1675 2558 1849 2592 confirmare
1866 2558 1907 2594 (R.
1924 2557 1974 2593 T.).

2188 1246 2191 1265 Ι

2186 1279 2191 1294 ι

2190 1259 2208 1406 ψζᾼὸό-Α
2187 1202 2191 1239 ’μ’
