2232 3178
275 262 323 286 An.
344 261 373 288 c,
399 261 464 287 1728
509 252 572 285 ⁴92

468 319 515 339 ros
530 310 563 338 tle
587 310 696 339 familia
712 313 815 348 cogant
831 319 879 339 eos
895 309 929 339 de
948 311 1074 348 genere¹
1094 310 1122 339 in
1143 309 1202 339 sin-

468 358 562 395 gulis,
587 368 622 387 ne
644 358 854 388 immunitatem
884 358 919 387 ab
942 358 1136 387 observantiis
1158 366 1204 387 re-

466 406 616 443 gatar-ihus
640 406 765 435 vendere
799 406 928 436 videant.
951 406 1092 436 Volumus
1115 406 1202 436 etiam

466 458 497 483 ut
520 455 547 483 in
571 454 694 492 singulis
728 455 912 484 monasteriis
942 454 1078 484 mentalis
1109 455 1202 484 oratio

468 502 608 532 habeatur
631 502 665 531 ab
689 503 835 537 omnibus,
860 512 934 542 quae
956 503 1049 533 oratio
1072 508 1138 533 ante
1158 504 1202 532 vel

467 555 531 589 post
547 551 634 580 horae
651 550 762 589 primae
779 551 981 581 recitationem
1000 551 1102 581 haberi
1118 552 1201 581 solet.

508 608 565 628 xxi.
590 599 633 628 Ad
655 603 842 636 extremum,
865 605 897 630 ut
918 600 1042 630 infirmis
1064 599 1203 630 fratribus

467 648 664 686 provideatur,
678 654 800 679 caveant
812 649 929 679 abbates
942 653 969 679 et
984 649 1140 687 cellerarii,
1153 659 1202 687 ne,

466 696 653 726 oeconomiae
667 696 799 735 obtentu,
817 697 925 727 infirmi
939 697 1045 727 fratres
1056 698 1205 736 negligan-

466 748 524 773 tur.
549 744 629 779 Quod
661 754 697 774 ne
729 745 861 783 accidat,
885 745 1003 775 videant
1029 755 1093 784 cap.
1118 754 1203 775 xxxvi

465 796 581 822 nostrae
604 793 732 831 regulae,
756 793 877 832 eiusque
900 793 1122 823 declarationes.

504 840 577 870 Ilaec
597 845 687 870 antem
705 841 748 876 iis,
773 852 841 880 quae
862 843 895 872 de
918 843 1112 872 mutationibus
1133 842 1202 871 dicta

465 893 545 922 sunl,
569 890 722 918 adiicienda
744 899 902 919 censemus:

505 937 533 966 Si
563 937 627 976 quis
658 938 818 968 monachus
851 943 931 969 extra
969 938 1202 973 monasterium,

465 985 512 1014 cui
534 985 589 1014 rite
625 990 762 1025 recteque
792 987 956 1025 assignatus
983 991 1027 1017 est
1058 987 1093 1016 de
1123 986 1204 1016 sami-

466 1034 528 1070 lia,
552 1038 707 1073 antequam
738 1035 772 1064 ad
799 1035 870 1064 illud
904 1035 1092 1074 pervenerit,
1123 1035 1204 1065 infir-

467 1087 563 1112 matur
584 1087 612 1111 et
639 1083 779 1120 moritur,
807 1084 1016 1113 monasterium
1052 1084 1203 1123 professio-

466 1130 510 1159 nis
546 1136 741 1169 consequatur
774 1132 919 1170 spolium,
943 1137 971 1162 et
1004 1137 1138 1162 teneatur
1169 1133 1203 1162 ad

467 1188 568 1208 omnes
582 1188 723 1218 expensas
739 1180 773 1209 ad
791 1180 909 1218 victum,
927 1181 960 1210 ad
982 1181 1202 1218 medicamenta,

465 1227 499 1256 ad
524 1228 609 1257 l'unus
632 1228 806 1258 necessaria.
831 1229 860 1258 Si
877 1229 1155 1267 ver03c0nvalescar,
1176 1233 1204 1258 ct

465 1276 499 1304 ad
524 1277 731 1306 monasterium
748 1301 754 1313 ‚
779 1277 825 1306 cui
858 1277 913 1306 rite
946 1278 1108 1315 assignatus
1137 1283 1201 1315 est,

466 1325 658 1363 pervenerit,
683 1325 758 1354 idem
783 1326 992 1355 monasterium
1015 1326 1204 1365 quemadmo-

465 1372 532 1401 dum
564 1373 609 1402 ius
642 1374 727 1412 spolii
761 1374 912 1413 acquirit,
943 1375 980 1404 ita
1013 1379 1146 1404 teneatur
1167 1376 1202 1404 ad

465 1430 565 1450 omnes
599 1430 740 1460 expensas
773 1427 1025 1452 commemoratas.
1060 1423 1104 1452 Illi
1134 1432 1203 1453 vero

464 1469 520 1499 rite
543 1471 645 1499 mutati
669 1470 887 1508 intelliguntur,
905 1481 989 1510 quos,
1008 1471 1050 1500 vel
1068 1472 1095 1501 in
1115 1472 1203 1501 comi-

465 1517 513 1546 tiis
548 1518 609 1547 sive
642 1518 800 1548 maioribus
835 1519 895 1549 sive
932 1519 1122 1556 minoribus,
1156 1520 1201 1549 vel

463 1569 546 1595 extra
570 1566 632 1601 illa,
653 1566 701 1595 ubi
725 1567 884 1597 necessitas
906 1568 949 1597 vel
974 1568 1084 1597 utilitas
1108 1572 1203 1606 postu-

463 1614 526 1651 let,
551 1615 673 1653 praelati
696 1615 731 1644 ad
759 1625 789 1645 se
822 1616 947 1646 invicem
976 1616 1096 1646 mittunt
1124 1625 1203 1645 com-

464 1663 545 1692 muni
576 1672 739 1702 consensu,
763 1664 902 1694 adiuncta
934 1666 1025 1703 patris
1058 1664 1200 1703 praesidis

462 1710 507 1740 vel
532 1711 715 1741 visitatorum
746 1712 882 1742 facultate
900 1736 907 1750 ,
931 1713 973 1742 uti
998 1711 1201 1751 praescriliunt

463 1760 688 1790 constitutiones
713 1765 841 1799 nostrae,
865 1765 940 1800 part.
963 1770 993 1796 11,
1017 1770 1081 1800 cap.
1106 1770 1143 1790 iv.

504 1808 539 1838 Ut
562 1813 657 1839 autem
688 1810 808 1849 praelati
841 1810 899 1839 sint
931 1810 961 1839 in
990 1809 1201 1840 mutationibus

463 1858 517 1887 rite
540 1858 680 1888 faciendis
695 1859 851 1894 cautiores,
870 1860 1025 1889 statuimus
1041 1863 1083 1897 ut,
1101 1859 1125 1888 si
1141 1868 1201 1888 mo-

463 1906 575 1936 nachus
612 1911 742 1937 mutetur
781 1906 955 1946 posthabitis
984 1907 1200 1938 conditionibus

462 1955 618 1993 enarratiS,
636 1960 664 1985 et
686 1956 852 1985 infirmetur
874 1961 954 1986 extra
978 1957 1199 1994 monasterium,

464 2004 524 2033 sive
548 2004 702 2042 moriatur,
726 2005 786 2034 sive
810 2006 1003 2042 convalescat,
1023 2015 1038 2036 a
1058 2010 1201 2036 monaste-

462 2052 506 2081 rio
522 2076 529 2090 ‚
553 2053 599 2082 cui
623 2053 786 2091 assignatus
816 2058 903 2091 erat,
927 2063 1029 2084 omnes
1057 2063 1200 2094 expensae

463 2101 625 2138 solvantur,
642 2106 670 2132 et
686 2103 878 2133 nihilominus
900 2103 946 2133 ius
968 2103 1053 2143 spolii
1076 2104 1198 2141 amittat,

463 2151 538 2189 quod
575 2151 736 2190 acquiritur
773 2153 951 2182 monasterio
988 2153 1174 2192 professionis
1191 2176 1198 2190 ,

463 2199 619 2229 dummodo
643 2200 676 2229 ad
699 2202 919 2238 monasterium,
947 2202 980 2231 ad
1003 2202 1079 2241 quod
1104 2202 1200 2231 minus

464 2251 542 2277 recte
566 2248 835 2285 transmittebatur,
859 2259 916 2278 non
940 2250 1118 2289 pervenerit.

503 2305 534 2326 11.
558 2297 587 2327 Si
610 2297 674 2336 quis
704 2302 819 2327 nostrae
841 2298 1080 2336 Congregationis
1103 2307 1201 2328 mona-

463 2345 535 2375 chus
558 2355 571 2374 a
596 2347 773 2376 monasterio
796 2346 881 2384 absit,
900 2347 947 2376 cui
969 2347 1133 2385 assignatus
1156 2351 1200 2377 est

463 2394 497 2424 de
520 2395 642 2432 familia,
662 2405 846 2434 quacumque
868 2395 903 2425 de
926 2397 1014 2426 causa.
1036 2395 1122 2434 absit,
1140 2405 1200 2425 mo-

462 2443 556 2473 riatur
578 2448 657 2473 extra
682 2444 775 2481 illud,
799 2445 858 2474 sive
886 2444 914 2473 in
938 2444 1122 2474 monasteriis
1152 2454 1199 2474 no—

463 2491 541 2529 stris,
556 2492 617 2521 sive
640 2492 668 2521 in
692 2492 756 2522 aliis
771 2493 853 2531 locis,
868 2492 1009 2532 quidquid
1027 2492 1102 2531 apud
1125 2501 1200 2522 mor-

463 2544 542 2569 tuum
567 2541 732 2579 reperitur,
765 2540 910 2580 pertineat
932 2540 966 2571 ad
990 2540 1198 2570 monasterium

462 2588 508 2618 cui
531 2588 695 2627 assignatus
719 2593 771 2619 est.

499 2642 509 2667 1
527 2641 639 2669 Videtur
652 2643 704 2677 leg.
723 2651 750 2670 se
763 2650 862 2677 yerere
878 2650 927 2678 pro
943 2643 976 2670 de
990 2650 1093 2678 qenere
1107 2642 1198 2678 (nm).

328 609 455 630 tntiuuorum

273 642 305 656 cni
313 643 333 657 a.

295 950 416 969 muniones
428 949 454 969 ad

272 979 406 1002 supmposita
420 977 454 996 de·

272 1006 339 1023 creta.

1047 260 1234 286 BULLARIUM
1259 261 1421 286 ROMANUM

1988 264 2036 288 Λη.
2058 263 2087 290 C.
2111 264 2174 294 ¹738
2203 267 2206 278 ¹

1287 318 1328 338 111.
1353 309 1599 349 Quandocumque
1621 310 1727 350 aliquis
1749 311 1925 349 monachus,
1942 310 1984 340 in-

1248 357 1393 388 firmitatis
1409 357 1538 396 obtentu,
1553 359 1669 397 petierit
1687 359 1715 389 in
1732 359 1830 399 aliqua
1849 369 1881 389 ex
1898 369 1984 399 gran-

1246 405 1300 435 ciis
1323 407 1490 436 monasterii
1514 407 1646 445 morari,
1671 407 1697 437 ei
1719 417 1776 437 non
1800 413 1908 438 annuat
1937 418 1984 438 su-

1248 455 1344 493 perior
1366 455 1421 485 nisi
1445 456 1624 485 medicorum
1652 456 1749 486 iurata
1777 457 1833 487 sule
1863 461 1984 487 testetur

1246 506 1274 532 et
1296 507 1410 533 constet
1433 504 1646 534 observantiam
1669 505 1833 543 regularem
1855 505 1909 535 sibi
1933 514 1984 534 no-

1247 550 1374 580 tabiliter
1406 551 1533 588 obesse;
1558 561 1614 591 quo
1646 562 1715 582 casu
1748 553 1881 592 superior
1909 553 1984 583 votis

1246 602 1356 628 annuat
1385 603 1413 629 et
1443 599 1612 638 indulgeat,
1636 601 1774 640 quamdiu
1805 601 1984 631 infirmitatis

1246 656 1332 676 causa
1355 647 1493 686 postulat.

1285 695 1465 735 Quicumque
1488 701 1583 727 autem
1605 697 1736 736 abbates,
1753 698 1860 737 aliique
1877 699 1984 729 nostris

1246 746 1429 775 monasteriis
1445 750 1472 775 et
1485 746 1707 785 Congregationi
1721 747 1869 787 praefecti,
1885 748 1983 778 cuius-

1247 802 1372 832 cumque
1389 793 1552 832 dignitatis,
1570 795 1677 833 gradus
1693 800 1720 825 et
1736 796 1983 834 praeeminentiae

1247 840 1371 877 fuerint,
1399 842 1422 871 si
1446 842 1573 879 graviter
1595 843 1623 872 in
1647 852 1823 882 unoquoque
1846 844 1983 883 praemis-

1246 898 1363 926 sorum,
1387 890 1473 919 etiam
1496 891 1585 920 unica
1607 891 1688 928 vice,
1716 892 1831 921 desides
1855 892 1981 929 suerint,

1247 941 1296 966 aut
1322 937 1378 967 alio
1413 938 1497 967 modo
1520 938 1715 977 deliquerint,
1743 949 1812 970 voce
1838 941 1934 970 activa
1955 945 1983 970 et

1247 986 1362 1024 passiva
1394 987 1453 1016 siut
1475 987 1537 1026 ipso
1560 988 1635 1017 sacto
1659 989 1782 1027 privati:
1814 989 1902 1018 salvis
1924 999 1983 1019 ma-

1247 1034 1384 1064 nentibus
1416 1036 1598 1073 gravioribus
1624 1038 1723 1076 poenis
1746 1038 1983 1068 excommunica-

1247 1083 1380 1119 tionum,
1406 1085 1629 1123 suspensionum
1645 1110 1652 1123 ,
1682 1086 1898 1116 inliabilitatum
1914 1111 1922 1125 ,
1950 1097 1983 1117 ac

1247 1136 1422 1170 ceterarum,
1440 1142 1514 1172 quae
1541 1139 1640 1163 contra
1668 1135 1784 1174 aliqua¹
1809 1135 1984 1174 praemisso·

1247 1189 1310 1209 rum
1335 1190 1385 1219 per
1408 1181 1504 1210 Bullas
1533 1182 1708 1220 apostolicas
1730 1187 1758 1212 et
1780 1188 1894 1213 nostras
1916 1193 1983 1214 con—

1247 1228 1416 1258 stitutiones
1432 1233 1539 1259 statuta
1556 1234 1634 1260 sunt.
1653 1231 1688 1260 Ut
1704 1235 1798 1261 autem
1816 1232 1983 1262 executioni

1246 1277 1469 1314 demandentur,
1487 1283 1584 1317 patres
1606 1279 1769 1309 visitatores
1791 1280 1919 1320 capitulo
1935 1291 1983 1319 ge-

1247 1326 1337 1355 nerali
1360 1326 1472 1356 deferre
1495 1331 1650 1357 teneantur
1672 1338 1745 1368 quae
1768 1329 1797 1358 in
1821 1334 1886 1359 actu
1916 1330 1984 1360 visi-

1247 1374 1366 1403 tationis
1389 1379 1489 1404 contra
1524 1376 1682 1414 praemissa
1714 1381 1825 1415 patrata
1849 1387 1911 1407 esse
1934 1378 1984 1408 ob-

1246 1423 1443 1461 servaverint,
1468 1424 1544 1462 quod
1567 1434 1683 1461 munus,
1707 1425 1730 1454 si
1759 1426 1983 1464 diligentissime

1246 1480 1303 1500 non
1326 1471 1515 1510 expleverint,
1538 1472 1593 1511 ipsi
1617 1483 1732 1512 quoque
1755 1474 1848 1504 eidem
1873 1484 1983 1514 poenae

1246 1518 1310 1557 ipso
1333 1519 1407 1549 facto
1429 1520 1545 1549 obnoxii
1580 1521 1648 1550 sint.
1680 1521 1860 1561 Quapropter
1887 1527 1983 1562 patres

1245 1567 1425 1605 visitatores,
1439 1568 1506 1598 dum
1527 1569 1711 1599 comitiorum
1726 1575 1890 1601 nostrorum
1903 1581 1983 1603 more

1245 1617 1414 1654 congregati
1437 1617 1555 1655 suerint,
1572 1627 1660 1657 super
1679 1619 1724 1648 his
1746 1619 1834 1649 rebus
1856 1621 1984 1650 exactis-

1245 1663 1350 1693 simum
1373 1673 1493 1694 examen
1518 1665 1671 1696 instituere
1696 1670 1860 1697 teneantur.

1283 1712 1342 1750 Ego
1375 1713 1407 1743 D.
1442 1715 1627 1744 SERAri-uuus
1660 1725 1674 1744 a
1706 1716 1836 1747 Matbera
1868 1717 1979 1756 abbas,

1322 1766 1350 1791 et
1372 1761 1482 1792 electus
1508 1772 1573 1792 cum
1610 1764 1715 1794 ceteris
1745 1764 1916 1805 subscriptis
1946 1767 1980 1796 ad

1324 1819 1459 1840 examen.

1284 1859 1342 1897 Ego
1364 1860 1396 1890 D.
1421 1860 1526 1891 losnru
1549 1861 1584 1891 ab
1606 1862 1747 1900 Augusta,
1772 1862 1871 1893 abbas.

1284 1908 1341 1946 Ego
1363 1908 1395 1938 D.
1419 1909 1596 1940 Benuaanus
1619 1920 1633 1940 a
1658 1911 1761 1949 Phara,
1786 1911 1885 1942 abbas.

1283 1957 1342 1996 Ego
1364 1958 1397 1987 D.
1420 1958 1585 1989 Crramxus
1608 1969 1622 1989 a
1645 1959 1755 1996 Brixia,
1779 1960 1879 1990 abbas.

1282 2005 1341 2043 Ego
1363 2006 1394 2036 D.
1419 2006 1615 2037 Fonruxixrus
1638 2017 1652 2037 a
1675 2008 1798 2047 Mutina,
1822 2008 1922 2039 abbas.

1283 2055 1341 2092 Ego
1364 2055 1395 2084 D.
1420 2055 1605 2086 Auausrixus
1628 2066 1642 2086 a
1665 2057 1775 2095 Brixia,
1799 2056 1900 2087 abbas.

1283 2102 1341 2141 Ego
1362 2103 1394 2133 D.
1420 2104 1611 2134 Hffiaouruus
1634 2114 1649 2135 a
1670 2105 1770 2144 Ianua,
1793 2105 1892 2136 abhas.

1282 2151 1338 2181 Nos
1359 2151 1535 2192 insfrascipti
1558 2153 1727 2184 definitores
1749 2155 1832 2185 electi
1854 2155 1883 2185 in
1905 2155 1982 2195 capi-
2043 2151 2169 2193 Appi-obuio

1242 2199 1303 2229 tulo
1325 2201 1455 2238 generali
1478 2201 1716 2240 Congregati0nis
1733 2203 1915 2234 Cassinensis
1931 2194 2077 2241 ha-,ffffi'ssun
2110 2198 2168 2219 ‘⁰¹¹⁰'

1242 2247 1303 2278 bito
1325 2249 1354 2278 in
1378 2250 1555 2280 monasterio
1574 2251 1602 2280 S.
1620 2250 1748 2281 Iustinae
1764 2252 1799 2282 de
1815 2251 1911 2282 Padua
1927 2252 1981 2283 hoc

1242 2306 1318 2327 anno
1337 2306 1524 2328 unccxxxvm
1549 2299 1646 2329 omnia
1662 2299 1734 2330 haec
1750 2304 1778 2330 et
1792 2300 1906 2339 singula
1921 2310 1980 2331 am-

1243 2346 1399 2385 plectimur
1418 2352 1446 2377 et
1461 2349 1666 2387 approbamus,
1681 2349 1840 2389 eademque
1855 2350 1980 2380 demisso

1242 2395 1339 2425 animo
1362 2396 1534 2427 subiicimus
1562 2406 1699 2437 supremo
1730 2398 1839 2428 iudicio
1860 2398 1981 2428 sanctis-

1242 2443 1307 2472 simi
1330 2443 1440 2473 domini
1463 2445 1555 2474 nostri
1578 2446 1674 2484 Papae
1696 2446 1852 2476 Clementis
1869 2445 1919 2475 XII
1942 2446 1981 2475 se⁴

1242 2491 1338 2521 liciter
1367 2493 1517 2531 regnantis
1532 2517 1539 2529 ,
1564 2494 1736 2524 humillimis
1760 2494 1893 2533 precibus
1916 2503 1982 2524 san—

1242 2540 1404 2570 ctissimum
1427 2541 1521 2580 ipsum
1549 2542 1700 2572 dominum
1723 2547 1855 2573 nostrum
1877 2551 1981 2581 rogan-

1243 2592 1303 2625 tes,
1328 2594 1359 2618 ut
1383 2598 1414 2619 ea
1439 2590 1577 2627 dignetur
1599 2591 1774 2630 apostolicae
1797 2591 1979 2621 auctoritatis

1276 2642 1289 2669 1
1307 2641 1376 2670 Edit.
1389 2642 1468 2671 Μαίη.
1480 2642 1545 2679 legit
1559 2645 1694 2679 aliquam
1710 2652 1757 2680 pro
1772 2645 1875 2680 aliqua
1886 2645 1977 2680 (R.'t·.).
