2232 3178
55 236 106 264 An.
127 235 159 263 C.
179 233 248 262 1735

54 558 174 579 Praesentis
186 563 235 578 con-

54 585 168 605 stitutionis
199 585 235 604 ab·

55 613 161 632 set-vanua
172 614 192 632 et
203 612 226 631 sir

52 637 124 659 mun.

247 280 437 324 inquiratur,
463 289 540 312 num
565 288 678 313 omnes
703 282 735 312 et
756 277 875 320 singuli
899 287 986 321 prae-

247 333 323 367 dicti
343 343 457 366 munus
475 342 580 373 suum,
601 343 638 365 ac
656 331 847 374 praesertim
866 330 899 362 in
917 331 987 373 ipsa

247 384 479 420 constitutione
494 385 771 428 praescripta,per
789 383 884 416 totius
902 383 987 422 anni,

247 439 287 471 de
311 448 374 481 quo
395 448 454 480 pro
481 441 628 480 tempore
653 442 779 479 agetur,
804 436 986 475 decursum,

246 501 478 534 usquequaque
504 501 540 523 ac
566 490 626 523 rite
651 489 912 531 adimpleverint.

290 544 305 587 ἓ
329 542 383 576 18.
410 543 641 583 Decernentes,
677 542 765 585 ipsas
797 547 956 584 praesent·
974 552 985 569 s

246 597 373 629 litteras
397 601 430 628 et
454 595 486 628 in
508 595 554 628 eis
576 600 728 627 contenta
752 604 987 637 q11a‹=‹;1x==1‹;112·‚

247 649 343 682 etiam
361 659 397 681 ex
423 659 462 681 eo
488 648 574 691 quod
596 646 754 691 praedicti
781 647 988 678 fautu-§naw-

247 707 354 745 resffut
377 711 474 745 supra
499 700 641 733 absoluti
667 705 699 732 et
720 699 859 738 iubilati,
879 711 912 730 a:-
933 698 987 740 qui

248 755 280 786 in
306 754 410 787 officia
436 753 625 787 eorumdem
647 752 918 785 ratiocinatorum
936 761 989 783 ex-

248 808 427 852 pectativae
448 817 485 840 ac
511 807 636 839 suturae
660 804 877 839 successionis
895 804 990 837 alias-

247 872 283 895 ve
319 860 437 904 gratias
470 860 691 900 obtinuerant,
721 863 757 891 ut
792 858 989 902 praefertur,

248 913 342 948 aliive
368 913 507 957 quilibet
531 913 763 956 cuiuscumque
784 911 911 954 gradus,
938 920 989 943 or-

249 967 342 1007 dinis,
374 966 651 1010 praeeminentiae
683 971 715 999 et
744 964 920 1007 dignitatis,
954 973 991 996 ac

249 1020 415 1064 quibusvis
441 1019 618 1063 privilegiis
644 1024 676 1051 et
695 1018 832 1051 indultis
851 1016 987 1057 suffulti,

248 1083 304 1106 seu
328 1073 407 1105 alias
433 1071 585 1115 specifica
610 1077 641 1104 et
661 1071 826 1103 individua
851 1070 989 1102 mentio<

248 1136 289 1159 ne
314 1130 346 1158 et
365 1124 577 1168 expressione
603 1124 702 1167 digni,
739 1124 771 1155 in
803 1123 990 1166 praemissis

249 1188 304 1211 seu
331 1187 445 1210 eorum
471 1177 580 1219 aliquo
605 1177 655 1208 ius
675 1177 725 1209 vel
751 1176 909 1208 interesse
935 1175 991 1207 lia-

248 1233 363 1264 bentes
389 1241 446 1263 seu
471 1231 593 1263 habere
620 1229 864 1273 quomodolibet
899 1239 991 1272 prae-

250 1286 433 1323 tendentes,
459 1283 523 1316 illis
560 1293 626 1316 non
663 1283 902 1322 consenserint,
930 1293 991 1315 nee

249 1338 288 1372 ad
306 1348 344 1370 ea
360 1336 474 1377 vocati,
496 1336 583 1369 citati
602 1341 634 1369 et
653 1336 761 1376 auditi,
781 1347 842 1369 nee
861 1346 989 1375 causae,

249 1396 384 1436 propter
401 1401 481 1434 quas
498 1395 687 1434 praesentes
706 1395 907 1430 emanarunt,
925 1389 991 1422 sus-

249 1445 394 1479 sicienter
419 1444 590 1483 adductae,
614 1443 819 1487 specificatae
845 1448 875 1476 et
900 1442 991 1475 iusti-

249 1499 362 1532 ficatae
395 1497 525 1538 fuerint,
549 1503 603 1530 aut
628 1507 664 1530 ex
691 1497 753 1530 alia
789 1507 990 1540 quacumque

250 1550 457 1596 quantumvis
489 1550 587 1590 iusta,
626 1550 770 1592 legitima
803 1554 834 1582 et
866 1549 992 1592 privile-

250 1605 334 1648 giata
359 1605 468 1644 causa,
494 1604 616 1643 colore,
641 1608 808 1646 praetextu
827 1608 858 1635 et
875 1603 992 1645 capite,

252 1658 349 1691 etiam
371 1657 403 1690 in
430 1667 568 1699 corpore
595 1655 674 1688 iuris
696 1657 816 1695 clauso,
835 1665 870 1687 ac
895 1656 991 1688 etiam

252 1711 402 1750 enormis,
422 1709 668 1743 enormissimae
695 1714 727 1741 et
753 1708 862 1741 totalis
880 1708 992 1740 laesio-

251 1765 311 1804 nis,
337 1765 428 1797 nullo
454 1772 598 1806 unquam
631 1767 777 1805 tempore
810 1761 849 1794 de
880 1762 994 1793 subre-

252 1817 373 1861 ptionis
412 1817 462 1849 vel
501 1815 705 1858 obreptionis
743 1819 798 1846 aut
833 1814 992 1847 nullitatis

251 1871 341 1911 vitio,
365 1880 402 1902 ae
434 1870 532 1902 etiam
566 1867 760 1901 intentionis
793 1873 925 1900 nostrae
962 1872 994 1899 et

252 1924 412 1956 interesse
448 1920 638 1954 habentium
677 1922 856 1953 consensus
887 1920 993 1953 aliove

253 1976 398 2020 quolibet
422 1974 518 2007 etiam
543 1973 749 2017 quantumvis
775 1983 904 2016 magno,
931 1973 987 2006 for·

253 2029 341 2071 mali,
368 2027 544 2068 essentiali,
571 2037 607 2060 ac
631 2026 808 2069 incogitato
846 2031 878 2059 et
910 2027 995 2059 inex-

254 2082 416 2126 cogitabili
435 2082 566 2115 defectu
591 2081 706 2121 notari,
732 2081 929 2124 impugnari,
947 2081 996 2114 in-

256 2135 408 2176 vaIidari,
440 2134 591 2177 infringi,
624 2133 773 2173 limitari,
807 2133 995 2175 retractari,

257 2188 407 2229 rescindi,
432 2194 487 2221 aut
522 2188 554 2220 in
592 2187 844 2221 controversiam
878 2187 994 2228 vocari,

259 2251 315 2273 seu
340 2241 379 2274 ad
403 2241 485 2273 viam
518 2246 549 2273 et
577 2240 730 2274 terminos
762 2240 842 2272 iuris
873 2240 995 2280 reduci,

259 2298 312 2326 aut
335 2293 487 2326 adversus
510 2293 567 2326 illa
587 2293 779 2336 aperitionis
806 2293 885 2332 oris,
906 2293 997 2326 resti-

260 2345 392 2378 tutionis
416 2345 449 2377 in
473 2345 649 2388 integrum,
670 2345 797 2378 aliudve
822 2346 998 2389 quodcum-

260 2408 323 2442 que
342 2397 428 2437 iuris,
447 2397 519 2430 facti
538 2399 587 2431 vel
609 2398 731 2440 gratiae
750 2399 932 2432 remedium
949 2398 998 2431 in-

261 2451 379 2485 tentari
398 2451 448 2483 vel
465 2450 644 2493 impetrari,
664 2461 720 2484 seu
739 2452 922 2495 impetrato,
945 2457 998 2485 aut

260 2504 354 2538 etiam
380 2508 486 2543 motu,
513 2503 648 2536 scientia
674 2509 705 2537 et
729 2505 900 2548 potestatis
931 2505 999 2549 ple-

260 2557 407 2591 nitudine
433 2556 565 2600 paribus
590 2567 743 2591 concesso
762 2559 811 2592 vel
838 2563 999 2599 emanato,

243 2621 458 2656 ‚quemquam
490 2610 522 2643 in
558 2610 677 2644 iudicio
713 2612 762 2645 vel
799 2617 887 2646 extra
920 2611 1000 2646 illud

329 2674 409 2704 Bull.
429 2674 515 2703 Rom.
536 2688 568 2694 -—
592 2674 654 2705 Vol.
673 2674 774 2704 XXIV.
934 2673 951 2701 8

864 227 1006 253 CLEMENS
1030 228 1075 252 ΧΠ
1100 229 1149 252 PP.

1689 216 1730 249 57

1028 276 1073 309 uti
1098 287 1157 310 seu
1181 287 1214 310 se
1240 276 1347 310 iuvare
1369 277 1436 310 ullo
1454 275 1550 309 modo
1572 285 1691 318 posse,
1712 275 1769 307 sed

1030 330 1158 363 easdem
1194 336 1384 375 praesentes
1418 330 1543 363 litteras
1561 356 1568 369 ,
1595 329 1769 371 omniaque

1031 388 1063 415 et
1087 383 1213 425 singula
1238 383 1271 416 in
1297 383 1341 416 eis
1374 388 1528 416 contenta
1562 382 1768 420 huiusmodi,

1030 436 1182 469 adversus
1207 446 1429 479 quascumque
1454 435 1719 478 impugnationes
1740 440 1772 467 et

1031 488 1261 531 impedimenta
1293 499 1423 531 semper
1448 494 1479 521 et
1504 489 1592 521 omni
1626 493 1771 530 tempore

1031 541 1145 579 valida,
1172 541 1262 573 firma
1287 547 1319 573 et
1344 541 1485 573 efficacia
1510 542 1660 579 existere,
1680 551 1771 573 suos-

1033 603 1096 634 que
1122 593 1287 636 plenarios
1314 599 1345 625 et
1370 593 1514 635 integros
1541 591 1672 625 effectus
1699 602 1771 624 sor-

1034 646 1083 677 tiri
1110 651 1141 678 et
1165 646 1323 684 obtinere,
1357 645 1389 677 in
1424 646 1571 678 omnibus
1599 650 1630 678 et
1656 655 1714 688 per
1738 656 1771 678 0-

1032 698 1138 738 mnia,
1169 698 1305 741 perinde
1339 709 1375 730 ae
1409 698 1434 730 si
1468 697 1585 731 vocatis
1616 697 1770 730 vocandis

1032 761 1067 784 ac
1092 751 1131 784 de
1156 751 1375 794 praefatorum
1400 750 1600 793 aliorumque
1626 750 1770 783 omnium

1033 809 1064 837 et
1089 804 1293 846 singulorum
1320 803 1367 836 ius
1396 809 1427 836 et
1458 802 1614 835 interesse
1647 803 1771 836 haben-

1034 857 1113 890 tium
1139 863 1171 890 et
1195 856 1478 900 praetendentium
1513 867 1669 900 expresso
1698 867 1771 889 con-

1033 922 1129 944 sensu
1155 911 1237 943 facta
1263 911 1396 943 fuissent
1421 915 1451 943 et
1477 915 1701 950 emanassent,
1736 922 1772 943 ae

1034 964 1173 1006 proinde
1193 965 1231 996 ab
1251 963 1403 996 omnibus
1422 968 1453 996 et
1470 963 1615 1006 singulis,
1633 964 1671 996 ad
1690 973 1772 1006 quos

1034 1023 1160 1060 spectat
1185 1024 1216 1050 et
1242 1027 1299 1060 pro
1328 1022 1474 1059 tempore
1501 1016 1772 1059 quandocumque

1034 1070 1206 1112 spectabit,
1244 1069 1473 1102 inviolabiliter
1508 1080 1544 1101 ac
1580 1068 1772 1101 inconcusse

1034 1123 1200 1156 observari
1239 1128 1270 1155 et
1304 1122 1491 1165 adimpleri,
1517 1123 1627 1164 sieque
1653 1126 1684 1155 et
1708 1131 1772 1154 non

1034 1177 1129 1209 aliter
1153 1186 1211 1219 per
1236 1186 1457 1218 quoscumque
1490 1175 1612 1208 iudices
1644 1175 1774 1208 ordina-

1034 1229 1099 1262 rios
1126 1235 1156 1261 et
1183 1229 1368 1270 delegatos,
1394 1228 1489 1260 etiam
1516 1227 1773 1270 supradictarum

1034 1291 1204 1314 causarum
1231 1280 1341 1324 palatii
1361 1280 1532 1324 apostolici
1551 1280 1723 1320 auditores,
1739 1290 1775 1312 ae

1035 1335 1181 1368 eiusdem
1207 1333 1238 1367 S.
1262 1334 1299 1366 R.
1326 1333 1360 1366 E.
1383 1333 1610 1373 camerarium,
1637 1338 1668 1365 et
1693 1333 1773 1366 alios

1035 1388 1229 1428 cardinales,
1252 1387 1348 1420 etiam
1376 1387 1414 1419 de
1439 1387 1541 1420 latere
1567 1387 1698 1429 legatos,
1716 1396 1775 1420 nec

1035 1451 1101 1474 non
1128 1439 1441 1478 vice-camerarium,
1461 1439 1702 1472 thesaurarium
1721 1449 1775 1481 ge-

1035 1496 1194 1534 neralem,
1217 1493 1443 1537 praesidentes
1462 1493 1608 1532 clericos,
1627 1492 1771 1525 commis-

1035 1548 1177 1587 sarium,
1209 1552 1403 1589 ceterosque
1436 1545 1540 1578 dietae
1566 1544 1718 1578 Gamerae
1744 1547 1775 1577 et

1034 1601 1127 1634 Sedis
1145 1599 1350 1643 Apostolicae
1376 1598 1529 1632 officiales
1548 1603 1579 1630 et
1596 1597 1772 1636 ministros,

1035 1653 1153 1687 aliosve
1191 1653 1355 1695 quoslibet
1389 1660 1593 1694 quacumque
1618 1649 1775 1693 praeemi-

1036 1706 1145 1739 nentia
1162 1711 1193 1738 et
1210 1710 1369 1749 potestate
1389 1704 1561 1746 fungentes
1581 1708 1611 1735 et
1629 1703 1776 1745 quando-

1036 1770 1176 1802 cumque
1202 1759 1380 1796 functuros,
1396 1758 1522 1790 sublata
1548 1757 1592 1790 eis
1611 1762 1642 1789 et
1660 1766 1775 1789 eorum

1036 1813 1172 1853 cuilibet
1207 1812 1316 1854 quavis
1352 1811 1447 1843 aliter
1483 1809 1647 1842 iudicandi
1675 1815 1706 1842 et
1730 1809 1777 1842 in-

1038 1864 1234 1909 terpretandi
1260 1864 1413 1896 facultate
1443 1868 1475 1896 et
1506 1862 1707 1902 auctoritate,
1732 1862 1777 1894 iu-

1037 1919 1135 1952 dicari
1162 1922 1192 1951 et
1218 1916 1346 1951 definiri
1373 1916 1505 1956 debere,
1534 1926 1570 1948 ac
1595 1915 1721 1947 irritum
1746 1920 1778 1948 et

1037 1973 1134 2005 inane
1160 1971 1186 2004 si
1215 1981 1307 2004 secus
1340 1980 1440 2014 super
1475 1969 1525 2002 his
1557 1980 1574 2001 a
1599 1978 1774 2012 quoquam,

1037 2025 1145 2069 quavis
1166 2023 1370 2063 auctoritate,
1391 2022 1534 2056 scienter
1553 2022 1601 2055 vel
1627 2020 1777 2064 ignoran-

1039 2084 1096 2119 ter,
1124 2076 1299 2120 contigerit
1323 2076 1488 2109 attentari.

1082 2132 1096 2175 ἓ
1122 2130 1175 2164 19.
1203 2129 1361 2169 Quocirca
1386 2129 1490 2162 eidem
1517 2127 1691 2161 venerabili
1717 2127 1777 2160 sra-

1040 2185 1078 2218 tri
1099 2190 1214 2218 nostro
1232 2183 1383 2216 Annibali
1402 2183 1525 2215 Albano
1551 2181 1705 2224 episcopo
1722 2180 1778 2213 Sa-

1038 2237 1166 2271 binensi
1185 2236 1340 2270 cardinali
1358 2235 1389 2268 S.
1406 2235 1591 2274 Clementis,
1609 2234 1777 2272 moderno,

1039 2302 1075 2324 ae
1090 2301 1149 2334 pro
1164 2297 1311 2333 tempore
1326 2289 1487 2327 existenti,
1502 2293 1613 2321 nostro
1628 2298 1663 2319 ae
1677 2286 1778 2329 ipsius

1039 2344 1071 2376 S.
1088 2344 1123 2376 R.
1146 2343 1178 2375 E.
1200 2342 1389 2381 camerario,
1407 2346 1495 2374 metu
1512 2339 1608 2372 simili
1631 2349 1689 2381 per
1706 2348 1779 2380 apo-

1041 2397 1155 2429 stolica
1168 2396 1287 2438 scripta
1305 2395 1506 2432 mandamus,
1518 2397 1677 2435 quatenus
1690 2400 1780 2433 prae-

1040 2454 1147 2483 sentes
1174 2449 1299 2481 litteras
1332 2452 1362 2480 et
1399 2447 1429 2478 in
1463 2446 1509 2478 eis
1542 2449 1690 2477 contenta
1716 2448 1779 2475 tam

1041 2504 1073 2536 in
1100 2503 1183 2535 dicta
1209 2501 1340 2535 Camerti
1365 2509 1458 2543 quam
1485 2503 1574 2531 extra
1600 2507 1683 2536 eam,
1709 2495 1777 2535 ubi,

1042 2556 1172 2601 quando
1199 2560 1230 2587 et
1256 2553 1385 2597 quoties
1404 2562 1484 2595 opus
1503 2550 1608 2591 suerit,
1626 2549 1778 2582 solemni-

1043 2616 1093 2645 ter
1118 2607 1290 2654 publicari,
1323 2617 1359 2641 ac
1387 2615 1446 2650 per
1471 2614 1593 2646 omnes,
1620 2612 1701 2648 quos
1725 2602 1779 2637 illa

1778 224 1827 252 An.
1850 225 1877 252 G.
1897 225 1963 252 2735

1838 2132 1970 2152 Camerarius

1789 2160 1811 2179 S.
1830 2159 1853 2179 R.
1870 2159 1891 2178 E.
1915 2164 1969 2177 eiu:-

1789 2186 1834 2206 deni
1855 2187 1969 2210 perpetuus

1790 2214 1913 2238 exequutor.
