2232 3178
2165 0 2232 105 333·

266 271 316 299 An.
333 272 363 299 C.
385 272 452 300 1738
498 264 562 297 498
1052 271 1231 296 anthimum
1255 269 1411 294 Romnum
1990 274 2039 302 An.
2056 274 2084 303 ρ,
2106 276 2170 306 17³⁸

460 321 578 355 notarii
618 322 739 365 publici
775 321 993 364 subscriptis,
1030 326 1062 354 et
1092 320 1200 363 sigillo

460 385 623 418 personae
648 375 680 407 in
705 374 926 407 ecclesiastica
945 373 1104 416 dignitate
1126 383 1202 406 con·

461 427 591 459 stitutae
628 426 782 465 munitis,
815 426 930 458 eadem
955 436 1089 468 prorsus
1121 424 1201 457 fides

463 486 524 511 taut
552 479 582 511 in
609 479 728 510 iudicio
754 489 847 520 quam
874 483 963 510 extra
984 478 1062 510 illud
1083 477 1202 519 ubique

462 533 607 563 locorum
634 531 849 569 adhibeatur,
878 541 960 573 quae
975 530 1202 573 praesentibus

462 584 539 626 ipsis
565 583 777 616 adhiberetur
801 583 827 615 si
847 583 957 615 forent
974 583 1136 615 exhibitae
1155 584 1202 615 vel

464 642 626 669 ostensae.

509 690 622 721 Datum
648 688 792 729 Romae,
819 689 902 731 apud
929 688 960 721 S.
988 689 1117 721 Mariam
1143 688 1203 721 Ma-

463 744 588 782 iorem,
618 743 677 774 sub
703 743 825 774 annulo
848 742 1019 774 Piscatoris
1043 768 1049 782 ,
1080 742 1131 774 die
1162 752 1203 775 vn

464 795 605 828 octobris
626 805 841 837 nbccxxxvni,
868 793 1076 838 pontificatus
1101 795 1202 828 nostri

465 858 549 880 anno
575 857 617 880 ix.

501 910 560 936 Dat.
581 909 627 937 die
648 911 661 937 7
683 909 805 937 octobris
829 909 906 942 1738,
923 909 1028 944 pontis.
1049 917 1125 937 anno
1144 916 1180 936 1x.

758 1051 906 1085 CCXLIV.

465 1134 620 1167 Familias
655 1132 877 1175 superioribus
915 1131 1048 1165 Ordinis
1087 1132 1204 1165 Cister-

509 1186 622 1218 offensis
671 1185 935 1227 Coityregyaliom's
977 1184 1206 1227 Portuqalliae

509 1237 702 1281 applicandi
724 1237 829 1280 spolia
854 1237 1088 1270 monachorum
1113 1235 1206 1269 colle-

509 1292 562 1333 {7¹⁸0
602 1290 828 1323 univcrsitatis
868 1290 1111 1324 Colimbrz'cnsis
1148 1300 1206 1334 pro

511 1344 710 1377 dissolvendo
735 1354 808 1376 acre
832 1343 951 1376 nlt'eno.

675 1424 813 1450 Clemens
833 1423 913 1456 Papa
932 1422 997 1455 XII,

610 1469 644 1494 ad
664 1468 799 1494 futuram
818 1466 863 1493 rei
885 1466 1066 1498 memoriam,

302 1549 358 1568 iuxta
381 1548 458 1577 enmu-
513 1541 527 1582 ᾗ
554 1539 583 1571 l.
611 1538 736 1580 Exponi
762 1537 857 1570 nobis
884 1547 990 1579 nuper
1016 1537 1092 1570 l'ecit
1128 1537 1206 1569 dile-

275 1575 570 1626 ifif'‘'”⁸‹ii-rniiiiifllocrus
595 1592 678 1624 filius
704 1591 882 1624 modernus
909 1596 1098 1633 procurator
1112 1601 1208 1632 gene-

364 1635 381 1683 iii
402 1634 458 1673 mil?
469 1646 544 1678 ralis
555 1645 793 1677 monachorum
803 1643 932 1676 Ordinis
944 1643 1207 1675 Cisterciensitun

454 1696 736 1741 'Congregationis
762 1697 1004 1739 Portugalliae.
1033 1697 1117 1738 quod
1153 1707 1210 1738 per

468 1757 584 1784 statuta
598 1762 651 1784 seu
672 1749 918 1783 constitutiones
937 1749 1065 1781 Ordinis
1080 1754 1112 1781 et
1128 1750 1210 1782 Con-

469 1804 671 1847 gregationis
710 1803 949 1846 praedictorum
972 1829 979 1842 ,
1019 1802 1209 1835 auctoritate

468 1858 649 1901 apostolica
663 1856 878 1895 confirmatas,
889 1861 1021 1888 cautum
1037 1855 1209 1898 reperitur,

468 1917 519 1951 ut,
546 1911 673 1953 quoties
698 1911 838 1953 aliquem
865 1919 899 1941 cx
934 1909 1106 1941 monachis
1131 1908 1210 1941 Con-

468 1963 664 2007 gregationis
690 1963 875 2006 praedictae
900 1961 939 1994 ab
966 1962 1026 1994 hac
1052 1962 1123 1994 luce
1150 1962 1209 1994 mi-

469 2028 561 2060 grare
587 2016 769 2058 contigerit,
797 2015 882 2048 illius
908 2014 1049 2057 spolium
1076 2021 1107 2047 et
1133 2015 1210 2047 hae-

471 2071 589 2103 reditas
615 2069 654 2102 ad
675 2068 846 2101 arbitrium
872 2068 1078 2109 superiorum
1105 2068 1210 2101 dictae

470 2123 737 2166 Congregationis
764 2121 921 2165 applicari
947 2122 1061 2154 soleat.

419 2212 443 2224 m,
513 2178 527 2219 ξ
553 2176 583 2208 ΕΖ.
600 2176 677 2208 Cum
694 2180 810 2214 autem,
827 2173 909 2206 sicut
922 2175 1034 2206 eadem
1050 2174 1210 2217 expositio

416 2239 448 2278 [ᾗ
470 2228 712 2269 subiungebat,
750 2227 789 2258 de
830 2226 995 2269 praesenti
1037 2226 1210 2268 collegium

470 2333 684 2371 limbriensis,
705 2332 809 2364 dictae
831 2331 1098 2374 Congregatiouis
1118 2333 1212 2364 unica

472 2387 585 2419 domus
603 2385 713 2428 inqua
737 2384 843 2416 studia
867 2384 987 2426 vigent,
1004 2395 1077 2417 aere
1103 2385 1212 2418 alieno

472 2443 601 2481 gravata
626 2437 818 2479 reperiatur,
845 2438 947 2479 eaque
985 2437 1024 2469 de
1062 2439 1155 2469 causa
1180 2437 1210 2469 in

472 2492 525 2523 illa
550 2491 722 2523 studentes
741 2495 771 2522 et
789 2489 932 2532 magistri
951 2489 1125 2522 necessarii
1145 2500 1210 2523 non

472 2544 695 2583 inveniantur,
722 2553 758 2576 ac
782 2548 961 2586 propterea
988 2553 1051 2576 non
1078 2544 1146 2576 leve
1166 2543 1212 2576 di-

473 2602 544 2629 ctae
569 2596 819 2640 Congregationi
846 2596 1075 2629 detrimentum
1096 2596 1213 2629 insera-

475 2655 534 2690 tur,
561 2649 732 2694 dictusque
757 2654 952 2694 procurator
977 2649 1154 2693 generalis,
1185 2660 1214 2683 a·

1244 329 1402 362 gnosccns
1422 320 1507 362 quod
1533 320 1782 363 Congregationi
1796 322 1981 364 praedictae

1244 373 1353 406 nullus
1378 372 1493 405 modus
1518 373 1719 406 dissolvendi
1752 385 1805 407 aes
1839 375 1981 408 'alienum

1245 425 1445 468 praedictum
1483 431 1514 458 et
1543 426 1575 458 in
1612 426 1697 459 dicto
1722 427 1861 469 collegio
1887 429 1984 469 magi-

1245 483 1329 510 stros
1362 488 1397 511 ac
1434 479 1600 511 studentes
1639 480 1842 512 necessarios
1872 491 1983 512 manu—

1247 531 1377 564 tenendi
1415 537 1585 575 suppetat,
1620 542 1716 575 quam
1752 537 1787 564 ut
1821 533 1927 575 spolia
1952 539 1983 566 et

1247 584 1467 616 haereditates
1503 584 1685 627 praedictas
1720 584 1767 617 illi
1801 595 1903 628 usque
1943 586 1981 618 ad

1246 637 1496 670 satisfactionem
1515 637 1598 670 aeris
1616 638 1712 670 alieni
1731 637 1917 671 huiusmodi
1933 648 1985 681 ap-

1247 690 1527 733 plicentur,nobis
1541 696 1716 734 propterea
1730 691 1896 724 humiliter
1912 702 1986 735 sup-

1247 744 1361 786 plicari
1399 744 1475 777 fecit
1498 749 1533 776 ut
1558 744 1616 776 sibi
1649 744 1681 776 in
1715 744 1899 787 praemissis
1931 755 1986 788 op-

1247 803 1385 840 portune
1410 797 1582 841 providere
1603 802 1635 830 et
1654 802 1689 830 ut
1709 797 1792 830 infra
1812 797 1984 840 indulgere

1247 850 1285 882 de
1310 850 1509 893 benignitate
1532 850 1708 893 apostolica
1733 850 1954 892 dignaremur:

1291 904 1306 946 ἓ
1329 903 1360 937 3.
1387 903 1449 936 Nos
1466 903 1574 946 igitur,
1603 904 1711 947 ipsum
1739 909 1984 946 procuratorem
2023 913 2175 936 Cmiceditcle-
2199 916 2200 922 ¹

1997 947 2061 962 meus-

1246 957 1433 999 generalem
1460 957 1654 1000 specialibus
1685 956 1846 990 favoribus
1867 961 1899 990 et
1915 967 1986 999 gra-

1249 1010 1299 1042 tiis
1323 1009 1477 1053 prosequi
1503 1011 1669 1050 volentes,
1705 1015 1737 1042 et
1761 1011 1787 1042 'a
1820 1009 1987 1053 quibusvis

1248 1063 1589 1096 excommunicationis
1604 1091 1611 1104 ‚
1639 1062 1864 1106 suspensionis
1888 1068 1919 1096 et
1942 1063 1988 1095 in-

1248 1116 1386 1155 terdicti,
1400 1116 1536 1159 aliisque
1558 1116 1788 1150 ecclesiasticis
1806 1116 1988 1156 sententiis,

1248 1169 1395 1203 censuris
1419 1175 1450 1203 et
1475 1170 1612 1213 poenis,
1640 1180 1657 1202 a
1690 1169 1759 1202 iure
1784 1170 1832 1202 vel
1853 1169 1893 1202 ab
1929 1170 1989 1203 ho-

1249 1223 1358 1262 mine,
1384 1223 1494 1266 quavis
1519 1222 1689 1256 occasione
1714 1223 1763 1256 vel
1789 1224 1884 1256 causa
1904 1223 1988 1263 latis,

1249 1276 1274 1309 si
1300 1276 1415 1319 quibus
1441 1275 1687 1319 quomodolibet
1717 1276 1892 1309 innodatus
1924 1275 1988 1309 exi-

1250 1330 1313 1370 stit,
1340 1329 1379 1362 ad
1407 1329 1554 1362 effectum
1580 1329 1802 1372 praesentium
1828 1329 1991 1362 dumtaxat

1250 1382 1532 1426 consequendum,
1554 1382 1669 1414 harum
1687 1382 1769 1414 serie
1787 1381 1990 1415 absolventes

1251 1441 1282 1468 et
1299 1436 1481 1468 absolutum
1507 1435 1575 1467 sore
1601 1439 1786 1475 censentes,
1805 1434 1990 1468 huiusmodi

1251 1488 1547 1532 supplicationibus
1575 1487 1740 1528 inclinati,
1768 1488 1934 1521 modernis
1959 1493 1992 1521 et

1251 1553 1310 1585 pro
1341 1547 1486 1584 tempore
1518 1541 1731 1574 existentibus
1763 1540 1990 1584 superioribus

1252 1594 1458 1637 generalibus
1480 1594 1585 1627 dictae
1603 1594 1888 1636 Congregationis,
1907 1594 1992 1627 aliis-

1252 1658 1314 1690 que
1346 1647 1385 1680 ad
1419 1658 1499 1689 quos
1532 1652 1657 1689 spectat
1688 1652 1719 1679 et
1751 1657 1811 1690 pro
1845 1652 1992 1690 tempore

1252 1700 1519 1743 quandocumque
1545 1699 1726 1742 spectabit,
1753 1705 1788 1732 ut
1812 1699 1892 1743 ipsi,
1919 1710 1993 1733 eve-

1252 1753 1363 1785 niente
1387 1752 1477 1784 obitu
1492 1752 1724 1795 cuiuscumque
1740 1752 1893 1785 monachi
1911 1752 1993 1785 eius-

1253 1805 1325 1837 dem
1351 1804 1643 1846 Congregationis,
1671 1804 1758 1837 illius
1783 1804 1925 1847 spolium
1962 1810 1994 1837 et

1253 1857 1487 1890 haereditatem
1503 1856 1642 1899 collegio
1657 1856 1879 1889 universitatis
1893 1856 1990 1890 studii

1253 1909 1416 1952 generalis
1435 1909 1572 1942 civitatis
1590 1908 1833 1942 Colimbriensis
1851 1909 1993 1953 Congre-

1253 1962 1392 2007 gationis
1418 1962 1627 2006 praedictae,
1647 1972 1750 2005 usque
1769 1962 1807 1995 ad
1833 1962 1993 2005 integram

1253 2016 1507 2050 satisfactionem
1534 2016 1617 2048 aeris
1653 2016 1751 2048 alieni
1778 2026 1841 2060 quo
1871 2015 1992 2049 dictum

1253 2069 1430 2111 collegium
1463 2073 1631 2110 gravatum
1663 2067 1789 2107 existit,
1824 2067 1927 2101 libere
1962 2075 1993 2101 et

1254 2123 1342 2155 licite
1368 2121 1535 2164 applicare
1561 2120 1692 2164 possint
1716 2131 1752 2154 ac
1770 2120 1922 2160 debeant,
1942 2131 1994 2153 au-

1254 2174 1404 2207 ctoritate
1424 2174 1614 2216 apostolica,
1633 2179 1745 2206 tenore
1763 2173 1994 2216 praesentium,

1254 2227 1463 2260 concedimus
1483 2232 1514 2259 et
1532 2227 1750 2268 indulgemus,
1770 2236 1817 2267 ae,
1834 2232 1993 2269 quatenus

1255 2290 1335 2322 opus
1361 2279 1420 2319 sit,
1446 2279 1542 2311 etiam
1569 2279 1601 2311 in
1627 2279 1746 2311 virtute
1771 2284 1902 2312 sanctae
1919 2279 1995 2312 obe-

1256 2332 1397 2365 dientiae
1422 2332 1641 2375 praecipimus
1666 2338 1697 2365 et
1721 2332 1924 2365 mandamus.

1299 2387 1314 2428 §
1339 2385 1370 2417 Ιι.
1398 2385 1631 2425 Decernentes‚
1654 2384 1782 2417 easdem
1810 2389 1995 2427 praesentes
2031 2393 2108 2419 simup
2127 2397 2179 2422 sem-

1255 2438 1379 2470 litteras
1404 2436 1528 2476 firmas,
1555 2437 1678 2469 validas
1705 2441 1737 2469 et
1762 2436 1906 2470 efficaces
1935 2423 2086 2477 exi-{33³3
2104 2419 2180 2472 12¹?ssssssss

1255 2496 1341 2523 stere
1367 2495 1397 2522 et
1423 2490 1501 2529 sore,
1529 2500 1670 2533 suosque
1696 2489 1863 2533 plenarios
1890 2496 1922 2523 et
1948 2475 2043 2524 ιιι-ω’

1256 2549 1366 2586 tegros
1392 2542 1523 2576 effeetus
1548 2543 1656 2576 sortiri
1683 2548 1714 2576 et
1749 2543 1924 2584 obtinere,
1961 2554 1996 2577 ac

1255 2596 1330 2636 illis,
1355 2596 1393 2628 ad
1419 2606 1500 2639 quos
1517 2599 1652 2640 spectat,
1669 2597 1700 2629 in
1720 2595 1870 2629 omnihus
1888 2602 1919 2630 et
1938 2606 1996 2640 per

1255 2650 1364 2683 omnia
1388 2649 1580 2693 plenissime
1606 2649 1793 2694 suffragari,
1819 2655 1850 2685 et
1873 2650 1913 2684 ab
1949 2650 1995 2685 eis
