2232 3178
49 237 98 264 Αη.
113 235 142 263 C.
164 233 231 262 1738

48 297 135 319 mend,
153 298 226 316 uonna
237 291 297 320 sus,
312 282 388 322 quod
405 291 511 321 nempe
524 286 624 313 contra
642 283 812 321 monachoS,
829 287 860 313 ut
877 292 976 322 supra,

48 330 102 346 ¹²⁰⁵·
237 330 441 370 delinquentes
464 341 521 361 non
544 332 739 362 conficiantur
762 341 915 371 processus
931 341 978 361 su-

239 389 290 419 per
312 381 452 419 qualitate
475 385 503 410 et
524 381 727 411 verificatione
749 382 849 411 delicti
872 381 907 411 ab
936 381 978 411 eis

236 429 398 466 commissi,
435 430 569 459 volumus
602 431 678 469 quod
711 431 740 460 in
777 434 923 469 posterum
947 430 975 459 in

236 477 360 515 singulis
376 477 504 514 casibus,
521 478 551 507 in
568 478 675 517 quibus
693 479 799 517 aliquis
817 478 977 508 monachus

235 526 345 555 crimen
364 527 524 564 patraverit
539 526 574 556 ob
591 527 669 566 quod
692 526 789 566 puniri
814 531 975 564 mereatur,

235 574 370 613 superior
405 583 576 613 processum
611 584 662 614 per
694 575 820 614 aliquem
852 575 975 613 peritum

235 622 338 652 confici
361 622 480 652 omnino
503 628 605 660 curet,
630 623 734 653 deinde
755 623 976 662 delinquentem

236 680 287 710 pro
311 670 395 700 modo
418 671 520 710 culpae
552 671 671 710 puniat,
706 680 873 710 processum
908 681 975 701 vero

235 719 264 748 in
283 719 414 749 archivio
431 720 600 749 monasterii
616 719 825 749 asservandum
842 724 973 759 reponat,

235 771 278 805 ut,
296 767 320 797 si
338 777 465 807 unquam
488 768 565 798 idem
589 769 748 799 monachus
772 768 882 808 pluries
904 769 976 798 deli-

235 816 342 855 querit,
363 817 530 847 huiusmodi
547 827 700 857 processus
716 817 860 847 inservire
885 817 975 856 possit

234 864 269 893 ad
289 864 466 903 probandam
482 865 573 904 ipsius
585 865 883 904 incorrigibilitatem,
901 875 974 904 quae

235 917 265 942 ut
288 912 445 951 plurimum
468 923 502 943 ex
524 913 638 944 defectu
657 913 772 944 debitae
791 913 973 953 probationis

233 960 411 991 excluditur.

69 1031 97 1052 oe
123 1031 223 1052 cavendis
273 1019 333 1041 vm.
358 1010 430 1046 Quia
452 1021 538 1051 saepe
561 1022 595 1042 ex
619 1011 712 1042 nimia
733 1011 906 1041 aedificandi
925 1021 974 1041 cu-

43 1058 354 1105 :fflffissssssssssssssffividitate
387 1060 564 1090 monasteria
594 1060 736 1091 iacturam
766 1070 900 1099 magnam
924 1070 973 1100 pa-

43 1109 363 1158 ssssdmfflss'tinaffissfiunffls’
385 1109 574 1139 meminerint
602 1109 725 1149 praelati
748 1113 776 1139 et
810 1110 972 1139 visitatores

41 1165 148 1186 strattone.
232 1167 264 1187 ea
288 1167 361 1197 quae
383 1157 418 1187 de
441 1158 583 1188 aedificiis
612 1157 853 1197 praescribuntur
875 1158 905 1187 in
924 1158 972 1187 de-

232 1205 392 1236 claratione
415 1206 560 1244 regulam,
584 1216 648 1245 cap.
667 1216 742 1236 cxvi.
760 1206 838 1242 Quae
854 1206 970 1245 quidem

232 1254 266 1284 de
295 1254 437 1284 aedificiis
466 1254 623 1284 constituta
654 1255 777 1293 intelligi
809 1259 896 1294 atque
923 1254 971 1284 ob—

231 1303 343 1333 servari
376 1303 510 1332 volumus
540 1304 627 1333 etiam
662 1304 696 1333 de
727 1303 971 1334 extraordinariis

231 1351 367 1391 expensis
389 1352 419 1380 in
442 1351 606 1390 hospitibus
640 1352 845 1391 suscipiendis,
870 1352 900 1381 in
923 1361 970 1381 or-

231 1405 301 1429 natu
324 1399 567 1430 monasteriorum
590 1404 618 1430 et
642 1401 828 1441 templorum,
852 1405 880 1430 et
905 1400 971 1430 aliis

231 1449 410 1479 huiusmodi.
433 1448 528 1484 Quare
552 1449 716 1480 visitatores
739 1450 907 1489 provinciae
923 1460 970 1480 cu-

231 1502 296 1528 rent
331 1498 499 1536 diligenter,
534 1508 571 1528 ne
604 1499 657 1528 hac
689 1499 718 1529 in
743 1509 773 1529 re
795 1509 809 1529 a
833 1500 968 1539 quopiam

231 1551 381 1587 peccetur,
406 1552 434 1577 et
456 1548 479 1577 si
503 1547 748 1587 deprehenderint
770 1548 879 1587 aliquid
902 1558 970 1578 con-

231 1602 273 1626 tra
305 1596 414 1626 laudati
447 1597 550 1636 capitis
582 1597 762 1627 declaratum
786 1598 899 1628 admitti
921 1602 971 1627 aut

0 1627 1 1663 i
231 1645 349 1684 tentari,
372 1645 458 1675 etiam
485 1649 566 1675 extra
590 1650 685 1675 actum
711 1646 887 1676 visitationis
909 1656 970 1676 cer-

0 1668 3 1751 i
231 1694 333 1724 tiorem
356 1694 465 1723 saciant
487 1698 598 1733 patrem
634 1695 808 1733 praesidem,
844 1695 893 1734 qul
915 1699 969 1725 sta-

231 1742 281 1772 tim
304 1741 429 1772 aedificii
462 1746 490 1772 et
515 1746 683 1781 sumptuum
717 1753 904 1782 progressum
928 1744 970 1773 in-

0 1754 3 1814 i
230 1791 362 1822 terdicat.
387 1791 467 1827 Quod
490 1791 594 1821 attinet
610 1792 643 1821 ad
663 1792 807 1831 reliquam
826 1798 970 1823 monaste-

229 1841 341 1871 riorum
363 1840 662 1877 administrationem,
687 1841 843 1872 ahbatibus
866 1842 894 1871 in
911 1852 969 1872 me—

229 1890 352 1920 moriam
386 1899 557 1919 revocamus
589 1893 718 1919 exactam
752 1890 968 1921 observantiam

228 1939 470 1969 constitutionum
495 1938 734 1977 apostolicarum,
754 1940 878 1969 maxime
902 1950 969 1970 vero

228 1987 386 2018 Alexandri
408 1986 457 2016 Vll
480 1986 519 2016 De
540 1986 695 2016 cellerariis
710 1988 731 2024 ²,
755 1997 809 2027 qua
829 1987 882 2017 sub
904 1998 969 2026 gra-

229 2036 355 2067 vissimis
379 2035 481 2075 poenis
500 2035 723 2075 praescribitur,
744 2040 775 2066 ut
800 2036 946 2066 cellerarii
961 2037 970 2054 ³

228 2085 302 2116 nihil
325 2085 387 2115 sine
403 2085 526 2115 scientia
542 2089 569 2114 et
584 2084 713 2115 iussione
736 2085 849 2116 abbatis
870 2090 968 2124 agant,

229 2139 257 2165 et
280 2133 399 2164 abbates
421 2143 471 2173 per
493 2143 523 2164 se
547 2134 624 2174 ipsos
647 2134 677 2164 in
704 2144 803 2165 rerum
826 2139 970 2175 tempora-

230 2183 301 2213 lium
325 2182 580 2212 administratione
604 2193 661 2213 non
684 2193 714 2214 se
737 2184 883 2223 ingerant.

66 2249 147 2270 Pom„
170 2255 218 2270 con·
270 2241 308 2261 ix.
333 2231 476 2267 Quoniam
500 2232 651 2262 monachis
682 2233 894 2271 negotiationes
925 2243 970 2263 sa-

41 2276 287 2328 ss‘ssgocffil'gf³.‚⁴3¹2⁰⁵01'is
321 2279 483 2310 canonibus
516 2280 736 2311 interdicuntur
752 2305 759 2319 ,
785 2282 917 2311 volumus
940 2292 969 2312 o-

229 2329 330 2359 mnino
345 2329 375 2358 in
392 2338 441 2358 eos
457 2328 662 2366 animadverti,
680 2330 729 2369 qui
752 2330 862 2360 illicitis
880 2340 969 2369 nego-

229 2377 400 2408 tiationibus
422 2387 539 2417 operam
562 2378 630 2408 dare
652 2379 829 2418 deprehensi
848 2379 968 2418 suerint,

203 2424 207 2427 ’
228 2427 328 2467 eisque
352 2427 444 2465 inssigi
468 2436 576 2466 poenas
607 2436 671 2466 cap.
697 2436 752 2457 nvn
775 2432 891 2458 nostrae
926 2438 970 2459 re-

228 2477 312 2516 gulae
335 2485 365 2505 n.
389 2485 407 2506 ιι
430 2480 563 2506 statutas.

264 2540 277 2566 1
300 2539 371 2566 Edit.
392 2539 461 2566 lllain
482 2539 546 2573 legit
566 2540 667 2573 regyula
686 2542 727 2574 (u.
743 2539 792 2573 T.).

264 2584 279 2611 2
294 2584 451 2611 llabeturin
468 2587 531 2610 tom.
549 2591 609 2617 xvi,
627 2592 688 2618 pag.
700 2584 734 2611 59
746 2584 760 2611 b
772 2587 866 2620 etseq.
877 2587 968 2620 (11:12).

263 2629 279 2657 3
294 2628 362 2656 Male
378 2628 444 2655 edit.
463 2627 542 2655 Μαίη.
558 2628 623 2662 legit
639 2629 812 2656 cancellarii
826 2634 863 2664 (a.
879 2631 926 2664 T.).

316 2681 396 2710 Eun.
417 2681 501 2711 Rom.
523 2696 556 2702 —
579 2681 638 2710 Vol.
659 2681 786 2712 XXXIV.
914 2682 949 2710 62

855 233 996 259 CLEMENS
1022 234 1065 259 ΧΠ
1089 235 1140 260 ΡΡ.

1660 225 1724 260 489
1769 234 1819 263 An.
1836 234 1864 264 c.
1887 236 1954 265 1738

1061 293 1088 313 x.
1113 283 1182 314 Cum
1206 284 1279 314 nihil
1303 285 1394 323 magis
1417 285 1626 315 monachorum
1645 286 1718 316 vitae
1733 290 1760 315 et
1799 298 1836 318 va
1860 297 1955 318 amiten-

1021 333 1199 363 monasticae
1223 333 1397 373 disciplinae
1427 339 1548 371 noceat,
1572 337 1660 374 quani
1681 326 1810 374 cupi-'⁰⁴'

1019 380 1093 410 ditas
1117 382 1236 411 honoris
1260 386 1287 412 ct
1310 382 1471 420 dignitatis,
1504 388 1657 413 teneantur
1681 394 1760 423 prae-

1019 438 1083 464 ses,
1104 429 1286 469 visitatores,
1306 435 1477 469 procurator
1492 432 1638 470 generalis
1657 437 1684 462 et
1701 443 1760 461 mo-

1020 478 1214 507 nasteriorum
1242 479 1409 518 superiores
1440 480 1569 518 patribus
1599 481 1760 511 delinitori-

1019 524 1072 554 bus
1092 526 1200 555 referre
1217 527 1325 564 ossieia,
1347 528 1628 567 commendationeS,
1647 539 1758 568 preces,

1019 582 1091 611 quas
1113 573 1251 604 deserunt
1273 575 1449 612 saeculares,
1479 576 1707 611 ecclesiasticae,
1731 588 1759 606 a-

1019 621 1134 660 liaeque
1158 632 1299 661 personae
1322 634 1536 664 quaecumque,
1561 630 1592 655 ut
1615 626 1643 655 in
1668 626 1759 655 Bullis

1018 669 1153 708 Gregorii
1172 670 1234 700 Xlll
1258 675 1286 700 et
1310 672 1417 701 l'rbani
1436 673 1495 701 t'lll
1515 677 1614 702 contra
1631 673 1758 702 ambien-

1020 721 1074 755 tes,
1092 719 1121 748 in
1138 719 1267 749 savorem
1290 720 1414 749 alicuius
1433 721 1467 750 ad
1486 721 1660 751 obtinendas
1677 732 1759 760 prae-

1018 766 1138 804 laturas,
1170 767 1340 805 dignitates,
1375 770 1496 807 gradus,
1530 770 1636 808 officia,
1669 771 1759 800 admi-

1018 815 1218 853 nistrationes,
1253 821 1328 853 etc.;
1362 827 1418 856 qua
1441 828 1472 847 re
1502 820 1637 856 cognita,
1663 824 1759 858 patres

1018 863 1187 895 definitores
1219 865 1330 904 eligant
1359 866 1431 896 duos
1455 867 1497 896 vel
1523 871 1580 896 tres
1614 866 1757 903 abbateS,

1017 913 1066 951 qui
1102 918 1237 944 accurate
1270 914 1422 953 inquirant
1455 919 1483 945 et
1519 915 1710 953 examinent,
1735 916 1758 945 si

1017 961 1082 1000 quis
1106 962 1194 992 suerit
1218 963 1271 992 hac
1294 963 1324 993 in
1347 972 1377 993 re
1401 964 1440 993 ita
1464 964 1624 1003 deliquisse
1646 965 1758 994 denun-

1017 1010 1106 1040 tiatus
1131 1015 1162 1041 ut
1185 1021 1252 1041 vere
1276 1012 1411 1042 convinci
1436 1012 1527 1051 possit
1549 1022 1687 1042 censuras
1716 1013 1757 1042 in<

1016 1059 1162 1096 currisse3
1182 1060 1259 1099 quod
1283 1060 1306 1090 si
1330 1061 1532 1099 cognoverint,
1553 1066 1706 1091 serventur
1725 1072 1756 1091 ea

1016 1116 1089 1145 quae
1112 1112 1282 1138 statuuntur
1305 1108 1333 1138 in
1351 1109 1442 1139 Bullis
1458 1109 1594 1147 laudatis,
1619 1110 1679 1139 sive
1697 1110 1757 1149 ipse

1016 1155 1157 1185 institerit
1179 1157 1254 1195 apud
1278 1157 1442 1196 praedictas
1459 1167 1610 1196 personas,
1627 1158 1687 1188 sive
1707 1168 1758 1197 per

1016 1204 1143 1234 medium
1166 1205 1287 1235 alterius
1310 1206 1397 1236 etiam
1417 1211 1534 1236 nostrae
1553 1207 1757 1245 Congregatio-

1015 1253 1059 1283 nis
1083 1255 1154 1285 tales
1176 1255 1332 1286 instantiae
1365 1260 1394 1286 et
1423 1257 1643 1286 sollicitationes
1676 1267 1758 1296 prae-

1014 1308 1167 1333 sumantur
1199 1305 1291 1334 factae
1324 1304 1360 1334 de
1392 1305 1455 1335 eius
1477 1306 1683 1336 commissione
1705 1315 1757 1336 seu

1015 1351 1179 1390 voluntate3
1203 1353 1227 1382 si
1251 1363 1318 1383 vero
1334 1353 1471 1383 convinci
1493 1358 1631 1393 nequeat,
1648 1359 1675 1385 et
1691 1364 1757 1393 gra-

1014 1399 1057 1428 vis
1077 1404 1172 1430 tamen
1189 1401 1319 1440 suspicio
1336 1406 1497 1440 remaneat,
1516 1403 1550 1432 ad
1567 1403 1630 1433 eius
1646 1403 1756 1433 instan-

1014 1449 1082 1478 tiam
1120 1459 1239 1489 preces,
1276 1452 1561 1490 commendationes,
1598 1457 1626 1483 et
1661 1453 1756 1483 officia

1013 1498 1142 1528 adhibita
1175 1499 1277 1537 fuisse,
1313 1509 1400 1530 causa
1434 1505 1616 1540 proponatur
1648 1502 1756 1532 iterum

1013 1546 1195 1577 discutienda
1218 1548 1247 1578 iu
1271 1549 1407 1579 omnibus
1429 1550 1621 1589 sequentibus
1644 1551 1756 1590 capitu-

1014 1596 1048 1626 lis
1080 1597 1288 1634 generalibus,
1312 1598 1405 1628 donec
1438 1598 1606 1629 definiatur.
1642 1599 1754 1629 Interea

1015 1650 1122 1683 tamen,
1143 1646 1192 1685 qui
1215 1646 1257 1676 sie
1280 1647 1373 1685 egisse
1397 1647 1425 1677 iu
1446 1648 1643 1686 suspicionem
1666 1648 1753 1685 cadit,

1014 1694 1103 1723 nullis
1125 1694 1230 1724 officiis
1252 1700 1300 1725 aut
1323 1695 1539 1734 dignitatibus,
1569 1706 1643 1735 quae
1666 1706 1679 1726 a
1705 1707 1754 1736 pa-

1014 1742 1106 1772 tribus
1143 1743 1346 1774 definitoribus
1379 1749 1428 1774 aut
1460 1745 1588 1784 capitulo
1623 1746 1753 1784 generali

1013 1791 1215 1827 conseruntur,
1240 1793 1339 1822 ornari
1363 1793 1465 1832 possit.

1054 1849 1091 1869 xi.
1109 1840 1293 1879 Compertum
1310 1845 1364 1877 est,
1381 1841 1456 1871 bona
1477 1841 1658 1880 temporalia,
1679 1852 1753 1881 quae
1806 1847 1834 1877 De
1859 1847 1949 1868 adunru-

1012 1888 1142 1918 subsidia
1165 1893 1233 1919 sunt
1257 1889 1342 1919 huius
1364 1891 1452 1929 vitae,
1479 1891 1601 1920 multum
1621 1892 1753 1921 conferre
1764 1876 1867 1926 lffss?‡lssln⁶.
1898 1877 1949 1927 ¹52¹?

1012 1936 1047 1966 ad
1084 1937 1248 1976 regularem
1280 1938 1466 1978 disciplinam
1496 1940 1690 1969 retinendam.
1724 1927 1862 1970 Simmm‘*

1012 1986 1103 2024 igitur
1125 1986 1159 2016 ad
1183 1986 1319 2016 notitiam
1343 1987 1497 2025 regiminis
1532 1988 1647 2018 venerit
1671 1998 1755 2028 prae-

1012 2034 1102 2064 latum
1125 2035 1253 2074 aliquem
1276 2036 1350 2065 male
1372 2036 1579 2067 administrare
1601 2037 1674 2067 bona
1695 2047 1754 2068 mo-

1013 2084 1132 2114 nasterii
1149 2108 1156 2122 ,
1180 2084 1312 2123 regimen
1336 2090 1454 2116 moneat
1486 2086 1630 2121 abbatem,
1649 2091 1683 2119 ,et
1706 2097 1755 2126 op-

1013 2133 1146 2172 portunis
1170 2134 1309 2164 remediis
1327 2139 1409 2165 curet
1439 2139 1470 2165 ut
1501 2135 1636 2166 eumdem
1660 2136 1755 2166 deter-

1013 2186 1074 2212 reat
1096 2182 1130 2212 de
1154 2183 1300 2213 sententia
1315 2208 1322 2222 ‚
1347 2188 1375 2214 et
1407 2184 1436 2214 in
1469 2185 1565 2215 officio
1588 2186 1753 2222 contineat3

1012 2231 1089 2271 quod
1113 2232 1136 2261 si
1160 2231 1250 2261 abbas
1272 2232 1413 2263 desistere
1436 2233 1576 2272 noluerit,
1597 2243 1648 2273 pro
1672 2234 1755 2265 modo

1012 2282 1211 2311 contumaciae
1243 2282 1277 2312 ad
1309 2282 1448 2312 ulteriora
1480 2283 1638 2322 procedat,
1663 2293 1756 2322 usqne

1012 2330 1047 2359 ad
1080 2331 1303 2370 suspensionem
1326 2341 1340 2361 a
1364 2331 1507 2370 regimine
1539 2336 1567 2361 et
1594 2333 1756 2372 deputatio-

1012 2388 1078 2409 nem
1102 2379 1363 2410 administratoris,
1388 2381 1449 2410 lloc
1471 2385 1568 2410 autem
1592 2381 1654 2411 loco
1669 2391 1756 2420 expe-

1011 2428 1074 2458 dire
1097 2428 1272 2467 iudicamus,
1290 2429 1313 2458 si
1331 2429 1481 2459 decretum
1499 2430 1571 2459 alias
1587 2434 1754 2459 emanatum

1012 2487 1026 2507 a
1044 2478 1172 2518 capitulo
1188 2477 1317 2516 generali
1334 2478 1403 2507 anni
1419 2487 1578 2508 nnccxxxn
1594 2482 1754 2517 repetatur,

1012 2532 1040 2558 et
1071 2527 1117 2556 liic
1146 2527 1306 2563 inseratur,
1334 2527 1410 2566 quod
1437 2527 1478 2556 sic
1507 2526 1608 2556 habet:
1633 2538 1644 2553 (ι
1670 2527 1756 2556 Prac-

1012 2577 1089 2606 sules
1105 2575 1350 2606 monasteriorum
1367 2575 1396 2605 in
1412 2575 1549 2614 gravibus
1565 2574 1755 2614 quibuscum-

1012 2634 1067 2664 que
1091 2624 1191 2662 rebus,
1215 2623 1317 2663 quales
1338 2628 1407 2655 sunt
1425 2624 1669 2664 constructiones,
1686 2624 1755 2655 alie-
