2232 3178
275 246 316 268 tn.
334 244 360 270 (ἱ.
389 243 456 270 1Ἶ39

288 1990 452 2010 (immutationes

270 2016 354 2036 Ornlmis
390 2022 452 2042 snper

271 2043 309 2062 hu·-
371 2044 451 2063 servari

270 2069 375 2094 praet-ipit,
406 2070 452 2090 Cle-

268 2102 335 2116 llhssl‘m

504 236 565 268 5-4-'1

464 293 631 335 regulares
650 292 790 325 cuiusvis
807 292 947 333 Ordinis,
965 292 995 324 in
1018 291 1144 324 casibus
1170 290 1200 322 in

464 345 581 387 quibus
608 345 774 388 appellare
794 345 832 377 de
852 345 919 377 iure
938 345 1024 384 licet,
1042 344 1072 377 id
1095 344 1201 376 facere

463 398 604 430 debeant
629 398 786 440 gradatim
816 397 854 429 ad
881 397 927 429 sui
954 396 1082 430 Ordinis
1107 407 1202 439 supc-

464 451 576 489 riores,
603 462 620 482 a
647 450 753 492 priore
779 450 929 482 nimirum
956 450 994 483 ad
1022 449 1201 493 provincia-

464 505 549 541 lem,
576 508 607 535 et
642 515 659 535 a
698 503 885 545 provinciali
913 503 952 535 ad
988 504 1175 545 generalem
1193 529 1200 543 ,

463 561 636 598 :uitequam
654 555 768 588 Scdcm
787 556 1005 598 Apostolicam
1026 555 1115 588 adire
1134 566 1202 598 pos-

462 608 546 640 sint:
572 609 785 640 nihilominus
807 609 868 650 ipsi
897 614 1110 651 exponentes
1138 618 1201 640 non

462 661 531 692 sine
550 671 662 693 eorum
683 661 779 692 animi
798 671 958 699 moerore,
979 662 1199 698 adverterunt,

462 715 571 756 plures
598 714 766 754 religiosos
799 713 944 746 eiusdem
970 714 1111 753 Ordinis,
1145 723 1199 745 su·

462 766 598 809 pradicti
624 765 754 798 Ordinis
781 766 1050 798 constitutionum
1082 777 1118 799 ac
1144 765 1201 798 de-

462 818 538 851 creti
566 818 749 851 huiusmodi
769 819 989 860 immemores,
1013 819 1107 852 illave
1127 830 1203 852 exo-

462 872 524 904 leta
549 877 580 904 et
604 872 771 914 antiquata
796 882 865 904 csse
892 872 1073 911 eredentes,
1095 877 1158 905 tum
1185 883 1202 904 a

461 925 605 968 praelata
620 924 822 957 correctione
838 925 976 967 regulari
992 925 1201 967 superiorum

462 988 648 1020 provocare,
670 983 745 1017 tum,
766 977 818 1010 ubi
846 977 1019 1020 appellatio
1040 977 1201 1021 permitti-

462 1037 525 1070 tur,
551 1041 708 1073 nusquam
735 1030 903 1064 observata
925 1031 1030 1064 forma
1048 1031 1094 1063 sic
1114 1041 1201 1074 prae-

461 1084 603 1126 scripta,
646 1083 684 1115 ad
722 1084 909 1126 superiores
945 1084 1101 1116 mediatos
1137 1084 1201 1116 sive

462 1138 624 1179 praelatos
660 1136 799 1168 maiores
829 1136 958 1169 Ordinis
983 1136 1141 1179 praefati,
1166 1147 1201 1169 ac

463 1190 561 1222 etiam
600 1190 682 1222 hanc
707 1188 856 1221 Sanctam
883 1189 998 1222 Sedem
1034 1191 1201 1232 appellare

463 1249 495 1276 et
519 1253 702 1283 recurrere,
723 1243 807 1275 unde
826 1243 983 1285 regularis
1008 1243 1200 1286 disciplinae

463 1295 703 1333 detrimentum,
718 1295 979 1328 immediatorum
995 1295 1200 1338 superiorum

463 1359 643 1392 eorumque
670 1348 902 1381 iurisdictionis
923 1353 1140 1392 contemptus,
1166 1359 1202 1381 ac

463 1413 527 1436 non
547 1413 619 1435 raro
637 1402 812 1445 impunitas
838 1401 1107 1444 delinquentium,
1129 1402 1192 1435 alia

464 1466 526 1499 que
552 1455 743 1498 multiplicia
767 1455 971 1488 incommoda
996 1465 1202 1498 consequun-

464 1513 527 1540 tur.
565 1507 780 1546 Quamobrem
813 1507 876 1549 ipsi
912 1513 1132 1550 exponentes,
1169 1513 1203 1540 ut

464 1561 572 1594 debita
603 1560 805 1593 subditorum
832 1570 908 1602 erga
933 1561 1096 1603 praelatos
1125 1560 1202 1593 obe-

465 1614 597 1653 dientia,
616 1619 788 1656 exactaque
810 1613 971 1655 regularis
996 1613 1202 1646 observantia

464 1667 493 1699 in
520 1668 607 1700 dicto
631 1666 750 1699 Ordine
776 1672 1019 1706 conserventur,
1038 1672 1079 1706 et,
1098 1666 1202 1699 sicubi

464 1720 672 1759 exciderint,
712 1719 948 1758 restituantur,
980 1724 1201 1762 opportunum

463 1773 611 1815 gliscenti
636 1773 721 1804 malo
759 1777 791 1804 et
825 1772 940 1804 abusui
971 1772 1127 1805 eiusmodi
1154 1782 1203 1804 re-

462 1825 607 1858 medium
633 1824 783 1857 adhiberi
810 1830 841 1857 et
862 1825 941 1857 alias
959 1824 991 1857 in
1014 1824 1203 1867 praemissis

464 1879 640 1912 salubriter
664 1888 681 1910 a
705 1878 799 1910 nobis
814 1878 978 1921 provideri
997 1888 1202 1922 summopere

463 1931 661 1964 desiderant.

507 1986 522 2029 ἓ
547 1984 578 2018 2.
601 1984 675 2026 Nos,
695 1985 838 2028 ipsorum
865 1984 1097 2028 exponentium
1121 1985 1202 2018 votis

463 2039 523 2072 hac
547 2038 578 2071 in
605 2048 651 2079 re,
690 2043 844 2081 quantum
871 2047 941 2070 cum
968 2037 1104 2071 Domino
1130 2048 1204 2081 pos-

463 2102 592 2131 sumus,
622 2091 842 2124 favorabiliter
866 2101 1009 2124 annuere
1035 2091 1201 2133 volentes,

463 2151 494 2178 et
519 2155 631 2178 eorum
657 2144 837 2187 singulares
857 2155 1015 2187 personas
1035 2155 1052 2177 a
1070 2144 1202 2188 quibus-

462 2199 509 2232 vis
534 2197 898 2238 excommunicationis,
925 2197 1148 2240 suspensionis
1173 2203 1203 2230 et

462 2252 635 2291 interdicti,
662 2251 798 2294 aliisque
824 2250 1048 2283 ecclesiasticis
1074 2256 1202 2283 senten-

463 2305 526 2345 tiis,
552 2305 699 2337 censuris
725 2310 756 2337 et
780 2304 907 2347 poenis,
933 2315 950 2337 a
976 2305 1044 2337 iure
1078 2305 1127 2338 vel
1162 2305 1201 2337 ab

464 2358 608 2398 homine,
631 2358 743 2401 quavis
769 2358 942 2391 occasione
964 2359 1012 2390 vel
1038 2361 1132 2391 causa
1157 2360 1202 2392 la-

465 2411 513 2450 tis,
539 2411 563 2443 si
594 2411 711 2453 quibus
747 2410 993 2453 quomodolibet
1027 2411 1201 2444 innodatae

464 2464 621 2502 existunt,
640 2464 678 2497 ad
698 2463 846 2497 effectum
865 2465 1086 2507 praesentium
1112 2465 1203 2498 dum-

465 2523 552 2551 taxat
577 2518 860 2561 consequendum,
886 2518 1001 2550 harum
1037 2518 1122 2551 serie
1147 2518 1203 2551 ab·

1045 242 1228 267 unctantem
1257 242 1414 268 Romarm

1245 301 1343 334 super
1369 292 1430 325 hoc
1455 292 1624 326 humiliter
1641 286 1983 337 porrectisinclinati,

1247 346 1397 378 omnibus
1424 351 1456 379 ct
1480 345 1617 388 singulis
1654 346 1728 378 dicti
1761 346 1889 380 Ordinis
1924 347 1984 379 sra-

1249 398 1350 430 tribus
1384 404 1415 431 et
1447 399 1607 441 personiS,
1642 399 1780 432 cuiusvis
1811 399 1984 442 dignitatis,

1246 451 1367 493 gradus
1394 457 1425 483 ct
1450 451 1646 484 conditionis
1673 451 1819 490 existant,
1842 452 1986 494 appella-

1248 503 1367 536 tionem
1403 514 1419 535 a
1450 503 1652 536 correctione
1679 503 1817 545 regulari
1855 514 1984 536 suorum

1246 556 1453 598 superiorum
1494 556 1531 588 ad
1582 556 1714 589 sormam
1764 561 1985 589 enarraturum

1246 608 1531 646 constitutionum,
1558 619 1594 641 ac
1631 609 1688 641 sul)
1724 609 1838 651 poenis
1875 608 1905 640 in
1938 608 1984 641 eis

1246 661 1413 700 contentis,
1437 661 1625 694 auctoritate
1652 662 1844 704 apostolica,
1873 667 1983 693 tenore

1246 714 1487 756 praesentium,
1515 714 1760 754 interdicimus3
1794 714 1826 746 in
1853 714 1984 746 casibus

1246 777 1330 804 vero,
1351 766 1381 798 in
1401 767 1519 810 quibus
1542 767 1658 799 iisdem
1679 766 1829 799 fratribus
1854 767 1893 800 de
1914 767 1984 799 iure

1247 819 1293 851 vel
1320 819 1407 851 iuxta
1432 819 1680 852 constitutiones
1715 819 1896 863 praedictas
1932 830 1985 863 ap-

1246 873 1370 915 pellare
1398 879 1452 905 aut
1477 883 1644 906 recurrere
1671 873 1759 913 licet,
1787 872 1818 906 id
1839 883 1902 905 non
1928 873 1986 906 ali-

1248 931 1296 957 ter
1314 925 1468 968 deinceps
1487 925 1553 958 sieri
1573 936 1666 969 posse
1693 925 1873 965 statuimus,
1890 936 1985 968 quam

1246 978 1415 1019 gradatim,
1430 989 1446 1010 a
1464 978 1652 1020 gravamine
1671 978 1793 1011 scilicet
1809 978 1927 1020 prioris
1945 978 1984 1011 ad

1247 1031 1494 1074 provincialem,
1514 1036 1544 1063 et
1569 1041 1585 1062 a
1611 1030 1799 1073 provinciali
1825 1030 1864 1063 ad
1890 1040 1985 1072 gene-

1246 1084 1368 1124 ralem,
1406 1084 1485 1116 itaut
1521 1094 1635 1116 causae
1660 1082 1891 1126 appellationis
1927 1093 1985 1115 seu

1247 1148 1395 1170 recursus
1413 1137 1607 1177 huiusmodi,
1622 1142 1793 1178 antequam
1812 1136 1851 1168 ab
1869 1135 1982 1169 eodem

1245 1190 1397 1223 ministro
1424 1189 1569 1232 generali
1599 1189 1750 1231 cognitae
1775 1193 1807 1221 et
1832 1187 1985 1222 definitae

1247 1243 1374 1281 suerint,
1402 1248 1491 1275 extra
1527 1242 1648 1275 dictum
1675 1241 1827 1274 Ordinem
1864 1241 1984 1274 deferri

1246 1302 1278 1330 et
1303 1296 1417 1339 agitari
1444 1300 1620 1339 nequeant.

1289 1352 1302 1394 g
1327 1350 1358 1383 53.
1386 1351 1430 1383 Ac
1455 1355 1630 1393 propterea
1651 1348 1801 1382 omnibus
1821 1348 1985 1382 Romanae

1245 1404 1359 1437 Curiae
1384 1403 1599 1436 tribunalibus
1624 1413 1661 1435 ac
1680 1402 1851 1443 iudicibus,
1871 1408 1902 1435 et
1919 1414 1985 1446 qm-

1245 1457 1352 1490 busvis
1379 1457 1474 1490 etiam
1506 1456 1742 1490 venerabilium
1767 1456 1900 1489 fratrum
1926 1467 1984 1490 no-

1245 1516 1386 1544 strorum
1411 1509 1443 1543 S.
1462 1510 1499 1542 R.
1519 1510 1552 1543 E.
1571 1509 1755 1552 praedictae
1774 1509 1985 1543 cardinalium

1245 1563 1568 1606 congregationibus,
1594 1572 1720 1596 necnon
1739 1561 1829 1595 Sedis
1847 1563 1986 1606 Aposto-

1246 1617 1327 1649 licae
1353 1615 1479 1648 nunciis
1509 1625 1594 1648 nunc
1619 1621 1650 1647 et
1667 1625 1725 1658 pro
1750 1620 1895 1658 tempore
1920 1616 1986 1649 exi-

1246 1669 1413 1707 stentibus,
1438 1679 1477 1701 ne
1503 1668 1637 1700 fratrum
1673 1667 1748 1700 dicti
1780 1667 1909 1700 Ordinis
1933 1678 1986 1712 ap-

1245 1722 1456 1766 pellationem
1497 1731 1554 1754 seu
1594 1731 1759 1754 recursum
1800 1721 1983 1762 admittant,

1245 1785 1423 1817 causasque
1459 1773 1640 1817 praedictas
1665 1779 1886 1816 cognoscant,
1921 1774 1983 1808 nisi

1245 1828 1335 1871 prius
1360 1828 1406 1860 eis
1431 1826 1574 1869 legitime
1598 1826 1789 1866 constiterit,
1824 1827 1895 1860 illas
1927 1837 1986 1870 per

1246 1881 1350 1914 dictos
1369 1880 1566 1924 superiores,
1583 1885 1760 1912 memorato
1778 1879 1894 1912 ordine
1919 1890 1985 1913 ser-

1245 1940 1317 1968 vato
1334 1961 1341 1974 ,
1379 1933 1525 1976 cognitas
1546 1937 1577 1966 et
1601 1932 1750 1965 definitas
1779 1932 1878 1966 fuisse
1893 1959 1900 1973 ‚
1925 1934 1984 1966 sub

1246 1988 1350 2031 poena
1375 1986 1531 2020 nullitatis
1567 1990 1710 2018 actorum
1736 1995 1771 2017 ac
1795 1985 1870 2018 inde
1895 1996 1985 2019 secu-

1248 2046 1366 2081 torum,
1392 2045 1432 2079 et,
1458 2039 1564 2083 quoad
1589 2038 1761 2081 religiosos
1779 2039 1983 2082 appellantes

1245 2095 1293 2127 vel
1327 2097 1528 2126 recurrentes
1556 2091 1611 2135 qui
1642 2090 1831 2135 praemissis
1861 2097 1985 2125 contra-

1245 2146 1402 2186 veucrint‚
1419 2145 1479 2178 sub
1498 2144 1649 2188 gravibus
1670 2150 1783 2177 nostro
1802 2150 1832 2177 et
1849 2144 1984 2178 Romani

1246 2198 1408 2233 Pontificis
1444 2208 1502 2241 pro
1537 2203 1682 2241 tempore
1714 2198 1877 2231 existentis
1902 2197 1984 2231 arbi-

1246 2252 1307 2284 trio
1336 2250 1519 2293 infligendis
1545 2251 1680 2294 poenis,
1708 2250 1819 2283 eadem
1844 2251 1983 2284 auctori-

1245 2311 1308 2339 tate
1334 2306 1450 2338 harum
1475 2304 1556 2337 serie
1581 2303 1804 2347 prohibemus.

1289 2359 1303 2401 ἓ
1327 2358 1359 2390 4.
1379 2358 1604 2397 Decernentes,
1624 2357 1708 2399 ipsas
1733 2364 1919 2400 praesentes
1936 2357 1983 2390 lit-

1247 2418 1328 2444 teras
1353 2420 1481 2454 semper
1505 2409 1623 2450 firmas,
1640 2410 1760 2443 validas
1785 2416 1815 2442 et
1839 2411 1982 2444 efficaces

1246 2465 1381 2498 existere
1418 2469 1450 2497 et
1485 2464 1576 2504 sore,
1602 2473 1739 2507 suosque
1764 2464 1928 2507 plenarios
1952 2469 1983 2497 et

1245 2519 1388 2561 integros
1414 2517 1546 2551 effectus
1572 2517 1682 2551 sortiri
1709 2523 1739 2550 et
1763 2517 1920 2558 obtinere,
1946 2528 1982 2552 ac

463 2572 628 2603 solventes
654 2575 687 2603 et
718 2570 881 2603 absolutas
916 2571 983 2603 fore
1010 2576 1201 2611 censentes,
1245 2571 1283 2603 ab
1308 2570 1384 2611 illis,
1409 2570 1447 2603 ad
1474 2580 1555 2614 quos
1572 2574 1694 2614 spectat
1710 2574 1741 2603 et
1757 2580 1818 2616 pro
1835 2574 1982 2614 tempore

463 2623 752 2667 supplicationibus
788 2633 900 2657 eorum
937 2623 1068 2657 nomine
1108 2624 1202 2657 nobis
1245 2624 1517 2668 quandocumque
1548 2623 1724 2668 spectabit,
1751 2623 1982 2658 inviolabiliter

1966 1402 1972 1408 ,
1995 1388 2094 1404 recursus
2113 1390 2125 1404 a
2147 1386 2176 1406 iu-

1993 245 2041 270 An.
2058 245 2085 270 c.
2112 223 2195 287 ¹739{'

2021 1356 2089 1378 Saeua
2105 1363 2176 1380 eorum

1995 1409 2079 1431 diuinus
2119 1415 2176 1436 extra

1996 1436 2094 1459 Ordinem
2141 1440 2177 1461 ad·
2226 1441 2232 1448 ¹

1995 1464 2049 1484 mitti
2065 1467 2129 1486 vetat.

2006 2366 2084 2392 Sisque
2093 2370 2136 2386 sem
2151 2368 2172 2384 οι·

1993 2394 2014 2413 et
2028 2393 2106 2422 ubique
2117 2392 2137 2412 iu
2152 2391 2172 2411 ot

1993 2424 2079 2440 servari.
