2232 3178
39 207 88 231 Αη,
106 204 135 230 C.
159 201 227 229 ¹734

236 251 379 294 quinque
406 259 443 282 ex
468 249 711 282 venerabilibus
737 248 892 280 fratribus
925 257 979 279 no-

236 304 309 336 stris
343 303 373 336 S.
407 303 444 335 R.
479 303 513 335 Ε.
542 302 760 335 cardinalibus
786 311 852 333 rem
880 305 977 332 totam

236 356 482 390 examinandam
516 355 758 395 commisimus,
784 360 838 394 ut,
865 355 917 386 liis
950 364 980 386 o-

236 410 366 443 mnibus
393 412 457 442 una
481 420 552 442 cum
579 408 716 451 singulis
751 408 818 440 suis
847 407 979 439 circum·

237 463 364 495 stantiis
391 463 566 503 diligenter
592 461 789 505 perpensis,
817 460 895 503 quid
930 470 982 492 ac-

239 517 332 560 quius
358 522 389 549 et
404 516 515 549 utilius
533 527 549 548 a
567 515 660 548 nobis
674 514 881 547 statuendum
898 519 983 546 esset

239 571 299 614 ipsi
325 575 554 613 suggererent:
581 569 668 612 quod
696 568 828 612 quidem
855 567 904 599 die
922 576 981 599 xxx

239 623 359 656 mensis
384 622 583 666 septembris
609 621 754 664 proxime
786 620 884 663 elapsi
917 631 984 652 ma-

240 682 314 710 ture
343 677 500 709 fecerunt.
527 675 691 718 Siquidem
718 675 750 707 in
775 684 874 706 unum
907 684 984 706 con—

239 729 424 767 venientes,
451 734 584 772 peracto
618 727 768 770 diligenti
795 727 893 760 totius
929 736 981 758 ne-

241 783 323 827 gocii
350 783 517 821 examine,
545 783 622 826 quid
648 781 897 826 opportunioris
935 791 985 813 re-

242 836 342 869 medii
369 842 454 869 esset
479 836 713 878 adhibendum,
739 834 883 868 unanimi
910 845 986 867 con-

245 890 318 923 silio
344 895 580 933 exposuerunt..

48 954 236 1001 ssp»ffi¹=i=i·=prnlr333
291 944 305 986 ξ
329 943 360 977 6.
380 944 499 983 Quibus
525 948 617 987 grato
643 944 749 977 animo
768 943 929 986 acceptis,
953 947 988 975 ut

48 994 281 1055 {52¹lllI-531'¹¹¹‘¹¹'³'i¹¹
306 997 407 1030 Rotae
427 997 587 1031 ariditorio
606 997 727 1030 iustitia
746 1003 776 1030 et
794 1008 853 1040 pax
873 1007 905 1029 se
924 1007 987 1028 mu-

248 1057 305 1084 tuo
331 1052 578 1094 amplectantur,
598 1061 657 1084 nos
677 1056 765 1084 motu
784 1050 931 1094 proprio,
950 1061 986 1082 ex

248 1107 336 1137 certa
360 1105 493 1137 scicntia
519 1115 556 1137 ac
582 1104 818 1137 deliberatione
851 1103 987 1142 nostris,

247 1158 353 1200 deque
371 1158 571 1200 apostolicae
589 1157 757 1201 potestatis
772 1156 986 1200 plenitudine,

246 1212 355 1245 omnia
370 1217 402 1245 et
419 1212 562 1255 singula,
583 1217 646 1245 tam
672 1221 771 1254 super
797 1211 865 1243 eius
893 1211 988 1243 deca-

245 1271 336 1306 natu,
357 1276 452 1309 quam
472 1276 569 1308 super
588 1265 848 1308 quibuscumque
866 1263 937 1296 aliis
956 1262 987 1295 in

246 1319 361 1352 eodem
380 1319 540 1352 auditorio
560 1319 729 1361 hucusque
743 1317 939 1350 introductis
958 1322 990 1349 et

247 1372 415 1414 discussis,
441 1373 481 1405 ab
514 1382 552 1405 eo
583 1371 743 1410 iudicata,
769 1371 851 1403 itaut.
876 1380 990 1402 eorum

247 1425 379 1458 nullitas
404 1425 444 1458 ab
470 1424 696 1468 infrascriptis
714 1434 778 1457 non
798 1423 837 1456 ad
858 1423 989 1466 aliquod

247 1478 500 1522 praeteritorum
524 1477 781 1521 praeiudicium,
802 1477 857 1509 sed
886 1475 925 1509 ad
944 1486 992 1508 ex-

247 1531 402 1564 actiorem
438 1531 620 1563 futurorum
658 1532 828 1573 regulam,
866 1529 991 1562 desumi

248 1584 374 1628 possit,
399 1584 493 1616 firma
519 1589 551 1617 et
575 1584 702 1617 stabilia
727 1593 897 1616 remanere
931 1583 990 1615 de-

250 1637 425 1670 cernimus.
454 1637 616 1680 Deinceps
642 1647 738 1677 vero,
766 1641 797 1669 et
822 1635 993 1680 perpetuis

250 1691 363 1724 suturis
389 1691 609 1734 temporibus,
636 1691 846 1734 episcopum,
872 1689 994 1723 archie-

250 1745 421 1788 piscopum
451 1751 482 1778 et
517 1745 736 1788 patriarcham
757 1772 764 1786 ,
798 1745 894 1777 etiarn
928 1744 994 1777 titu-

250 1798 353 1838 lares,
380 1798 574 1831 decanatum
600 1804 714 1841 optare
737 1808 801 1831 non
823 1807 919 1841 posse
937 1803 996 1830 sta-

252 1852 370 1884 tuimus
387 1879 395 1892 ‚
421 1852 514 1894 sique
541 1852 699 1885 decanum
725 1852 764 1885 ad
790 1852 932 1895 aliquam
958 1862 994 1884 ex

252 1906 302 1938 his
328 1905 541 1948 dignitatibus
568 1905 663 1938 etiam
685 1905 848 1938 titularem
867 1915 996 1948 promo-

250 1959 317 1992 veri
345 1959 539 2002 contigerit,
566 1969 630 1992 non
657 1959 807 1992 obstante
830 1959 927 1991 etiam
951 1969 998 1992 re-

252 2012 398 2046 tentione
424 2013 485 2045 loci
512 2012 671 2045 auditoris
697 2014 847 2056 expressa
873 2012 904 2044 in
921 2022 997 2055 pro-

252 2065 375 2099 visione
386 2066 551 2106 ecclesiae,
563 2066 752 2099 decanatum
768 2066 872 2109 ipsum
884 2076 996 2098 vacare

253 2119 410 2152 volumus.
436 2119 542 2152 Dictas
570 2130 645 2152 vero
671 2119 717 2152 Pii
743 2119 779 2152 tv
805 2124 835 2152 et
861 2119 948 2152 Pauli
974 2119 997 2151 Y

255 2172 545 2216 praedecessorum
570 2178 758 2206 nostrorum
795 2172 998 2206 constitutio-

256 2235 313 2258 nes
348 2227 592 2269 rcstringendas
618 2237 688 2260 esse
715 2227 754 2260 ad
780 2237 890 2260 causas
926 2237 998 2270 pro-

258 2278 342 2321 prias
366 2281 545 2314 auditorum
572 2281 671 2315 Rotae
690 2286 722 2314 et
738 2281 998 2323 consanguineo-

259 2342 393 2364 neorum
419 2333 452 2366 in
470 2334 575 2377 primo
593 2335 694 2376 gradu
714 2339 848 2374 tantum,
869 2344 997 2367 necnon

259 2385 297 2418 ad
323 2395 378 2418 eos
404 2386 457 2429 qui
475 2387 654 2420 auditorum
673 2387 787 2421 studiis
804 2387 995 2420 inserviunt.

262 2437 319 2471 Ubi
351 2449 425 2472 vero
462 2440 566 2482 agitur
602 2441 641 2473 de
674 2441 764 2482 aliis,
790 2451 874 2485 quae
910 2440 998 2473 iuxta

260 2492 362 2526 dictas
387 2493 633 2527 constitutiones
658 2495 690 2527 in
717 2494 815 2528 Rotae
837 2495 998 2529 auditorio

259 2547 411 2589 cognosci
437 2557 501 2580 non
537 2552 711 2591 poterunt,
736 2558 789 2581 eas
816 2548 847 2582 in
880 2548 996 2582 eodem

260 2600 421 2635 auditorio
448 2602 599 2645 cognosci
626 2612 741 2645 posse,
768 2603 823 2636 scd
844 2603 996 2645 auditori,

855 197 1000 222 CLEMENS
1028 196 1074 220 ΧΠ
1099 197 1149 220 PP-

1689 185 1732 218 ts
1779 193 1871 219 Amo.
1896 193 1962 220 1731

1023 246 1099 278 dum
1127 250 1389 288 cognoscuntur,
1416 245 1455 276 ab
1481 243 1553 276 aula
1572 244 1765 276 exeundum.

1024 297 1091 336 Quo
1118 308 1194 331 vero
1220 298 1257 330 ad
1287 308 1402 330 causas
1428 297 1628 329 introductas
1658 302 1689 328 et
1724 295 1770 327 iu-

1026 351 1267 390 troducendas‚
1295 361 1347 383 eas
1380 356 1455 393 post
1479 360 1670 382 consensum
1698 359 1770 392 par-

1027 405 1125 444 tium,
1151 405 1246 437 etiam
1273 405 1303 437 in
1338 405 1465 437 casibus
1492 404 1522 436 in
1550 403 1668 446 quibus
1707 403 1772 434 dis-

1027 459 1158 501 ponitur
1183 459 1215 490 in
1241 459 1322 491 Rota
1347 469 1412 491 non
1438 458 1617 501 cognosci,
1643 468 1680 489 cx
1718 460 1770 490 cai-

1027 512 1098 544 dem
1126 512 1204 544 Rota
1231 512 1356 544 avocari
1385 511 1516 544 minime
1543 521 1648 554 posse.

1071 567 1086 609 ἓ
1113 566 1143 598 7.
1172 565 1362 598 Praesentes
1389 576 1520 608 quoque
1558 565 1681 597 litteras
1716 574 1771 596 no·
1807 571 1864 592 Hm
1890 572 1967 592 conui-

1743 617 1749 622 ,
1782 602 1882 618 Ιιιῐιηῐιωιι
1912 599 1967 618 intir-

1027 625 1130 658 stras,
1158 629 1230 651 cum
1268 619 1419 651 omnibus
1445 624 1476 651 ct
1502 618 1638 660 singulis
1665 618 1696 650 in
1723 628 1832 650 cismar·
1857 628 1894 661 :171²
1925 625 1966 644 una

1028 673 1204 712 contentis,
1225 673 1320 704 etiam
1348 683 1385 704 ex
1412 683 1451 705 eo
1474 673 1559 716 quod
1579 673 1618 704 ad
1637 672 1667 704 id
1688 655 1967 704 ime-1{‘„'¹.}2¹slss¹i'3.2”,⁰“

1030 736 1120 759 resse
1161 726 1323 758 habentes
1360 727 1462 758 vocati
1500 731 1531 757 et
1567 725 1667 758 auditi
1704 735 1769 757 non

1030 780 1171 817 suerint,
1198 780 1247 812 vel
1286 790 1322 812 ex
1361 790 1399 811 eo
1433 780 1519 822 quod
1560 780 1656 818 illae,
1683 780 1771 812 nulla

1030 834 1227 867 subsistente
1254 835 1365 874 causa,
1394 835 1442 866 vel
1470 833 1565 866 etiam
1599 833 1637 866 dc
1669 833 1769 871 sacto,

1031 888 1228 931 processisse
1254 887 1316 919 dici
1342 893 1489 930 possent,
1510 898 1566 920 seu
1586 888 1682 920 etiam
1702 897 1772 930 pro·

1031 941 1203 981 cesserint,
1231 946 1285 974 aut
1311 952 1346 974 ex
1373 941 1434 974 alia
1457 942 1568 985 quavis
1588 941 1720 974 iuridici]
1742 947 1773 973 et

1032 995 1175 1037 legitima
1213 995 1310 1028 etiam
1347 995 1536 1028 necessario
1563 994 1774 1039 exprimenda

1032 1050 1144 1089 causa,
1170 1050 1218 1082 vel
1256 1059 1463 1092 quocumque
1500 1054 1668 1091 praetextu
1690 1076 1697 1088 ,
1735 1048 1773 1080 de

1033 1102 1188 1135 nullitatis
1214 1102 1312 1142 vitio,
1346 1113 1401 1135 seu
1427 1102 1618 1135 intentionis
1644 1108 1774 1135 nostrae

1032 1162 1086 1188 aut
1120 1155 1233 1199 quovis
1260 1155 1323 1187 alio
1349 1155 1479 1188 defectu
1514 1155 1643 1194 notari,
1671 1155 1777 1198 impu-

1032 1209 1123 1251 gnari
1140 1236 1147 1248 ‚
1176 1208 1372 1246 invalidmi,
1399 1209 1566 1241 retractari
1595 1214 1625 1240 et
1651 1208 1688 1241 ad
1715 1214 1777 1241 ter-

1033 1262 1138 1294 minos
1164 1261 1242 1293 iuris
1268 1260 1389 1299 reduci,
1416 1267 1469 1294 aut
1494 1261 1526 1293 in
1553 1261 1602 1294 ius
1629 1263 1676 1294 vel
1703 1272 1776 1294 con-

1033 1314 1220 1348 troversiam
1247 1315 1412 1353 revocari,
1440 1325 1496 1347 seu
1524 1315 1677 1348 adversus
1702 1315 1775 1347 illas

1034 1368 1266 1411 quodcumque
1291 1367 1381 1406 iuris,
1408 1368 1479 1400 sacti
1507 1369 1556 1400 vel
1582 1368 1705 1410 gratiae
1732 1378 1777 1401 re-

1034 1422 1177 1455 medium
1204 1427 1260 1454 aut
1282 1421 1346 1454 oris
1364 1420 1579 1464 aperitionem
1598 1420 1776 1464 impetrari,

1037 1476 1086 1508 vel
1112 1475 1207 1507 etiam
1226 1479 1314 1506 motu
1335 1479 1366 1506 ct
1384 1474 1554 1518 potestatis
1572 1474 1778 1517 plenitudine

1036 1528 1198 1560 similibus
1235 1527 1368 1560 concedi
1390 1553 1397 1566 ‚
1432 1529 1481 1560 vel
1519 1528 1577 1560 sub
1615 1527 1779 1570 quibusvis

1037 1581 1347 1620 constitutionibus,
1375 1592 1411 1613 ac
1437 1587 1566 1614 nostrae
1594 1586 1625 1613 et
1650 1580 1780 1614 Cancel-

1038 1635 1138 1668 lariae
1165 1634 1372 1678 Apostolicac
1407 1635 1528 1677 regulis
1562 1635 1671 1667 editis¹
1691 1640 1722 1667 et
1746 1645 1779 1667 e-

1039 1688 1164 1728 dendis,
1188 1700 1225 1721 ac
1250 1687 1366 1721 litteris
1391 1688 1580 1731 apostolicis
1606 1688 1638 1720 in
1656 1693 1781 1721 contra-

1040 1743 1122 1775 rium
1149 1741 1243 1775 etiam
1266 1746 1355 1775 motu
1374 1741 1443 1784 pari
1462 1746 1494 1774 et
1510 1741 1782 1775 concistorialiter

1040 1796 1215 1835 emanatis,
1242 1800 1295 1828 aut
1331 1795 1496 1838 quibusvis
1530 1794 1601 1827 aliis
1628 1794 1782 1827 similium

1040 1850 1087 1882 vel
1101 1849 1307 1881 dissimilium
1321 1848 1498 1891 gratiarum
1513 1848 1781 1887 revocationibus,

1041 1903 1331 1946 suspensionibus,
1358 1902 1618 1943 limitationibus,
1638 1907 1691 1934 aut
1711 1901 1782 1934 aliis

1041 1956 1212 1989 contrariis
1239 1956 1519 1999 dispositionibus,
1545 1955 1781 1999 comprehendi

1041 2012 1133 2044 nullo
1158 2021 1300 2053 unquam
1327 2016 1474 2053 tempore
1500 2020 1606 2053 posse,
1627 2009 1683 2042 sed
1702 2019 1784 2041 sem-

1042 2075 1099 2108 per
1124 2064 1163 2097 ab
1181 2064 1246 2096 illis
1266 2063 1381 2106 excipi,
1400 2069 1441 2102 et,
1460 2063 1587 2106 quoties
1606 2062 1679 2095 illae
1698 2072 1784 2095 ema-

1042 2117 1201 2158 naverint,
1218 2117 1312 2150 toties
1338 2117 1369 2149 in
1396 2116 1567 2160 pristinum
1587 2121 1619 2148 et
1644 2126 1731 2155 eum,
1750 2115 1781 2148 in

1043 2183 1107 2216 quo
1135 2176 1209 2204 ante
1235 2170 1414 2214 praemissa
1432 2175 1533 2210 erant,
1553 2169 1784 2202 validissimum

1042 2231 1158 2258 statum
1186 2224 1367 2263 restitutas,
1395 2223 1553 2266 repositas
1580 2228 1612 2256 ct
1635 2222 1784 2266 plenarie

1043 2279 1270 2321 reintegratas,
1296 2289 1331 2310 ac
1359 2278 1397 2310 de
1416 2287 1499 2310 novo
1518 2277 1611 2309 etiam
1629 2276 1687 2308 sub
1706 2286 1784 2319 qua-

1043 2343 1182 2376 cumque
1219 2331 1390 2375 posteriori
1429 2331 1521 2369 dam,
1548 2340 1607 2373 per
1630 2340 1716 2362 nunc
1754 2334 1785 2361 ct

1043 2397 1102 2429 pro
1130 2391 1274 2429 tempore
1302 2384 1474 2417 existentes
1509 2382 1662 2415 auditorii
1693 2392 1784 2425 prae-

1043 2439 1119 2472 dicti
1156 2449 1213 2472 seu
1239 2439 1338 2472 Rotae
1364 2437 1527 2470 auditores
1564 2436 1785 2480 quandocum-

1043 2504 1106 2536 que
1132 2492 1294 2535 eligenda,
1320 2500 1506 2530 concessas,
1533 2489 1721 2532 validasque
1755 2494 1787 2521 et

1043 2548 1189 2581 efficaces
1224 2546 1292 2578 sore
1330 2550 1362 2577 et
1396 2554 1482 2583 esse,
1508 2544 1618 2587 sicque
1655 2549 1686 2576 et
1721 2553 1785 2575 non

1043 2601 1122 2635 alias
1149 2611 1206 2645 per
1231 2608 1450 2642 quoscumque
1474 2596 1596 2630 iudices
1616 2596 1710 2630 etiam
1733 2607 1786 2628 au—
