2232 3178
287 254 336 280 Au.
355 253 384 282 c.
409 253 476 281 ¹738
523 243 586 277 458

483 302 683 332 definitorium
699 301 851 341 generale)
870 300 1008 341 petierint
1024 301 1142 341 aliquod
1158 301 1224 331 sub-

483 352 612 381 levamen
645 355 764 390 propter
797 351 928 389 ipsorum
963 351 1084 380 fractam
1115 351 1224 380 valetu-

483 400 602 435 dinem,
634 403 681 428 aut
716 399 801 428 aliam
835 399 940 428 iustam
963 408 995 428 ac
1019 399 1224 428 rationabilem

484 457 600 478 causam
620 470 626 484 ‚
652 447 814 486 capitulum
837 448 893 477 tale
916 447 1106 477 sublevamen
1130 448 1225 477 indul-

483 502 549 536 geat
572 502 696 536 quatuor
719 497 762 526 vel
786 497 915 536 quinque
947 497 1038 535 magis
1068 497 1226 534 indigenti-

483 546 547 575 bus.
573 546 750 575 :tc-doniam
774 551 873 583 surgat
895 546 1071 575 secretarius
1090 546 1223 584 capituli,

483 600 510 624 et
532 595 608 633 legat
629 595 786 624 electiones
802 603 914 632 omneS‚
933 598 1052 632 statuta,
1070 599 1225 633 ceteraque

483 644 580 674 omnia
602 644 656 673 alia
681 648 741 673 acta
761 648 789 673 et
804 643 943 682 disposita
961 644 1068 682 inipso
1085 643 1224 682 capitulo,

484 702 556 732 quae
579 696 683 722 cuncta
702 692 855 722 scribenda
872 696 899 721 et
914 691 1125 721 subscribenda
1143 696 1222 729 sunt,

486 746 517 771 ut
539 741 646 770 dicitur
676 741 709 770 de
733 741 863 780 capitulo
885 740 1040 779 generali,
1071 744 1099 770 et
1127 741 1225 770 statim

485 790 661 820 dissolvatur
683 790 856 829 capitulum.

526 848 602 868 xxvr.
629 839 730 868 Postea
753 838 922 868 immediate
955 847 1073 877 praeses
1105 839 1226 877 capituli

485 889 615 927 imponat
639 892 826 926 praeceptum
845 887 981 916 omnibus
1000 887 1225 926 capitularibus,

485 942 514 968 ut
538 938 613 967 intra
637 937 740 974 viginti
764 941 888 975 quatuor
912 937 996 965 horas
1030 946 1127 966 coram
1164 937 1227 975 ipso

485 987 672 1017 manifestent
708 986 850 1025 quidquid
870 989 1008 1015 notarunt
1023 985 1098 1014 circa
1119 995 1226 1023 mores,

485 1037 614 1074 regimen
649 1039 677 1065 et
699 1035 915 1065 observantiam
945 1035 1069 1064 durante
1101 1035 1227 1064 triennio

485 1086 514 1115 in
538 1090 618 1124 patre
635 1085 805 1124 provinciali
823 1085 997 1123 praeterite,
1016 1093 1130 1114 necnon
1148 1084 1226 1114 circa

486 1134 616 1172 regimen
640 1138 667 1163 et
689 1143 809 1163 suorum
833 1134 997 1163 officiorum
1026 1133 1227 1162 executionem

486 1184 515 1213 in
539 1182 744 1212 definitoribus
776 1182 1005 1221 provincialibus
1028 1182 1228 1212 antecedenti-

487 1231 542 1261 bus
565 1231 766 1269 (desmitorum
790 1231 868 1260 enim
894 1231 1017 1260 visitatio
1037 1231 1112 1260 circa
1133 1240 1228 1260 mores

488 1281 516 1311 in
541 1290 726 1320 quacumque
749 1280 916 1309 visitatione
940 1280 1107 1319 provinciae
1134 1281 1228 1310 facta¹

488 1330 676 1369 supponitur,
701 1339 756 1368 qua
781 1339 794 1358 a
820 1329 971 1359 visitatore
995 1329 1107 1359 visitari
1124 1329 1230 1359 debent

488 1380 575 1409 etiam
588 1379 757 1408 definitores
770 1379 966 1418 provinciae),
982 1380 1147 1409 visitatione
1161 1389 1227 1410 con-

488 1430 590 1468 clusa,
615 1430 638 1459 si
662 1430 772 1469 aliquid
796 1431 917 1468 dignum
941 1432 1036 1470 poena
1064 1432 1108 1460 vel
1132 1440 1230 1471 repre-

488 1479 629 1508 hensione
653 1479 740 1508 fuerit
762 1478 930 1515 inventum,
962 1489 1078 1518 praeses
1102 1480 1179 1518 ipse,
1204 1480 1228 1510 si

488 1529 624 1568 superior
646 1529 704 1567 sit,
729 1538 794 1558 reos
818 1529 919 1568 puniat
943 1529 987 1558 vel
1010 1529 1228 1568 reprehendam

488 1577 511 1606 si
534 1582 631 1607 autem
655 1586 712 1606 non
737 1577 825 1607 suerit
847 1578 1002 1617 superior,
1032 1578 1229 1608 visitationem

488 1626 584 1656 mittat
606 1626 751 1665 superiori
774 1627 904 1665 generali
928 1626 1076 1663 familiae,
1107 1631 1137 1656 ut
1169 1627 1230 1666 ipse

488 1675 597 1705 iudicet
620 1684 702 1705 reum
726 1680 775 1705 aut
798 1685 874 1706 reos.

528 1733 616 1754 xxvu.
649 1725 699 1754 Die
722 1725 879 1764 sequenti,
903 1725 1066 1764 ultimoque
1089 1724 1228 1764 capituli,

488 1773 574 1802 missa
607 1773 747 1802 solemnis
783 1774 814 1802 cle
844 1774 966 1812 requiem
999 1783 1050 1812 pro
1084 1773 1230 1811 religiosis

488 1822 595 1852 nostris
617 1822 763 1852 defunctis
785 1826 813 1852 et
835 1822 1074 1852 benefactoribus
1097 1822 1227 1859 nostris,

489 1871 648 1910 concioque
679 1875 706 1900 et
728 1871 858 1900 solemne
880 1872 1099 1910 responsorium
1124 1871 1229 1901 halica-

489 1924 543 1949 tnr.
577 1919 686 1949 Debent
718 1924 813 1949 aulem
838 1920 1035 1959 provinciales
1058 1929 1162 1950 curare
1195 1930 1231 1950 ne

488 1968 676 1998 concionator
688 1968 794 2007 aliquis
808 1968 924 1997 satirice
938 1968 1085 2007 praedicet
1100 1968 1153 1998 sub
1164 1978 1230 2008 poe-

489 2019 527 2047 na
544 2017 681 2056 imposita
696 2018 709 2055 ἓ
722 2017 760 2046 De
774 2017 894 2056 capitulo
908 2017 1033 2054 generali
1048 2026 1127 2046 num.
1148 2026 1231 2056 xxx13

489 2076 544 2106 qua
567 2065 716 2096 functione
740 2067 876 2104 peracta,
900 2065 1079 2104 capitulares
1102 2066 1232 2096 fraterna

490 2115 633 2144 charitate
647 2115 862 2153 amplexentur,
887 2114 958 2144 etin
982 2123 1048 2144 suos
1071 2119 1232 2146 conventus

490 2164 725 2204 proficiscantur.

530 2221 630 2242 xxviu.
655 2212 686 2241 In
710 2221 779 2241 casu
802 2221 859 2252 quo
875 2212 1010 2242 minister
1025 2212 1170 2250 generalis
1186 2212 1231 2242 de-

490 2262 585 2300 signet
607 2262 636 2290 in
661 2261 825 2300 praesidem
849 2261 969 2300 capituli
994 2261 1182 2300 provincialis
1204 2271 1234 2291 a-

491 2312 599 2351 liquem
623 2320 656 2341 ex
680 2311 736 2340 alio
759 2310 861 2350 quovis
886 2311 968 2340 titulo
992 2311 1132 2348 vocalem,
1164 2315 1232 2341 tunc

491 2360 624 2390 minister
646 2360 748 2389 domus
771 2359 941 2398 capitularis
965 2358 1068 2388 habeat
1087 2364 1183 2388 votum
1202 2360 1232 2390 in

490 2409 617 2449 capitulo
641 2409 832 2448 provinciali,
856 2412 883 2438 et
900 2408 924 2437 si
943 2408 1005 2447 ipse
1023 2408 1157 2438 minister
1174 2409 1233 2438 sue-

490 2459 527 2489 rit
549 2459 645 2488 socius
667 2459 802 2496 actualiS,
820 2458 992 2496 suffragium
1012 2457 1117 2487 habeat
1136 2458 1232 2488 socius

491 2507 602 2548 primus
621 2507 650 2536 in
670 2507 827 2537 desectum.

530 2565 549 2586 1.
583 2556 787 2585 Desinitorium
825 2554 1003 2595 provinciale
1037 2559 1233 2594 congregetm

322 2604 657 2635 nedtinllomoimmeditte
689 2609 751 2644 post
784 2604 945 2643 capitulum
979 2604 1180 2643 provinciale,
1205 2609 1232 2634 et

296 2634 430 2660 provinciali.

530 2660 538 2685 1
561 2658 632 2686 Edit.
653 2658 738 2686 Main.
760 2658 801 2693 ter„
794 2658 825 2686 tt
843 2659 946 2694 sacto(
939 2661 978 2692 (n.
994 2658 1044 2694 T.)-

1066 252 1253 278 BULLARIUM
1279 252 1441 278 ROMANUM

1268 306 1365 341 postea
1394 303 1429 332 de
1463 303 1598 334 semestri
1633 303 1662 334 in
1693 307 1833 335 semestre
1861 304 1891 335 in
1921 305 2005 336 domo

1267 360 1354 390 quam
1377 351 1542 390 designabit
1575 352 1609 382 de
1632 353 1688 383 una
1720 353 1750 382 in
1773 353 1859 383 aliam
1886 363 2006 392 congre-

1267 400 1424 438 gationem3
1446 405 1640 439 congregetur
1655 401 1742 432 etiam
1759 402 1873 441 quoties
1889 403 2006 442 provin-

1268 448 1334 478 ciali
1359 449 1450 478 visum
1474 450 1573 487 suerit3
1596 450 1744 480 ordinarie
1767 455 1862 480 autem
1886 455 2007 490 quotan-

1268 497 1313 526 nis
1336 498 1479 527 celebrari
1502 498 1587 528 debet
1605 499 1633 528 in
1651 499 1780 538 qualibet
1797 500 1946 539 provincia
1960 501 2006 530 die

1268 555 1297 575 111
1314 547 1398 576 maii:
1419 547 1597 586 praedictum
1615 552 1710 578 autem
1728 548 1926 578 delinitorium
1940 558 2007 579 con-

1269 605 1390 634 surgere
1413 596 1500 627 debet
1522 606 1555 626 ex
1579 597 1730 636 superiore
1753 598 1943 637 provinciali,
1966 598 2008 628 uti

1270 644 1467 682 praesidente,
1491 649 1518 674 et
1535 655 1568 674 ex
1585 650 1709 685 quatuor
1725 646 1929 676 definitoribus
1945 656 2009 686 pro-

1270 692 1457 729 vincialibus,
1476 694 1525 733 qui
1543 704 1643 724 omnes
1659 694 1819 724 decisivum
1836 694 2008 733 suffragium

1270 741 1412 771 babeant:
1447 746 1474 772 et
1509 743 1536 772 in
1569 743 1664 782 primo
1687 743 1853 773 delinitorio
1876 744 2010 782 superior

1271 790 1471 829 provincialis,
1497 795 1524 821 et
1540 801 1640 821 omnes
1656 792 1825 822 definitores
1842 792 2010 832 provinciae

1272 839 1469 869 iuramentum
1503 840 1598 870 facere
1629 839 1758 879 debent,
1782 841 1858 870 sicut
1879 840 2012 871 definito-

1271 888 1348 917 rium
1371 889 1519 926 generale.

1311 946 1340 966 11.
1365 937 1566 967 Desinitorium
1590 938 1767 977 provinciale
1790 939 1909 969 insimul
1933 945 2012 980 pote-

1271 987 1309 1017 rit
1331 987 1484 1017 admittere
1507 988 1757 1027 renunciationes,
1782 988 1888 1027 eligere
1909 989 2012 1020 defini-

1272 1039 1347 1065 tores
1371 1033 1519 1075 novosque
1542 1036 1692 1066 ministros
1714 1037 1917 1077 redemptores
1940 1047 2011 1069 suae

1272 1084 1451 1122 provinciae,
1469 1084 1712 1124 quotiescumque
1729 1086 1895 1116 vacaverint
1910 1095 2012 1118 eorum

1272 1133 1385 1171 officia,
1409 1143 1594 1173 quocumque
1617 1134 1702 1164 titulo
1725 1139 1845 1172 vacent3
1877 1139 2013 1175 poterunt

1272 1181 1359 1210 etiam
1383 1181 1492 1219 eligere
1514 1183 1695 1212 chronistam
1729 1192 1798 1213 suae
1825 1184 2011 1223 provinciae,

1273 1240 1397 1269 necnon,
1418 1241 1451 1260 ex
1469 1232 1656 1262 concessione
1672 1233 1830 1263 definitorii
1853 1235 2011 1273 generalis,

1274 1280 1412 1319 praebere
1435 1289 1609 1310 consensum
1634 1286 1664 1312 ut
1688 1282 1755 1312 libri
1780 1283 1852 1322 typis
1875 1283 2014 1314 manden-

1274 1333 1331 1367 tur,
1350 1334 1388 1367 et,
1406 1339 1443 1358 ex
1459 1330 1663 1360 commissione
1680 1331 1839 1361 definitorii
1855 1332 2011 1370 generalis,

1273 1378 1433 1408 concedere
1455 1379 1621 1409 facultatem
1645 1380 1783 1410 audiendi
1814 1381 2013 1412 consessiones

1274 1427 1470 1466 feminarum,
1496 1438 1561 1458 cum
1594 1429 1799 1459 informatione
1829 1430 1919 1469 patris
1947 1440 2014 1470 pro-

1274 1476 1425 1515 vincialis,
1451 1487 1525 1516 quae
1549 1477 1582 1507 ad
1606 1478 1740 1516 generale
1764 1479 1890 1518 pertinet
1912 1479 2015 1510 defini-

1275 1526 1398 1563 torium‚
1424 1535 1486 1565 cap.
1510 1535 1627 1563 xxxviii,
1651 1527 1664 1565 g*
1687 1527 1714 1564 2,
1738 1536 1818 1557 num.
1844 1536 1873 1557 11.

1313 1583 1353 1603 111.
1379 1574 1489 1604 Poterit
1512 1575 1599 1604 etiam
1625 1575 1719 1605 facere
1749 1576 1949 1607 ordinationes
1980 1577 2014 1608 ad

1274 1623 1379 1652 melius
1402 1633 1464 1652 esse
1488 1632 1558 1653 suae
1581 1624 1766 1663 provinciae,
1791 1625 1947 1656 dummodo
1971 1631 2016 1656 or'-

1274 1672 1473 1702 dinationibus
1496 1673 1616 1712 capituli
1633 1674 1676 1703 vel
1694 1674 1853 1704 definitorii
1870 1675 2015 1713 generalis

1275 1731 1330 1750 non
1348 1726 1545 1761 opponantur.
1571 1722 1735 1761 Praeterea,
1753 1724 1788 1753 de
1804 1733 1951 1754 consensu
1967 1734 2014 1755 su-

1275 1771 1401 1809 perioris
1414 1771 1571 1809 generalis,
1587 1772 1694 1811 poterit
1707 1773 1831 1811 seligere
1847 1774 2014 1804 studentem

1275 1820 1449 1858 theologiae,
1470 1824 1500 1850 ut
1523 1821 1693 1851 nominetur
1715 1826 1743 1852 et
1766 1822 1815 1852 fiat
1831 1823 1941 1862 collega
1963 1833 2015 1854 no-

1275 1869 1329 1899 stri
1352 1869 1471 1908 Collegii
1496 1870 1631 1900 Romani.

1314 1927 1350 1948 ιγ.
1376 1918 1404 1948 Si
1428 1919 1617 1957 provincialis
1639 1919 1765 1958 deficiat,
1785 1920 1830 1950 vel
1854 1920 1934 1951 illius
1953 1921 2016 1951 offi-

1275 1966 1353 1996 cium
1377 1976 1562 2006 quocumque
1586 1967 1669 1997 titulo
1696 1972 1787 2007 vacet,
1816 1968 2016 2000 definitorium
2048 1979 2051 1981 ’

1276 2015 1467 2054 provinciale,
1493 2016 1625 2055 praeside
1648 2016 1828 2055 designando
1851 2018 1896 2048 vel
1919 2019 2017 2058 potius

1275 2064 1427 2103 designato
1457 2074 1509 2103 pro
1542 2074 1610 2094 casu
1644 2074 1658 2094 a
1691 2066 1842 2105 superiore
1864 2067 2016 2105 generali,

1275 2118 1303 2143 et
1326 2113 1398 2143 socii
1421 2113 1550 2143 actuales
1572 2113 1682 2152 eligant
1704 2124 1811 2144 novum
1834 2116 2015 2154 superiorem

1275 2163 1464 2201 provinciae,
1489 2163 1539 2201 qui
1563 2163 1689 2193 vicarius
1714 2164 1902 2203 provincialis
1923 2165 2016 2195 nomi-

1275 2216 1382 2250 netur,
1407 2216 1435 2241 et
1457 2212 1536 2241 illius
1559 2212 1648 2242 officii
1672 2222 1736 2242 cum
1760 2213 1896 2243 omnibus
1919 2218 2018 2244 aucto-

1275 2261 1423 2298 ritatibus,
1449 2270 1521 2300 quas
1544 2261 1664 2291 liaberet
1686 2262 1709 2291 si
1732 2266 1808 2292 esset
1828 2263 2017 2302 provincialis

1276 2320 1367 2349 usque
1390 2310 1424 2339 ad
1446 2310 1649 2340 immediatum
1669 2311 1829 2350 capitulum
1849 2312 2016 2351 provinciae

1275 2359 1370 2389 duret.

1314 2418 1342 2438 v.
1367 2408 1397 2438 ln
1430 2418 1499 2438 casu
1531 2408 1692 2438 discordiae
1726 2408 1934 2447 suffragiorum
1957 2418 2016 2440 ser-

1277 2463 1359 2488 vetur
1381 2459 1409 2487 in
1434 2458 1611 2495 (letinitorio,
1635 2458 1711 2496 quod
1728 2458 1889 2489 stabilitum
1905 2463 1948 2488 est
1963 2467 2015 2498 pro

1275 2507 1403 2546 capitulo
1427 2507 1598 2546 provinciali
1622 2516 1702 2536 num.
1728 2516 1785 2536 xvi.

1314 2566 1333 2585 1.
1357 2556 1460 2586 Nullus
1493 2556 1530 2585 sit
1562 2555 1700 2594 eligibilis
1730 2556 1759 2586 in
1784 2555 1991 2595 provincialem

1275 2653 1355 2683 sione
1388 2658 1415 2684 et
1437 2653 1638 2692 graduationis
1671 2653 1701 2684 in
1724 2653 1907 2684 definitorem
1929 2662 2015 2693 gene-

2025 2641 2082 2662 lium.

2008 258 2056 284 An.
2077 259 2105 286 C.
2127 261 2187 292 ¹7³⁸

2092 2560 2135 2587 ΞΕ.

2006 2580 2014 2595 7

1276 2605 1333 2634 nisi
1356 2605 1411 2643 eli<D
1405 2604 1493 2634 ibilis
1516 2608 1592 2634 esset
1613 2605 1725 2634 ratione
1748 2604 1850 2634 aetatis
1872 2614 1887 2634 a
1907 2586 2197 2644 profes-trssgss‘r'ffii'ussi'·
