2232 3178
285 253 333 280 Αη.
350 252 379 279 C.
403 251 470 279 ¹738

377 1531 388 1550 ’1

316 1557 345 1577 De·
358 1546 418 1576 lunii<
429 1556 479 1576 har·-

295 1584 421 1604 rol-tantais-
433 1590 479 1608 pro·

459 1613 477 1629 et

297 1611 398 1629 flentium

296 1643 316 1663 p·
323 1638 397 1656 otvssoi
404 1642 445 1657 um.

516 242 579 276 482

477 300 516 330 ibi
550 302 710 329 conventus
746 297 783 328 sit
818 302 847 328 et
882 306 935 337 pro
972 296 1216 327 conventualibus

478 348 608 378 eiusdem
632 345 841 385 designentur)
857 345 949 375 donec
965 345 1130 375 sacerdotes
1146 345 1215 374 sint.

479 398 636 435 Postquam
663 399 758 424 autem
782 403 796 423 a
820 393 899 423 dicta
927 393 1107 423 habitatione
1137 402 1218 432 sepa-

479 447 542 476 rata
560 449 587 474 et
603 444 703 473 clausa⁴
718 446 852 472 recenter
868 442 1064 482 professorum
1081 442 1217 479 exierint,

481 502 633 533 quousque
656 491 819 521 sacerdotio
842 490 1014 527 initientur,
1045 489 1219 529 disciplinae

482 542 582 572 vicarii
605 541 787 576 subiaceant,
811 543 1018 579 praeterquam
1037 539 1067 569 in
1090 539 1220 577 collegiis

482 591 587 620 artium
611 588 659 618 ubi
683 592 750 618 sunt
775 587 918 626 magistri.

522 647 560 668 lv.
585 638 613 667 si
631 637 695 676 quis
711 637 767 666 iam
786 636 922 665 sacerdos
937 639 1069 665 nostrum
1088 634 1219 665 habitum

482 687 619 726 accipiat,
643 685 696 715 sub
720 685 914 714 instructione
934 684 1065 722 magistri
1082 684 1119 714 sit
1134 684 1220 714 etiam

482 737 627 773 integrum
648 743 756 764 annum
780 737 845 773 post
868 733 1089 772 professionem,
1114 737 1142 763 et
1163 742 1221 764 non

484 784 621 822 amptius,
646 792 698 812 nec
721 791 735 811 a
758 781 844 811 domo
867 781 1046 819 egrediatur,
1076 781 1132 811 nisi
1159 786 1223 821 post

485 833 631 871 expletum
664 831 773 860 dictum
797 839 924 866 annum,
948 839 1001 860 nec
1023 830 1051 860 in
1076 830 1222 869 propriam

483 882 605 921 patriam
630 884 742 920 pergat,
765 879 856 909 donec
883 883 1009 919 quatuor
1036 885 1128 908 annos
1160 883 1224 918 post

485 930 694 970 professionem
711 928 891 967 expleverit,
909 928 964 957 nisi
989 927 1028 957 ibi
1045 927 1082 957 sit
1099 936 1224 957 conven-

485 984 530 1009 tus
547 984 655 1015 noster,
676 982 703 1008 et
728 987 779 1017 pro
796 977 982 1007 conventuali
1001 977 1030 1006 in
1046 986 1111 1007 eum
1128 977 1222 1007 adeat.

525 1037 552 1057 v.
577 1028 694 1058 Fratres
716 1025 783 1056 laici
815 1026 951 1056 similiter
984 1025 1037 1055 sub
1069 1026 1226 1066 disciplina

486 1078 618 1116 magistri
645 1080 778 1106 recenter
812 1075 1007 1114 professorum
1039 1076 1098 1106 sint
1131 1076 1225 1115 primo

486 1136 562 1157 anno
587 1130 650 1165 post
673 1124 894 1164 professionem,
919 1128 946 1154 et
969 1124 1090 1163 insuper
1113 1124 1225 1154 duobus

487 1176 552 1205 aliis
574 1175 658 1204 annis
675 1173 728 1203 sub
748 1173 841 1212 ipsius
864 1173 1009 1211 magistri,
1026 1173 1082 1210 vel,
1100 1173 1147 1203 ubi
1165 1174 1226 1214 ipse

487 1234 544 1255 non
564 1224 612 1259 sit,
636 1221 689 1252 sub
712 1222 813 1252 vicarii
831 1221 1039 1252 instructione.
1058 1221 1115 1251 Nee
1132 1222 1226 1262 primo

487 1274 565 1303 dicto
588 1281 665 1302 anno
689 1281 704 1301 e
728 1274 874 1300 conventu
898 1274 1014 1308 exeant,
1031 1271 1086 1301 nisi
1104 1271 1133 1301 in
1149 1281 1226 1301 com-

487 1322 646 1358 munitate,
670 1329 764 1360 neque
792 1319 821 1348 in
850 1319 974 1358 patriam
1004 1324 1146 1359 pergant,
1170 1320 1227 1350 nisi

488 1375 555 1410 post
579 1373 704 1408 quatuor
726 1377 819 1397 annos
843 1372 1004 1397 transactos
1034 1377 1048 1397 a
1077 1368 1228 1408 professio-

488 1429 536 1457 ne,
557 1419 601 1448 vel
625 1418 680 1448 nisi
704 1417 734 1447 in
758 1418 793 1447 ea
815 1417 852 1447 sit
876 1421 1037 1447 conventus
1060 1416 1178 1448 Ordinis
1201 1423 1229 1449 et

490 1478 541 1509 pro
564 1466 809 1498 conventualibus
833 1466 995 1496 mittantur.

529 1527 548 1547 1.
572 1516 761 1547 Decernimus
784 1515 860 1555 quod
884 1515 959 1545 bona
978 1515 1110 1554 illorum,
1127 1516 1177 1555 qui
1200 1516 1229 1545 in

490 1567 591 1596 nostra
620 1565 764 1603 religione
788 1564 974 1603 profitentur,
999 1564 1179 1601 dividantur,
1203 1568 1231 1594 et

490 1615 632 1645 medietas
655 1614 740 1644 detur
762 1613 919 1643 conventui
944 1612 972 1642 in
996 1622 1053 1652 quo
1075 1613 1230 1652 professio-

490 1673 555 1694 nem
579 1662 657 1700 fecit,
683 1666 711 1692 et
732 1661 823 1691 altera
848 1661 988 1691 medietas
1003 1661 1040 1691 sit
1056 1661 1178 1700 collegio
1201 1661 1229 1691 in

491 1722 548 1753 quo
570 1711 681 1750 recepit
704 1710 848 1747 habitum,
866 1710 912 1739 vel
935 1719 948 1739 a
973 1719 1030 1750 quo
1053 1710 1181 1740 directus
1204 1715 1232 1740 et

491 1762 599 1791 missus
622 1760 675 1790 fuit
706 1764 737 1789 ut
766 1758 898 1789 habitum
922 1759 1079 1798 reciperet.
1103 1758 1183 1794 Quod
1207 1759 1231 1789 si

490 1820 547 1841 non
572 1810 626 1839 fuit
649 1809 678 1838 in
702 1809 799 1848 aliquo
821 1808 942 1846 collegio
969 1812 1113 1848 receptus,
1136 1818 1231 1848 neque

491 1859 526 1889 ab
549 1869 582 1889 eo
605 1858 735 1888 directus
758 1857 818 1887 sive
841 1857 959 1895 missus,
989 1856 1054 1886 talis
1088 1856 1231 1887 bonorum

492 1908 643 1945 medietas,
678 1906 793 1946 quando
827 1909 920 1936 totum
954 1905 1144 1935 dividendum
1174 1914 1231 1935 non

493 1957 615 1986 excedat
637 1964 781 1985 summam
805 1954 949 1993 octoginta
967 1958 1117 1984 scutorum
1140 1963 1233 1984 roma-

494 2015 601 2037 norum
634 2004 767 2043 argenti,
800 2003 882 2033 iuxta
916 2007 1100 2042 praesentem
1132 2012 1232 2033 eorum

494 2056 635 2091 valorem,
659 2053 804 2083 deserviat
830 2062 882 2092 pro
904 2052 1041 2091 expensis
1063 2061 1078 2081 a
1100 2052 1233 2082 definito-

494 2104 538 2134 rio
568 2102 742 2143 provinciali
774 2101 983 2140 designandis,
1006 2101 1030 2130 si
1059 2105 1157 2131 autem
1186 2110 1234 2131 ex-

495 2153 630 2189 cesserit,
656 2161 707 2191 pro
740 2150 931 2189 designandis
953 2159 968 2180 a
991 2150 1156 2180 definitorio
1188 2159 1234 2188 ge-

495 2201 585 2231 nerali
601 2225 608 2239 ,
632 2201 667 2230 ad
697 2199 772 2240 qnod
805 2199 963 2238 quotannis
992 2200 1106 2229 mittere
1128 2198 1235 2229 debent

496 2249 625 2287 magistri
643 2249 819 2278 novitiorum
839 2248 1051 2287 cuiuscumque
1067 2247 1235 2287 provincIae

495 2298 631 2329 notitiam
655 2297 780 2326 fideliter
803 2301 982 2334 enarratam,
1000 2300 1028 2326 et
1046 2305 1059 2325 a
1084 2305 1124 2333 se,
1149 2296 1234 2325 mini-

495 2351 555 2376 stro
578 2350 604 2376 et
628 2345 805 2375 consiliariis
823 2344 1026 2383 subscriptam,
1044 2344 1079 2374 de
1096 2344 1234 2384 profiten-

497 2395 567 2425 tium
601 2393 829 2423 haereditatibus
862 2397 889 2423 et
921 2392 1025 2423 bonis.
1063 2392 1145 2428 Quod
1176 2393 1234 2422 illis

497 2443 694 2483 praecipimus
716 2442 745 2472 in
769 2442 877 2472 virtute
900 2446 1017 2471 sanctae
1039 2441 1232 2481 obedientiae,

496 2492 549 2521 snb
573 2495 728 2531 praecepto
751 2490 877 2527 formali,
912 2494 940 2520 et
961 2489 1015 2520 sub
1038 2491 1132 2530 poena
1154 2490 1234 2520 inha-

498 2540 620 2570 bilitatis
642 2540 671 2569 in
695 2543 868 2579 perpetuum
891 2539 975 2569 aliter
996 2538 1125 2568 facienti.

538 2597 567 2619 11.
592 2588 628 2619 Ut
650 2593 745 2618 autem
769 2588 936 2628 redemptor
964 2588 1145 2628 captivorum
1177 2596 1235 2617 non

500 2639 615 2669 tertiam
638 2643 750 2679 partem
774 2638 984 2679 cuiuscumque
1007 2637 1171 2669 medietatis
1189 2646 1236 2667 ac-

1062 247 1247 273 BULLARIUM
1273 248 1430 274 ROMANUM

1260 296 1348 337 cipiat
1370 296 1540 337 separatim,
1560 297 1610 328 sed
1632 295 1719 328 simul
1734 297 1824 328 totius
1839 297 1994 337 integram,

1262 350 1353 376 toturn
1369 345 1557 376 dividendum
1580 350 1624 376 est
1645 346 1675 377 in
1695 351 1753 377 tres
1769 350 1879 386 partes,
1896 350 1924 377 et
1940 349 1998 377 ter-

1261 395 1301 424 tia
1330 396 1466 434 separata
1497 404 1548 434 pro
1581 395 1719 435 captivis,
1743 395 1819 435 quod
1851 395 1996 435 reliquum

1262 443 1368 481 suerit,
1405 443 1587 474 declaramus
1618 443 1718 474 deberi
1754 443 1784 473 in
1820 444 1998 474 conscientia

1262 492 1344 522 reddi
1368 501 1401 522 ac
1422 492 1536 522 restitui
1559 492 1637 523 dicto
1659 492 1782 530 collegio
1804 492 1846 522 vel
1866 492 1998 523 definito-

1263 541 1306 571 rio
1329 545 1357 571 et
1379 541 1585 581 redemptioni.
1612 541 1672 572 Hoc
1694 546 1791 571 autem
1821 545 1932 572 tantum
1956 541 2000 572 in-

1264 590 1424 629 telligatur,
1448 590 1563 629 quando
1581 594 1681 620 noster
1696 590 1844 630 professus
1858 599 1915 620 non
1932 590 2001 620 fecit

1265 642 1469 669 testamentum
1493 642 1560 668 ante
1583 638 1792 678 professionem
1814 638 1845 668 in
1873 639 2000 669 favorem

1264 687 1388 717 alicuius
1411 696 1551 726 personae
1574 691 1655 717 extra
1679 686 1816 717 Ordinem
1850 691 2000 725 nostrum,

1265 735 1288 765 si
1312 736 1389 765 enim
1413 736 1495 772 fecit,
1519 735 1581 765 eius
1614 735 1714 765 ultima
1748 735 1881 765 voluntas
1913 735 2002 766 adim-

1267 784 1388 824 pleatur,
1412 785 1481 814 dum
1516 788 1611 814 tamen
1642 788 1847 814 testamentum
1876 788 1926 814 aut
1957 794 2003 815 re-

1267 833 1418 863 nunciatio
1441 833 1478 863 sit
1500 833 1562 862 sine
1585 833 1754 871 gravamine
1777 834 1932 863 missarum
1955 836 2004 863 aut

1267 881 1389 911 alterius
1412 881 1475 920 piae
1507 881 1664 911 memoriae
1679 905 1687 919 ‚
1718 885 1763 918 et,
1787 882 1811 911 si
1833 881 2004 920 imponatur

1268 929 1433 959 huiusmodi
1467 938 1647 967 gravamen,
1677 939 1793 969 semper
1824 929 2004 968 intelligatur

1268 978 1409 1008 novitium
1443 978 1642 1008 fundationem
1678 978 1774 1009 facere
1809 979 1839 1009 in
1875 979 2004 1010 favorem

1267 1027 1428 1065 religionis,
1452 1032 1479 1057 et
1503 1037 1559 1057 non
1582 1027 1706 1058 alicuius
1728 1027 1939 1058 determinatae
1954 1028 2003 1058 do-

1269 1084 1332 1105 mus
1355 1080 1403 1105 aut
1425 1084 1566 1115 personae
1599 1075 1675 1105 intra
1698 1075 1893 1114 religionem3
1917 1075 2003 1116 quia,

1268 1133 1334 1154 cum
1357 1127 1517 1153 conventus
1539 1124 1632 1154 nostri
1653 1124 1768 1154 nullum
1791 1124 1903 1163 possint
1934 1124 2006 1155 reci-

1269 1182 1337 1212 pere
1359 1182 1432 1202 onus
1455 1173 1517 1202 sine
1535 1172 1656 1203 licentia
1672 1172 1831 1212 superioris
1846 1173 2002 1212 generalis,

1269 1226 1296 1252 et
1319 1221 1436 1251 aliunde
1460 1221 1544 1251 istius
1566 1221 1772 1258 conscientiae,
1789 1221 1867 1251 iuxta
1890 1221 2008 1252 canoni-

1270 1280 1318 1301 cas
1352 1270 1533 1307 sanctiones,
1568 1270 1606 1300 sit
1637 1279 1695 1300 non
1729 1270 1899 1310 permittere
1931 1270 2008 1310 quod

1270 1323 1430 1350 conventus
1456 1323 1615 1358 graventur
1637 1319 1711 1349 ultra
1737 1328 1831 1358 posse,
1855 1319 1889 1349 ad
1910 1319 2008 1359 ipsum

1270 1368 1409 1407 deinceps
1439 1368 1585 1407 pertinere
1614 1367 1700 1398 debet
1732 1367 1808 1407 quod
1841 1367 1871 1398 in
1900 1367 2009 1399 Ordine

1271 1417 1487 1456 adimpleantur
1509 1417 1629 1447 ultimae
1647 1417 1809 1447 voluntates
1831 1417 2009 1448 novitiorum

1272 1470 1336 1505 post
1359 1466 1568 1506 professionem
1591 1475 1703 1505 eorum,
1721 1467 1784 1497 sine
1801 1466 1926 1497 alicuius
1941 1476 2008 1498 con-

1272 1519 1376 1546 ventus
1399 1516 1475 1546 iure.

1312 1574 1352 1594 m.
1378 1564 1529 1594 Praeterea
1556 1564 1755 1604 praecipimus
1770 1564 1799 1594 in
1815 1564 1924 1596 virtute
1946 1574 2011 1596 san-

1273 1617 1335 1643 ctae
1368 1612 1568 1650 obedientiae,
1602 1612 1656 1642 sub
1690 1618 1844 1652 praecepto
1876 1613 2009 1652 formali,

1275 1661 1410 1692 omnibus
1433 1666 1461 1691 et
1483 1661 1606 1700 singulis
1628 1662 1721 1692 nostri
1744 1661 1861 1692 Ordinis
1893 1662 2012 1701 religio-

1273 1711 1325 1749 sis,
1350 1715 1406 1740 tam
1432 1709 1570 1749 praelatis
1593 1719 1679 1750 quam
1699 1710 1835 1748 subditis,
1859 1715 1890 1741 ut
1912 1711 2012 1741 nullus

1275 1763 1390 1789 moneat
1412 1759 1556 1797 novitios,
1580 1767 1674 1799 neque
1697 1768 1746 1788 eos
1769 1758 1890 1789 inducat
1917 1763 1950 1789 ut
1972 1763 2014 1789 te-

1273 1810 1452 1837 stamentum
1482 1811 1531 1837 aut
1563 1806 1818 1837 renunciationem
1841 1810 1908 1837 ante
1930 1816 2011 1837 suam

1276 1856 1484 1896 professionem
1522 1855 1629 1886 faciant
1663 1855 1693 1886 in
1726 1856 1854 1886 favorem
1890 1855 2014 1887 alicuius

1276 1913 1418 1944 personae
1440 1908 1521 1933 extra
1545 1913 1598 1934 nec
1616 1903 1693 1934 intra
1710 1903 1849 1934 Ordinem
1867 1908 2012 1935 nostrum.

1315 1962 1353 1983 tv.
1378 1953 1407 1982 lu
1432 1952 1585 1991 exigendis
1607 1952 1691 1982 bonis
1714 1962 1766 1992 per
1783 1953 1888 1983 fratres
1911 1952 1940 1983 in
1963 1962 2016 1983 no-

1275 2004 1337 2032 str-51
1360 2002 1503 2040 religione
1526 2001 1683 2041 profeSSOS,
1708 2001 1820 2032 relictis
1851 2001 1937 2032 nobis
1969 2002 2015 2033 vel

1276 2051 1320 2081 ad·
1334 2061 1386 2081 nos
1408 2050 1637 2091 pertinentibus,
1655 2050 1783 2080 maxima
1799 2054 1933 2081 servetur
1948 2051 2016 2091 cha-

1276 2100 1359 2138 ritas,
1383 2104 1411 2129 et
1435 2109 1502 2140 prae
1525 2100 1617 2129 oculis
1640 2099 1781 2129 habeatur
1803 2099 1965 2138 indigentia
1987 2103 2017 2130 et

1277 2148 1402 2187 qualitas
1435 2149 1559 2178 fratrum
1592 2152 1620 2178 et
1652 2156 1786 2177 sororum
1818 2147 1964 2185 religiosi.
1988 2151 2017 2178 et

1277 2197 1445 2236 specialiter
1467 2197 1521 2226 hoc
1544 2195 1718 2226 observetur
1751 2206 1816 2226 cum
1850 2196 1912 2226 eius
1935 2200 2016 2236 patre

1277 2243 1321 2273 vel
1346 2248 1452 2282 matre,
1477 2243 1593 2283 quando
1617 2253 1668 2283 per
1690 2247 1814 2273 mortem
1847 2243 2017 2273 alterutrius

1277 2291 1444 2320 haereditas
1476 2290 1595 2320 obvenit
1627 2289 1732 2329 nobis,
1757 2294 1826 2320 tunc
1861 2290 1939 2320 enim
1969 2289 2017 2329 (si

1277 2337 1404 2367 charitas
1432 2337 1547 2376 exigit)
1582 2337 1714 2366 volumus
1737 2346 1773 2366 ne
1797 2336 1898 2366 talium
1931 2336 2018 2366 bono-

1276 2393 1340 2413 rum
1364 2383 1476 2413 fructus
1498 2384 1654 2421 exigantur
1677 2383 1721 2413 vel
1745 2383 1902 2422 petanturf,
1926 2383 2018 2413 donec

1276 2431 1350 2459 aiter
1373 2434 1521 2469 superstes
1545 2430 1699 2460 moriatur.

1322 2478 1383 2521 §2-
1401 2478 1569 2511 Emanavit
1586 2478 1704 2511 deinde
1722 2489 1739 2510 a
1756 2477 2014 2520 Congregatione

1277 2531 1467 2564 eorumdem
1490 2530 1713 2570 cardinalium,
1737 2541 1772 2563 re
1789 2530 1932 2574 undique
1951 2540 2016 2563 ma-

1278 2590 1347 2617 tnre
1358 2584 1513 2623 discussa,
1524 2583 1689 2617 decretum
1702 2583 1824 2617 tenoris
1835 2583 2017 2627 sequentis:

1317 2637 1403 2668 Sacra
1435 2636 1627 2676 Congregatio
1660 2636 1961 2668 eminentissimorum
1990 2640 2019 2668 et

2151 0 2190 31 ,Ί

2189 83 2191 95 l

2006 231 2058 278 Ans.
2072 250 2099 278 C.
2120 247 2192 284 ¹⁷³8·

2035 2487 2144 2509 Decretum
2155 2486 2204 2508 con-

2186 0 2232 124 tt

2028 2517 2097 2540 gregat
2103 2514 2154 2534 ionis
2164 2512 2204 2540 api·
2226 2523 2228 2528 ν

2028 2545 2138 2566 scaporum
2146 2541 2167 2560 et
2175 2544 2204 2560 re-

2027 2567 2130 2592 nutat-ium
2146 2569 2205 2592 prae·
2228 2565 2229 2569 ¹

2028 2593 2097 2614 dietae
2123 2591 2203 2617 regulas

2028 2619 2172 2641 confirmatae.
