2232 3178
252 223 300 250 an.
321 221 349 249 c.
368 221 433 249 1731
481 213 522 245 Μ

252 1046 328 1070 *terega
342 1061 346 1065 .

295 1019 432 1039 ‹ib-lanitium

443 270 550 303 (litorii
579 270 639 302 iam
666 270 741 302 dicti
768 270 945 307 auditores,
973 278 1008 300 ac
1033 268 1180 301 ciusdem

443 323 473 356 S.
494 323 530 356 R.
550 322 583 355 E.
607 323 795 362 cardinales,
822 328 851 355 et
877 332 1113 365 quamcumque
1132 331 1183 354 co-

443 375 606 407 ruindem¹
626 374 914 417 Congregationem
934 375 1110 418 apostolica
1133 384 1182 406 au-

443 429 590 460 ctoritate
616 438 714 471 snper
739 428 787 459 liis
820 427 1093 470 quandocumque
1127 427 1205 473 de->

443 481 629 523 putandam,
656 482 783 513 sublata
804 481 850 513 eis
868 486 1028 513 eteorum
1047 480 1182 512 cuilibet
1203 477 1205 508 ἒ

443 534 537 565 aliter
563 534 738 573 iudicandi,
764 533 937 566 definiendi
965 538 997 566 et
1022 533 1182 576 interpre-

444 585 530 618 tandi
559 586 709 618 facultate
735 592 765 618 et
790 587 1003 626 auctoritate,
1034 586 1181 626 iudicari,

444 638 570 670 deliniri
606 644 636 670 et
673 638 880 681 interpretari
915 639 1056 678 debere,
1083 649 1118 670 ac
1145 649 1180 671 ex

444 701 527 723 nunc
552 691 677 723 irritum
705 702 833 734 quoque
860 695 889 724 et
910 691 1004 724 inane
1024 691 1182 734 quidquid

443 755 537 776 secus
562 754 658 787 super
683 745 731 777 liis
758 757 775 778 a
801 755 971 788 quoquam,
995 745 1105 787 quavis
1127 755 1182 777 au-

443 798 601 837 ctoritate,
630 797 772 830 scienter
797 798 846 829 vel
873 798 1083 839 ignoranter,
1110 807 1182 829 con·

446 850 556 892 tigerit.
582 850 754 889 attentari,
782 850 957 893 apostolica
992 850 1182 882 auctoritate

444 909 602 946 perpetuo
629 904 845 944 decernimus,
874 904 1044 937 statuimus
1071 909 1100 936 et
1127 903 1182 935 de-

444 957 613 989 claramus.

487 1009 501 1052 ἓ
526 1009 556 1041 8.
584 1009 652 1042 Non
679 1010 896 1048 obstantibus,
922 1015 1082 1052 qnatenus
1101 1019 1182 1052 opus

444 1062 507 1102 sit,
534 1062 751 1096 Cancellariae
784 1063 970 1106 praedictae
995 1063 1107 1105 regula
1143 1063 1182 1094 de

444 1115 512 1148 iure
531 1117 680 1159 quaesito
706 1127 771 1149 non
799 1116 954 1155 tollendo,
971 1127 1007 1149 ac
1026 1116 1183 1148 secundo-

445 1169 527 1201 dicta
550 1169 594 1201 Pii
632 1180 668 1202 ac
692 1170 859 1212 praedicta
885 1169 972 1201 Pauli
992 1169 1183 1212 praedeces-

444 1232 552 1255 sorum
588 1222 774 1262 dictorum,
804 1222 939 1265 aliisque
966 1233 1065 1265 super
1090 1222 1182 1254 deca<

443 1279 519 1307 natu
546 1285 581 1307 ac
606 1275 709 1308 causis
736 1275 913 1318 praedictis
947 1281 1060 1308 contra
1092 1285 1184 1319 prae-

1026 219 1208 244 armantem
1233 219 1390 244 nostANL'M

444 1328 542 1361 missa
567 1329 814 1371 quomodolibet
836 1329 1085 1371 disponentibus
1111 1338 1184 1360 con—

444 1382 667 1415 stitutionibus
704 1387 735 1415 et
767 1382 1026 1415 ordinationibus
1051 1387 1184 1425 aposto-

444 1435 531 1475 licis,
557 1435 697 1479 dictique
724 1435 893 1475 auditorii,
918 1441 1076 1478 quatenus
1103 1445 1184 1478 opus

444 1488 500 1527 sit,
543 1487 639 1520 ctiam
683 1488 866 1521 iuramento
887 1515 893 1526 ‚
935 1488 1183 1521 confirmatione

445 1540 623 1583 apostolica
645 1568 651 1580 ,
693 1541 742 1573 vel
782 1541 892 1583 quavis
932 1540 1085 1573 firmitate
1122 1541 1183 1573 alia

444 1594 629 1633 roboratis,
656 1594 783 1626 statutis
811 1599 842 1626 et
874 1594 1183 1633 consuetudinilms,

443 1647 622 1691 privilegiis
658 1658 801 1690 quoque,
836 1647 971 1680 indultis
1003 1652 1034 1679 et
1069 1647 1184 1679 litteris

445 1700 644 1743 apostolicis,
662 1700 721 1732 sub
740 1701 996 1743 quibuscumque
1014 1700 1183 1733 tenoribus

445 1759 476 1786 et
502 1754 623 1793 formis,
649 1764 685 1785 ac
710 1764 781 1786 cuin
799 1753 964 1797 quibusvis
983 1752 1136 1786 clausulis
1154 1759 1186 1786 et

445 1807 596 1847 decretis,
616 1807 713 1840 etiam
732 1812 818 1840 motu
845 1806 943 1840 simili
970 1812 1001 1839 et
1026 1807 1185 1840 concisto-

445 1860 578 1900 rialiter,
602 1871 638 1893 ac
663 1860 742 1892 alias
768 1860 799 1892 in
825 1860 1021 1893 contrarium
1048 1871 1184 1904 quomo-

446 1914 570 1947 dolibet
591 1914 767 1954 concessis,
794 1914 982 1957 approbatis
1004 1919 1033 1947 et
1051 1914 1184 1947 innova-

446 1968 496 2008 tis,
522 1977 558 2000 ac
583 1968 615 1999 in
642 1968 785 1999 futurum
811 1967 1041 2008 concedendis,
1067 1978 1185 2011 appro-

445 2021 561 2053 bandis
601 2026 632 2053 ct
672 2020 880 2061 innovandis3
923 2021 1041 2064 quibus
1082 2021 1185 2054 omni-

447 2075 506 2107 bns
532 2079 563 2107 et
588 2073 737 2116 singulis,
764 2074 887 2106 etiamsi
915 2075 954 2106 de
981 2074 1044 2107 illis
1062 2085 1185 2107 eorum-

448 2135 509 2168 que
535 2125 611 2158 totis
637 2125 805 2157 tenoribus
830 2124 993 2168 specialis,
1021 2125 1183 2168 specifica,

450 2188 603 2221 expressa
628 2183 659 2211 et
683 2178 849 2211 individua
866 2205 873 2217 ,
897 2188 963 2210 non
989 2170 1094 2211 autem
1127 2189 1186 2222 per

449 2232 609 2264 clausulas
635 2232 802 2273 generales
838 2232 924 2263 idem
950 2231 1183 2274 importantes,

448 2285 570 2317 mentio
597 2279 758 2323 habenda,
780 2290 834 2317 aut
858 2284 966 2327 aliqua
991 2284 1053 2317 alia
1078 2285 1186 2328 exqui-

449 2337 509 2370 sita
535 2337 636 2370 forma
661 2338 820 2370 servanda
846 2343 950 2377 essct,
974 2342 1102 2371 tenores
1129 2339 1187 2370 liu-

451 2389 590 2423 iusmodi
623 2390 744 2423 eisdem
777 2390 1004 2433 praesentibus
1041 2401 1100 2433 pro
1137 2401 1188 2423 ex-

451 2443 569 2487 pressis
587 2470 594 2483 ,
619 2444 756 2486 perinde
783 2454 819 2476 ac
844 2444 868 2477 si
895 2443 927 2476 in
953 2444 998 2476 eis
1023 2444 1061 2477 de
1087 2445 1186 2477 verbo

451 2496 489 2528 ad
509 2496 642 2528 verbum
662 2496 771 2529 inserti
790 2497 910 2537 forent,
926 2496 1108 2537 liabentes‘2,
1124 2497 1188 2530 illis

488 2567 497 2593 1
522 2565 591 2592 Male
612 2565 678 2594 edit.
698 2566 782 2593 Main.
803 2566 866 2601 legit
887 2567 1057 2595 earumdem

487 2610 502 2637 ΞΣ
523 2611 619 2638 Vocem
640 2611 775 2639 habentes
794 2620 843 2639 nos
864 2612 988 2639 addimus
1006 2614 1047 2649 (n.
1069 2613 1117 2649 Γ).

1227 269 1304 301 alias
1337 269 1367 301 in
1401 279 1459 302 suo
1486 269 1605 301 robore
1631 268 1870 311 permansuris,
1900 267 1961 300 liae

1226 322 1294 355 vice
1313 322 1489 361 dumtaxat,
1510 327 1598 354 motu
1621 326 1651 353 et
1673 321 1841 364 potestatis
1860 320 1964 364 pleni—

1227 375 1336 408 tudine
1362 375 1510 418 paribus,
1537 374 1721 418 specialiter
1750 379 1781 408 et
1809 383 1961 417 expresse

1227 429 1431 471 derogamus,
1449 435 1480 463 et
1499 430 1691 471 derogatum
1718 439 1788 462 esse
1813 428 1962 461 volumus

1227 488 1258 515 ct
1276 483 1479 524 mandamus;
1499 483 1682 526 ceterisque
1700 481 1871 515 contrariis
1898 480 1964 525 qui·
2002 490 2125 511 cumane.

1225 537 1440 580 buscumque.

1270 589 1329 630 §a
1351 589 1436 623 Nulli
1459 601 1536 633 ergo
1554 590 1686 624 omnino
1706 589 1882 629 bominum,
1899 594 1961 622 etc.

1270 643 1383 675 Datum
1403 643 1532 682 Romae,
1555 643 1641 687 apud
1666 643 1697 676 S.
1714 642 1844 675 Mariam
1869 642 1966 674 Maio-

1204 695 1352 735 .iorem,
1389 707 1474 729 anno
1511 697 1745 730 incarnationis
1784 695 1964 728 dominicae

1227 757 1416 790 nnccxxxiv,
1434 760 1471 782 xv
1497 749 1650 783 kalendas
1664 748 1855 789 decembris,
1884 757 1965 791 pon-

1228 801 1367 835 tificatus
1393 802 1497 835 nostri
1520 813 1606 836 anno
1627 813 1655 836 v.

1262 865 1325 891 Dat.
1344 865 1389 893 die
1408 866 1439 893 17
1455 865 1609 893 novembris
1627 865 1705 901 17:³4,
1723 865 1823 901 pontif.
1840 873 1912 892 anno
1930 874 1953 891 v.

1481 920 1518 952 Α.
1546 920 1634 952 card.
1662 920 1877 964 prodatarius.

1524 973 1556 1005 F.
1582 972 1670 1006 card.
1698 973 1877 1007 Omvssmus.

1302 1035 1368 1062 t'isa
1388 1035 1421 1062 cle
1443 1035 1553 1062 Curia:

1494 1084 1518 1117 1.
1550 1084 1697 1128 archiep.
1721 1085 1923 1129 Ancyranus.

1310 1137 1375 1166 Loco
1397 1138 1415 1174 -J-
1430 1137 1550 1176 plumbi.

1633 1186 1655 1219 Ι.
1684 1186 1718 1218 B.
1746 1186 1921 1220 Ecomwus.

1300 1245 1364 1281 neg.
1386 1246 1413 1273 in
1434 1246 1536 1273 Secret.
1558 1247 1699 1274 Brevium.

1530 1390 1658 1423 CXLVI.

1229 1460 1417 1493 Iubilaeum
1453 1461 1638 1494 um‘versale
1663 1461 1706 1494 ml
1731 1461 1971 1505 implorandam

1272 1513 1423 1546 ‹lit-inam
1448 1524 1538 1558 opem*
1561 1525 1621 1557 pro
1644 1526 1723 1558 pace
1758 1516 1844 1549 inter
1866 1517 1969 1560 prin-

1273 1566 1357 1609 cipes
1391 1566 1587 1600 christianos
1620 1573 1648 1600 et
1680 1567 1759 1600 aliis
1785 1568 1972 1602 Catholicae

1274 1619 1432 1651 Ecclesiae
1456 1620 1708 1654 necessitatibus.

1441 1700 1577 1727 Clemens
1598 1701 1678 1734 Papa
1692 1700 1757 1734 XII,

1229 1752 1388 1779 Universis
1409 1752 1661 1780 christifidelibus
1686 1756 1866 1788 praesentes
1886 1754 1973 1782 litte·

1264 1805 1314 1825 ras
1343 1798 1528 1832 inspecturis
1542 1820 1549 1832 ‚
1571 1799 1704 1826 salutem
1724 1802 1754 1827 et
1773 1800 1971 1833 apostolicam

1264 1843 1516 1871 benedictionem.
2008 1870 2131 1891 Exordium.

1274 1914 1436 1948 Ecclesiae
1473 1915 1643 1949 militantis
1679 1915 1854 1959 regimini,
1877 1916 1968 1949 nullo

1230 1967 1306 2000 licet
1339 1969 1530 2001 meritorum
1567 1973 1756 2002 nostrorum
1794 1968 1970 2012 suffragio,

1231 2019 1337 2053 divina
1368 2021 1573 2064 providentia
1604 2021 1854 2064 praesidentes,
1882 2031 1972 2055 acer-

1230 2072 1363 2106 bissimo
1382 2084 1459 2106 sane
1478 2084 1512 2106 ac
1530 2084 1613 2115 pene
1630 2074 1852 2118 inexplicabili
1868 2080 1971 2118 pater-

1231 2126 1261 2158 ni
1282 2126 1390 2159 cordis
1408 2127 1511 2160 nostri
1531 2137 1683 2160 moerore
1701 2127 1865 2170 angimur,
1882 2127 1970 2167 dum,

1231 2180 1347 2212 mentis
1387 2184 1518 2213 nostrae
1559 2180 1661 2213 aciem
1697 2181 1795 2223 longe
1837 2181 1969 2224 lateque

1230 2233 1518 2273 circumferentes,
1550 2238 1670 2266 attente
1706 2234 1972 2277 contemplamur

1231 2285 1361 2329 quantis
1401 2285 1578 2318 christiana
1616 2286 1803 2329 respublica
1845 2287 1972 2319 luctuo-

1231 2339 1273 2372 sis
1300 2339 1390 2372 hisce
1416 2339 1617 2382 temporibus
1652 2339 1718 2372 sere
1755 2340 1900 2383 undique
1926 2339 1972 2372 ia-

1231 2398 1334 2426 ctetur
1348 2393 1568 2426 calamitatum
1584 2393 1735 2426 fluctibus
1753 2399 1785 2426 et
1801 2393 1970 2437 procelli&

1232 2457 1371 2490 cumque
1414 2446 1621 2490 potissimum
1660 2447 1826 2480 intuemur
1866 2445 1972 2479 dirum

1232 2503 1384 2543 atroxque
1408 2499 1529 2533 bellum
1553 2499 1638 2533 inter
1661 2500 1828 2543 principes
1860 2499 1972 2532 catho-

1232 2553 1311 2587 licos
1336 2564 1402 2587 non
1428 2554 1472 2586 ita
1496 2553 1624 2597 pridem
1643 2559 1801 2595 exortum,
1820 2564 1856 2586 ac
1871 2553 1971 2586 vehe-

1233 2606 1372 2640 mentius
1397 2607 1429 2640 in
1456 2607 1525 2640 dies
1543 2607 1787 2649 recrudescens,
1809 2607 1972 2640 florentis-

1974 217 2023 243 An.
2044 216 2072 244 C.
2087 216 2156 244 1734
