2232 3178
867 182 963 208 mnax
990 183 1094 208 aenum
1651 173 1715 208 685

311 236 440 271 micidas
462 237 543 272 latae
568 238 600 270 in
625 236 712 270 Statu
737 237 901 271 Pontificio
933 238 1144 270 extenduntur
1176 235 1214 270 ad
1248 246 1346 280 regna
1378 236 1599 280 Hispaniarum
1616 262 1624 277 ‚
1647 235 1712 269 312
1743 236 1760 268 b

310 295 340 324 et
361 302 437 335 seq.;
462 291 535 325 item
556 291 594 324 ad
615 296 711 324 totam
732 290 884 324 ditionem
909 290 1111 334 Reipublicae
1136 290 1319 332 Genuensis‚
1341 289 1430 333 regni
1455 289 1601 324 Corsicae
1625 294 1654 322 et
1680 289 1762 321 insu-

311 344 359 376 lae
383 343 566 387 Caprariae,
592 343 655 377 599
680 355 700 377 a
724 348 754 377 et
779 344 807 377 b.

224 396 400 430 Homicidia
425 398 539 431 crebra
564 398 595 430 in
622 398 790 441 temporali
817 397 847 430 S.
868 397 902 429 R.
924 397 958 429 E.
986 396 1106 430 ditione
1130 407 1166 429 ac
1192 396 1286 429 etiam
1313 396 1343 428 in
1369 397 1454 429 alma
1480 395 1562 429 L'rbe
1587 400 1762 439 patrantur,

310 449 351 483 ⁶28
377 461 396 483 α
420 455 450 483 et
475 451 504 491 b;
531 451 604 483 item
639 451 670 483 in
703 450 807 491 regnis
832 450 1076 493 Hispaniarum,
1101 449 1165 482 3102
1190 462 1226 490 a,
1256 450 1328 482 item
1356 450 1386 482 in
1412 450 1531 482 ditione
1557 449 1760 494 Reipublicae

310 503 482 543 Ianuensis,
507 514 606 546 regno
628 503 774 537 Corsicae
799 508 829 536 et
854 503 955 535 insula
980 503 1156 546 Caprariae,
1183 503 1246 536 599
1272 514 1300 535 a.

222 556 430 600 Hospitalaris
455 556 538 589 Ordo
563 557 591 589 S.
618 556 776 600 Hippolyti
801 555 967 597 Mexicani,
993 556 1063 588 ride
1088 555 1249 599 Hippolyti
1275 556 1332 599 (S.)
1358 555 1441 588 Ordo
1467 555 1676 599 hospitalaris.

224 609 385 652 Hospitale
420 610 452 642 B.
478 609 594 642 Mariae
629 609 668 641 de
703 608 826 648 Gratia,
852 607 1073 642 Consolatione
1107 613 1137 640 et
1174 607 1334 640 Portieum
1372 613 1607 651 nuncupatum,
1633 607 1696 640 363
1729 618 1762 648 α;

314 662 507 706 presbyteris
533 662 733 696 confessariis
759 662 789 694 in
813 662 867 694 illo
893 660 1051 704 deputatis
1076 660 1240 693 facultates
1266 670 1450 700 concessae,
1476 660 1539 693 363
1564 671 1583 693 a
1607 667 1637 693 et
1661 661 1686 693 b.

222 714 382 758 Hospitale
407 716 435 749 S.
461 715 593 749 Ioannes
617 715 911 759 IIierosolymitani,
936 714 1008 747 ¹vide
1032 713 1157 757 Equites
1182 713 1210 746 S.
1238 713 1361 746 Ioannis
1386 714 1673 757 IIiet'osolymitani.

985 865 996 898 1

222 981 405 1015 Immunitas
429 980 650 1014 ecclesiastica.
684 1000 716 1005 —-
741 981 785 1014 Ει
810 990 873 1014 non
898 980 1037 1023 gaudent
1058 980 1248 1022 homicidae,
1274 981 1367 1014 etiam
1393 982 1418 1014 si
1444 981 1505 1015 sint
1530 981 1647 1022 clerici,
1668 979 1710 1015 33
1729 981 1763 1021 b;

310 1046 373 1078 quo
399 1034 509 1068 ordine
525 1035 563 1067 ab
581 1034 712 1067 ecclesia
730 1034 915 1067 extrahendi
932 1035 994 1068 sint
1010 1035 1063 1078 qui
1090 1035 1210 1069 crimen
1235 1035 1444 1078 patraverint,
1470 1034 1556 1067 iuxta
1580 1035 1764 1078 qualitatem

313 1099 467 1132 personae
492 1093 522 1121 et
546 1088 687 1121 criminis
702 1115 709 1128 ,
733 1089 810 1121 ibid.

224 1141 439 1184 Indulgentiae
464 1151 631 1174 concessae
656 1141 807 1174 fratribus
832 1147 861 1174 et
891 1141 1054 1175 sororibus
1086 1141 1212 1175 Ordinis
1243 1142 1413 1175 Servorum
1439 1141 1471 1174 B.
1504 1141 1542 1174 M.
1576 1141 1607 1174 V.
1638 1146 1668 1174 et
1690 1151 1766 1174 con-

310 1194 462 1226 fratribus
497 1194 622 1237 Septem
658 1194 829 1234 Botorum,
861 1194 986 1228 Ordinis
1023 1195 1171 1228 ecclesias
1209 1195 1428 1236 visitantibus,
1454 1205 1606 1228 eoronam
1640 1195 1766 1238 Septem

311 1247 461 1280 Dolorum
488 1247 704 1288 recitantibus,
724 1253 794 1287 etc.y
811 1247 853 1281 48
870 1257 890 1280 a
908 1253 938 1280 et
954 1258 1030 1290 seq.;
1055 1247 1252 1281 visitantibus
1278 1248 1427 1281 ecclesias
1451 1248 1584 1280 fratrum
1610 1248 1767 1280 lllinorum

311 1301 409 1333 sancti
431 1300 590 1333 Francisci
615 1300 875 1334 Conventualium
901 1300 950 1333 die
974 1301 1052 1333 festo
1078 1300 1123 1334 Ss.
1146 1306 1320 1345 martyrum
1341 1301 1482 1342 Berardi,
1503 1300 1597 1343 Petri,
1615 1300 1767 1340 Accursii,

310 1353 415 1387 Adiuti
445 1359 476 1386 et
499 1353 641 1396 Othonis,
667 1354 709 1387 027
735 1354 766 1395 b;
792 1354 905 1387 adultis
936 1354 990 1397 qui
1022 1354 1213 1388 catechismo
1237 1355 1410 1395 intersunt,
1441 1354 1473 1387 in
1503 1354 1586 1387 Urbe
1618 1358 1648 1387 et
1679 1353 1767 1387 Italia

311 1416 347 1440 ac
371 1406 483 1440 insulis
508 1406 736 1449 adiacentibus,
762 1407 806 1440 44
829 1408 862 1447 b;
890 1406 1018 1440 eaedem
1049 1408 1261 1441 extenduntur
1287 1408 1328 1441 ad
1353 1408 1518 1441 universos
1543 1406 1766 1440 christifideles

258 1493 261 1495 ,
311 1457 504 1501 ubicumque
529 1458 674 1492 locorum
701 1459 881 1499 existentes,
899 1459 963 1493 195
983 1460 1014 1500 b;
1035 1461 1092 1494 sub
1117 1461 1229 1494 horam
1253 1461 1355 1495 noctis
1380 1461 1418 1493 ad
1444 1461 1569 1504 pulsum
1596 1469 1766 1503 campanae

315 1511 519 1545 recitantibus
543 1512 684 1555 psalmus
715 1513 760 1546 De
785 1514 978 1556 profundis,
1011 1515 1059 1547 vel
1084 1514 1181 1547 semel
1206 1515 1383 1547 orationem
1409 1513 1601 1546 dominicam
1625 1518 1656 1546 et
1680 1512 1765 1545 salu-

314 1565 464 1598 tationem
489 1565 681 1608 angelicam,
707 1577 778 1599 cum
804 1567 825 1607 ,v
849 1566 1002 1610 Requz'em
1029 1572 1206 1608 aeternam,
1232 1567 1290 1600 201
1321 1578 1341 1600 ιι
1366 1572 1395 1600 et
1417 1567 1450 1606 b,
1475 1577 1597 1600 sacram
1622 1576 1765 1600 commu-

313 1618 440 1651 nionem
466 1618 662 1652 sumentibus
688 1618 719 1651 in
743 1619 902 1660 ecclesiis,
927 1619 960 1652 in
993 1620 1109 1665 quibus
1134 1632 1150 1653 a
1174 1620 1317 1664 patribus
1353 1620 1518 1653 Societatis
1552 1620 1622 1652 Iesu
1660 1619 1765 1661 agitur

314 1672 497 1705 communio
521 1672 689 1714 generalis,
714 1672 778 1704 21⁹2
804 1684 824 1706 α
849 1678 879 1705 et
903 1673 932 1713 b,
959 1673 1159 1707 visitantibus
1184 1674 1321 1716 aliquam
1347 1684 1383 1706 ex
1409 1672 1550 1706 ecclesiis
1575 1671 1765 1705 clericorum

314 1725 507 1768 regularium
534 1725 774 1759 Barnabitarum
806 1726 856 1758 die
886 1726 965 1759 festo
994 1727 1022 1759 S.
1049 1727 1208 1761 Francisci
1234 1726 1361 1768 Salesii,
1386 1725 1450 1759 ⁶219
1476 1726 1509 1766 b;
1543 1724 1767 1768 indulgentiae,

317 1788 485 1811 concessae
502 1778 700 1812 visitantibus
715 1779 864 1812 ecclesias
881 1789 937 1813 seu
961 1780 1101 1813 oratoria
1127 1780 1400 1813 missionariorum
1427 1779 1588 1813 Gallorum
1615 1778 1644 1811 in
1670 1778 1767 1821 parti-

314 1830 373 1863 bus
398 1831 585 1872 infidelium,
608 1831 774 1865 animabus
799 1832 1022 1866 defunctorum
1048 1844 1106 1877 per
1127 1833 1257 1866 modum
1284 1832 1426 1875 suffragii
1451 1832 1602 1876 applicari
1627 1835 1768 1875 possunt,

314 1882 377 1916 2⁶22
407 1895 426 1916 a
462 1889 493 1917 et
524 1884 554 1923 b;
582 1885 776 1928 indulgentia
801 1885 943 1929 plenaria
977 1886 1015 1919 iis
1051 1887 1106 1930 qui
1138 1886 1274 1920 orationi
1306 1885 1520 1928 Quadraginta
1551 1885 1703 1918 horarum
1738 1884 1769 1916 in

317 1937 459 1971 ecclesiis
483 1943 608 1981 patrum
633 1938 885 1983 Capuceinorum
914 1939 1129 1980 interfuerint,
1154 1939 1220 1972 ⁶225
1243 1951 1263 1973 a
1287 1944 1317 1973 et
1341 1940 1367 1980 (23
1392 1939 1590 1972 visitantibus
1620 1938 1768 1972 ecclesias

313 1989 573 2033 Congregationis
593 1991 748 2026 Missionis
768 1998 798 2026 et
817 1993 996 2026 Puellarum
1014 1993 1182 2028 Charitatis
1199 1994 1251 2026 die
1268 2004 1323 2027 xlx
1344 1993 1411 2026 iulii
1429 1993 1532 2026 dicato
1550 1993 1584 2026 B.
1605 1992 1768 2025 Vincentio

313 2053 330 2076 a
354 2043 468 2085 Paulo,
492 2044 557 2078 0295
581 2056 601 2078 α
625 2051 654 2079 et
678 2046 714 2087 h,
741 2047 793 2090 pia
817 2046 968 2080 exercitia
992 2057 1009 2081 a
1033 2047 1062 2081 S.
1082 2047 1251 2081 Francisco
1268 2047 1306 2080 de
1324 2047 1420 2080 Paula
1444 2046 1611 2090 proposita
1632 2046 1769 2079 facienti-

317 2096 376 2129 bus
399 2096 549 2130 tredecim
575 2098 669 2131 sextis
696 2099 781 2132 feriis
805 2100 844 2132 ab
869 2100 980 2133 eodem
1005 2100 1166 2142 institutis,
1190 2100 1256 2134 495
1281 2111 1301 2134 α
1325 2105 1356 2134 et
1379 2111 1455 2144 seq.;
1480 2100 1551 2134 vide
1576 2098 1765 2133 Iubilaeum.

227 2147 363 2181 Infantes
387 2149 538 2193 expositi,
563 2151 633 2184 vide
658 2152 797 2195 Expositi
822 2153 967 2187 infantes.

226 2201 442 2246 inquisitionis
466 2204 563 2238 officii
596 2205 730 2240 ministri
756 2206 789 2239 in
814 2207 920 2250 regnis
945 2207 1157 2250 Portugalliae
1182 2213 1212 2241 et
1237 2207 1475 2251 Algarbiorum,
1501 2207 1675 2240 revelantes
1699 2210 1767 2238 acta

315 2256 409 2298 illius,
430 2259 790 2294 excommunicationem
816 2260 983 2295 incurrunt
1007 2271 1025 2294 a
1048 2272 1110 2305 qua
1133 2261 1254 2296 absolvi
1279 2271 1343 2296 non
1367 2261 1489 2305 possint
1513 2271 1530 2293 a
1555 2259 1766 2300 confessariis,

317 2309 381 2343 360
406 2321 426 2344 α
450 2316 481 2344 et
503 2323 566 2356 seq.
1349 2316 1352 2317 ’

229 2361 424 2397 investitura.
450 2383 492 2389 ——
528 2365 640 2400 Carolo
675 2366 835 2401 Borbonio
871 2366 984 2401 Infanti
1010 2367 1232 2412 Hispaniarum
1269 2376 1417 2402 concessa
1453 2367 1637 2402 investitura
1672 2366 1763 2410 regni

316 2417 481 2462 utriusque
512 2419 636 2454 Siciliae
659 2421 818 2455 nonnullis
849 2421 1002 2466 appositis
1033 2421 1287 2465 conditionibus,
1324 2420 1388 2454 377
1423 2432 1443 2455 α
1478 2426 1508 2454 et
1541 2432 1613 2464 seq.;
1648 2419 1714 2454 384
1745 2431 1765 2453 α

317 2475 347 2503 et
375 2481 435 2514 seq.

230 2523 361 2557 Ioannes
385 2525 538 2560 Antonius
562 2527 736 2571 Tartaglia,
762 2529 967 2564 ratiocinator
990 2530 1139 2563 Gamerae
1164 2528 1373 2572 Apostolicac,
1400 2525 1441 2560 47
1467 2539 1487 2562 a
1513 2531 1542 2561 et
1566 2538 1629 2572 seq.

231 2575 362 2612 loannes
387 2578 527 2622 Baptista
550 2581 686 2617 Leonori
701 2609 709 2625 ,
734 2583 940 2619 ratiocinator
965 2583 1114 2619 Gamerae
1138 2583 1356 2627 Apostotieae‚
1383 2582 1424 2616 47
1450 2582 1467 2616 b
1491 2588 1521 2617 et
1546 2592 1607 2626 seq.
