2232 3178
292 226 332 251 An
361 227 388 250 c.
406 225 474 251 1738
521 215 585 249 322

486 284 521 307 ex
549 275 706 307 decanatu
733 273 882 306 similiter
908 277 980 315 post
1006 272 1225 315 pontificalem

486 328 630 366 maiore,
668 327 759 358 cuius
795 331 1022 359 sexcentorum
1060 324 1226 366 octoginta

486 387 627 422 septem,
646 390 771 412 necnon
799 390 834 412 cx
858 379 1093 411 tliesaurariatu
1112 378 1224 410 maiori

486 438 672 476 nuncupato
690 432 847 465 ecclesiae
866 432 1118 471 Colimbriensis,
1137 432 1225 464 cuius

486 486 749 527 octingentorum
776 486 1013 528 quinquaginta
1039 491 1136 525 octo;
1168 496 1227 517 nec

486 549 550 570 non
576 549 611 570 ex
638 539 797 571 decanatu
824 544 899 581 post
917 539 1136 581 pontiticalem
1162 549 1227 570 ma-

486 592 574 631 iore,
600 592 690 624 cuius
717 592 993 634 noningentorum
1021 592 1164 634 triginta,
1192 602 1227 624 ac

486 656 521 677 ex
548 650 737 683 cantat-atu,
763 645 855 677 cuius
890 644 1144 688 quingentorum
1170 655 1227 678 110-

486 698 616 739 nagiuta
643 704 800 740 quatuor,
829 708 864 730 ac
890 708 927 730 ex
953 708 1017 730 uuo
1043 698 1082 730 de
1109 698 1226 730 Baculo

485 762 541 784 seu
564 752 602 784 de
628 752 806 794 Valdigem,
828 752 919 783 cuius
946 751 1225 794 septingentorum

485 804 651 847 sexaginta
678 805 832 848 quinque,
860 816 895 837 ac
920 815 954 837 ex
986 806 1089 837 altero
1114 805 1224 836 archi-

486 858 707 891 diaconatibus
734 858 771 890 de
799 858 905 898 neg-oa
941 858 1118 901 respective
1144 869 1227 890 nuu-

486 911 610 953 cupatis
628 911 785 943 ecclesiae
805 911 1019 949 Laruacensis,
1041 911 1130 943 cuius
1152 922 1227 954 qua-

486 965 734 1006 dringentorum
763 964 893 1006 triginta
913 964 1072 1007 quinque,
1100 975 1226 997 necnon

486 1029 522 1050 ex
564 1019 718 1050 decanatu
760 1018 858 1050 etiam
901 1023 973 1060 post
1008 1017 1226 1060 pontificalem

485 1071 616 1111 maiore,
635 1071 725 1103 cuius
743 1071 830 1103 mille
851 1075 1074 1103 trecentorum
1098 1071 1226 1111 triginta

487 1125 645 1163 duorum,
682 1135 811 1157 necnon
848 1133 884 1156 ex
922 1128 1106 1162 cantoratu,
1139 1124 1227 1156 cuius

486 1183 714 1211 sexcentorum
739 1178 946 1220 septuaginta
971 1178 1128 1216 duorum,
1168 1188 1228 1210 nec

486 1241 551 1263 non
578 1241 614 1263 ex
641 1231 853 1269 scholastria,
878 1230 968 1262 cuius
1001 1235 1226 1263 sexcentorum

486 1284 691 1326 septuaginta
718 1284 878 1323 duorum,
905 1294 1034 1316 necnon
1062 1294 1097 1316 ex
1123 1284 1228 1316 archi-

487 1337 660 1370 diaconatu
687 1337 781 1369 etiam
802 1338 921 1370 Baculo
947 1347 1000 1369 seu
1021 1338 1059 1370 de
1078 1337 1227 1370 Meinedo

486 1397 685 1434 nuncupato,
704 1392 796 1424 cuius
816 1391 1081 1432 octingentorum
1099 1397 1227 1434 septua-

487 1445 576 1487 ginta
605 1472 611 1484 ‚
660 1455 788 1477 necnon
829 1455 865 1476 ex
907 1444 1227 1487 archipresbyteratu

487 1497 643 1530 ecclesiae
667 1497 931 1539 Portugallensis,
950 1497 1039 1529 euius
1066 1503 1228 1530 sex-centor

488 1561 555 1583 rum
575 1550 739 1593 sexaginta
767 1550 879 1590 trium·‚
899 1561 1025 1583 necnon
1046 1561 1080 1582 ex
1102 1550 1229 1582 thesau-

486 1604 606 1636 rariatu
635 1604 756 1636 maiore
782 1609 992 1646 nuncupato,
1019 1604 1109 1636 cuius
1136 1604 1229 1647 quin-

488 1663 657 1698 gentorum
685 1656 863 1697 nonaginta
889 1657 982 1688 unius
1018 1662 1049 1689 et
1074 1656 1228 1689 iuliorum

487 1721 603 1742 novem
641 1721 713 1742 cum
752 1710 905 1749 dimidio,
932 1720 1059 1742 necnon
1095 1721 1130 1742 ex
1165 1721 1229 1742 uno

488 1764 526 1796 de
553 1763 696 1801 Guarda,
723 1763 814 1795 cuius
852 1763 1065 1795 ducentorum
1099 1763 1230 1805 triginta

486 1816 594 1855 unius,
621 1827 747 1848 necnon
775 1827 810 1849 ev
837 1816 899 1849 alio
925 1817 964 1848 de
989 1816 1149 1855 Sclmico,
1176 1828 1230 1848 cu-

487 1869 534 1901 ius
561 1869 774 1901 ducentorum
800 1869 1035 1911 quinquaginta
1062 1875 1142 1908 octo,
1169 1880 1230 1902 nec

487 1934 551 1956 non
574 1934 610 1955 ex
632 1923 757 1965 reliquo
779 1923 1096 1955 archidiaconatibus
1116 1923 1153 1955 de
1173 1922 1230 1955 Co-

486 1977 607 2009 villiam
633 1976 813 2018 respective
845 1977 1040 2018 nuncupatis
1074 1976 1229 2008 ecclcsiae

487 2029 729 2071 AEgitaniensis,
749 2030 872 2062 nullam
898 2031 947 2062 vel
975 2029 1136 2062 modicam
1163 2036 1231 2061 tan-

488 2088 554 2115 tum
591 2083 801 2115 residentiam
838 2083 1102 2125 requirentibus,
1140 2083 1231 2120 cuius

488 2135 622 2168 aliorum
643 2136 856 2168 ducentorum
877 2135 1011 2177 triginta
1036 2135 1152 2175 unius;
1171 2146 1231 2168 nec

488 2199 553 2221 non
575 2199 610 2221 ex
639 2194 817 2227 cantoratu‚
837 2189 928 2220 cuius
947 2188 1229 2231 septingentorum

489 2241 736 2285 quatuordecim
762 2246 792 2273 et
818 2241 973 2274 iulioruin
993 2241 1137 2283 quinque
1163 2252 1226 2273 mo-

488 2301 581 2328 netae
608 2304 769 2333 romanae,
793 2306 828 2326 ac
855 2305 891 2327 ex
917 2295 1121 2334 scholastria,
1142 2294 1230 2326 cuius

487 2348 801 2392 quadringentorum
828 2347 938 2389 viginti
956 2358 1082 2387 novem,
1103 2358 1229 2380 necnon

488 2413 524 2434 ex
550 2400 816 2433 archidiaconatu
836 2401 931 2433 etiam
952 2401 989 2433 de
1009 2401 1127 2433 Baculo
1154 2411 1230 2433 nun-

487 2458 604 2497 cupato
643 2454 798 2486 ecclesiae
835 2453 992 2493 Visensis,
1019 2453 1229 2495 dignitatibus

487 2507 567 2540 inibi
593 2507 782 2550 respective,
801 2517 868 2539 non
895 2512 999 2539 tamen
1026 2512 1097 2548 post
1122 2506 1230 2549 ponti-

487 2560 610 2593 ficalem
638 2559 827 2600 maioribus,
848 2559 1075 2600 existentibus,
1096 2570 1132 2592 ac
1154 2570 1229 2602 quo-

487 2624 557 2647 rum
582 2619 614 2647 ct
639 2624 775 2658 quarum
807 2614 971 2659 aliquibus
998 2624 1034 2647 ex
1061 2613 1228 2656 dignitati-

1070 222 1254 247 BULLARIUM
1279 222 1434 246 ROMANUM

1269 270 1329 303 bus
1355 281 1428 304 cum
1454 270 1588 304 dimidia
1613 272 1808 315 praebenda,
1835 282 1892 305 seu
1917 272 2010 305 dimi-

1271 323 1330 355 diis
1347 324 1590 357 canonicatibus
1607 329 1638 357 et
1656 325 1797 358 dimidiis
1816 325 2010 368 praebendis

1271 376 1454 419 praedictis,
1476 378 1650 410 nonnullae
1675 378 1882 421 parochiales
1908 379 2011 411 eccle-

1270 429 1353 469 siae,
1380 435 1411 462 et
1447 440 1501 462 seu
1527 430 1655 463 illarum
1681 431 1823 471 fructus,
1849 431 2010 474 perpetuo

1271 482 1388 523 unitae,
1411 493 1557 516 annexae
1584 488 1616 516 et
1642 483 1883 526 incorporatae,
1902 489 1934 516 et
1954 494 2010 516 seu

1272 535 1370 574 uniti,
1398 535 1513 569 annexi
1540 541 1571 568 et
1596 536 1793 579 incorporati
1831 537 2011 580 respective

1271 588 1490 631 reperiuntur,
1516 599 1551 621 ac
1577 590 1683 631 cuius,
1710 594 1741 622 et
1766 590 2011 633 praedictorum

1271 648 1301 674 et
1325 643 1436 675 forsan
1462 643 1597 676 aliorum
1623 643 1688 676 illis
1713 643 1893 686 respective
1918 653 2014 676 anne·

1272 706 1404 735 xorum,
1431 696 1645 728 ducentorum
1674 696 1806 738 triginta
1830 696 1926 729 unius
1955 696 2013 729 du-

1271 753 1416 781 catorum
1442 750 1511 781 auri
1538 750 1576 782 de
1595 749 1724 782 Carnera
1750 749 1940 782 huiusmodi
1965 760 2013 782 re-

1271 802 1411 844 spective
1436 802 1578 842 fructus,
1604 803 1748 835 redditus
1773 808 1803 835 et
1826 807 2014 846 proventus,

1271 856 1448 888 secundum
1486 866 1689 889 communem
1730 856 2011 896 aestimationem,

1274 910 1414 941 valorem
1434 919 1588 950 annuum,
1601 915 1635 942 nt
1653 909 1802 942 similiter
1820 909 2014 952 accepimus,

1272 972 1338 994 non
1375 963 1552 1002 excedunt,
1579 963 1699 1006 quique
1737 973 1850 995 omnes
1884 962 2014 995 insimul

1272 1025 1407 1047 annuam
1428 1025 1581 1048 summam
1601 1015 1729 1058 triginta
1756 1016 1850 1048 trium
1876 1015 2015 1049 millium

1272 1069 1585 1111 quadringentorum
1622 1080 1675 1102 sex
1712 1071 1903 1103 ducatorum
1944 1070 2014 1103 auri

1272 1122 1425 1155 similium
1459 1128 1491 1156 et
1514 1123 1665 1156 juliorum
1691 1123 1878 1167 quindecim
1903 1134 2016 1157 mone-

1274 1181 1321 1208 tae
1342 1176 1504 1219 praet'atae
1530 1188 1601 1210 cum
1627 1177 1761 1210 dimidio
1787 1177 1920 1210 alterius
1945 1177 2015 1211 iulii

1271 1229 1397 1270 similis,
1413 1236 1447 1262 ut
1461 1230 1582 1272 pariter
1596 1231 1790 1273 accepimus,
1806 1230 2016 1270 constituunt,

1273 1283 1406 1316 totidem
1431 1283 1573 1326 singulas
1601 1284 1794 1326 dignitatum
1823 1294 1860 1317 ac
1885 1284 2017 1318 canoni-

1272 1342 1398 1369 catuum
1424 1342 1455 1369 et
1476 1337 1748 1380 praebendarum,
1774 1347 1902 1370 necnon
1927 1347 2018 1371 cano-

1271 1391 1434 1422 nicatuum
1468 1400 1538 1422 cum
1571 1390 1703 1424 dimidia
1728 1391 1930 1434 praebenda,
1957 1401 2013 1424 seu

1273 1443 1483 1476 diniidiorum
1519 1443 1766 1476 canonicatuum
1803 1449 1835 1476 et.
1867 1443 2018 1477 dimidia-

1274 1507 1342 1528 rum
1357 1496 1641 1540 praebendarum,
1659 1507 1695 1529 ac
1713 1507 1823 1530 eorum
1850 1502 1881 1530 et
1906 1507 2019 1530 earum

1273 1549 1444 1582 cuiuslibet
1466 1549 1660 1592 ‚respective
1695 1550 1873 1590 fructuum,
1911 1550 2019 1583 reddi-

1275 1608 1363 1634 tuum
1389 1607 1419 1634 et
1438 1608 1651 1645 proventuum
1669 1603 1902 1645 praefatorum,
1920 1603 2018 1637 etiam

1274 1666 1310 1688 ex
1345 1655 1629 1688 distributionibus
1655 1656 1880 1699 quotidianis,
1923 1657 2015 1690 deci-

1274 1709 1331 1741 mis
1353 1715 1383 1742 et
1408 1710 1479 1742 aliis
1506 1709 1765 1753 quibuscumque
1790 1710 2018 1753 proventibus,

1274 1762 1369 1795 etiam
1390 1762 1513 1795 ratione
1531 1762 1576 1795 eis
1596 1768 1627 1795 et
1645 1773 1755 1797 eorum
1774 1763 1910 1797 cuilibet
1927 1774 2019 1807 prae-

1275 1817 1414 1849 stitorum
1453 1821 1483 1848 et
1517 1816 1655 1849 aliorum
1694 1817 1801 1851 forsan
1839 1818 2019 1861 respective

1274 1881 1490 1908 annexorum,
1517 1879 1642 1903 necnon
1668 1870 1782 1912 bonis,
1808 1872 2018 1915 proprietati-

1274 1924 1344 1963 bus,
1372 1923 1513 1963 iuribus,
1540 1924 1703 1963 censibus,
1728 1925 1920 1965 laudemus,
1947 1936 2019 1958 con-

1275 1976 1508 2009 tributionilms
1533 1976 1770 2019 praedialibus,
1795 1979 1890 2020 vulgo
1914 1978 2020 2021 pitan-

1275 2040 1335 2067 cas,
1363 2029 1547 2072 ceterisque
1572 2031 1798 2072 proventibus,
1817 2031 2020 2064 obventioni-

1274 2083 1334 2115 bus
1353 2088 1385 2115 et
1403 2082 1630 2115 emolumentis
1647 2084 2020 2128 quibuscumque,eertis

1276 2142 1308 2169 et
1334 2136 1477 2175 incertis,
1498 2137 1528 2168 in
1548 2138 1686 2179 pecunia
1707 2139 1756 2171 vel
1784 2137 1941 2170 fructibus
1965 2143 2021 2171 ant

1275 2189 1476 2232 quibuslibet
1515 2190 1585 2222 aliis
1634 2191 1729 2223 rebus
1770 2191 2019 2234 quomodolibet

1275 2242 1540 2281 consistentibus,
1557 2243 1835 2285 provenientium,
1856 2249 1887 2277 et
1907 2244 1946 2277 ad
1972 2244 2019 2277 di-

1275 2295 1413 2337 gnitates
1438 2306 1474 2328 ac
1499 2295 1708 2328 canonicatus
1742 2300 1773 2330 et
1800 2297 2015 2340 praebendas,

1275 2359 1400 2381 necnon
1427 2348 1635 2381 canonicatus
1666 2359 1737 2382 cum
1764 2349 1899 2382 dimidia
1923 2360 2017 2393 prae·

1274 2402 1394 2442 benda,
1417 2412 1472 2434 seu
1499 2401 1653 2435 dimidios
1678 2402 1886 2436 canonicatus
1914 2409 1945 2436 et
1970 2404 2017 2437 di-

1274 2454 1389 2487 midias
1414 2455 1628 2498 praebendaS,
1654 2455 1796 2499 illosque
1815 2461 1846 2489 et
1862 2455 1934 2488 illas
1958 2467 2017 2499 pro

1275 2513 1421 2551 tempore
1457 2508 1645 2541 obtinentes
1683 2518 1887 2552 quocumque
1922 2509 2016 2543 titulo

1275 2560 1371 2593 etiam
1385 2555 1554 2600 unionum,
1569 2560 1789 2602 donationum,
1803 2561 2014 2603 oblationum,

1274 2615 1503 2656 luctuosarum,
1523 2614 1707 2648 contractas
1726 2613 1897 2649 cuiuslibet
1918 2615 2016 2649 etiarn

2019 223 2070 249 An.
2087 223 2116 249 c.
2133 225 2194 257 ¹738
2220 217 2222 249 ζ
