2232 3178
74 217 123 244 Am
137 215 169 243 C.
191 215 258 244 1735

107 383 136 404 Ex
158 383 255 409 publica-

71 411 128 431 tione
170 410 255 435 prae-it-

72 440 152 457 ctarum
184 439 254 462 pasto-

71 464 145 484 ratium
175 463 255 482 dis-enr-

73 490 120 510 diae
138 490 191 509 inter
206 489 254 509 iuis-

71 516 176 536 nonarius
196 522 252 537 exor-

72 545 106 563 tae
121 544 176 563 sunt.

107 1127 148 1147 Eas
164 1130 251 1149 revocat

68 1154 169 1175 Clemens.

884 215 1026 242 CLEMENS
1051 217 1096 241 ΧΠ
1119 218 1170 242 Pr.

267 263 400 304 ceditur,
428 263 572 298 recidere
588 275 624 297 ae
641 275 656 297 e
671 265 779 299 medio
804 265 921 299 tollere
942 271 1008 298 stu-

266 316 412 350 deamus.

309 370 324 414 ἓ
349 369 380 402 1.
408 369 483 403 Cum
503 371 621 414 itaque,
647 371 730 404 sicut
751 371 789 404 ad
812 372 1009 415 apostolatus

266 424 366 456 nostri
394 425 542 457 notitiam
569 425 732 469 pervenit,
758 425 931 458 occasione
963 425 1010 457 bi-

266 488 378 510 narum
406 477 627 520 epistolarum,
654 490 733 522 quas
754 479 935 522 pastorales
955 489 1009 512 vo-

265 536 357 572 cant,
384 531 489 565 bonae
520 532 697 566 memoriae
722 532 882 565 Francisci
899 561 906 575 ,
934 533 1007 565 dum

268 583 410 625 viveret,
438 584 583 628 episcopi
609 585 801 618 Pekinensis
826 596 931 629 nuper
956 586 1009 618 de-

263 637 384 678 functi,
411 639 462 672 die
489 650 518 672 VI
544 639 613 672 iulii
646 645 677 673 et
712 650 787 673 xxul
825 639 1009 673 decembris

265 691 342 724 anni
367 702 553 727 nnccxxxui
579 693 665 726 circa
690 693 769 726 ritus
794 693 947 726 Siuenses
977 704 1009 727 e-

264 745 421 785 ditarum,
441 756 555 789 graves
582 746 613 779 in
640 746 779 790 imperio
800 746 946 779 Sinarum
965 747 1008 779 in-

263 804 314 832 ter
338 799 535 843 apostolicos
562 800 689 833 illarum
717 800 857 844 partium
885 800 1008 834 missio-

262 852 372 885 narios
389 858 518 886 exortae
537 853 658 886 suerint
676 853 907 892 dissensiones,
925 864 1007 897 quae

260 905 379 939 uberes
397 906 519 940 fruetus
531 934 538 947 ‚
554 918 635 950 quos
655 913 765 941 sancta
783 913 885 941 mater
901 907 1007 941 Eccle-

262 959 310 992 sia
335 970 371 992 ex
392 959 522 993 assiduo
540 961 765 1004 operariorum
782 961 813 994 iu
833 961 920 994 illam
939 962 1006 1004 agri

262 1012 416 1045 dominici
444 1019 570 1056 partem
592 1014 763 1047 missorum
785 1014 898 1048 labore
916 1025 1007 1058 prae-

261 1067 408 1106 stolatur,
435 1066 594 1110 impedire
620 1073 673 1100 aut
699 1067 816 1101 morari
841 1073 989 1112 possent:

306 1120 320 1163 ἓ
345 1118 376 1152 2.
403 1119 486 1161 Nos,
514 1126 548 1153 ut
583 1121 720 1165 pristina
754 1122 839 1155 iuter
875 1122 1004 1155 eosdem

260 1173 488 1206 missionarios
521 1185 580 1217 pax
608 1181 640 1207 et
664 1175 846 1208 animorum
871 1186 1005 1209 concor-

262 1225 332 1266 dia,
360 1226 495 1260 sublatis
521 1227 689 1270 quibusvis
727 1228 884 1268 dissidiis,
912 1229 1005 1261 resti-

261 1285 378 1320 tuatur,
405 1281 444 1313 de
469 1286 657 1324 opportuno
683 1281 713 1313 in
741 1282 930 1325 praemissis
957 1292 1006 1315 re-

260 1333 369 1366 medio
396 1334 568 1377 providere
596 1335 760 1375 volentes,
787 1345 822 1367 ac
848 1335 1005 1378 epistola-

259 1397 330 1420 rum
357 1387 595 1430 praedictarum
616 1393 756 1427 tenores,
777 1394 808 1421 et
826 1388 888 1421 alia
907 1399 1004 1431 quae-

259 1450 401 1483 cumque
420 1440 515 1472 etiam
535 1441 721 1484 specificam
748 1446 779 1474 et
804 1441 1002 1475 individuam

258 1494 459 1527 mentionem
495 1499 526 1527 et
563 1495 806 1538 expressionem
832 1495 1003 1538 requiren-

259 1548 311 1588 tia,
338 1548 565 1592 praesentibus
591 1559 651 1592 pro
677 1550 773 1592 plene
793 1555 824 1582 et
841 1549 1002 1583 sufficieu-

259 1606 309 1634 ter
333 1601 497 1645 expressis
536 1607 568 1634 et
592 1608 701 1635 exacte
727 1602 925 1645 specificans
951 1603 1004 1636 lia-

258 1654 391 1695 bentes,
418 1655 457 1688 de
493 1656 726 1688 nonnullorum
762 1656 1000 1689 venerabilium

259 1708 391 1740 fratrum
411 1713 599 1741 nostrorum
618 1708 650 1741 S.
670 1708 707 1741 P..
725 1709 759 1741 E.
780 1709 1000 1749 cardinalium,

258 1761 313 1804 qui
354 1761 440 1794 iussu
483 1767 595 1795 nostro
630 1762 784 1805 epistolas
826 1762 914 1806 ipsas
952 1774 1000 1796 se-

259 1815 337 1847 dulo
373 1825 409 1847 ac
446 1814 623 1857 diligenter
649 1815 897 1857 examinarunt,
925 1827 1001 1850 con-

259 1867 346 1908 silio,
375 1879 409 1901 ac
434 1869 529 1901 etiam
549 1874 637 1901 motu
659 1869 793 1912 proprio
811 1875 843 1902 et
861 1881 896 1903 ex
913 1873 1000 1904 certa

259 1921 395 1954 seientia
413 1927 444 1954 et
462 1924 588 1955 matura
609 1923 845 1956 deliberatione
864 1924 1000 1964 nostris,

260 1974 363 2018 deque
382 1976 582 2018 apostolicae
597 1977 768 2019 potestatis
781 1977 998 2020 plenitudiue,

258 2027 352 2061 binas
376 2029 544 2062 memorati
571 2029 735 2063 Francisci
769 2031 916 2074 episcopi
945 2031 1001 2064 l‘e-

260 2080 403 2115 kinensis
443 2082 595 2126 epistolas
621 2084 801 2127 pastorales
827 2085 999 2128 praefatas,

261 2144 297 2167 ac
321 2145 443 2178 poenas
470 2142 501 2169 et
536 2137 597 2170 alia
620 2148 846 2181 quaecumque
883 2139 914 2171 in
952 2139 998 2171 eis

261 2192 419 2230 contenta,
437 2200 510 2223 cum
533 2191 683 2224 omnibus
710 2197 742 2224 et
765 2191 902 2235 singulis
923 2192 999 2225 iude

263 2241 379 2274 secutis
404 2248 435 2275 et
468 2243 574 2277 forsan
607 2245 877 2289 quandocumque
912 2257 1000 2279 secu-

265 2293 366 2335 turis,
391 2296 519 2338 penitus
551 2304 583 2331 et
613 2299 747 2333 omnino
772 2301 861 2334 nulla
877 2327 885 2341 ,
912 2300 1000 2333 invw

261 2346 329 2380 lida
343 2353 372 2381 et
390 2348 491 2391 irrita,
510 2352 697 2396 nulliusque
718 2364 852 2396 prorsus
871 2353 1000 2386 roboris

263 2405 295 2432 et
308 2402 461 2434 momenti
479 2413 547 2437 esse
566 2410 598 2437 ct
615 2412 770 2449 perpetuo
791 2407 870 2447 sore,
887 2412 999 2440 tenore

261 2454 484 2496 praesentium
509 2456 732 2500 declaramus;
767 2465 799 2493 et
831 2460 1001 2494 nibilomi-

261 2516 321 2540 nus
345 2509 383 2541 ad
411 2509 566 2543 maiorem
591 2513 765 2553 cautelam,
784 2519 816 2546 et
839 2519 999 2558 quatenus

260 2571 340 2605 opus
367 2562 428 2604 sit,
456 2563 509 2597 illa
535 2566 643 2598 omnia
668 2571 700 2599 et
725 2566 854 2610 singula
890 2573 998 2609 motu,

260 2615 404 2658 scientia,
431 2617 665 2653 deliberatione
692 2625 721 2653 et
741 2622 913 2664 potestatis
935 2623 1001 2666 ple-

1055 265 1202 299 nitudine
1237 267 1369 310 paribus
1408 268 1522 301 barum
1560 269 1643 301 serie
1684 269 1796 302 itidem

1055 325 1214 362 perpetuo
1240 331 1448 362 revocamus,
1483 331 1662 360 cassamus,
1685 322 1794 354 irrita-

1055 382 1146 412 mus,
1174 374 1379 406 annullamus
1407 380 1438 407 et
1463 375 1638 415 abolemus,
1664 376 1797 408 vizibus-

1056 436 1117 468 que
1157 431 1188 459 et
1224 426 1337 459 effectu
1372 429 1499 471 penitus
1526 434 1557 462 et
1583 429 1716 461 omniuo
1742 441 1797 461 va-

1054 489 1128 511 cuas
1147 479 1165 519 ¹,
1192 491 1227 512 ae
1253 491 1311 523 pro
1339 482 1512 521 revocatis,
1540 483 1656 521 cassis,
1681 481 1794 521 irritis,

1056 532 1164 572 nullis,
1192 533 1341 566 invalidis
1369 541 1400 567 et
1425 535 1572 575 abolitis,
1609 536 1795 579 viribusque

1055 590 1085 617 et
1120 584 1235 618 ell'eetu
1277 587 1404 630 penitus
1446 594 1476 621 et
1513 589 1646 622 omnino
1687 589 1795 621 vacuis

1054 648 1184 681 semper
1211 639 1322 672 baberi
1349 641 1516 674 volumus:
1542 641 1636 674 nobis
1661 642 1795 684 iusuper

1054 696 1085 723 et
1110 692 1313 734 Apostolieae
1339 694 1412 726 Sedi
1439 701 1639 728 reservantes
1664 695 1796 728 faculta-

1055 748 1117 777 tem
1144 745 1410 780 christifidelibus
1436 748 1467 780 in
1487 748 1600 781 eodem
1620 759 1719 791 regno
1744 749 1795 782 de-

1053 797 1203 839 gentibus
1241 800 1409 842 aperiendi
1442 807 1585 834 nostram
1619 807 1650 834 ct
1687 802 1793 835 dictae

1052 850 1144 884 Sedis
1172 859 1313 886 mentem
1339 859 1412 897 post
1431 860 1585 888 maturam
1608 855 1718 889 itidem
1737 856 1794 888 lia-

1051 904 1151 937 bitam
1177 906 1449 940 deliberationem
1471 919 1567 952 super
1586 908 1682 941 rebus
1709 919 1792 953 quae

1053 957 1237 992 huiusmodi
1265 960 1432 993 materiam
1458 961 1648 1004 respiciunt.

1096 1011 1110 1054 ἓ
1135 1011 1166 1044 3.
1186 1012 1415 1055 Decernentes,
1433 1013 1517 1057 ipsas
1534 1021 1724 1058 praesentes
1743 1016 1793 1049 lit-
1805 1022 1987 1068 11.-¹.J{.‘'1'L'‚''¹“¹'‘'‘¹¹⁵

1051 1068 1134 1097 teras
1153 1075 1286 1109 semper
1306 1066 1424 1109 firmas,
1446 1068 1566 1101 validas
1592 1074 1623 1100 et
1648 1069 1792 1102 efficaces

1050 1118 1187 1152 existere
1215 1125 1246 1152 et
1272 1120 1363 1160 sore,
1403 1131 1543 1165 suosque
1572 1122 1737 1165 plenarios
1763 1129 1794 1156 et

1049 1171 1195 1214 integros
1220 1172 1351 1206 eftectus
1371 1174 1479 1207 sortiri
1510 1180 1541 1207 et
1567 1175 1736 1216 obtinere,
1763 1181 1795 1209 et

1049 1225 1088 1257 ab
1115 1225 1263 1259 omnibus
1290 1232 1320 1259 et
1345 1226 1500 1270 siugulis,
1527 1228 1565 1261 ad
1598 1239 1679 1271 quos
1715 1240 1794 1272 quo-

1050 1277 1233 1311 modolibet
1259 1285 1383 1322 spectat
1400 1286 1430 1312 et
1448 1290 1507 1323 pro
1530 1286 1677 1324 tempore
1697 1292 1794 1325 quau·

1049 1330 1230 1374 documque
1265 1332 1450 1374 spectabit,
1490 1334 1680 1376 praesertim
1717 1344 1792 1367 vero

1048 1384 1318 1429 archiepiscopis,
1347 1385 1523 1429 episcopis,
1552 1387 1689 1427 vicariis,
1718 1398 1793 1430 pro-

1048 1437 1242 1471 vincialibus
1279 1444 1310 1471 et
1345 1439 1560 1473 missiouariis
1602 1441 1791 1483 apostolicis

1048 1496 1111 1524 tam
1138 1493 1375 1534 saecularibus,
1402 1504 1497 1536 quam
1529 1494 1668 1527 cuiusvis
1701 1494 1792 1528 Ordi-

1048 1544 1108 1586 nis,
1133 1545 1411 1589 Congregatiouis‚
1438 1547 1578 1580 instituti
1605 1554 1635 1581 et
1656 1548 1791 1581 Societa-

1050 1598 1088 1631 tis
1112 1598 1207 1632 etiam
1234 1599 1304 1632 lesu
1327 1601 1529 1643 regularibus
1550 1601 1581 1633 in
1601 1601 1789 1645 supradicto

1047 1652 1196 1685 Sinarum
1229 1664 1331 1696 reguo
1369 1665 1453 1687 nunc
1488 1660 1519 1687 et
1544 1665 1603 1698 pro
1641 1660 1786 1698 tempore

1046 1706 1260 1740 existentibus
1285 1707 1515 1741 iuviolabiliter
1540 1713 1570 1741 et
1591 1708 1784 1741 inconcusse

1047 1760 1233 1802 observari,
1255 1761 1367 1804 sicque
1386 1765 1416 1794 et
1440 1771 1505 1794 non
1528 1761 1621 1794 aliter
1646 1761 1675 1794 in
1702 1772 1788 1804 prae-

1046 1813 1150 1846 missis
1178 1824 1238 1857 per
1264 1825 1488 1858 quoscumque
1515 1814 1637 1847 iudices
1664 1815 1790 1848 ordina·

1047 1867 1112 1900 rios
1138 1872 1169 1900 et
1194 1868 1381 1910 delegatos,
1417 1868 1512 1901 etiam
1540 1878 1708 1901 causarum
1734 1879 1790 1912 pa-

1046 1921 1111 1954 latii
1149 1922 1319 1965 apostolici
1345 1922 1528 1963 auditores,
1566 1933 1601 1955 ac
1642 1923 1787 1956 eiusdem

1045 1975 1076 2008 S.
1098 1975 1134 2008 R.
1155 1976 1187 2008 E.
1213 1976 1410 2016 cardinales,
1437 1976 1531 2009 etiam
1558 1976 1597 2009 de
1622 1977 1722 2009 latere
1745 1978 1789 2009 le-

1045 2034 1135 2072 gatos
1163 2034 1193 2062 et
1210 2029 1301 2063 Sedis
1319 2030 1482 2073 praefatae
1501 2030 1646 2069 nuncios,
1668 2030 1788 2063 aliosve

1046 2084 1209 2126 quoslibet
1240 2094 1445 2127 quacumque
1472 2083 1732 2127 praeeminentia
1757 2088 1785 2115 el

1045 2142 1205 2180 potestate
1225 2137 1397 2180 fungentes
1417 2142 1448 2169 et
1469 2137 1643 2176 iuncturos,
1663 2136 1786 2168 sublata

1045 2191 1091 2224 eis
1110 2197 1142 2224 et
1167 2201 1279 2224 eorum
1302 2190 1436 2223 cuilibet
1454 2190 1564 2233 quavis
1593 2189 1688 2223 aliter
1709 2189 1790 2222 iudi-

1045 2245 1139 2278 candi
1156 2250 1187 2278 et
1206 2244 1445 2288 interpretandi
1469 2244 1617 2277 facultate
1636 2248 1667 2275 et
1684 2248 1788 2275 aucto-

1045 2299 1155 2339 ritate,
1182 2298 1314 2331 iudicari
1352 2303 1383 2330 et.
1419 2297 1544 2329 deliniri
1578 2296 1719 2334 debere,
1751 2306 1788 2328 ac

1046 2352 1170 2384 irritum
1198 2356 1229 2384 et
1254 2351 1347 2384 inane
1380 2351 1405 2383 si
1435 2361 1527 2383 secus
1559 2360 1657 2392 super
1687 2349 1737 2381 liis
1771 2360 1787 2380 a

1045 2416 1227 2449 quoquam,
1264 2404 1373 2447 quavis
1411 2403 1622 2442 auctoritate,
1649 2402 1788 2434 scienter

1045 2460 1094 2492 vel
1128 2459 1335 2502 ignoranter,
1368 2457 1540 2499 contigerit
1564 2456 1724 2489 attentari.
1753 2454 1786 2487 ln

1045 2513 1243 2546 contrarium
1270 2510 1469 2550 facientibus,
1491 2520 1554 2542 uon
1581 2508 1786 2542 obstantibus

1045 2567 1320 2609 quilniscuuique.

1083 2632 1090 2657 l
1117 2629 1214 2665 Aptius
1236 2629 1295 2663 loge
1315 2634 1471 2655 racunmus
1491 2627 1531 2661 (n.
1555 2626 1595 2661 T.)

1713 211 1755 245 85
1802 220 1904 247 amc.
1925 221 1992 249 ¹735
