2232 3178
288 257 380 284 Anto.
406 257 471 284 1738
516 249 581 282 lilia

479 310 506 335 et
528 306 778 337 consentientibus
803 306 896 336 tribus
918 316 951 335 ex
976 310 1100 346 quatuor
1134 307 1223 345 parti·
1243 336 1244 340 ,

480 355 533 385 hus
566 356 788 393 suffragiorum,
814 356 981 394 innovatio,
1006 356 1138 386 alteratio
1171 365 1221 385 seu
1243 392 1244 401 ἵ

1243 403 1409 441 'pendatur
1442 413 1493 442 per
1526 404 1596 433 illud
1629 405 1802 433 sexennium
1834 404 2003 434 constitutio

1243 460 1244 465 ¹
1264 452 1395 490 antiqua.
1419 451 1499 487 Quod
1524 453 1547 481 si
1570 453 1600 482 in
1624 453 1758 491 sequenti
1780 453 1907 492 capitulo
1936 462 2005 483 con-

479 405 629 441 abrogatis>
646 429 652 441 ,
678 405 770 443 quoad
795 409 886 434 totum
911 404 953 434 vel
982 405 1075 444 quoad
1110 409 1221 444 partein

479 453 602 482 alicuius
625 463 661 481 ex
685 453 945 482 constitutionibus
974 453 1155 483 confirmatis
1186 453 1221 483 ab

478 502 542 540 ipsit
564 501 635 531 Sede
658 501 835 540 Apostolica.

518 558 555 578 iv.
582 549 615 579 [Τῑ
631 550 726 588 aliqua
744 550 912 579 constitutio
929 550 963 579 de
981 560 1053 580 novo
1067 551 1219 587 condatur,

478 598 539 627 eius
563 599 764 628 convenientia
789 599 816 627 in
841 598 954 628 duobus
977 599 1021 628 vet
1050 599 1143 628 tribus
1175 609 1221 629 ca-

479 646 577 685 pitulis
599 647 786 684 generalibus
809 647 926 677 Ordinis
959 648 1059 677 sedulo
1092 657 1123 677 ac
1156 648 1222 677 dili-

477 699 579 731 genter
601 696 726 734 expendi
748 700 775 725 et
797 697 900 734 agitari
923 696 1007 727 debet
1030 697 1082 726 hoe
1105 697 1218 726 ordine.

478 742 633 782 Postquam
657 744 685 773 in
711 744 804 783 primo
827 745 955 783 capitulo
985 751 1081 775 actum
1114 750 1157 775 est
1186 746 1220 775 de

477 801 508 821 re
531 793 645 831 aliqua,
670 793 692 821 si
720 803 734 822 a
765 793 867 823 maiori
900 798 980 833 parte
1012 794 1218 833 suffragiorum

476 841 632 879 approbata
656 841 765 880 suerit,
789 842 885 871 statim
920 843 977 872 vim
1007 843 1111 874 habeat
1144 844 1221 873 ordi-

477 890 614 928 nationis,
633 895 660 921 et
679 892 845 921 executioni
869 892 999 921 mandari
1023 893 1145 931 incipiat
1173 903 1221 922 us-

477 948 532 977 que
556 939 589 968 ad
613 949 738 978 sequens
760 940 939 979 capitulum,
964 941 993 970 in
1024 950 1080 979 quo
1106 946 1219 971 mature

477 988 651 1025 examinata,
675 989 698 1017 si
718 989 971 1019 consentientibus
989 989 1124 1019 omnibus
1141 1000 1220 1029 prae-

478 1039 520 1065 ter
546 1046 634 1065 unuin
659 1037 746 1066 suerit
769 1037 940 1076 approbata,
958 1037 1062 1068 habeat
1081 1038 1219 1077 deinceps

477 1084 532 1114 vim
556 1086 784 1115 constitutionis.
810 1086 838 1115 Si
863 1095 931 1115 vero
948 1096 961 1115 a
979 1086 1091 1116 duabus
1108 1091 1218 1116 tantum

477 1134 610 1173 partibus
633 1135 836 1174 suffragiorum
859 1136 1017 1175 approbata
1040 1138 1137 1174 suerit,
1157 1147 1220 1176 per-

476 1188 587 1213 severet
620 1185 683 1213 eius
711 1186 862 1221 exectum,
886 1190 917 1215 ut
948 1186 1103 1224 ordinatio,
1127 1196 1219 1226 usque

476 1232 509 1261 ad
533 1233 653 1262 tertium
677 1234 835 1272 capitulum
859 1235 1006 1269 generale.
1032 1236 1099 1265 Etsi
1117 1236 1144 1265 in
1166 1237 1219 1265 lioc

477 1281 573 1317 tertio,
591 1283 729 1321 expensis
746 1283 992 1313 convenientibus
1015 1285 1060 1314 vel
1084 1285 1220 1314 inconve-

476 1330 625 1360 nientibus
654 1333 781 1370 expertis
809 1333 838 1362 in
862 1333 924 1362 eius
953 1334 1146 1371 executione,
1172 1334 1219 1364 si¹

475 1378 569 1407 adbuc
591 1379 769 1417 approbetur
791 1390 806 1409 a
830 1381 922 1410 tribus
944 1391 981 1411 ex
1004 1386 1129 1421 quatuor
1155 1392 1219 1421 par-

477 1426 554 1456 tibus
587 1428 814 1465 suffragiorum,
852 1430 956 1459 habeat
989 1431 1127 1470 deinceps
1162 1431 1218 1460 vim

476 1476 713 1513 constitutionis3
738 1477 810 1507 alias
833 1488 890 1507 non
914 1480 1158 1509 concurrentibus
1176 1480 1219 1509 di-

475 1524 529 1554 ctis
552 1525 642 1554 tribus
671 1526 877 1565 suffragiorum
907 1528 1055 1567 partibus,
1089 1538 1122 1558 eo
1156 1529 1218 1568 ipso

475 1578 608 1603 revocata
632 1579 659 1604 et
683 1576 798 1613 penitus
831 1576 959 1606 extincta
993 1581 1107 1606 maneat
1138 1587 1219 1617 prae-

476 1622 533 1652 fata
557 1623 723 1660 ordinatio,
748 1633 801 1653 nec
830 1624 1020 1663 imposterum
1044 1626 1079 1655 de
1102 1627 1136 1655 ea
1169 1626 1218 1655 fiat

475 1670 504 1700 in
537 1671 664 1710 capitulo
692 1673 818 1711 mentio,
842 1673 918 1711 nisi,
943 1674 1060 1703 mutatis
1093 1674 1218 1704 circum-

475 1720 616 1758 stantiiS,
648 1721 691 1750 illi
721 1721 756 1751 de
785 1723 820 1751 ea
852 1731 938 1760 agere
969 1723 1115 1758 videatur,
1146 1723 1219 1753 inci-

475 1768 581 1808 piendo
603 1778 724 1799 examen
749 1774 896 1809 tamquam
910 1770 943 1800 de
962 1780 1004 1809 re,
1022 1772 1057 1801 de
1073 1781 1128 1811 qua
1146 1781 1219 1801 nuu-

475 1827 561 1856 quam
585 1822 679 1847 actum
704 1819 797 1848 fuerat
820 1819 849 1848 in
872 1819 1011 1858 capitulo.
1030 1819 1217 1849 Declaramus

475 1871 570 1896 autem
594 1867 688 1906 quod,
714 1867 830 1906 quando
853 1871 911 1897 tres
934 1868 979 1897 vel
1001 1872 1126 1907 quatuor
1154 1878 1219 1908 par-

475 1920 517 1945 tes
540 1915 744 1953 suffragiorum
768 1917 904 1955 aequales
926 1926 989 1946 esse
1011 1926 1069 1946 non
1086 1922 1216 1956 possunt,

475 1973 533 1994 non
556 1965 722 1995 attendatur
742 1974 796 1995 nec
821 1966 895 1995 ratio
917 1965 1059 1996 habeatur
1081 1966 1115 1996 de
1145 1967 1218 1996 votis

475 2012 782 2051 superabundantibus
806 2014 841 2044 ad
863 2018 923 2044 tres
947 2014 991 2044 vel
1014 2019 1138 2054 quatuor
1154 2025 1219 2054 par-

475 2065 516 2091 tes
539 2062 687 2101 aequales.

514 2119 542 2140 v.
566 2111 610 2141 Ad
632 2111 685 2141 hoc
716 2115 811 2142 autem
843 2116 874 2142 ut
905 2113 1001 2152 aliqua
1035 2113 1216 2151 constitutio,

475 2169 507 2190 ex
543 2169 600 2189 non
635 2160 814 2190 confirmatis
837 2161 866 2191 in
889 2162 986 2201 specie
1008 2171 1023 2191 a
1047 2162 1120 2192 Sede
1143 2162 1218 2202 Apo·

475 2209 590 2243 stolica,
609 2209 712 2249 quovis
728 2210 813 2239 modo
830 2210 982 2248 alteretur,
1000 2211 1156 2241 innovetur
1173 2212 1217 2241 vel

474 2256 649 2295 abrogetur,
682 2262 710 2287 et
743 2258 776 2287 ad
810 2258 864 2287 hoc
900 2263 931 2288 ut
963 2259 1013 2289 siat
1047 2259 1217 2289 constitutio

474 2307 622 2336 contraria
646 2306 734 2336 alicui
757 2316 790 2336 ex
814 2307 875 2341 eis,
900 2307 1001 2337 eodem
1025 2308 1109 2338 modo
1125 2308 1154 2338 ln
1171 2318 1217 2338 ca-

475 2355 576 2394 pitulis
592 2355 778 2393 generalibus
794 2356 985 2386 examinanda
1006 2361 1050 2387 est
1068 2357 1131 2386 eius
1149 2366 1218 2387 con-

475 2403 621 2433 venientia
645 2404 689 2434 vel
713 2404 969 2442 inconvenientia3
992 2404 1032 2434 ita
1064 2409 1159 2435 tamen
1187 2409 1218 2435 ut

474 2452 498 2482 si
529 2452 557 2482 in
587 2453 685 2492 aliquo
717 2462 752 2482 ex
785 2452 877 2483 tribus
911 2453 1049 2492 capitulis
1085 2454 1215 2483 omnium

475 2501 593 2531 omnino
617 2506 793 2532 concurrant
815 2502 973 2540 suffragia,
994 2501 1144 2532 aboleatur
1168 2512 1217 2532 au-

475 2550 555 2589 tiqua
586 2551 775 2588 constitutio,
799 2555 827 2581 et
860 2551 1029 2581 executioni
1061 2552 1217 2581 mandetur

476 2599 618 2630 ordinatio
638 2609 721 2631 nova.
742 2600 877 2631 Ceterum
900 2600 1034 2641 quamvis
1061 2600 1091 2631 in
1123 2601 1217 2640 prime

512 2655 523 2680 ¹
546 2653 700 2689 Repetitum
720 2655 746 2683 ei
764 2655 901 2684 redundat
919 2655 960 2691 (R.
981 2656 1029 2691 T.)⁴

1063 258 1246 282 nULLAmUM
1269 258 1426 282 ROMANUM

1266 307 1393 345 capitulo
1416 306 1579 336 consentiat
1595 306 1685 337 maior
1701 316 1767 346 pars
1786 307 2002 347 suffragiorum,

1265 363 1322 384 non
1345 355 1442 384 statim
1467 355 1629 385 executioni
1663 356 1828 394 mandetur,
1854 365 1906 386 nec
1940 366 2003 386 sus-

1264 501 1392 530 sentiant
1415 501 1489 530 duae
1513 505 1607 539 partes
1627 501 1768 531 extribus
1785 501 2002 539 suffragiorum,

1265 552 1333 578 tunc
1356 549 1552 588 suspendatur
1565 558 1616 587 per
1629 550 1785 579 triennium
1802 551 1921 589 antiqua
1938 559 2004 580 con-

1264 598 1394 636 stitutio,
1419 603 1446 628 et
1467 598 1632 628 executioni
1655 599 1807 629 mandetur
1830 609 1902 629 nova
1927 599 2005 629 ordi-

1264 646 1359 683 natio,
1383 647 1514 686 alioquin
1545 648 1598 677 ista
1633 657 1753 687 prorsus
1785 649 1910 678 extincta
1945 657 2004 678 ma-

1264 699 1340 724 neat.
1358 694 1438 730 Quod
1458 696 1480 725 si
1500 696 1529 725 in
1546 696 1632 726 tertio
1648 696 1787 735 capitulo,
1804 704 1835 726 re
1850 697 2005 734 diligenter

1265 746 1420 782 perpensa,
1434 745 1619 775 consentiant
1637 749 1695 775 tres
1718 750 1814 784 partes
1829 754 1863 775 ex
1880 749 2004 784 quatuor

1264 792 1483 831 suffragiorum,
1508 793 1660 824 aboleatur
1682 794 1799 833 antiqua
1823 794 2003 833 constitutio,

1264 841 1357 880 quoad
1379 841 1407 870 id
1429 841 1457 870 in
1481 851 1538 880 quo
1561 851 1611 881 per
1634 851 1736 872 novam
1770 842 1928 880 alteratur,
1962 842 2005 872 in-

1264 895 1396 928 novatur,
1422 896 1563 929 mutatur,
1590 901 1640 921 seu
1673 891 1702 921 in
1735 891 1913 921 contrarium
1946 891 2004 921 dis-

1265 939 1398 978 ponitur,
1423 950 1476 969 nec
1499 950 1626 979 unquam
1650 944 1752 978 agatur
1784 941 1820 970 de
1847 941 1899 976 ea,
1928 940 2002 977 nisi,

1263 988 1299 1017 ob
1330 998 1429 1018 rerum
1454 989 1701 1026 vicissitudinem,
1726 994 1872 1028 tamquam
1906 989 1940 1019 de
1972 998 2004 1019 re

1264 1038 1356 1075 nova,
1375 1029 1421 1066 'de
1454 1047 1509 1076 qua
1542 1047 1690 1076 nunquam
1722 1038 1814 1067 suerat
1842 1041 1949 1067 actum.
1973 1036 2004 1067 Si

1263 1095 1330 1115 vero
1353 1086 1381 1115 in
1406 1086 1459 1115 boc
1483 1086 1610 1124 capitulo
1633 1096 1689 1115 non
1707 1086 1890 1116 consentiant
1909 1086 2002 1116 dietae

1264 1140 1322 1166 tres
1346 1140 1442 1174 partes
1465 1136 1683 1174 suffragiorum,
1709 1137 1835 1175 praefata
1858 1136 2003 1166 ordinatio

1263 1194 1296 1214 eo
1319 1184 1382 1223 ipso
1406 1184 1484 1213 nulla
1516 1184 1571 1220 sit,
1595 1188 1623 1214 et
1656 1184 1775 1214 omnino
1809 1189 1924 1214 maneat
1955 1194 2004 1214 ex-

1264 1233 1364 1263 tincta.
1389 1234 1497 1263 Poterit
1520 1243 1587 1263 vero
1610 1234 1770 1272 capitulum
1793 1234 1929 1271 generale
1951 1233 2004 1265 Or-

1262 1282 1338 1311 dinis
1361 1282 1530 1321 dispensare
1564 1283 1593 1312 in
1624 1283 1898 1321 constitutionibus,
1921 1283 2004 1313 dum·

1263 1331 1348 1360 modo
1371 1341 1428 1361 non
1452 1332 1510 1361 sint
1533 1341 1567 1361 ex
1590 1331 1772 1361 confirmatis
1796 1341 1810 1361 a
1835 1332 1907 1362 Sede
1929 1332 2005 1372 Apo-

1262 1380 1380 1414 stolica,
1405 1380 1443 1410 ita
1468 1385 1562 1410 tamen
1586 1381 1680 1419 quod,
1705 1381 1728 1410 si
1754 1391 1812 1411 non
1838 1382 2005 1420 pertineant

1262 1430 1296 1458 ad
1326 1429 1519 1459 universalem
1553 1430 1670 1459 Ordinis
1703 1430 1853 1468 regimen,
1879 1430 2005 1461 sufficiat

1263 1478 1354 1507 maior
1377 1488 1443 1517 pars
1466 1478 1634 1515 vocalium,
1659 1478 1682 1508 si
1711 1483 1806 1508 autem
1840 1479 2005 1518 pertineant

1262 1526 1296 1555 ad
1320 1527 1479 1565 praefatum
1503 1528 1652 1565 regimen,
1682 1527 1744 1556 fieri
1775 1526 1860 1557 debet
1881 1537 2005 1558 consen-

1263 1575 1402 1605 tientibus
1425 1575 1538 1605 duabus
1562 1585 1597 1605 ex
1620 1575 1714 1605 tribus
1725 1575 1844 1615 capituli
1859 1575 2002 1615 partibus.

1262 1622 1388 1653 Omnino
1413 1627 1509 1653 tamen
1540 1624 1719 1663 dispensatio
1744 1624 1791 1654 [iat
1813 1624 1847 1654 ad
1871 1628 2003 1664 tempus,

1262 1672 1373 1702 scilicet
1395 1682 1487 1711 usque
1504 1672 1534 1702 in
1553 1682 1679 1712 sequens
1695 1673 1867 1712 capitulum,
1888 1673 1916 1702 in
1933 1682 2003 1712 quo,

1262 1721 1318 1750 nisi
1341 1721 1542 1759 confirmetur,
1567 1730 1618 1761 pre
1641 1721 1723 1751 nulla
1745 1721 1896 1752 habeatur.
1923 1721 2005 1757 Quod

1261 1770 1349 1799 etiam
1374 1770 1556 1811 intelligatur
1571 1771 1606 1800 de
1622 1771 1900 1810 dispensationibus,
1917 1780 2002 1810 quae,

1261 1818 1343 1848 iuxta
1360 1818 1492 1854 dicenda,
1509 1817 1545 1847 ab
1564 1818 1628 1848 aliis
1650 1819 1926 1858 congregationibus
1942 1819 2005 1850 fieri

1262 1871 1401 1906 possunt,
1433 1867 1560 1906 demptis
1592 1877 1665 1907 quae
1698 1877 1713 1897 a
1744 1868 1805 1898 solo
1838 1868 2003 1899 definitorio

1261 1917 1388 1954 suerint,
1412 1926 1486 1955 quae
1515 1917 1646 1955 protrahi
1676 1920 1812 1956 poterunt
1843 1927 1935 1957 usque
1968 1917 2004 1948 ad

1262 1965 1422 2004 capitulum
1440 1989 1447 2003 ,
1471 1965 1555 1994 cuius
1577 1965 1776 1995 definitorium
1800 1966 1888 1996 suerit
1903 1971 2001 2006 eaput.

1303 2023 1341 2044 vi.
1366 2014 1408 2044 Ad
1431 2014 1562 2044 facienda
1580 2024 1781 2054 quaecumque
1799 2019 1905 2046 statuta
1926 2015 2006 2055 (nul-

1261 2064 1376 2093 latenus
1398 2067 1495 2093 tamen
1518 2063 1627 2093 nostris
1649 2064 1907 2095 constitutionibus
1934 2074 2002 2095 con-

1264 2111 1436 2142 tradicentia
1452 2111 1476 2150 ),
1500 2121 1574 2150 quae
1597 2112 1654 2141 vim
1677 2112 2002 2144 habeantdecretorum

1261 2161 1382 2200 capituli
1405 2160 1552 2198 generalis
1574 2160 1692 2190 Ordinis
1707 2185 1715 2199 ,
1749 2161 1876 2192 sufficiat
1907 2163 2001 2192 maior

1262 2219 1328 2249 pars
1358 2209 1582 2247 suffragiorum,
1609 2214 1637 2239 et
1668 2219 1703 2239 ex
1737 2214 1806 2240 tunc
1838 2210 2003 2241 executioni

1262 2258 1448 2288 mandentur.
1473 2258 1502 2288 Si
1525 2262 1622 2288 autem
1645 2258 1675 2288 in
1692 2259 1818 2298 capitulo
1835 2259 2002 2290 immediate

1261 2307 1395 2346 sequenti
1420 2316 1557 2346 expresse
1573 2317 1631 2337 non
1647 2307 1869 2345 confirmentur,
1887 2317 1920 2338 eo
1939 2308 2002 2348 ipso

1261 2356 1388 2385 extincta
1413 2359 1560 2386 maneant.
1586 2356 1617 2385 Si
1640 2365 1709 2386 vero
1731 2356 1930 2395 approbentur
1952 2366 2003 2387 ne-

1261 2404 1328 2434 dum
1352 2413 1366 2434 a
1389 2404 1492 2434 maiori
1515 2404 1564 2434 sed
1587 2404 1673 2434 etiam
1697 2414 1711 2434 a
1735 2405 1847 2435 duabus
1870 2404 2001 2444 partibus

1261 2452 1486 2491 suffragiorum,
1519 2462 1577 2483 non
1607 2453 1670 2483 ideo
1704 2458 1879 2484 censeantur
1906 2454 2001 2484 extin-

1261 2507 1342 2541 ctae,
1367 2503 1415 2533 sed
1438 2507 1625 2542 perseverent
1646 2506 1678 2533 ut
1699 2503 1896 2534 ordinationes
1920 2503 2000 2535 iuxta

1260 2552 1335 2582 dieta
1358 2562 1387 2582 n.
1412 2561 1450 2581 1v.

1299 2611 1348 2632 v11.
1368 2601 1481 2640 Omnia,
1497 2610 1572 2641 quae
1593 2601 1623 2631 in
1646 2601 1774 2641 capitulo
1796 2601 1967 2634 decidentur
1977 2603 1998 2644 ¹,

1296 2657 1308 2683 1
1330 2654 1402 2684 Edit.
1422 2655 1506 2684 Main.
1527 2655 1594 2690 legit
1612 2655 1780 2685 decidenter
1793 2657 1894 2693 (κιαι).

2149 0 2232 76 Ἴ

2018 260 2066 287 Αη.
2082 260 2109 289 G.
2128 263 2189 294 ¹73⁸
2210 268 2212 274 '
