2232 3178
51 191 103 218 An.
120 190 149 217 c,
175 188 241 216 1732
871 185 1013 210 CLEMENS
1039 185 1082 210 xn
1108 186 1156 210 rr.
1694 176 1731 208 15
1780 186 1832 212 An.
1851 185 1877 213 c.
1902 186 1968 213 1754

247 237 343 270 simas
363 236 452 270 orbis
472 235 641 269 christiani
667 235 853 279 provincias
878 245 913 267 ac
933 245 988 278 po·
1077 235 1090 278 ᾖ
1116 235 1146 267 2.
1176 235 1240 267 llac
1274 239 1381 267 autem
1419 239 1453 267 ut
1490 234 1676 267 ferventiori
1709 234 1773 277 spi·
1801 247 1915 272 ruam
1933 247 1967 267 1110

1784 276 1863 293 statiua
1890 274 1968 293 lari-›u-

249 290 431 323 tentissima
457 289 535 322 olim
557 300 658 333 regna
681 289 848 328 caedibus,
874 287 986 328 ruinis,
1009 314 1011 330 e
1033 288 1113 321 ritus
1139 289 1254 322 ardore
1281 288 1490 332 uberiorique
1510 288 1615 321 fructu
1634 288 1719 328 liant,
1736 299 1771 320 ex
1786 300 1840 319 iiim
1859 300 1967 323 ‚na-nvn-

90 1793 243 1816 (ihi-istifnhles

59 1824 157 1843 hortatui·
172 1821 198 1840 art
219 1827 244 1839 u·

60 1856 106 1876 pem
150 1848 242 1867 divinam

60 1874 222 1902 impl-imminui.

247 343 380 378 excidiis
418 348 449 376 et
484 343 717 376 vastationibus
754 342 918 385 complere
952 353 988 374 ac

247 397 364 430 misere
391 396 584 439 depascer03
611 401 643 429 et
677 395 842 439 quamvis,
869 394 907 427 de
934 394 989 427 do-

248 449 357 482 minici
384 448 492 492 gregis
517 451 622 482 salute
659 459 694 481 ac
735 447 865 491 publica
904 453 988 480 trau-

249 503 409 547 quillitate
445 502 596 542 solliciti,
632 502 714 534 nihil
749 512 879 540 eorum,
906 507 1012 544 (praet

248 557 346 590 officii
371 557 474 590 nostri
501 556 583 589 ratio
606 556 734 589 anobis
756 556 908 599 postulat,
931 556 989 588 hu-
1011 573 1012 576 =

247 621 408 654 manuque
427 615 537 643 monet
551 610 737 653 prudentia,
752 609 990 652 praetermitta-

247 674 326 703 mus,
353 670 385 696 ut
408 669 452 697 tot
478 663 640 707 tantisque
658 663 750 696 malis
768 668 799 695 et
824 662 988 695 aerumnis

248 714 431 751 remedium
467 727 677 761 (piaeramus,
710 728 746 749 ac
778 716 987 760 praesertim,

248 771 406 814 quidquid
441 771 473 803 in
505 770 599 803 nobis
633 775 680 803 est
711 770 826 802 virium
864 769 990 802 consilii

248 824 279 857 in
305 823 336 856 id
362 824 511 857 conferre
537 834 603 856 non
629 834 819 863 cessemus,
848 834 911 867 quo
938 834 992 856 co-

247 877 396 910 rumdem
414 877 652 910 catholicorum
672 877 857 920 principum
877 877 989 916 auin‘ii,

249 930 383 964 sublatis
401 930 614 972 gliscentibus
630 930 781 970 dissidiis,
797 930 834 963 ad
851 935 992 962 mutuam

249 983 455 1017 concordiam
480 990 693 1025 revocentur,
719 995 754 1016 ac
780 984 810 1016 in
837 983 993 1027 pristinae

250 1037 420 1071 charitatis
445 1047 637 1080 compagem
665 1037 894 1077 restituantur,
918 1036 993 1080 quia

251 1097 359 1124 tamen
385 1090 455 1123 vani
482 1096 557 1123 sunt
577 1091 748 1124 hominum
769 1096 912 1129 conatus,
933 1090 992 1122 uisi

251 1144 374 1187 gratiae
400 1143 551 1176 caelestis
570 1154 632 1187 ope
649 1144 858 1183 adiuventur,
878 1154 993 1176 manus

251 1202 283 1230 et
308 1197 419 1229 oculos
455 1207 527 1229 cum
553 1197 705 1240 lacrymis
742 1203 773 1230 et
799 1197 922 1240 gemitu
955 1198 993 1230 ad

249 1251 330 1284 Eum
357 1250 485 1283 assidue
511 1251 700 1291 attollimus,
723 1250 776 1294 qui
803 1251 994 1284 altissimum

251 1303 361 1347 posuit
386 1303 544 1346 retugium
564 1315 665 1344 sumn,
692 1304 812 1348 quique
831 1305 995 1338 concludit

252 1357 344 1391 ostiis
376 1368 483 1396 mare,
511 1363 542 1390 et
568 1359 595 1391 ei
624 1358 700 1391 dicit
727 1369 828 1401 usque
856 1359 919 1391 huc
945 1370 996 1391 vc-

253 1411 322 1445 nies
358 1416 389 1444 et
425 1422 489 1445 non
526 1412 682 1454 procedes
709 1412 847 1455 amplius
882 1418 913 1445 et
944 1413 996 1445 hic

252 1465 438 1507 confringes
457 1469 620 1498 tumentes
637 1467 753 1498 lluctus
772 1471 852 1505 tuos,
874 1471 907 1497 ut
924 1466 996 1509 lpse

252 1530 311 1564 pro
346 1522 403 1552 sua
440 1519 639 1559 clementia,
670 1520 701 1552 iu
728 1531 792 1563 qua
819 1520 996 1563 praecipue

253 1572 459 1611 confidimus,
486 1578 590 1606 motas
616 1573 715 1612 sedet,
736 1584 771 1605 ac
791 1572 996 1606 imminentes

254 1627 393 1670 repellat
419 1631 635 1669 tempestates,
660 1626 900 1669 saevientisque
919 1626 996 1659 belli

255 1686 286 1713 et
311 1680 372 1713 alia
398 1679 524 1712 divinae
551 1690 624 1712 suae
651 1680 783 1713 ultionis
820 1681 948 1722 ttagelta
981 1691 997 1712 a

255 1733 525 1778 christifidelilms
550 1734 664 1777 procul
690 1739 825 1766 avertat.

299 1787 313 1830 ἓ
344 1786 369 1819 1.
400 1786 615 1825 Quamobrem
643 1798 698 1819 vos
719 1798 854 1826 omues,
883 1787 998 1830 quibus

254 1851 365 1874 curam
392 1846 423 1873 et
440 1841 695 1874 sollicitudinem
714 1847 856 1875 nostram
876 1842 998 1885 impen-

255 1894 371 1935 dimus,
399 1895 436 1927 ad
456 1895 487 1927 id
507 1894 610 1938 ipsum
630 1895 810 1928 coniunctis
829 1895 997 1928 nobiscum

254 1947 408 1991 precibus
435 1958 452 1980 a
477 1948 543 1980 Deo
569 1948 666 1980 totius
685 1948 919 1981 consolationis
940 1949 998 1980 hu-

256 2001 377 2033 militer
403 2001 646 2043 efflagitandum
682 2001 872 2034 excitandos
911 2002 999 2034 duxi-

256 2065 336 2087 mus.
351 2054 523 2096 Fugientes
541 2054 639 2097 igitur
658 2066 674 2087 a
695 2055 771 2087 t'acie
788 2066 890 2096 arcus,
905 2055 999 2088 adea-

257 2118 325 2140 mus
362 2118 433 2139 cum
469 2106 585 2139 fiducia
612 2108 651 2140 ad
679 2108 834 2140 thronum
863 2108 999 2150 gratiae,

259 2159 367 2192 scissis
390 2170 447 2203 per
466 2171 573 2193 veram
592 2160 825 2204 poeniteutiam
844 2161 999 2194 cordibus

259 2213 379 2245 nostris
397 2240 405 2254 ,
431 2214 606 2246 caelestem
633 2214 736 2253 iram,
763 2225 857 2257 quam
884 2214 1000 2258 iniqui-

261 2270 340 2298 tates
365 2271 492 2299 nostrae
508 2273 777 2309 provocaverunt,
800 2268 999 2301 obsec-eratio-

260 2319 363 2359 nibus,
380 2319 520 2360 ieiuniis,
539 2321 763 2365 eleemosynis,
782 2321 920 2366 aliisque
938 2322 999 2365 piis

260 2372 413 2415 operibus
439 2374 567 2416 placare
594 2375 791 2416 studeamus,
810 2381 854 2414 ut,
876 2375 929 2419 qui
950 2388 1001 2409 ca-

260 2425 357 2468 stigat
383 2436 439 2458 nos
465 2431 599 2469 propter
617 2429 739 2461 scelera
757 2434 879 2469 nostra,
899 2430 1002 2462 salvet

260 2490 320 2512 nos
358 2484 496 2523 propter
532 2480 787 2514 misericordiam
823 2493 939 2523 suam,
970 2487 1001 2515 et

261 2544 355 2576 quam
383 2534 523 2567 fruindus
548 2535 624 2568 dare
650 2545 715 2568 non
742 2540 857 2578 potest,
877 2538 1000 2580 populo

262 2598 320 2622 suo
335 2587 529 2632 supplicanti
545 2599 657 2631 pacem
672 2588 813 2632 benigne
829 2590 997 2633 largiatur.

1033 341 1140 384 prisco
1169 342 1331 375 Roi‘nanae
1357 341 1518 375 Ecclesiae
1544 342 1690 374 omnium
1710 352 1771 374 ma-

1034 395 1090 427 tris
1117 400 1148 428 et
1174 396 1347 439 magistrae
1373 406 1475 435 more,
1500 395 1687 428 caelestium
1706 406 1774 427 mu-

1034 459 1147 481 nerum
1176 450 1365 487 thesauros,
1393 460 1530 492 quorum
1558 449 1775 492 dispensatio-

1034 513 1108 535 nem
1135 502 1209 535 tidei
1234 509 1363 536 nostrae
1391 503 1550 536 commisit
1587 503 1694 535 divina
1732 502 1776 534 ‹ti-

1035 555 1163 596 guatio,
1189 556 1317 599 aperire
1344 562 1375 589 et
1400 558 1488 598 larga
1515 567 1610 588 manu
1638 566 1776 599 erogare

1035 609 1249 641 decrevimus.
1279 609 1386 652 ltaque
1410 609 1447 642 de
1468 609 1704 652 omnipotentis
1723 608 1777 641 Dei

1036 662 1259 695 misericordia
1285 674 1321 694 ae
1343 663 1510 695 beatorum
1534 662 1618 696 Petri
1638 668 1670 695 et
1689 662 1778 695 Pauli

1036 716 1259 758 apostolorum
1287 716 1356 749 eius
1374 716 1564 749 auctoritate
1582 715 1704 755 contisi,
1723 716 1780 749 illa

1035 769 1157 811 ligandi
1184 774 1278 812 atquc
1305 770 1454 803 solvendi
1481 774 1656 812 potestate,
1682 780 1778 812 qtiam

1036 822 1131 855 nobis
1168 822 1325 855 Dominus
1362 823 1522 863 contulit,
1556 823 1715 855 universis
1750 828 1781 855 et

1037 876 1174 919 singulis
1200 877 1367 920 utriusque
1389 887 1485 909 sexus
1511 876 1780 909 christifidelibus

1037 929 1070 962 in.
1107 929 1189 962 alma
1227 929 1311 962 L'rbc
1348 932 1458 962 nostra
1484 930 1700 971 degentibus,
1726 930 1780 973 qui

1038 982 1068 1015 S.
1096 982 1227 1015 loannis
1255 982 1287 1015 in
1315 982 1480 1022 Laterano,
1509 982 1668 1026 Principis
1695 983 1781 1026 Apo-

1038 1036 1199 1068 stolorum
1237 1040 1267 1068 et
1299 1036 1330 1068 S.
1360 1035 1475 1068 Mariae
1509 1036 1638 1068 Maioris
1664 1036 1702 1068 de
1730 1038 1781 1068 ea-

1040 1090 1113 1123 dem
1148 1089 1233 1122 Urbe
1255 1089 1425 1128 ecclesias,
1453 1100 1509 1122 seu
1536 1089 1704 1131 basilicas,
1731 1091 1780 1122 vel

1040 1153 1150 1175 earum
1177 1143 1341 1185 aliquam,
1368 1142 1450 1175 intra
1478 1142 1651 1175 decursum
1678 1142 1782 1185 proxi-

1040 1206 1130 1235 mae,
1157 1206 1238 1238 quae
1266 1195 1325 1228 erit
1350 1195 1493 1228 secunda
1520 1196 1704 1235 Adventus,
1733 1196 1781 1229 vel

1040 1249 1226 1281 immediate
1265 1248 1498 1292 subsequentis
1537 1248 1781 1289 hebdomadae,

1041 1312 1142 1346 usquc
1162 1302 1200 1334 ad
1222 1302 1414 1334 dominicam
1434 1307 1627 1345 sequentem
1650 1302 1783 1334 inclusi-

1041 1366 1088 1396 ve,
1104 1356 1216 1388 saltem
1234 1357 1333 1389 semel
1354 1356 1469 1389 devote
1488 1356 1705 1396 visitaverint,
1723 1355 1784 1389 ibi-

1042 1420 1105 1453 que
1132 1419 1187 1453 per
1214 1410 1346 1453 aliquod
1375 1411 1531 1454 temporis
1552 1410 1693 1454 spatium
1716 1409 1784 1453 pias

1041 1464 1079 1496 ad
1107 1464 1206 1496 Deum
1234 1474 1349 1507 preces
1383 1463 1576 1502 effuderint,
1604 1474 1639 1496 ac
1672 1466 1786 1506 quarta

1041 1522 1073 1550 et
1105 1518 1192 1549 sexta
1226 1517 1315 1549 l'eriis
1347 1522 1378 1549 et
1413 1517 1547 1549 sabbato
1581 1517 1713 1550 alterius
1748 1529 1783 1550 ex

1043 1570 1196 1614 praefatis
1236 1570 1451 1602 hebdomadis
1490 1570 1727 1609 ieiunaveriut,
1755 1576 1785 1602 et

1043 1630 1174 1667 peccata
1202 1635 1256 1655 sua
1291 1623 1428 1656 confessi
1464 1623 1700 1655 sanctissimum
1725 1624 1785 1656 Eu·

1043 1676 1215 1709 charistiac
1241 1681 1482 1709 sacramentum
1503 1676 1532 1708 in
1553 1676 1712 1708 dominica
1735 1676 1785 1709 die

1043 1729 1229 1762 immediate
1256 1729 1405 1772 sequenti
1424 1756 1431 1769 ,
1459 1729 1505 1761 vel
1538 1729 1598 1762 alia
1624 1729 1674 1761 dic
1701 1730 1786 1762 intra

1043 1784 1190 1817 eamdem
1219 1783 1458 1816 hebdomadam
1486 1789 1676 1816 reverenter
1701 1794 1786 1816 sum-

1044 1838 1179 1881 pserint,
1199 1848 1234 1869 ac
1255 1837 1454 1880 pauperibus
1481 1836 1620 1880 aliquam
1648 1839 1787 1870 eleemo-

1043 1903 1166 1936 synam,
1193 1898 1287 1935 prout
1313 1890 1488 1934 uuicuique
1513 1896 1665 1934 suggeret
1690 1892 1787 1924 devo-

1045 1945 1099 1984 tio,
1119 1944 1347 1987 erogaverint;
1368 1944 1488 1977 ceteris
1514 1955 1589 1977 xero
1615 1950 1705 1977 extra
1731 1944 1787 1977 Ur-

1045 1998 1117 2031 bem
1138 1997 1336 2041 praedictam
1363 1996 1559 2040 ubicumque
1581 1997 1788 2039 degentibus,

1045 2052 1099 2095 qui
1126 2051 1281 2084 ecclesias
1308 2051 1346 2082 ab
1373 2050 1552 2083 Ordinariis
1571 2052 1717 2083 locorum
1738 2052 1786 2084 vcl

1044 2116 1157 2138 corum
1184 2104 1311 2137 vicariis
1336 2115 1392 2137 seu
1426 2104 1644 2143 officialibus,
1670 2110 1723 2136 aut
1749 2105 1787 2137 de

1045 2170 1157 2192 eorum
1182 2159 1345 2197 mandato,
1373 2163 1415 2197 et,
1443 2157 1521 2201 ipsis
1548 2157 1786 2199 deficientibus,

1046 2223 1102 2255 per
1130 2211 1258 2255 eosqui
1286 2211 1331 2244 ibi
1358 2221 1468 2243 curam
1493 2211 1672 2243 anin'iarm‘n
1699 2222 1788 2244 exer-

1045 2271 1130 2306 ecut,
1150 2270 1320 2308 postquam
1348 2265 1386 2297 ad
1415 2275 1526 2298 eorum
1552 2265 1698 2297 notitiam
1727 2266 1786 2298 hae

1044 2325 1176 2352 nostrae
1214 2318 1446 2362 pervenerint,
1474 2319 1711 2361 designandas,
1740 2318 1786 2351 vel

1046 2374 1258 2407 ecclesiarum
1288 2372 1472 2406 huiusmodi
1499 2373 1658 2415 aliquam,
1683 2373 1787 2415 spatio

1047 2429 1183 2461 duarum
1209 2426 1362 2459 similiter
1388 2426 1668 2458 helulomadarum
1689 2437 1706 2458 a
1731 2437 1788 2469 pu-

1047 2481 1223 2515 blicatione
1246 2479 1482 2522 designationis
1510 2490 1569 2522 per
1598 2478 1788 2513 Ordinarios

1047 2537 1095 2569 vel
1128 2546 1241 2568 eorum
1279 2533 1414 2566 vicarios
1453 2543 1508 2565 seu
1544 2532 1699 2565 officiales
1738 2533 1787 2565 vel

1048 2589 1126 2623 alios
1149 2594 1182 2621 ut
1208 2589 1391 2631 prmJI'ertur
1411 2586 1576 2619 taciendac
1598 2586 1787 2618 decursuru-

1786 329 1823 346 tm
1841 326 1950 352 [largum.
