2232 3178
57 198 108 225 An.
129 196 159 224 C.
178 194 247 224 1735

110 1371 244 1391 obstantium

61 1397 180 1423 derogatio.

901 195 1045 219 CLEMENS
1072 195 1117 220 XII
1142 197 1190 221 Pr.

255 242 381 287 peritis,
400 243 496 276 etiam
514 243 546 276 in
564 253 657 277 sacro
679 243 924 287 presbyteratus
947 253 998 276 or-

255 296 331 329 dine
357 296 553 336 constitutis,
571 296 602 329 in
629 294 832 330 memoratis⁴
852 296 999 339 partibus

255 348 435 382 infidelium
472 359 560 383 nunc
586 354 618 382 et
641 360 703 393 pro
731 354 877 392 tempore
913 359 999 382 com-

255 402 468 443 morantibus,
480 403 519 435 de
535 403 739 446 superiorum
754 412 885 435 suorum
901 401 999 434 lieen-

256 455 310 495 tia,
339 455 515 488 dummodo
533 456 565 488 in
592 455 655 488 illis
676 455 757 489 loeis
782 456 890 488 nullus
916 455 997 488 adsit

255 508 400 541 medicus
431 509 481 542 vel
523 508 697 551 chirurgus
733 508 907 541 saecularis
944 508 999 550 qui

256 560 394 594 infirmis
412 561 445 594 in
465 571 578 594 eorum
603 560 846 594 infirmitatibus
872 560 1001 594 medea-

257 618 317 654 tur,
336 619 422 647 artes
448 614 628 648 medicinae
647 619 678 647 ct
703 613 887 657 chirurgiae
905 624 1000 658 prac-

257 668 349 708 satas‚
367 668 455 702 iuxta
481 668 609 701 illarum
635 673 820 711 praecepta,
847 668 885 701 ad
911 678 999 701 com-

256 722 390 755 modum
424 728 455 755 et
490 722 662 756 utilitatem
695 722 932 755 catholicorum
966 722 998 754 in

256 775 405 818 partibus
431 775 611 808 infidelium
637 775 825 808 huiusmodi
857 785 945 808 nunc
969 781 1000 808 et

256 838 315 871 pro
342 833 489 872 tempore
507 828 714 862 existentium
734 829 907 870 dumtaxat,
929 839 1000 872 gra-

259 881 298 914 tis
320 887 425 915 tamen
447 887 478 915 et
495 882 565 915 sine
590 882 657 915 ulla
683 892 814 925 prorsus
840 882 999 922 mercede,

257 944 295 967 ac
313 934 345 967 iu
363 946 440 969 casu
457 935 662 968 necessitatis
681 940 814 977 tantum,
832 946 999 976 exercere,

256 998 292 1021 ac
317 987 555 1021 medicamenta
573 993 604 1021 et
621 988 684 1022 alia
708 988 890 1022 necessaria
907 999 999 1032 prae-

256 1041 334 1074 bere
359 1041 462 1075 libere
488 1046 521 1074 et
544 1041 652 1082 licite,
679 1052 714 1074 ac
739 1041 808 1074 sine
833 1042 900 1075 ullo
926 1052 1000 1075 con-

256 1093 413 1127 scientiae
449 1095 625 1138 scrupulo,
650 1095 699 1128 vel
724 1094 972 1138 irregularitatis
989 1122 996 1135 ,

256 1148 429 1181 alteriusve
446 1158 574 1191 poenae
601 1148 650 1181 vel
673 1158 829 1181 censurae
848 1148 999 1182 ecclesia-

254 1199 354 1233 sticae
372 1200 513 1241 incursu,
531 1201 660 1244 possint
683 1205 715 1234 et
740 1202 874 1241 valeant,
894 1207 999 1235 aucto-

255 1253 348 1287 ritate
373 1254 574 1297 apostolica,
613 1260 725 1288 tenore
759 1255 997 1298 praesentium,

255 1308 467 1341 concedimus
493 1312 526 1341 et
551 1307 772 1351 indulgemus.

299 1360 366 1404 53.
394 1360 463 1394 Non
489 1361 698 1395 obstantibus
730 1361 938 1405 apostolicis,
963 1371 1000 1394 ac

255 1414 287 1447 in
301 1414 538 1448 universalibus
554 1414 873 1458 provincialibusque
892 1414 999 1448 conci-

1386 246 1444 281 CL.

1042 325 1255 369 Indulyentia
1278 326 1429 370 plenaria
1451 331 1608 372 perpetua
1631 337 1689 371 pro
1714 329 1787 360 risi-

1088 379 1233 412 tantibus
1258 380 1408 424 aliquam
1433 391 1471 413 ea*
1490 380 1630 413 ecclesiis
1647 381 1785 422 fratrum

1089 431 1223 465 Ordinis
1255 433 1421 466 Minorum
1447 434 1478 466 S.
1503 434 1534 466 F
1535 434 1675 466 rctnez'scae‘
1701 433 1784 467 Con-

1086 485 1288 519 ventualium
1325 491 1589 530 nuncupatorum
1614 497 1686 519 vere
1708 497 1784 530 poe-

1086 538 1266 572 nitentibus
1301 544 1329 573 et
1353 541 1504 583 confessis
1529 551 1566 573 ae
1591 541 1681 573 saera
1708 551 1787 573 com-

1088 593 1243 626 munione
1258 594 1394 636 resecti-9,
1418 598 1480 626 tam
1501 594 1655 627 hactenus
1676 595 1787 627 erectis

1087 657 1188 689 quam
1208 647 1420 689 imposterum
1445 647 1621 690 erigendis,
1640 648 1691 680 die
1708 649 1786 690 sesto

1087 700 1134 732 Ss.
1160 704 1345 743 martyrum
1371 700 1522 741 Berardi,
1543 701 1646 739 Petri,
1666 702 1787 734 Arear-

1087 753 1141 794 sii,
1163 753 1280 786 Adfuit
1304 758 1333 786 et
1360 753 1507 788 Othonis,

1253 834 1388 862 Clemens
1410 836 1491 869 Papa
1509 836 1574 870 XII,

1162 880 1199 907 ad
1225 883 1402 914 perpetuam
1421 881 1467 908 rei
1488 880 1671 908 memoriam.

1045 933 1200 961 Universis
1220 934 1476 961 christifidelibus
1507 938 1687 968 praesentes
1708 934 1788 962 litte-

1094 986 1144 1006 ras
1164 978 1362 1013 inspecturis,
1389 980 1520 1007 salutem
1539 982 1570 1006 et
1590 979 1788 1013 apostolicam

1095 1023 1353 1051 benedictionem.

1087 1093 1283 1128 Caelestium
1309 1105 1481 1128 munerum
1506 1095 1687 1135 thesauros,
1707 1106 1787 1138 quo·
1824 1109 1947 1131 remanum.

1043 1158 1112 1180 rum
1139 1147 1419 1191 dispensationem
1456 1147 1630 1181 humilitati
1657 1154 1785 1181 nostrae

1043 1201 1182 1234 credidit
1207 1200 1314 1234 divina
1340 1201 1497 1243 dignatio,
1517 1202 1658 1234 libenter
1675 1211 1788 1244 eroga-

1044 1265 1127 1294 mus,
1152 1254 1234 1287 sicut
1258 1255 1298 1287 ad
1324 1254 1493 1287 fovendam
1523 1255 1786 1298 incitandamque

1044 1307 1186 1341 fidelium
1201 1318 1279 1350 erga
1297 1312 1427 1341 sanctos
1446 1308 1478 1340 in
1496 1309 1593 1341 caelis
1608 1319 1680 1341 cum
1700 1308 1789 1341 Chri-

1043 1367 1092 1395 sto
1111 1367 1286 1404 regnantes
1305 1361 1513 1395 devotionem
1540 1361 1717 1395 salubriter
1734 1372 1787 1394 ex-

1043 1415 1156 1458 pedire
1182 1415 1214 1448 in
1240 1415 1376 1448 Domino
1397 1415 1607 1448 arbitramur.

1704 188 1744 221 ⁶27
1793 197 1980 226 An.c.1735

256 1468 308 1501 liis
333 1468 452 1509 editis,
477 1468 686 1511 generalibus
711 1468 761 1501 vel
788 1467 997 1511 specialibus,

255 1522 560 1563 constitutionibus,
588 1531 718 1555 necnon
744 1521 819 1555 dicti
845 1521 997 1562 Ordinis,

255 1575 353 1609 etiam
378 1576 572 1615 iuramento,
597 1574 845 1608 confirmatione
871 1580 1000 1618 aposto-

1087 1470 1102 1512 ξ
1127 1469 1159 1502 1.
1186 1469 1484 1513 Supplicationibus
1516 1469 1627 1513 itaque
1654 1469 1788 1503 dilecto·
1825 1481 1938 1501 canaam
1961 1490 1980 1495 v.

1812 1509 1967 1528 duhentrarwu

1042 1533 1112 1555 rum
1131 1522 1274 1556 filiorum
1293 1522 1452 1556 Vincentii
1466 1522 1505 1556 de
1519 1522 1709 1563 Comitibus,
1728 1523 1823 1555 mi-ae
1847 1536 1921 1560 wara.
1947 1541 1981 1554 «η.

1042 1575 1146 1615 nistri,
1172 1580 1203 1608 et
1223 1575 1351 1608 Ioannis
1376 1575 1539 1618 Baptistae
1563 1575 1697 1609 Minucci
1716 1586 1787 1619 pro·
1798 1567 1842 1588 ‘'h''

255 1628 326 1670 lica,
350 1630 399 1662 vel
425 1629 536 1673 quavis
561 1628 710 1663 firmitate
735 1629 797 1662 alia
822 1629 997 1668 roboratis,

255 1682 382 1716 statutis
414 1687 445 1716 et
477 1682 792 1723 consuetudinibus,
819 1682 999 1726 privilegiis

255 1745 409 1778 quoque,
435 1735 572 1769 indultis
604 1741 636 1769 et
660 1735 778 1769 litteris
810 1735 999 1778 apostolicis

255 1789 288 1822 in
312 1789 510 1822 contrarium
537 1789 794 1833 praemissorum
820 1789 1000 1833 quomodo-

255 1842 337 1876 libet
354 1844 533 1883 concessis,
553 1843 753 1876 confirmatis
771 1848 803 1876 et
819 1843 997 1883 innovatis;

255 1896 373 1938 quibus
399 1896 548 1930 omnibus
576 1902 608 1929 et
631 1896 777 1939 singulis,
805 1896 935 1929 illorum
957 1901 999 1930 te-

254 1958 351 1982 nores
383 1949 610 1993 praesentibus
648 1960 706 1993 pro
731 1950 829 1993 plene
855 1955 886 1983 et
910 1949 996 1982 sulli-

255 2002 379 2036 cienter
414 2002 575 2046 expressis
611 2013 648 2036 ae
672 2003 711 2036 de
737 2003 835 2036 verbo
860 2004 900 2036 ad
926 2014 997 2037 ver-

254 2056 331 2089 bum
355 2057 485 2090 insertis
509 2056 678 2097 habenteS,
696 2057 761 2090 illis
782 2057 862 2090 alias
888 2057 920 2090 in
939 2068 997 2091 suo

254 2110 373 2142 robore
398 2109 619 2153 permansuris
635 2137 643 2151 ,
670 2110 709 2143 ad
743 2110 997 2153 praemissorum

257 2161 418 2204 effectum,
438 2163 500 2196 hac
523 2162 592 2196 vice
618 2162 790 2203 dumtaxat,
809 2163 998 2207 specialiter

257 2219 290 2246 et
313 2224 465 2258 expresse
486 2215 695 2259 derogamus;
722 2216 904 2260 ceterisque
925 2226 998 2249 con-

260 2267 365 2301 trariis
389 2269 658 2314 quibuscumque.

301 2320 413 2354 Datum
434 2322 564 2363 Rornae,
586 2324 671 2367 apud
695 2323 727 2358 S.
754 2323 883 2357 Mariam
902 2324 998 2358 Maio-

258 2384 339 2415 rem,
359 2374 419 2407 sub
443 2377 563 2410 annulo
581 2376 762 2418 Piscatoris,
782 2377 834 2410 die
852 2388 870 2411 v
887 2378 997 2411 ianua-

257 2427 297 2460 rii
314 2437 490 2470 nnccxxxv,
508 2429 715 2473 pontificatus
740 2431 843 2465 nostri
861 2441 947 2465 anno
965 2443 993 2465 v.

290 2485 352 2514 Dat.
372 2486 417 2515 die
437 2487 454 2514 5
473 2487 587 2515 ianuarii
608 2487 687 2521 1735,
708 2488 803 2524 pontif.
824 2497 894 2518 anno
912 2497 938 2517 v.

543 2536 576 2570 F.
604 2537 692 2571 eard.
720 2538 903 2573 Orivssaics.

292 2599 301 2626 l
322 2598 393 2627 Edit.
416 2599 495 2627 Maia.
517 2599 582 2635 legit
599 2601 756 2630 memorati
775 2602 814 2637 (R.
830 2603 879 2636 τ.).

1043 1629 1199 1662 curatoris
1215 1628 1418 1672 generalium
1435 1628 1563 1662 Ordinis
1580 1629 1713 1662 fratrum
1731 1630 1787 1662 Mi-

1042 1692 1159 1715 norum
1192 1682 1295 1715 sancti
1325 1681 1489 1715 Francisci
1514 1681 1786 1716 Conventualium

1043 1741 1302 1778 nuncupatorum
1327 1734 1458 1769 nominc
1479 1735 1575 1768 nobis
1601 1746 1698 1779 super
1723 1736 1785 1768 hoe

1043 1788 1207 1821 humiliter
1224 1789 1385 1831 porrectis
1400 1788 1559 1829 inclinati,
1576 1799 1611 1822 ac
1628 1790 1667 1822 de
1686 1790 1787 1822 omni-

1042 1841 1186 1885 potentis
1211 1841 1268 1874 Dei
1305 1841 1531 1875 misericordia
1557 1847 1589 1875 ct
1613 1842 1785 1875 beatorum

1043 1895 1127 1928 Petri
1147 1901 1178 1929 et
1198 1895 1288 1929 Pauli
1314 1897 1538 1938 apostolorum
1557 1896 1625 1929 eius
1647 1897 1787 1929 auctori-

1043 1954 1106 1982 tate
1133 1948 1260 1989 confisi,
1281 1949 1432 1982 omnibus
1458 1954 1489 1982 et
1509 1949 1644 1992 singulis
1670 1949 1786 1982 utrius-

1043 2013 1105 2047 que
1120 2012 1215 2036 sexus
1235 2002 1504 2036 christifidelibus
1521 2014 1597 2036 vere
1615 2004 1786 2046 poeniten-

1043 2056 1128 2089 tibus
1155 2062 1187 2089 et
1212 2056 1373 2089 confessis
1392 2066 1428 2089 ac
1446 2057 1535 2089 sacra
1553 2057 1784 2090 communione

1042 2110 1183 2150 resectis,
1198 2111 1251 2154 qui
1270 2111 1412 2153 aliquam
1432 2121 1466 2144 ex
1486 2110 1631 2144 ecclesiis
1649 2111 1784 2143 fratrum

1042 2164 1118 2197 dicti
1144 2164 1274 2197 Ordinis
1296 2164 1452 2198 hactenus
1475 2165 1592 2198 erectis
1622 2175 1658 2197 ac
1682 2165 1786 2208 impo-

1041 2222 1164 2251 sterum
1181 2217 1357 2260 erigendis,
1373 2222 1405 2250 et
1421 2217 1619 2260 ubicumque
1635 2218 1783 2250 locorum

1042 2271 1277 2310 existentibus,
1307 2270 1358 2304 die
1388 2271 1469 2304 sesto
1491 2276 1675 2303 sanctorum
1697 2280 1783 2302 mar-

1041 2330 1145 2368 tyrum
1173 2323 1321 2364 Berardi,
1348 2323 1454 2363 Petri,
1481 2322 1647 2361 Ace-ursii,
1674 2322 1782 2355 Adiuti

1041 2383 1073 2411 et
1097 2377 1235 2410 Othonis
1275 2377 1421 2410 ciusdem
1461 2376 1588 2408 Ordinis
1624 2375 1783 2408 Minorum

1041 2431 1265 2475 professorum
1282 2441 1299 2463 a
1317 2430 1428 2473 primis
1453 2429 1597 2472 vesperis
1623 2439 1725 2472 usque
1743 2429 1782 2461 ad

1040 2494 1190 2519 occasum
1221 2484 1298 2518 solis
1329 2482 1400 2516 sesti
1433 2482 1617 2516 huiusmodi
1643 2482 1782 2525 singulis

1041 2538 1133 2572 annis
1148 2538 1263 2571 devote
1280 2536 1487 2575 visitaverint,
1507 2541 1537 2569 ct
1556 2535 1598 2568 ilii
1618 2546 1676 2580 pro
1695 2536 1779 2568 chri-

1041 2593 1221 2626 stianorum
1246 2590 1432 2634 principum
1457 2590 1643 2631 voum-»inlisu
1664 2590 1781 2621 haerv-
