2232 3178
252 205 300 232 An.
317 204 345 233 c.
369 205 435 233 1740
481 197 546 231 64⁶2

444 255 546 286 abbate
568 254 708 294 generali,
731 254 971 294 dignioribusque
993 254 1177 293 hegumenis,

443 304 535 343 deque
558 308 690 333 votorum
708 303 896 333 renovatione
913 303 1129 342 praemittenda
1143 303 1179 333 ab

444 352 588 382 omnibus.

483 409 522 430 vl.
546 400 688 430 Absoluta
711 400 886 439 paraenesi¹
912 400 1000 430 abbas
1033 400 1180 438 generalis

444 453 471 478 et
493 453 619 488 quatuor
635 448 790 486 hegumeni
814 449 881 478 hinc
897 449 964 478 inde
979 449 1014 478 ad
1030 449 1179 478 dexteram

445 498 615 535 laevamque
646 496 738 535 ipsius
771 500 836 526 ante
866 500 977 535 portam
1003 497 1126 526 mediam
1149 497 1178 526 in

444 554 536 583 genua
560 544 723 583 procident,
743 548 770 574 et
787 546 862 583 post¹
879 545 942 582 hos,
961 545 1179 583 provinciarum

444 593 748 631 monasteriorumque
771 593 888 623 abbates
905 617 912 629 ,
937 593 1042 622 deinde
1074 593 1179 632 reliqui

444 642 577 671 monachi
593 665 600 679 ‚
624 641 787 671 secundum
816 641 1021 680 antiquitatem
1045 641 1180 680 propriae

445 689 643 729 professioniS‚
663 694 810 729 postremo
826 689 920 719 scriba
939 699 990 719 seu
1005 690 1181 722 secretarius

444 743 472 769 et
494 739 638 775 aedituus,
662 743 690 768 et
712 738 746 768 ad
770 743 883 777 portam
905 738 1025 768 ianitor.

484 796 532 817 vn.
557 788 703 827 Sequatur
725 791 857 817 votorum
885 787 1054 825 renovatio,
1077 786 1181 817 abbate

444 835 575 874 generali
591 840 617 865 et
640 835 812 874 hegumenis
835 835 1060 874 praeeuntibus,
1077 835 1182 865 deinde

445 884 568 924 reliquis
589 884 675 914 simul
698 884 962 923 prosequentibus,
981 884 1016 913 de
1033 883 1123 913 verbo
1146 883 1182 913 ad

446 933 584 971 verbum,
608 937 635 963 et
656 941 722 962 cum
747 933 849 972 pausa,
875 936 906 962 ut
928 941 1029 972 supra,
1053 936 1129 972 part.
1150 942 1180 971 11,

444 992 507 1022 cap.
533 991 570 1011 xi.

484 1039 544 1060 vm.
574 1029 671 1060 Abbas
694 1030 857 1067 generalis,
882 1029 1017 1059 absoluta
1048 1034 1182 1060 votorum

444 1078 645 1115 renovatione,
671 1077 857 1107 beatissimae
882 1078 1010 1116 Virginis
1025 1078 1133 1108 Mariae
1148 1078 1183 1107 li-

445 1128 539 1156 tanias
562 1136 627 1156 cum
651 1130 737 1156 cantu
759 1126 926 1156 inchoabit:
951 1126 1057 1164 quibus
1080 1126 1181 1164 finitis,

444 1175 550 1205 fratres
572 1174 736 1212 admoneat,
754 1179 797 1211 ut,
814 1174 975 1213 praemisso
997 1174 1183 1204 contritionis

445 1227 523 1261 actu,
547 1223 738 1252 intentionem
756 1222 863 1261 pariter
879 1227 986 1252 rectam
1004 1222 1109 1252 habere
1124 1227 1185 1252 stu-

445 1273 551 1309 deant,
575 1272 722 1310 simulque
755 1280 856 1301 omnes
878 1271 1054 1301 dominicam
1077 1271 1183 1301 oratio-

446 1330 512 1350 nem
534 1320 672 1358 recitent,
695 1324 723 1349 et
744 1319 795 1350 SS.
819 1319 972 1350 Trinitatis
995 1329 1091 1359 opem,
1115 1329 1183 1349 nec-

446 1379 504 1399 non
526 1369 664 1408 Deiparae
697 1373 724 1398 et
746 1371 774 1398 S.
800 1368 920 1398 Antonii
942 1368 1184 1398 intercessionem

446 1417 614 1457 implorent.
639 1417 705 1446 Mox
738 1418 864 1455 assurgit
886 1417 958 1456 ipse,
983 1421 1022 1454 et,
1046 1417 1184 1447 fratribus

446 1467 474 1496 in
499 1475 591 1504 genua
616 1466 709 1495 adhuc
739 1466 915 1504 provolutis,
938 1466 1104 1504 generalem
1137 1466 1186 1495 ab·

447 1515 623 1544 solutionem
647 1515 831 1553 pronunciat.
855 1515 921 1544 Post
938 1515 1066 1544 universi
1083 1524 1098 1544 e
1115 1519 1186 1545 tem-

446 1564 495 1602 plo
518 1563 639 1600 egressi,
663 1563 697 1592 ad
724 1563 841 1592 serenda
868 1563 1005 1601 suffragia
1030 1564 1183 1600 accedunt,

447 1612 470 1641 si
494 1612 563 1641 alibi
586 1611 690 1642 electio
712 1612 844 1641 facienda
867 1616 931 1648 est3
954 1612 977 1641 si
1001 1621 1069 1641 vero
1092 1612 1121 1641 in
1138 1622 1185 1642 eo-

448 1660 513 1689 dem
539 1660 667 1698 templo,
695 1659 811 1689 aedituo
835 1661 911 1690 soras
934 1669 1051 1697 egresso
1067 1683 1074 1697 ,
1101 1664 1185 1698 porta

448 1708 594 1738 clauditur
608 1731 615 1743 ‚
640 1717 725 1747 quam
748 1708 855 1739 ianitor
878 1708 913 1738 ab
942 1708 1082 1738 exteriori
1104 1713 1185 1747 parte

449 1756 627 1786 observabit.
1006 1788 1008 1791 .

488 1815 528 1834 1x.
552 1805 716 1843 Antequam
747 1804 782 1835 ad
814 1804 882 1834 novi
906 1804 1019 1834 abbatis
1041 1805 1187 1843 generalis

448 1853 622 1883 electionem
646 1853 830 1892 procedatur,
854 1852 939 1883 debet
961 1853 985 1882 is
999 1875 1007 1889 ‚
1042 1853 1125 1883 cuius
1147 1853 1188 1884 os-

448 1902 548 1931 ficium
571 1901 696 1940 expirat,
719 1901 850 1939 sigillum
873 1906 900 1931 et
923 1901 1052 1931 officium
1075 1902 1105 1931 in
1128 1911 1187 1932 ma-

449 1950 536 1980 nibus
558 1949 789 1987 hegumenorum
813 1949 963 1987 resignare
985 1958 1018 1979 ac
1040 1949 1187 1988 deponere

449 1998 478 2027 in
501 1998 572 2027 haec
595 1997 693 2027 verba:
717 1997 870 2026 Reoerendi
889 2002 995 2036 patrm,
1018 1998 1187 2027 inmanibus

448 2047 546 2075 vestris
569 2047 674 2084 resiyno
696 2055 727 2074 ac
749 2047 851 2085 depono
873 2047 991 2085 officium
1013 2046 1115 2076 abbatis
1140 2056 1187 2085 ye-

450 2095 573 2132 neralis,
597 2095 667 2133 quod
693 2094 763 2123 mihi
786 2095 897 2132 indigno
918 2096 1087 2133 congregatio
1107 2105 1188 2133 yene-

449 2144 520 2172 ralz's
534 2143 680 2179 commisit,
697 2142 834 2181 simulque
848 2143 957 2171 veniam
976 2147 1038 2181 peto
1053 2143 1084 2172 de
1100 2144 1189 2172 omni-

450 2190 498 2219 bns
520 2190 610 2229 culpis
632 2200 648 2219 a
670 2199 711 2218 me
732 2191 762 2219 in
787 2200 816 2219 eo
842 2191 1001 2219 commissis.
1026 2190 1085 2220 Hoc
1111 2190 1187 2219 idem

450 2239 546 2267 facere
569 2237 654 2266 debet
677 2237 878 2276 unusquisque
895 2237 1076 2275 hegumenus
1091 2247 1187 2267 coram

450 2286 545 2315 electo
564 2285 670 2315 abbate
692 2285 843 2323 generali,
867 2295 931 2314 cum
954 2286 988 2315 ad
1010 2286 1189 2316 successoris

451 2334 495 2363 sui
529 2333 704 2363 electionem
737 2333 953 2372 procedendum
975 2338 1035 2369 est,
1067 2333 1186 2363 dicens:

450 2382 684 2412 Reveremlc'ssime
703 2387 794 2421 pater,
819 2383 848 2412 in
876 2382 1000 2411 manibus
1030 2383 1125 2411 vestris
1147 2392 1190 2411 re-

451 2432 528 2469 siquo
549 2440 580 2460 ac
601 2432 703 2469 depono
725 2431 844 2470 officium
859 2431 1014 2469 hegumeni,
1034 2432 1103 2470 quod
1121 2431 1190 2460 mihi

453 2480 564 2518 indigno
585 2480 758 2509 commissum
781 2483 831 2518 est,
855 2479 990 2518 simulque
1007 2480 1115 2509 veniam
1127 2483 1189 2518 peto

490 2582 499 2608 1
518 2580 638 2609 Pessime
650 2580 692 2608 ed.
704 2580 784 2609 Main.
796 2580 860 2617 legit
869 2588 947 2616 pone
961 2588 1010 2617 pro
1022 2579 1187 2616 pentorn).

1005 206 1192 231 BULLARIUM
1218 205 1375 231 ROMANUM

1221 255 1252 284 de
1281 255 1405 284 omnibus
1436 254 1527 295 culpis
1558 265 1575 285 α
1602 265 1643 285 me
1675 257 1704 286 in
1734 266 1764 287 eo
1793 258 1953 288 commissis.

1221 302 1308 333 Facta
1340 307 1435 334 tamen
1467 303 1686 342 resignatione,
1708 305 1738 334 in
1761 314 1814 335 suo
1835 305 1899 336 loco
1927 310 1956 337 et

1221 351 1324 381 ordine
1348 352 1457 382 tamdiu
1480 352 1588 389 stabit,
1613 353 1704 383 donec
1736 362 1886 384 successor
1908 354 1957 384 de·

1221 400 1359 429 claretur.
1383 400 1412 431 Si
1445 409 1495 439 per
1529 400 1641 431 obitum
1673 405 1723 431 aut
1745 402 1956 440 promotionem

1222 448 1336 478 abbatis
1368 449 1530 487 generalis,
1564 453 1613 478 aut
1645 449 1761 489 aliquod
1793 449 1955 488 legitimum

1222 496 1285 526 eius
1306 497 1564 536 impedimentum,
1588 497 1697 527 electus
1719 498 1807 528 suerit
1831 498 1958 528 vicarius

1222 545 1386 582 generalis,
1410 545 1456 574 hic
1487 545 1574 575 etiam
1608 550 1675 576 ante
1696 546 1868 576 electionem
1891 547 1959 577 novi

1223 592 1336 622 abbatis
1358 593 1502 630 generalis
1524 593 1683 631 resignabit
1699 593 1826 623 osticium
1843 594 1872 624 in
1888 595 1959 625 haec

1224 641 1327 670 verba:
1352 641 1584 672 Reverendissz'mi
1603 646 1708 681 patres,
1730 643 1761 672 in
1774 642 1899 672 manibus
1913 653 1959 673 ve-

1223 691 1288 718 stris
1310 691 1418 727 resigno
1440 699 1471 719 ac
1493 691 1595 729 depono
1618 691 1737 729 officium
1758 691 1860 720 vicarii
1878 700 1960 729 yene-

1224 738 1338 775 πενιιίἰε,
1363 739 1433 777 quod
1448 738 1517 768 mihi
1532 739 1643 777 indiyno
1658 740 1830 768 commissum
1845 743 1896 777 est,
1911 744 1960 771 etc.

1224 786 1303 816 ldem
1326 787 1481 817 dicendum
1504 787 1539 817 de
1562 787 1670 817 vicario
1691 787 1859 826 hegumeni.

1265 845 1292 864 x.
1316 834 1527 874 Suffragiorum
1551 835 1623 866 ordo
1645 840 1701 866 est:
1720 835 1848 874 Primus,
1872 835 1962 866 abbas

1225 883 1383 923 generalis,
1408 883 1442 913 ad
1465 892 1597 913 mensam
1620 884 1775 922 accedens,
1795 893 1879 914 suum
1902 885 1963 914 sus-

1225 932 1349 970 sragium
1374 932 1403 962 in
1422 932 1562 962 schedula
1577 932 1697 971 scribat,
1714 933 1833 963 nomine
1848 936 1962 963 tantum

1225 980 1311 1010 electi
1334 990 1471 1022 expresso
1486 1004 1493 1017 ‚
1518 980 1573 1010 hoc
1595 981 1696 1010 modo:
1728 981 1806 1020 Elige
1835 991 1963 1011 reveren-

1225 1029 1366 1058 dissimum
1398 1032 1506 1067 patrem
1538 1028 1573 1057 Ν.
1606 1029 1636 1057 in
1669 1029 1788 1058 abbatem
1807 1029 1964 1067 generalem

1225 1078 1312 1106 nostri
1335 1076 1458 1107 Ordinis.
1482 1076 1555 1106 Tum
1578 1077 1745 1107 schedulam
1762 1077 1890 1116 propriis
1904 1086 1965 1107 ma-

1226 1125 1311 1154 nibus
1334 1125 1505 1163 complicet,
1530 1128 1617 1164 atque
1638 1125 1668 1154 in
1693 1129 1896 1164 praeparatam
1918 1134 1965 1155 ar-

1226 1182 1288 1202 cam
1320 1173 1444 1203 iniiciat.
1479 1175 1648 1212 Sequantur
1677 1173 1833 1203 ordinatim
1856 1174 1965 1212 singuli

1228 1221 1406 1260 hegumeni,
1431 1226 1529 1260 postea
1551 1221 1670 1251 abbates
1693 1221 1915 1260 provinciarum
1936 1225 1965 1252 et

1228 1269 1484 1307 monasteriorum,
1508 1273 1657 1309 postremo
1678 1270 1786 1309 reliqui
1803 1274 1900 1310 patres
1916 1279 1966 1300 vo—

1228 1319 1324 1357 cales,
1355 1318 1455 1348 habita
1489 1327 1604 1358 semper
1634 1318 1748 1348 ratione
1783 1319 1965 1350 antianitatis

1228 1367 1428 1408 professionis.
1452 1367 1480 1398 Si
1503 1367 1568 1407 quis
1590 1371 1707 1406 patrum
1728 1367 1857 1406 indigeat
1878 1368 1967 1408 opera.

1228 1417 1354 1455 scribae,
1378 1416 1425 1446 hie
1441 1419 1610 1454 suggestum
1623 1415 1660 1445 ab
1672 1416 1722 1446 illo
1734 1425 1838 1446 nomen
1858 1416 1968 1446 scribat

1228 1466 1258 1494 in
1280 1465 1433 1501 schedula,
1456 1474 1577 1504 eamque
1594 1464 1730 1503 plicatam
1747 1464 1803 1504 ipsi
1818 1464 1920 1494 reddat
1936 1464 1966 1495 in

1230 1514 1409 1553 praedictam
1434 1522 1533 1542 arcam
1556 1513 1592 1542 ab
1614 1513 1715 1543 eodem
1739 1513 1857 1553 propria
1879 1522 1968 1544 manu

1228 1563 1327 1592 statim
1351 1561 1564 1591 dimittendam.

1268 1620 1307 1640 xr.
1332 1611 1399 1640 Post
1421 1610 1478 1640 lata
1501 1609 1650 1648 suffragia,
1667 1610 1696 1640 in
1712 1610 1808 1640 locum
1831 1619 1915 1640 suum
1933 1620 1967 1640 u-

1229 1659 1411 1698 nusquisque
1434 1658 1635 1696 regrediatur:
1660 1658 1723 1688 loca
1755 1662 1852 1688 autem
1885 1662 1967 1689 extra

1229 1707 1376 1737 cancellos
1398 1707 1498 1737 altaris
1520 1706 1660 1746 disposita
1682 1710 1780 1737 erunt.
1803 1706 1875 1737 Tum
1898 1716 1968 1737 vero

1229 1755 1318 1785 abbas
1340 1754 1486 1793 generalis
1508 1755 1587 1784 solus
1608 1764 1674 1785 curn
1690 1759 1817 1794 quatuor
1832 1755 1968 1794 hegume-

1230 1803 1276 1832 nis
1309 1807 1338 1833 et
1369 1802 1482 1834 duobus
1515 1812 1530 1832 a
1562 1806 1679 1842 patrum
1701 1806 1783 1833 coetu
1805 1803 1841 1833 ad
1862 1812 1969 1842 cogno-

1232 1851 1338 1881 scenda
1360 1850 1497 1889 suffragia
1512 1850 1624 1888 electis,
1642 1851 1840 1893 sanctuarium
1855 1851 1969 1890 ingres-

1231 1910 1300 1935 sus,
1325 1900 1479 1931 schedulas
1502 1909 1539 1930 ex
1560 1901 1628 1930 arca
1646 1901 1803 1939 extrahat,
1825 1909 1893 1931 mox
1914 1909 1971 1930 nu-

1231 1953 1336 1986 meret3
1360 1953 1388 1979 et
1409 1949 1433 1978 si
1456 1953 1571 1988 patrum
1594 1957 1749 1979 numerum
1767 1953 1905 1988 superent
1919 1953 1970 1979 aut

1232 1997 1351 2027 minime
1375 2000 1510 2037 aequent,
1534 1997 1637 2027 electio
1659 2006 1717 2026 non
1740 1996 1894 2034 constabit,
1915 2006 1969 2027 nec

1231 2045 1405 2085 aperiendae
1436 2049 1522 2075 erunt
1551 2045 1726 2083 schedulae,
1748 2045 1798 2075 sed
1830 2045 1968 2076 continuo

1232 2094 1261 2122 in
1284 2102 1335 2122 vas
1357 2094 1432 2132 aqua
1455 2093 1604 2133 oppletum
1627 2093 1834 2132 immittantur,
1851 2097 1880 2123 et
1895 2102 1968 2123 nova

1231 2142 1335 2171 electio
1369 2142 1429 2171 fiat.
1453 2141 1482 2172 Si
1506 2151 1575 2171 vero
1598 2141 1805 2180 suffragiorum
1828 2151 1969 2172 numerus

1231 2189 1305 2219 bene
1327 2194 1452 2228 constet,
1477 2194 1546 2220 tunc
1568 2190 1658 2220 abbas
1676 2190 1823 2228 generalis
1839 2190 1969 2229 singulas

1231 2238 1387 2268 schedulas
1410 2247 1507 2268 coram
1532 2239 1704 2276 hegumenis
1727 2243 1755 2268 et
1776 2237 1889 2268 duobus
1911 2239 1971 2268 suf-

1232 2286 1392 2323 fragiorum
1415 2286 1616 2324 cognitoribus
1648 2286 1781 2325 aperiat,
1805 2295 1970 2325 nomenque

1231 2334 1317 2364 electi
1341 2334 1437 2364 altiori
1460 2343 1530 2364 voce
1559 2334 1751 2373 pronunciet,
1774 2339 1806 2364 ut
1835 2334 1971 2364 monachi

1232 2382 1261 2411 in
1285 2382 1392 2421 templo
1414 2387 1525 2412 stantes
1548 2383 1678 2420 audiant,
1702 2387 1730 2413 et
1750 2383 1824 2412 illud
1841 2392 1856 2412 a
1874 2392 1970 2413 secre-

1233 2430 1306 2460 tario
1328 2431 1358 2459 in
1381 2432 1462 2460 carta
1483 2434 1612 2460 notetur.

1272 2488 1321 2509 xn.
1345 2479 1373 2509 si
1396 2488 1463 2518 pars
1484 2478 1691 2517 suffragiorum
1712 2488 1799 2519 supra
1815 2479 1970 2510 dimidium

1232 2527 1377 2557 vocalium
1401 2527 1494 2557 maior
1516 2527 1673 2558 convenire
1703 2527 1734 2557 in
1756 2527 1899 2558 electione
1926 2536 1971 2558 re·

1230 2576 1371 2615 periatur,
1394 2578 1427 2606 ea·
1460 2579 1597 2607 censetur
1618 2576 1709 2606 sacta:
1738 2575 1784 2607 sin
1812 2580 1911 2607 autem
1939 2575 1970 2612 in

1965 209 2016 237 An.
2037 209 2066 237 C.
2084 210 2150 239 1740
