2232 3178
39 194 86 221 Ani
105 191 134 219 C.
158 193 221 220 1737

863 193 1007 220 cennens
1033 195 1075 219 xn
1100 195 1147 220 PP.
1658 188 1716 222 ⁶231
1767 200 1816 226 An.
1834 200 1861 226 c.
1882 201 1949 228 1737

228 238 375 270 buendum
408 239 508 270 eodem
541 241 625 271 modo
657 241 687 271 in
720 246 869 282 posterum
902 253 968 273 cum

228 288 420 328 eleemosynis
435 298 510 328 quae
526 290 560 320 ad
579 300 624 320 me
641 291 806 328 mittentur,
823 296 854 322 ut
873 293 971 322 omnia

230 338 362 368 exactius
385 338 562 369 constabunt
581 349 615 369 ex
632 344 761 379 regestro
779 341 866 371 liuius
882 351 972 371 norae

228 387 425 417 fundationis:

269 436 320 466 His
345 436 482 466 omnibus
505 437 635 473 attentis,
653 446 726 476 quae
749 437 790 467 uti
815 446 881 466 vera
906 441 974 467 sunt

228 493 325 514 coram
356 484 432 518 Deo,
457 493 488 514 ea
519 494 570 523 pro
600 485 711 515 iustitia
743 486 848 524 cuique
875 485 971 515 debita

228 532 305 562 volui
328 533 485 572 explicata,
503 537 531 562 et
547 533 623 572 quod
647 533 814 572 provinciae
841 534 973 564 Recolle-

229 585 343 611 ctornm
374 581 444 610 mibi
475 581 624 620 replicatis
657 582 761 611 litteris
789 582 973 619 significave-

229 634 300 660 runt
316 639 346 659 se
363 639 420 660 non
436 639 539 660 curare
555 630 589 659 de
604 630 657 659 hac
673 630 773 660 eadem
790 631 970 660 fundatione:

230 684 394 719 propterea,
418 688 454 709 ne
477 679 575 709 eadem
600 680 823 718 praepediatur,
841 685 869 710 et
887 690 970 720 opus,

230 737 298 758 cum
322 737 466 758 consensu
489 729 635 758 communi
660 730 877 767 provinciarum
894 730 971 760 ince-

229 781 311 817 ptum
330 777 364 806 ad
382 777 521 806 maiorem
537 776 587 806 Dei
604 777 739 815 gloriam,
758 787 823 807 cum
843 778 971 808 eiusdem

230 826 404 856 detrimento
420 830 447 855 et
464 826 551 855 etiam
574 825 643 856 boni
667 827 831 856 communis
855 833 972 857 nostrae

230 874 447 904 reformationis
469 879 634 909 evanescat,
670 875 786 905 declaro
809 880 836 905 et
858 880 972 914 gratum

230 923 335 961 habeo,
371 923 400 953 id
432 924 567 960 exigente
599 924 725 961 iustitia,
761 925 834 954 hanc
868 935 971 954 novam

230 973 429 1003 fundationem
454 973 509 1001 iani
534 973 677 1012 inceptam
713 974 741 1003 in
775 974 837 1003 loco
859 974 903 1004 Ss.
928 974 973 1004 XL

229 1021 387 1060 Martyrum
406 1021 492 1051 Urbis
511 1023 659 1060 pertinere
676 1023 709 1052 ad
730 1024 895 1062 provincias
911 1024 973 1054 Dis-

230 1071 425 1101 calceatorum
450 1071 626 1111 Hispaniae,
652 1082 746 1111 neque
776 1073 849 1103 aliae
881 1074 973 1103 natio-

232 1130 284 1151 nes
308 1124 446 1159 poterunt
470 1121 660 1159 praetendere
690 1122 735 1151 ius
758 1122 892 1152 mittendi
915 1123 973 1152 fra-

230 1173 295 1199 tres
317 1169 351 1199 de
374 1169 485 1199 familia
506 1170 539 1199 ad
564 1170 641 1199 bunc
658 1180 763 1200 novum
781 1176 970 1208 conventum,

230 1219 280 1249 sed
312 1218 516 1249 tantummodo
548 1218 642 1248 dictae
675 1220 842 1258 provinciae
865 1220 973 1249 Discat-

230 1271 379 1297 centorum
396 1267 565 1305 Hispaniae,
579 1268 798 1306 comprehensis
815 1269 972 1307 provinciis

230 1316 379 1347 Indiarum
402 1316 545 1346 catholico
565 1317 625 1355 regi
649 1316 870 1354 subiectarum,
894 1317 972 1347 salvo

229 1369 326 1395 tamen
350 1370 520 1395 remanente
542 1365 606 1395 iure
629 1366 828 1404 procuratoris
851 1375 973 1405 genera-

229 1415 277 1453 lis,
301 1414 512 1454 cuiuscumque
546 1414 583 1444 sit
606 1415 745 1451 nationis,
770 1415 918 1445 residendi
942 1416 971 1446 in

230 1463 309 1494 dicto
331 1468 475 1493 conventu
499 1473 564 1493 cum
596 1464 657 1493 suis
685 1465 862 1494 necessariis
886 1464 973 1494 mini·

231 1513 311 1549 stris,
331 1516 359 1542 et
381 1512 539 1551 recipiendi
564 1513 690 1542 advenas
713 1517 741 1542 et
763 1513 894 1543 forenses
913 1513 974 1543 Dis-

230 1561 375 1591 calceatos
392 1565 420 1592 et
439 1561 632 1599 Recoltect0s‚
656 1562 690 1591 ad
715 1561 822 1592 Urbem
846 1572 973 1602 quoquo-

231 1611 316 1640 modo
339 1610 520 1648 accedentes,
538 1611 570 1640 ad
590 1616 718 1640 tenorem
742 1611 851 1640 decreti
875 1621 973 1640 sacrae

233 1659 471 1697 Congregationis
498 1659 699 1699 episcoporum
735 1664 763 1689 et
794 1660 972 1698 regularium

230 1708 358 1738 emanati
380 1708 434 1738 sub
450 1708 495 1737 die
512 1717 557 1738 xvi
580 1708 744 1739 decembris
767 1709 835 1738 anni
859 1709 973 1739 Domini

230 1765 387 1787 moccxxxv
411 1766 462 1796 pro
486 1758 651 1796 peragenda
683 1758 735 1787 bac
768 1759 843 1787 nova
872 1758 974 1788 funda-

231 1807 322 1836 tione.
340 1806 374 1836 Et
390 1806 429 1836 ita
447 1806 562 1836 declaro
582 1806 661 1836 omni
679 1807 792 1837 meliori
810 1808 972 1845 modo,etc.

231 1854 262 1884 ln
287 1854 342 1884 hoc
364 1859 463 1884 nostro
486 1859 632 1884 conventu
655 1856 684 1884 S.
704 1855 851 1885 l‘ascbalis
868 1856 973 1895 Ba310n

231 1907 259 1933 et
282 1903 324 1933 Ss.
348 1902 392 1932 XL
415 1903 573 1942 Martyrum
598 1903 683 1933 [rbis
706 1903 758 1933 bac
781 1904 827 1933 die
851 1913 888 1934 xtl
911 1905 973 1934 iulii

233 1952 301 1982 anni
324 1951 436 1982 Domini
460 1961 638 1982 nioccxxxrl.

273 2001 307 2031 Et
329 2011 381 2040 ego
404 2001 609 2040 infrascriptus
632 2001 807 2031 secretarius
829 2002 974 2040 generalis

233 2050 336 2081 Curiae
362 2059 397 2080 ex
427 2054 506 2088 parte
540 2051 756 2090 provinciarum
786 2051 974 2081 Discalceato-

233 2108 297 2129 rum
321 2099 476 2139 Hispaniae
493 2104 519 2129 et
536 2099 682 2129 lndiarum
700 2101 847 2139 acceptavi
866 2100 972 2130 dictam

232 2147 457 2178 declarationem
475 2153 502 2178 et
518 2149 678 2189 respective
694 2150 972 2188 praeservatiouem.

234 2196 266 2226 Et
288 2197 408 2237 insuper
431 2198 580 2237 promitto,
605 2198 680 2237 quud
717 2198 763 2227 nbi
800 2199 869 2228 baec
900 2209 972 2229 nova

232 2245 363 2275 fundatio
385 2246 442 2276 erit
465 2246 493 2275 in
518 2250 593 2276 statu
624 2248 833 2276 manutenendi
857 2257 974 2286 compe-

233 2298 341 2324 tentem
365 2295 522 2329 familiam,
547 2299 575 2325 et
597 2295 703 2325 fabrica
727 2300 889 2326 conventus
912 2297 974 2326 exi-

232 2347 288 2373 stet
300 2344 508 2373 convenienter
520 2344 852 2383 disposita,ministrabit
866 2346 972 2376 victum

233 2395 261 2422 et
285 2392 420 2423 vestitum
444 2393 623 2432 procuratori
646 2393 775 2431 generali
796 2404 847 2432 pro
864 2398 974 2434 tempo-

236 2449 278 2477 re,
302 2445 331 2471 et
353 2441 446 2481 ipsius
476 2441 651 2471 necessariis
674 2442 826 2480 ministris,
856 2444 973 2482 quando

233 2489 380 2520 sufficient
402 2490 436 2519 ad
459 2490 555 2520 omnia
576 2490 707 2520 eiusdem
724 2496 883 2521 conventus
899 2492 973 2522 elee-

233 2547 378 2577 mosynae.
403 2537 434 2568 In
457 2548 580 2578 quorum
614 2538 697 2568 fidem
730 2539 780 2568 lias
805 2545 973 2578 praesentes

232 2585 345 2617 litteras
378 2587 471 2618 dictus
505 2588 657 2618 admodum
684 2589 861 2620 reverendus
891 2594 972 2629 pater

1014 244 1235 275 commissarius
1251 245 1336 276 iussit
1352 245 1455 276 maiori
1469 248 1475 263 ¹
1496 245 1593 284 sigillo
1609 247 1652 276 sui
1669 247 1757 277 officii

1015 297 1043 323 et
1068 293 1223 333 utriusque
1245 294 1462 334 subscriptione
1478 295 1507 324 in
1524 295 1610 325 dictis
1631 305 1757 326 conven—

1015 345 1057 375 tu,
1081 342 1137 376 die,
1163 351 1262 372 mense
1295 347 1323 372 et
1355 353 1432 372 anno
1464 343 1570 383 quibus
1592 353 1692 384 snpra.
1720 362 1755 366 —

1015 381 1237 421 Rhamnous
1261 392 1375 422 Dr'FLos
1399 392 1447 432 qui
1469 402 1567 432 supra.
1588 412 1620 415 —
1638 394 1685 423 Fr.
1703 394 1756 423 rs-

1015 448 1090 469 rnrs
1113 439 1288 470 loanxssru's
1317 445 1345 471 et
1373 441 1486 471 Momm
1513 442 1688 473 secretarius
1710 452 1758 481 ge-

1015 487 1124 517 neralis
1146 488 1260 518 Curiae.
1286 489 1353 519 Loco
1371 491 1388 526 †
1411 491 1507 528 siyilli.

1059 562 1073 604 ᾖ
1098 561 1130 594 2.
1157 562 1233 595 Cum
1253 569 1368 601 autem,
1388 564 1469 596 sicut
1494 565 1606 597 eadem
1633 566 1756 608 exposi-
1827 579 1950 599 numnam

1015 615 1058 647 tio
1073 615 1302 658 subiungebat,
1317 617 1521 660 supradictus
1538 618 1651 650 Petrus
1667 618 1755 652 loan-
1768 605 1950 656 ιῖῘῇῗιιηὲῘῘξῗῇἶξῖῗι

1015 668 1131 708 nerins,
1147 670 1262 701 eodem
1288 668 1442 702 Gildardo
1469 677 1680 713 procuratore
1706 665 1779 714 ges
1796 660 1905 679 ''mmm''

1016 721 1116 753 nerali
1150 721 1366 764 approbante,
1395 723 1588 765 praemissa,
1611 735 1675 767 quo
1706 725 1758 758 tir-

1017 772 1101 804 mius
1127 772 1324 809 subsistant,
1343 784 1380 805 ac
1408 781 1578 807 serventur
1607 775 1759 816 exactius,

1017 826 1217 868 apostolicae
1256 826 1513 860 confirmationis
1550 834 1678 861 nostrae
1705 840 1760 872 pa-

1017 878 1156 911 trocinio
1171 879 1363 912 communiri
1380 880 1555 922 plurinuim
1575 882 1758 915 desideret:

1061 932 1121 975 §3
1141 932 1218 971 Nos,
1237 932 1381 965 eiusdem
1399 933 1482 966 Petri
1501 934 1657 967 loannetii
1679 935 1759 968 votis
1795 949 1887 981 aarum
1904 955 1952 968 NJ..

1017 987 1077 1019 bae
1098 987 1129 1019 in
1159 997 1192 1019 re
1215 992 1370 1030 quantum
1397 998 1468 1020 cum
1490 988 1626 1021 Domino
1651 978 1826 1032 possu·⁶⁰¹¹¹¹
1843 978 1945 996 ”¹‘'¹⁴¹⁰'¹⁵‘

1015 1051 1085 1072 mus
1100 1040 1322 1073 favorabiliter
1339 1051 1483 1073 annuere
1498 1043 1653 1079 volentes,
1672 1052 1761 1075 enm-

1015 1104 1077 1136 que
1117 1104 1135 1126 a
1177 1093 1346 1136 quibusvis
1386 1095 1730 1128 excommunicationis
1750 1122 1758 1136 ,

1015 1146 1242 1189 suspensionis
1269 1151 1301 1178 et
1325 1146 1513 1186 interdicti,
1538 1147 1677 1190 aliisque
1702 1158 1758 1180 ec-

1016 1199 1205 1232 clesiasticis
1223 1199 1406 1238 sententiis,
1425 1200 1570 1232 censuris
1591 1206 1620 1233 et
1636 1201 1759 1243 poenis,

1016 1264 1031 1285 a
1057 1253 1127 1285 iure
1154 1253 1203 1286 vel
1230 1253 1269 1285 ab
1292 1252 1438 1293 homine,
1459 1253 1570 1296 quavis
1587 1253 1759 1287 occasione

1016 1307 1064 1339 vel
1091 1308 1186 1339 causa
1219 1307 1312 1346 latis,
1340 1307 1364 1339 si
1396 1307 1516 1350 quibus
1552 1308 1759 1351 quomodoli-

1016 1360 1070 1392 bet
1088 1359 1260 1393 innodatus
1286 1360 1407 1400 existit,
1430 1360 1468 1393 ad
1496 1360 1643 1393 effectum
1668 1371 1761 1405 prae-

1016 1413 1157 1445 sentium
1185 1413 1349 1446 dumtaxat
1381 1414 1671 1457 consequendum,
1703 1414 1761 1447 ha-

1017 1476 1084 1498 rum
1103 1466 1187 1499 serie
1206 1467 1415 1499 absolventes
1434 1471 1465 1499 et
1482 1466 1666 1499 absolutum
1689 1467 1758 1500 fore

1016 1525 1201 1559 censentes,
1222 1519 1519 1563 supplicationibus
1546 1519 1648 1563 ipsius
1675 1519 1761 1553 Petri

1017 1572 1174 1606 Ioannetii
1201 1573 1331 1606 nomine
1357 1573 1450 1606 nobis
1476 1583 1576 1617 super
1609 1573 1672 1606 boc
1706 1573 1761 1606 hu-

1017 1626 1138 1658 militer
1163 1626 1323 1669 porrectis
1348 1625 1516 1665 inclinati,
1543 1625 1761 1669 praeinsertas

1018 1680 1142 1712 litteras
1169 1685 1200 1712 et
1224 1680 1256 1712 in
1283 1679 1329 1712 eis
1363 1680 1522 1723 disposita
1552 1685 1582 1712 et
1607 1684 1761 1712 contenta

1018 1744 1257 1777 quaecumque,
1283 1733 1475 1767 auctoritate
1497 1733 1695 1777 apostolica,
1718 1739 1761 1766 te-

1018 1797 1096 1819 nore
1123 1787 1344 1830 praesentium
1360 1814 1369 1826 ,
1399 1785 1627 1819 confirmamus
1651 1791 1683 1819 et
1707 1797 1762 1830 ap-

1018 1841 1207 1883 probamus,
1227 1840 1357 1883 illisque
1383 1839 1579 1873 inviolabilis
1605 1839 1761 1884 apostoli-

1017 1904 1072 1926 cae
1097 1892 1258 1926 firmitatis
1284 1894 1384 1926 robur
1409 1893 1588 1926 adiit—imus.

1061 1948 1076 1991 g
1102 1946 1131 1979 4.
1153 1946 1395 1987 Decernentes‚
1415 1947 1544 1979 easdem
1571 1952 1760 1990 praesentes
1797 1956 1855 1976 Hanc
1875 1957 1953 1976 conui-

1018 2000 1141 2032 litteras
1169 2010 1297 2042 semper
1319 2000 1436 2039 firmas,
1455 1999 1539 2033 etc.³
1770 1985 1952 2036 {³2¹¹'S’3wmseri3ffi

1061 2054 1075 2097 ἓ
1100 2053 1128 2086 5.
1155 2053 1225 2086 Non
1248 2053 1453 2086 obstantibus
1471 2053 1759 2087 constitutionibus
1771 2036 1862 2057 ''unda“

1018 2111 1048 2140 et
1080 2106 1343 2138 ordinationibus
1375 2106 1581 2149 apostolicis,
1616 2116 1832 2146 necnonstkwt-

1017 2165 1177 2204 quatenus
1195 2170 1278 2202 opus
1293 2160 1346 2199 sit,
1367 2159 1497 2193 Ordinis
1511 2160 1658 2202 praefati,
1675 2160 1759 2193 eto.Fl

1061 2213 1174 2246 Datum
1202 2213 1335 2251 Romae,
1359 2213 1443 2256 apud
1470 2213 1501 2245 S.
1522 2211 1649 2245 Mariam
1668 2213 1761 2245 Maio-

1018 2276 1107 2306 rem,
1137 2265 1195 2298 sub
1224 2266 1344 2298 annulo
1375 2265 1562 2305 piscatoris,
1590 2265 1641 2298 die
1677 2276 1685 2299 1
1711 2276 1760 2298 se-

1018 2318 1174 2362 ptembris
1199 2329 1406 2359 Moccxxxvn,
1424 2317 1634 2362 pontificatus
1657 2318 1758 2350 nostri

1017 2383 1101 2406 anno
1126 2382 1195 2406 v111.

1052 2433 1111 2461 Dat.
1124 2434 1169 2462 die
1189 2436 1196 2462 l
1215 2433 1381 2469 septembris
1400 2433 1476 2468 1737,
1495 2433 1595 2470 pontif.
1613 2442 1685 2462 anno
1701 2441 1758 2462 vul.

1840 2089 1952 2109 Contraria

1052 2506 1062 2532 1
1088 2505 1197 2531 Videtur
1214 2505 1320 2539 legend.
1338 2504 1448 2531 muniri
1464 2512 1511 2538 pro
1529 2505 1637 2532 maiori
1653 2506 1689 2539 (a.
1706 2506 1755 2538 τ.).

1050 2550 1067 2576 2
1087 2549 1118 2576 Ut
1138 2557 1218 2584 supra
1239 2557 1299 2584 pag.
1321 2548 1372 2575 2⁹29
1393 2549 1408 2574 b
1429 2549 1466 2581 (a.
1483 2550 1532 2581 T.).

1050 2594 1065 2621 3
1086 2594 1120 2621 Ut
1138 2601 1221 2628 supra
1243 2601 1301 2628 pag.
1325 2593 1375 2619 2⁴20
1396 2592 1410 2619 b
1433 2593 1470 2628 (n.
1486 2593 1537 2627 'r.).
