<?xml version="1.0" encoding="UTF-8"?>
<!DOCTYPE html PUBLIC "-//W3C//DTD XHTML 1.0 Transitional//EN"
    "http://www.w3.org/TR/xhtml1/DTD/xhtml1-transitional.dtd">
<html xmlns="http://www.w3.org/1999/xhtml" xml:lang="en" lang="en">
 <head>
  <title>
</title>
<meta http-equiv="Content-Type" content="text/html;charset=utf-8" />
  <meta name='ocr-system' content='tesseract 3.04.00' />
  <meta name='ocr-capabilities' content='ocr_page ocr_carea ocr_par ocr_line ocrx_word'/>
</head>
<body>
  <div class='ocr_page' id='page_1' title='image "./bullarumdiplomat24cath_0721.png"; bbox 0 0 2232 3178; ppageno 0'>
   <div class='ocr_carea' id='block_1_1' title="bbox 866 130 1704 178">
    <p class='ocr_par' dir='ltr' id='par_1_1' title="bbox 866 130 1704 178">
     <span class='ocr_line' id='line_1_1' title="bbox 866 130 1704 178; baseline -0.005 -10"><span class='ocrx_word' id='word_1_1' title='bbox 866 144 962 168; x_wconf 68' lang='lat' dir='ltr'>mnnx</span> <span class='ocrx_word' id='word_1_2' title='bbox 987 143 1091 168; x_wconf 69' lang='lat' dir='ltr'>uentu</span> <span class='ocrx_word' id='word_1_3' title='bbox 1269 172 1274 178; x_wconf 88' lang='lat'><em>.</em></span> <span class='ocrx_word' id='word_1_4' title='bbox 1641 130 1704 164; x_wconf 80' lang='lat'>687</span> 
     </span>
    </p>
   </div>
   <div class='ocr_carea' id='block_1_2' title="bbox 211 250 1758 2040">
    <p class='ocr_par' dir='ltr' id='par_1_2' title="bbox 957 250 1171 333">
     <span class='ocr_line' id='line_1_2' title="bbox 957 250 977 281; baseline 0 0"><span class='ocrx_word' id='word_1_5' title='bbox 957 250 977 281; x_wconf 80' lang='lat' dir='ltr'>L</span> 
     </span>
     <span class='ocr_line' id='line_1_3' title="bbox 1154 320 1171 333; baseline 0 0"><span class='ocrx_word' id='word_1_6' title='bbox 1154 320 1171 333; x_wconf 57' lang='grc' dir='ltr'><strong><em>ε</em></strong></span> 
     </span>
    </p>

    <p class='ocr_par' dir='ltr' id='par_1_3' title="bbox 211 354 1751 508">
     <span class='ocr_line' id='line_1_4' title="bbox 211 354 1751 402; baseline -0.004 -9"><span class='ocrx_word' id='word_1_7' title='bbox 211 360 349 394; x_wconf 77' lang='lat' dir='ltr'>Leander</span> <span class='ocrx_word' id='word_1_8' title='bbox 374 359 454 391; x_wconf 83' lang='lat' dir='ltr'>tituli</span> <span class='ocrx_word' id='word_1_9' title='bbox 480 359 509 392; x_wconf 81' lang='lat' dir='ltr'>S.</span> <span class='ocrx_word' id='word_1_10' title='bbox 535 358 650 392; x_wconf 84' lang='lat' dir='ltr'>Callisti</span> <span class='ocrx_word' id='word_1_11' title='bbox 677 357 841 402; x_wconf 51' lang='lat' dir='ltr'>presbyter</span> <span class='ocrx_word' id='word_1_12' title='bbox 865 356 893 388; x_wconf 84' lang='lat' dir='ltr'>S.</span> <span class='ocrx_word' id='word_1_13' title='bbox 920 356 954 388; x_wconf 77' lang='lat' dir='ltr'>R.</span> <span class='ocrx_word' id='word_1_14' title='bbox 981 355 1013 388; x_wconf 79' lang='lat' dir='ltr'>E.</span> <span class='ocrx_word' id='word_1_15' title='bbox 1039 356 1208 388; x_wconf 80' lang='lat' dir='ltr'>cardinalis</span> <span class='ocrx_word' id='word_1_16' title='bbox 1240 355 1344 388; x_wconf 87' lang='lat' dir='ltr'>Portia</span> <span class='ocrx_word' id='word_1_17' title='bbox 1383 359 1599 398; x_wconf 85' lang='lat' dir='ltr'>nuncupatus,</span> <span class='ocrx_word' id='word_1_18' title='bbox 1625 354 1690 387; x_wconf 81' lang='grc'>316</span> <span class='ocrx_word' id='word_1_19' title='bbox 1714 365 1751 391; x_wconf 83' lang='grc' dir='ltr'>α;</span> 
     </span>
     <span class='ocr_line' id='line_1_5' title="bbox 298 407 1749 455; baseline -0.004 -10"><span class='ocrx_word' id='word_1_20' title='bbox 298 412 441 445; x_wconf 83' lang='lat' dir='ltr'>visitator</span> <span class='ocrx_word' id='word_1_21' title='bbox 465 411 657 455; x_wconf 85' lang='lat' dir='ltr'>apostolicus</span> <span class='ocrx_word' id='word_1_22' title='bbox 680 410 849 453; x_wconf 80' lang='lat' dir='ltr'>deputatur</span> <span class='ocrx_word' id='word_1_23' title='bbox 874 409 913 441; x_wconf 88' lang='lat' dir='ltr'>ad</span> <span class='ocrx_word' id='word_1_24' title='bbox 939 408 1193 452; x_wconf 85' lang='lat' dir='ltr'>archihospitalis</span> <span class='ocrx_word' id='word_1_25' title='bbox 1219 408 1250 441; x_wconf 82' lang='lat' dir='ltr'>S.</span> <span class='ocrx_word' id='word_1_26' title='bbox 1278 407 1414 451; x_wconf 82' lang='lat' dir='ltr'>Spiritus</span> <span class='ocrx_word' id='word_1_27' title='bbox 1446 407 1483 440; x_wconf 85' lang='lat' dir='ltr'>de</span> <span class='ocrx_word' id='word_1_28' title='bbox 1509 407 1593 440; x_wconf 70' lang='lat' dir='ltr'>l‘rbe</span> <span class='ocrx_word' id='word_1_29' title='bbox 1622 407 1749 441; x_wconf 84' lang='lat' dir='ltr'>rationi-</span> 
     </span>
     <span class='ocr_line' id='line_1_6' title="bbox 299 460 971 508; baseline -0.009 -10"><span class='ocrx_word' id='word_1_30' title='bbox 299 465 357 498; x_wconf 89' lang='lat' dir='ltr'>bus</span> <span class='ocrx_word' id='word_1_31' title='bbox 381 469 557 508; x_wconf 89' lang='lat' dir='ltr'>opportune</span> <span class='ocrx_word' id='word_1_32' title='bbox 581 462 832 508; x_wconf 75' lang='lat' dir='ltr'>providendum,</span> <span class='ocrx_word' id='word_1_33' title='bbox 857 460 921 493; x_wconf 78' lang='grc'>316</span> <span class='ocrx_word' id='word_1_34' title='bbox 946 460 971 492; x_wconf 74' lang='grc' dir='ltr'>ὸ.</span> 
     </span>
    </p>

    <p class='ocr_par' dir='ltr' id='par_1_4' title="bbox 211 513 1753 614">
     <span class='ocr_line' id='line_1_7' title="bbox 211 513 1753 562; baseline -0.004 -11"><span class='ocrx_word' id='word_1_35' title='bbox 211 517 387 562; x_wconf 89' lang='lat' dir='ltr'>Leopoldus</span> <span class='ocrx_word' id='word_1_36' title='bbox 422 517 682 560; x_wconf 73' lang='lat' dir='ltr'>archiepiscopus</span> <span class='ocrx_word' id='word_1_37' title='bbox 713 513 981 556; x_wconf 75' lang='lat' dir='ltr'>SalisburgensiS,</span> <span class='ocrx_word' id='word_1_38' title='bbox 1007 513 1065 546; x_wconf 83' lang='lat'>511</span> <span class='ocrx_word' id='word_1_39' title='bbox 1092 514 1126 553; x_wconf 78' lang='lat' dir='ltr'>b3</span> <span class='ocrx_word' id='word_1_40' title='bbox 1151 514 1182 546; x_wconf 94' lang='lat' dir='ltr'>in</span> <span class='ocrx_word' id='word_1_41' title='bbox 1214 514 1409 557; x_wconf 65' lang='lat' dir='ltr'>amplissima</span> <span class='ocrx_word' id='word_1_42' title='bbox 1447 513 1583 546; x_wconf 81' lang='lat' dir='ltr'>dioecesi</span> <span class='ocrx_word' id='word_1_43' title='bbox 1623 514 1679 546; x_wconf 71' lang='lat' dir='ltr'>sua</span> <span class='ocrx_word' id='word_1_44' title='bbox 1715 513 1753 545; x_wconf 90' lang='lat' dir='ltr'>ad</span> 
     </span>
     <span class='ocr_line' id='line_1_8' title="bbox 299 566 1361 614; baseline -0.004 -11"><span class='ocrx_word' id='word_1_45' title='bbox 299 570 516 614; x_wconf 75' lang='lat' dir='ltr'>extirpandum</span> <span class='ocrx_word' id='word_1_46' title='bbox 541 569 697 602; x_wconf 76' lang='lat' dir='ltr'>haeresim</span> <span class='ocrx_word' id='word_1_47' title='bbox 724 568 890 600; x_wconf 77' lang='lat' dir='ltr'>missiones</span> <span class='ocrx_word' id='word_1_48' title='bbox 916 566 1067 606; x_wconf 84' lang='lat' dir='ltr'>instituit,</span> <span class='ocrx_word' id='word_1_49' title='bbox 1092 568 1163 599; x_wconf 72' lang='lat' dir='ltr'>ride</span> <span class='ocrx_word' id='word_1_50' title='bbox 1187 567 1361 600; x_wconf 85' lang='lat' dir='ltr'>Missiones.</span> 
     </span>
    </p>

    <p class='ocr_par' dir='ltr' id='par_1_5' title="bbox 215 619 1758 1298">
     <span class='ocr_line' id='line_1_9' title="bbox 215 619 1752 667; baseline -0.003 -10"><span class='ocrx_word' id='word_1_51' title='bbox 215 624 298 657; x_wconf 81' lang='lat' dir='ltr'>Libri</span> <span class='ocrx_word' id='word_1_52' title='bbox 333 623 497 667; x_wconf 71' lang='lat' dir='ltr'>prohibiti.</span> <span class='ocrx_word' id='word_1_53' title='bbox 527 642 568 647; x_wconf 97' lang='lat'><strong>—</strong></span> <span class='ocrx_word' id='word_1_54' title='bbox 604 622 709 655; x_wconf 87' lang='lat' dir='ltr'>Lettre</span> <span class='ocrx_word' id='word_1_55' title='bbox 744 620 903 664; x_wconf 73' lang='lat' dir='ltr'>pastorale</span> <span class='ocrx_word' id='word_1_56' title='bbox 940 619 979 652; x_wconf 87' lang='lat' dir='ltr'>de</span> <span class='ocrx_word' id='word_1_57' title='bbox 1017 620 1245 661; x_wconf 77' lang='lat' dir='ltr'>monseigneur</span> <span class='ocrx_word' id='word_1_58' title='bbox 1282 619 1432 663; x_wconf 73' lang='lat' dir='ltr'>l&#39;evequc</span> <span class='ocrx_word' id='word_1_59' title='bbox 1469 619 1506 652; x_wconf 84' lang='lat' dir='ltr'>dc</span> <span class='ocrx_word' id='word_1_60' title='bbox 1541 619 1752 663; x_wconf 82' lang='lat' dir='ltr'>Montpellier,</span> 
     </span>
     <span class='ocr_line' id='line_1_10' title="bbox 301 672 1751 718; baseline -0.002 -10"><span class='ocrx_word' id='word_1_61' title='bbox 301 675 320 708; x_wconf 79' lang='lat'><em>8</em></span> <span class='ocrx_word' id='word_1_62' title='bbox 345 676 362 708; x_wconf 84' lang='lat' dir='ltr'><strong><em>b</em></strong></span> <span class='ocrx_word' id='word_1_63' title='bbox 386 681 416 708; x_wconf 89' lang='lat' dir='ltr'>et</span> <span class='ocrx_word' id='word_1_64' title='bbox 439 686 516 718; x_wconf 80' lang='lat' dir='ltr'>seq.,</span> <span class='ocrx_word' id='word_1_65' title='bbox 544 675 624 707; x_wconf 83' lang='lat' dir='ltr'>duae</span> <span class='ocrx_word' id='word_1_66' title='bbox 649 674 798 718; x_wconf 83' lang='lat' dir='ltr'>epistolae</span> <span class='ocrx_word' id='word_1_67' title='bbox 822 673 996 716; x_wconf 82' lang='lat' dir='ltr'>pastorales</span> <span class='ocrx_word' id='word_1_68' title='bbox 1022 672 1164 716; x_wconf 79' lang='lat' dir='ltr'>episcopi</span> <span class='ocrx_word' id='word_1_69' title='bbox 1189 672 1374 705; x_wconf 60' lang='lat' dir='ltr'>Peliinensis</span> <span class='ocrx_word' id='word_1_70' title='bbox 1411 673 1496 705; x_wconf 88' lang='lat' dir='ltr'>eirca</span> <span class='ocrx_word' id='word_1_71' title='bbox 1531 673 1610 705; x_wconf 83' lang='lat' dir='ltr'>ritus</span> <span class='ocrx_word' id='word_1_72' title='bbox 1643 673 1751 706; x_wconf 69' lang='lat' dir='ltr'>Sinon-</span> 
     </span>
     <span class='ocr_line' id='line_1_11' title="bbox 299 725 1754 769; baseline -0.002 -8"><span class='ocrx_word' id='word_1_73' title='bbox 299 739 358 769; x_wconf 84' lang='lat' dir='ltr'>ses,</span> <span class='ocrx_word' id='word_1_74' title='bbox 382 729 447 768; x_wconf 86' lang='lat'>51·,</span> <span class='ocrx_word' id='word_1_75' title='bbox 474 728 554 760; x_wconf 89' lang='lat' dir='ltr'>liber</span> <span class='ocrx_word' id='word_1_76' title='bbox 578 727 691 769; x_wconf 79' lang='lat' dir='ltr'>gallico</span> <span class='ocrx_word' id='word_1_77' title='bbox 717 726 865 758; x_wconf 87' lang='lat' dir='ltr'>idiomate</span> <span class='ocrx_word' id='word_1_78' title='bbox 896 726 1080 769; x_wconf 77' lang='lat' dir='ltr'>impressus,</span> <span class='ocrx_word' id='word_1_79' title='bbox 1112 725 1161 757; x_wconf 88' lang='lat' dir='ltr'>cui</span> <span class='ocrx_word' id='word_1_80' title='bbox 1187 725 1315 758; x_wconf 86' lang='lat' dir='ltr'>titulus:</span> <span class='ocrx_word' id='word_1_81' title='bbox 1348 726 1488 758; x_wconf 77' lang='lat' dir='ltr'>Histoire</span> <span class='ocrx_word' id='word_1_82' title='bbox 1517 726 1559 757; x_wconf 76' lang='lat' dir='ltr'>du</span> <span class='ocrx_word' id='word_1_83' title='bbox 1590 726 1670 758; x_wconf 72' lang='lat' dir='ltr'>livre</span> <span class='ocrx_word' id='word_1_84' title='bbox 1702 725 1754 758; x_wconf 74' lang='lat' dir='ltr'>des</span> 
     </span>
     <span class='ocr_line' id='line_1_12' title="bbox 297 778 1754 824; baseline -0.002 -10"><span class='ocrx_word' id='word_1_85' title='bbox 297 782 468 824; x_wconf 63' lang='lat' dir='ltr'>re&#39;llcoeions</span> <span class='ocrx_word' id='word_1_86' title='bbox 491 780 628 813; x_wconf 71' lang='lat' dir='ltr'>morales</span> <span class='ocrx_word' id='word_1_87' title='bbox 652 791 709 812; x_wconf 79' lang='lat' dir='ltr'>sur</span> <span class='ocrx_word' id='word_1_88' title='bbox 736 779 762 811; x_wconf 76' lang='lat' dir='ltr'>Ic</span> <span class='ocrx_word' id='word_1_89' title='bbox 785 779 912 811; x_wconf 73' lang='lat' dir='ltr'>Noremt</span> <span class='ocrx_word' id='word_1_90' title='bbox 942 779 1131 818; x_wconf 76' lang='lat' dir='ltr'>Testament,</span> <span class='ocrx_word' id='word_1_91' title='bbox 1156 783 1184 811; x_wconf 81' lang='lat' dir='ltr'>et</span> <span class='ocrx_word' id='word_1_92' title='bbox 1209 779 1246 810; x_wconf 70' lang='lat' dir='ltr'>cle</span> <span class='ocrx_word' id='word_1_93' title='bbox 1268 779 1300 811; x_wconf 73' lang='lat' dir='ltr'>Ia</span> <span class='ocrx_word' id='word_1_94' title='bbox 1324 779 1531 811; x_wconf 67' lang='lat' dir='ltr'>constitution</span> <span class='ocrx_word' id='word_1_95' title='bbox 1557 778 1754 820; x_wconf 75' lang='lat' dir='ltr'>Unigenitus,</span> 
     </span>
     <span class='ocr_line' id='line_1_13' title="bbox 299 831 1755 873; baseline -0.003 -6"><span class='ocrx_word' id='word_1_96' title='bbox 299 834 317 867; x_wconf 78' lang='grc' dir='ltr'><em>ἀ</em></span> <span class='ocrx_word' id='word_1_97' title='bbox 342 834 562 873; x_wconf 67' lang='grc' dir='ltr'>Αηῖεΐθνιῖανη,</span> <span class='ocrx_word' id='word_1_98' title='bbox 588 832 653 865; x_wconf 51' lang='grc'>664,</span> <span class='ocrx_word' id='word_1_99' title='bbox 677 843 712 872; x_wconf 67' lang='lat' dir='ltr'>w,</span> <span class='ocrx_word' id='word_1_100' title='bbox 739 832 819 864; x_wconf 84' lang='lat' dir='ltr'>alius</span> <span class='ocrx_word' id='word_1_101' title='bbox 845 831 902 864; x_wconf 87' lang='lat' dir='ltr'>sub</span> <span class='ocrx_word' id='word_1_102' title='bbox 928 831 1042 864; x_wconf 88' lang='lat' dir='ltr'>titulo:</span> <span class='ocrx_word' id='word_1_103' title='bbox 1069 831 1209 864; x_wconf 74' lang='lat' dir='ltr'>Ilisloire</span> <span class='ocrx_word' id='word_1_104' title='bbox 1234 832 1277 863; x_wconf 72' lang='lat' dir='ltr'>du</span> <span class='ocrx_word' id='word_1_105' title='bbox 1301 831 1431 863; x_wconf 75' lang='lat' dir='ltr'>Concilc</span> <span class='ocrx_word' id='word_1_106' title='bbox 1453 831 1489 863; x_wconf 77' lang='lat' dir='ltr'>cle</span> <span class='ocrx_word' id='word_1_107' title='bbox 1518 831 1632 863; x_wconf 77' lang='lat' dir='ltr'>Trculc</span> <span class='ocrx_word' id='word_1_108' title='bbox 1659 833 1755 864; x_wconf 68' lang='lat' dir='ltr'>ecrite</span> 
     </span>
     <span class='ocr_line' id='line_1_14' title="bbox 303 884 1756 929; baseline -0.003 -9"><span class='ocrx_word' id='word_1_109' title='bbox 303 898 342 920; x_wconf 77' lang='lat' dir='ltr'>en</span> <span class='ocrx_word' id='word_1_110' title='bbox 366 886 480 920; x_wconf 74' lang='lat' dir='ltr'>italie-n</span> <span class='ocrx_word' id='word_1_111' title='bbox 500 896 565 929; x_wconf 73' lang='lat' dir='ltr'>par</span> <span class='ocrx_word' id='word_1_112' title='bbox 584 887 624 928; x_wconf 80' lang='lat' dir='ltr'>fr.</span> <span class='ocrx_word' id='word_1_113' title='bbox 642 885 744 918; x_wconf 78' lang='lat' dir='ltr'>Paolo</span> <span class='ocrx_word' id='word_1_114' title='bbox 762 885 860 928; x_wconf 63' lang='lat' dir='ltr'>Stirpi</span> <span class='ocrx_word' id='word_1_115' title='bbox 878 885 914 917; x_wconf 78' lang='lat' dir='ltr'>de</span> <span class='ocrx_word' id='word_1_116' title='bbox 941 884 1072 917; x_wconf 74' lang='lat' dir='ltr'>t&#39;Ordre</span> <span class='ocrx_word' id='word_1_117' title='bbox 1092 885 1143 917; x_wconf 73' lang='lat' dir='ltr'>(les</span> <span class='ocrx_word' id='word_1_118' title='bbox 1161 884 1310 923; x_wconf 52' lang='lat' dir='ltr'>Serretes,</span> <span class='ocrx_word' id='word_1_119' title='bbox 1329 889 1356 916; x_wconf 75' lang='lat' dir='ltr'>ct</span> <span class='ocrx_word' id='word_1_120' title='bbox 1376 884 1517 917; x_wconf 55' lang='lat' dir='ltr'>tradente</span> <span class='ocrx_word' id='word_1_121' title='bbox 1546 885 1588 916; x_wconf 68' lang='lat' dir='ltr'>&lt;lu</span> <span class='ocrx_word' id='word_1_122' title='bbox 1613 895 1756 916; x_wconf 78' lang='lat' dir='ltr'>noureau</span> 
     </span>
     <span class='ocr_line' id='line_1_15' title="bbox 302 936 1756 982; baseline -0.003 -10"><span class='ocrx_word' id='word_1_123' title='bbox 302 950 342 973; x_wconf 76' lang='lat' dir='ltr'>en</span> <span class='ocrx_word' id='word_1_124' title='bbox 375 940 532 982; x_wconf 66' lang='lat' dir='ltr'>franceis,</span> <span class='ocrx_word' id='word_1_125' title='bbox 562 949 634 971; x_wconf 70' lang='lat' dir='ltr'>arec</span> <span class='ocrx_word' id='word_1_126' title='bbox 667 938 718 970; x_wconf 80' lang='lat' dir='ltr'>des</span> <span class='ocrx_word' id='word_1_127' title='bbox 746 942 833 970; x_wconf 58' lang='lat' dir='ltr'>notus</span> <span class='ocrx_word' id='word_1_128' title='bbox 870 938 1018 980; x_wconf 69' lang='lat' dir='ltr'>critiques</span> <span class='ocrx_word' id='word_1_129' title='bbox 1046 936 1258 980; x_wconf 65' lang='lat' dir='ltr'>historiques,</span> <span class='ocrx_word' id='word_1_130' title='bbox 1292 947 1357 980; x_wconf 57' lang='lat' dir='ltr'>par</span> <span class='ocrx_word' id='word_1_131' title='bbox 1393 937 1506 969; x_wconf 73' lang='lat' dir='ltr'>Picrrc</span> <span class='ocrx_word' id='word_1_132' title='bbox 1538 936 1692 975; x_wconf 65' lang='lat' dir='ltr'>Franfois</span> <span class='ocrx_word' id='word_1_133' title='bbox 1729 937 1756 968; x_wconf 81' lang='lat' dir='ltr'>Ic</span> 
     </span>
     <span class='ocr_line' id='line_1_16' title="bbox 302 988 1750 1034; baseline -0.004 -9"><span class='ocrx_word' id='word_1_134' title='bbox 302 991 476 1034; x_wconf 77' lang='lat' dir='ltr'>Courayer,</span> <span class='ocrx_word' id='word_1_135' title='bbox 506 991 636 1024; x_wconf 77' lang='lat' dir='ltr'>docleur</span> <span class='ocrx_word' id='word_1_136' title='bbox 660 1001 699 1023; x_wconf 75' lang='lat' dir='ltr'>en</span> <span class='ocrx_word' id='word_1_137' title='bbox 728 991 879 1033; x_wconf 66' lang='lat' dir='ltr'>tlzi⁵olossie</span> <span class='ocrx_word' id='word_1_138' title='bbox 903 990 940 1022; x_wconf 83' lang='lat' dir='ltr'>dc</span> <span class='ocrx_word' id='word_1_139' title='bbox 966 990 1163 1023; x_wconf 70' lang='lat' dir='ltr'>l&#39;um&#39;z&#39;ersz&#39;le</span> <span class='ocrx_word' id='word_1_140' title='bbox 1188 989 1358 1031; x_wconf 57' lang='lat' dir='ltr'>(farford,</span> <span class='ocrx_word' id='word_1_141' title='bbox 1382 993 1450 1029; x_wconf 74' lang='lat' dir='ltr'>ete,</span> <span class='ocrx_word' id='word_1_142' title='bbox 1480 988 1498 1021; x_wconf 70' lang='grc'>(1</span> <span class='ocrx_word' id='word_1_143' title='bbox 1527 988 1750 1027; x_wconf 70' lang='lat' dir='ltr'>Amslcrdmn,</span> 
     </span>
     <span class='ocr_line' id='line_1_17' title="bbox 298 1041 1754 1082; baseline -0.003 -4"><span class='ocrx_word' id='word_1_144' title='bbox 298 1046 366 1078; x_wconf 75' lang='lat' dir='ltr'>clzez</span> <span class='ocrx_word' id='word_1_145' title='bbox 386 1044 422 1077; x_wconf 90' lang='lat' dir='ltr'>P.</span> <span class='ocrx_word' id='word_1_146' title='bbox 440 1045 590 1078; x_wconf 77' lang='lat' dir='ltr'>Wetstein</span> <span class='ocrx_word' id='word_1_147' title='bbox 612 1047 641 1076; x_wconf 80' lang='lat' dir='ltr'>et</span> <span class='ocrx_word' id='word_1_148' title='bbox 668 1043 702 1076; x_wconf 88' lang='lat' dir='ltr'>G.</span> <span class='ocrx_word' id='word_1_149' title='bbox 725 1043 841 1082; x_wconf 74' lang='lat' dir='ltr'>Smitlz,</span> <span class='ocrx_word' id='word_1_150' title='bbox 868 1052 1046 1076; x_wconf 75' lang='lat' dir='ltr'>uoccxxxvl</span> <span class='ocrx_word' id='word_1_151' title='bbox 1071 1042 1135 1075; x_wconf 93' lang='lat'>665</span> <span class='ocrx_word' id='word_1_152' title='bbox 1157 1043 1188 1082; x_wconf 80' lang='lat' dir='ltr'>b3</span> <span class='ocrx_word' id='word_1_153' title='bbox 1210 1043 1319 1075; x_wconf 83' lang='lat' dir='ltr'>folium</span> <span class='ocrx_word' id='word_1_154' title='bbox 1346 1042 1395 1074; x_wconf 87' lang='lat' dir='ltr'>cui</span> <span class='ocrx_word' id='word_1_155' title='bbox 1422 1041 1549 1073; x_wconf 82' lang='lat' dir='ltr'>titulus:</span> <span class='ocrx_word' id='word_1_156' title='bbox 1575 1041 1687 1074; x_wconf 80' lang='lat' dir='ltr'>Arrest</span> <span class='ocrx_word' id='word_1_157' title='bbox 1717 1041 1754 1073; x_wconf 70' lang='lat' dir='ltr'>cle</span> 
     </span>
     <span class='ocr_line' id='line_1_18' title="bbox 302 1094 1753 1139; baseline -0.002 -9"><span class='ocrx_word' id='word_1_158' title='bbox 302 1098 335 1130; x_wconf 85' lang='lat' dir='ltr'>Ia</span> <span class='ocrx_word' id='word_1_159' title='bbox 365 1097 448 1130; x_wconf 73' lang='lat' dir='ltr'>Com·</span> <span class='ocrx_word' id='word_1_160' title='bbox 475 1096 518 1128; x_wconf 77' lang='lat' dir='ltr'>du</span> <span class='ocrx_word' id='word_1_161' title='bbox 547 1096 745 1136; x_wconf 52' lang='lat' dir='ltr'>Parlcmenss</span> <span class='ocrx_word' id='word_1_162' title='bbox 765 1100 900 1138; x_wconf 75' lang='lat' dir='ltr'>portant</span> <span class='ocrx_word' id='word_1_163' title='bbox 924 1097 1126 1139; x_wconf 78' lang='lat' dir='ltr'>suppression</span> <span class='ocrx_word' id='word_1_164' title='bbox 1159 1095 1243 1128; x_wconf 76' lang='lat' dir='ltr'>cl’un</span> <span class='ocrx_word' id='word_1_165' title='bbox 1267 1096 1416 1137; x_wconf 63' lang='lat' dir='ltr'>imprime</span> <span class='ocrx_word' id='word_1_166' title='bbox 1445 1094 1599 1127; x_wconf 71' lang='lat' dir='ltr'>inli&#39;lulc&#39;:</span> <span class='ocrx_word' id='word_1_167' title='bbox 1632 1095 1753 1127; x_wconf 85' lang='lat' dir='ltr'>Lettres</span> 
     </span>
     <span class='ocr_line' id='line_1_19' title="bbox 303 1147 1756 1193; baseline -0.002 -11"><span class='ocrx_word' id='word_1_168' title='bbox 303 1149 340 1182; x_wconf 91' lang='lat' dir='ltr'>de</span> <span class='ocrx_word' id='word_1_169' title='bbox 365 1149 522 1193; x_wconf 77' lang='lat' dir='ltr'>plusieurs</span> <span class='ocrx_word' id='word_1_170' title='bbox 553 1149 687 1192; x_wconf 70' lang='lat' dir='ltr'>eveqties</span> <span class='ocrx_word' id='word_1_171' title='bbox 721 1159 775 1180; x_wconf 85' lang='lat' dir='ltr'>sur</span> <span class='ocrx_word' id='word_1_172' title='bbox 800 1148 820 1180; x_wconf 89' lang='lat' dir='ltr'>l&#39;</span> <span class='ocrx_word' id='word_1_173' title='bbox 836 1148 1009 1190; x_wconf 71' lang='lat' dir='ltr'>obligation</span> <span class='ocrx_word' id='word_1_174' title='bbox 1040 1148 1078 1181; x_wconf 88' lang='lat' dir='ltr'>de</span> <span class='ocrx_word' id='word_1_175' title='bbox 1103 1149 1208 1192; x_wconf 80' lang='lat' dir='ltr'>priver</span> <span class='ocrx_word' id='word_1_176' title='bbox 1233 1148 1271 1180; x_wconf 88' lang='lat' dir='ltr'>de</span> <span class='ocrx_word' id='word_1_177' title='bbox 1296 1148 1459 1181; x_wconf 81' lang='lat' dir='ltr'>l’oblation</span> <span class='ocrx_word' id='word_1_178' title='bbox 1483 1147 1525 1179; x_wconf 93' lang='lat' dir='ltr'>du</span> <span class='ocrx_word' id='word_1_179' title='bbox 1550 1148 1692 1180; x_wconf 80' lang='lat' dir='ltr'>sacrifice</span> <span class='ocrx_word' id='word_1_180' title='bbox 1718 1147 1756 1180; x_wconf 88' lang='lat' dir='ltr'>de</span> 
     </span>
     <span class='ocr_line' id='line_1_20' title="bbox 303 1194 1758 1244; baseline -0.001 -9"><span class='ocrx_word' id='word_1_181' title='bbox 303 1203 333 1236; x_wconf 91' lang='lat' dir='ltr'>la</span> <span class='ocrx_word' id='word_1_182' title='bbox 358 1212 459 1235; x_wconf 85' lang='lat' dir='ltr'>messe</span> <span class='ocrx_word' id='word_1_183' title='bbox 483 1207 513 1234; x_wconf 86' lang='lat' dir='ltr'>et</span> <span class='ocrx_word' id='word_1_184' title='bbox 536 1202 589 1235; x_wconf 81' lang='lat' dir='ltr'>des</span> <span class='ocrx_word' id='word_1_185' title='bbox 615 1202 769 1244; x_wconf 79' lang='lat' dir='ltr'>suffragcs</span> <span class='ocrx_word' id='word_1_186' title='bbox 794 1201 831 1233; x_wconf 88' lang='lat' dir='ltr'>de</span> <span class='ocrx_word' id='word_1_187' title='bbox 857 1194 994 1244; x_wconf 76' lang='lat' dir='ltr'>l&#39;Eglise,</span> <span class='ocrx_word' id='word_1_188' title='bbox 1020 1212 1096 1234; x_wconf 81' lang='lat' dir='ltr'>ceux</span> <span class='ocrx_word' id='word_1_189' title='bbox 1123 1201 1176 1244; x_wconf 86' lang='lat' dir='ltr'>qui</span> <span class='ocrx_word' id='word_1_190' title='bbox 1201 1206 1346 1234; x_wconf 79' lang='lat' dir='ltr'>metirent</span> <span class='ocrx_word' id='word_1_191' title='bbox 1366 1201 1539 1244; x_wconf 81' lang='lat' dir='ltr'>appsllants</span> <span class='ocrx_word' id='word_1_192' title='bbox 1565 1200 1603 1233; x_wconf 91' lang='lat' dir='ltr'>de</span> <span class='ocrx_word' id='word_1_193' title='bbox 1629 1201 1656 1233; x_wconf 84' lang='lat' dir='ltr'>la</span> <span class='ocrx_word' id='word_1_194' title='bbox 1683 1211 1758 1233; x_wconf 88' lang='lat' dir='ltr'>con-</span> 
     </span>
     <span class='ocr_line' id='line_1_21' title="bbox 303 1253 923 1298; baseline -0.003 -10"><span class='ocrx_word' id='word_1_195' title='bbox 303 1255 445 1290; x_wconf 89' lang='lat' dir='ltr'>stitution</span> <span class='ocrx_word' id='word_1_196' title='bbox 473 1255 681 1298; x_wconf 71' lang='lat' dir='ltr'>Uniyenz&#39;lus,</span> <span class='ocrx_word' id='word_1_197' title='bbox 707 1259 777 1295; x_wconf 55' lang='lat' dir='ltr'>etc„</span> <span class='ocrx_word' id='word_1_198' title='bbox 804 1253 866 1286; x_wconf 89' lang='lat'>667</span> <span class='ocrx_word' id='word_1_199' title='bbox 893 1264 923 1286; x_wconf 78' lang='grc' dir='ltr'>α.</span> 
     </span>
    </p>

    <p class='ocr_par' dir='ltr' id='par_1_6' title="bbox 211 1306 1756 1616">
     <span class='ocr_line' id='line_1_22' title="bbox 211 1306 1754 1351; baseline -0.003 -9"><span class='ocrx_word' id='word_1_200' title='bbox 211 1309 292 1342; x_wconf 87' lang='lat' dir='ltr'>Lites</span> <span class='ocrx_word' id='word_1_201' title='bbox 317 1314 348 1342; x_wconf 88' lang='lat' dir='ltr'>et</span> <span class='ocrx_word' id='word_1_202' title='bbox 372 1309 540 1351; x_wconf 83' lang='lat' dir='ltr'>litigantes.</span> <span class='ocrx_word' id='word_1_203' title='bbox 559 1326 603 1331; x_wconf 90' lang='lat'>—</span> <span class='ocrx_word' id='word_1_204' title='bbox 627 1308 806 1349; x_wconf 73' lang='lat' dir='ltr'>Longarum</span> <span class='ocrx_word' id='word_1_205' title='bbox 826 1306 927 1340; x_wconf 84' lang='lat' dir='ltr'>litium</span> <span class='ocrx_word' id='word_1_206' title='bbox 951 1306 1102 1349; x_wconf 76' lang='lat' dir='ltr'>ambages</span> <span class='ocrx_word' id='word_1_207' title='bbox 1127 1312 1157 1339; x_wconf 88' lang='lat' dir='ltr'>et</span> <span class='ocrx_word' id='word_1_208' title='bbox 1181 1307 1417 1339; x_wconf 72' lang='lat' dir='ltr'>controversiae</span> <span class='ocrx_word' id='word_1_209' title='bbox 1436 1306 1473 1339; x_wconf 86' lang='lat' dir='ltr'>ad</span> <span class='ocrx_word' id='word_1_210' title='bbox 1492 1306 1632 1340; x_wconf 87' lang='lat' dir='ltr'>debitum</span> <span class='ocrx_word' id='word_1_211' title='bbox 1659 1306 1754 1339; x_wconf 75' lang='lat' dir='ltr'>finem</span> 
     </span>
     <span class='ocr_line' id='line_1_23' title="bbox 298 1359 1755 1405; baseline -0.002 -10"><span class='ocrx_word' id='word_1_212' title='bbox 298 1361 430 1405; x_wconf 84' lang='lat' dir='ltr'>perduci</span> <span class='ocrx_word' id='word_1_213' title='bbox 457 1365 583 1404; x_wconf 83' lang='lat' dir='ltr'>exoptat</span> <span class='ocrx_word' id='word_1_214' title='bbox 608 1365 637 1392; x_wconf 86' lang='lat' dir='ltr'>et</span> <span class='ocrx_word' id='word_1_215' title='bbox 662 1359 807 1403; x_wconf 77' lang='lat' dir='ltr'>providet</span> <span class='ocrx_word' id='word_1_216' title='bbox 831 1359 976 1392; x_wconf 82' lang='lat' dir='ltr'>Clemens</span> <span class='ocrx_word' id='word_1_217' title='bbox 1001 1359 1073 1400; x_wconf 78' lang='lat' dir='ltr'>XII,</span> <span class='ocrx_word' id='word_1_218' title='bbox 1101 1360 1138 1392; x_wconf 58' lang='lat' dir='ltr'>‘l‘l</span> <span class='ocrx_word' id='word_1_219' title='bbox 1169 1372 1206 1400; x_wconf 79' lang='lat' dir='ltr'>a3</span> <span class='ocrx_word' id='word_1_220' title='bbox 1234 1360 1271 1392; x_wconf 90' lang='lat' dir='ltr'>ad</span> <span class='ocrx_word' id='word_1_221' title='bbox 1297 1361 1487 1403; x_wconf 77' lang='lat' dir='ltr'>litigantium</span> <span class='ocrx_word' id='word_1_222' title='bbox 1514 1360 1711 1392; x_wconf 74' lang='lat' dir='ltr'>indemnitati</span> <span class='ocrx_word' id='word_1_223' title='bbox 1727 1366 1755 1392; x_wconf 80' lang='lat' dir='ltr'>et</span> 
     </span>
     <span class='ocr_line' id='line_1_24' title="bbox 301 1412 1756 1452; baseline -0.001 -5"><span class='ocrx_word' id='word_1_224' title='bbox 301 1414 412 1447; x_wconf 83' lang='lat' dir='ltr'>solatio</span> <span class='ocrx_word' id='word_1_225' title='bbox 448 1413 676 1447; x_wconf 86' lang='lat' dir='ltr'>consulendum</span> <span class='ocrx_word' id='word_1_226' title='bbox 712 1413 830 1445; x_wconf 85' lang='lat' dir='ltr'>indicta</span> <span class='ocrx_word' id='word_1_227' title='bbox 864 1412 1001 1446; x_wconf 82' lang='lat' dir='ltr'>visitatio</span> <span class='ocrx_word' id='word_1_228' title='bbox 1039 1413 1219 1446; x_wconf 84' lang='lat' dir='ltr'>decennalis</span> <span class='ocrx_word' id='word_1_229' title='bbox 1258 1413 1400 1446; x_wconf 88' lang='lat' dir='ltr'>omnium</span> <span class='ocrx_word' id='word_1_230' title='bbox 1441 1412 1601 1445; x_wconf 85' lang='lat' dir='ltr'>curiarum</span> <span class='ocrx_word' id='word_1_231' title='bbox 1643 1413 1756 1452; x_wconf 86' lang='lat' dir='ltr'>Urbis,</span> 
     </span>
     <span class='ocr_line' id='line_1_25' title="bbox 303 1465 1756 1509; baseline -0.001 -10"><span class='ocrx_word' id='word_1_232' title='bbox 303 1466 346 1499; x_wconf 68' lang='lat'>94</span> <span class='ocrx_word' id='word_1_233' title='bbox 370 1478 390 1499; x_wconf 79' lang='lat' dir='ltr'>a</span> <span class='ocrx_word' id='word_1_234' title='bbox 414 1471 444 1499; x_wconf 89' lang='lat' dir='ltr'>et</span> <span class='ocrx_word' id='word_1_235' title='bbox 468 1477 546 1509; x_wconf 80' lang='lat' dir='ltr'>seq.;</span> <span class='ocrx_word' id='word_1_236' title='bbox 575 1476 670 1509; x_wconf 85' lang='lat' dir='ltr'>quam</span> <span class='ocrx_word' id='word_1_237' title='bbox 705 1466 744 1499; x_wconf 87' lang='lat' dir='ltr'>sit</span> <span class='ocrx_word' id='word_1_238' title='bbox 777 1466 930 1498; x_wconf 86' lang='lat' dir='ltr'>absonum</span> <span class='ocrx_word' id='word_1_239' title='bbox 964 1466 1002 1498; x_wconf 87' lang='lat' dir='ltr'>ab</span> <span class='ocrx_word' id='word_1_240' title='bbox 1039 1466 1251 1499; x_wconf 71' lang='lat' dir='ltr'>ecclesiastica</span> <span class='ocrx_word' id='word_1_241' title='bbox 1290 1465 1457 1508; x_wconf 58' lang='lat' dir='ltr'>disciplina}</span> <span class='ocrx_word' id='word_1_242' title='bbox 1483 1471 1512 1498; x_wconf 82' lang='lat' dir='ltr'>ct</span> <span class='ocrx_word' id='word_1_243' title='bbox 1538 1466 1756 1509; x_wconf 81' lang='lat' dir='ltr'>praelatorum</span> 
     </span>
     <span class='ocr_line' id='line_1_26' title="bbox 303 1518 1756 1562; baseline -0.001 -11"><span class='ocrx_word' id='word_1_244' title='bbox 303 1519 455 1562; x_wconf 82' lang='lat' dir='ltr'>dignitate</span> <span class='ocrx_word' id='word_1_245' title='bbox 479 1519 551 1551; x_wconf 87' lang='lat' dir='ltr'>lites</span> <span class='ocrx_word' id='word_1_246' title='bbox 568 1519 684 1560; x_wconf 84' lang='lat' dir='ltr'>fovere,</span> <span class='ocrx_word' id='word_1_247' title='bbox 703 1529 754 1551; x_wconf 84' lang='lat' dir='ltr'>cas</span> <span class='ocrx_word' id='word_1_248' title='bbox 776 1519 975 1562; x_wconf 89' lang='lat' dir='ltr'>potissimum</span> <span class='ocrx_word' id='word_1_249' title='bbox 995 1529 1074 1562; x_wconf 84' lang='lat' dir='ltr'>quae</span> <span class='ocrx_word' id='word_1_250' title='bbox 1091 1519 1267 1562; x_wconf 73' lang='lat' dir='ltr'>simplicem</span> <span class='ocrx_word' id='word_1_251' title='bbox 1290 1518 1540 1551; x_wconf 82' lang='lat' dir='ltr'>iurisdictionem</span> <span class='ocrx_word' id='word_1_252' title='bbox 1567 1519 1756 1562; x_wconf 84' lang='lat' dir='ltr'>respiciunt,</span> 
     </span>
     <span class='ocr_line' id='line_1_27' title="bbox 302 1571 1676 1616; baseline 0 -12"><span class='ocrx_word' id='word_1_253' title='bbox 302 1583 319 1605; x_wconf 85' lang='lat' dir='ltr'>a</span> <span class='ocrx_word' id='word_1_254' title='bbox 343 1572 458 1616; x_wconf 88' lang='lat' dir='ltr'>quibus</span> <span class='ocrx_word' id='word_1_255' title='bbox 483 1572 649 1605; x_wconf 84' lang='lat' dir='ltr'>innumera</span> <span class='ocrx_word' id='word_1_256' title='bbox 674 1571 822 1604; x_wconf 85' lang='lat' dir='ltr'>scandala</span> <span class='ocrx_word' id='word_1_257' title='bbox 847 1577 876 1604; x_wconf 90' lang='lat' dir='ltr'>et</span> <span class='ocrx_word' id='word_1_258' title='bbox 901 1572 1091 1604; x_wconf 83' lang='lat' dir='ltr'>detrimenta</span> <span class='ocrx_word' id='word_1_259' title='bbox 1115 1571 1244 1615; x_wconf 88' lang='lat' dir='ltr'>prodire</span> <span class='ocrx_word' id='word_1_260' title='bbox 1269 1572 1385 1610; x_wconf 86' lang='lat' dir='ltr'>solunt,</span> <span class='ocrx_word' id='word_1_261' title='bbox 1416 1572 1475 1604; x_wconf 70' lang='lat'>112</span> <span class='ocrx_word' id='word_1_262' title='bbox 1500 1583 1533 1611; x_wconf 77' lang='lat' dir='ltr'>a,</span> <span class='ocrx_word' id='word_1_263' title='bbox 1560 1571 1623 1604; x_wconf 71' lang='grc'>’116</span> <span class='ocrx_word' id='word_1_264' title='bbox 1650 1572 1676 1604; x_wconf 75' lang='lat' dir='ltr'>b.</span> 
     </span>
    </p>

    <p class='ocr_par' dir='ltr' id='par_1_7' title="bbox 215 1624 1758 1935">
     <span class='ocr_line' id='line_1_28' title="bbox 215 1624 1757 1668; baseline -0.002 -9"><span class='ocrx_word' id='word_1_265' title='bbox 215 1626 362 1668; x_wconf 83' lang='lat' dir='ltr'>Longone</span> <span class='ocrx_word' id='word_1_266' title='bbox 381 1625 490 1658; x_wconf 84' lang='lat' dir='ltr'>Petrus</span> <span class='ocrx_word' id='word_1_267' title='bbox 506 1624 660 1657; x_wconf 84' lang='lat' dir='ltr'>Antonius</span> <span class='ocrx_word' id='word_1_268' title='bbox 678 1624 730 1668; x_wconf 71' lang='lat' dir='ltr'>pia</span> <span class='ocrx_word' id='word_1_269' title='bbox 750 1624 954 1668; x_wconf 84' lang='lat' dir='ltr'>dispositione</span> <span class='ocrx_word' id='word_1_270' title='bbox 975 1625 1082 1658; x_wconf 88' lang='lat' dir='ltr'>statuit</span> <span class='ocrx_word' id='word_1_271' title='bbox 1106 1624 1138 1657; x_wconf 88' lang='lat' dir='ltr'>in</span> <span class='ocrx_word' id='word_1_272' title='bbox 1162 1625 1286 1657; x_wconf 79' lang='lat' dir='ltr'>civitate</span> <span class='ocrx_word' id='word_1_273' title='bbox 1310 1625 1533 1657; x_wconf 80' lang='lat' dir='ltr'>Mediolanensi</span> <span class='ocrx_word' id='word_1_274' title='bbox 1560 1625 1757 1657; x_wconf 82' lang='lat' dir='ltr'>fundandum</span> 
     </span>
     <span class='ocr_line' id='line_1_29' title="bbox 303 1677 1758 1721; baseline -0.001 -11"><span class='ocrx_word' id='word_1_275' title='bbox 303 1679 369 1711; x_wconf 83' lang='lat' dir='ltr'>sore</span> <span class='ocrx_word' id='word_1_276' title='bbox 394 1678 564 1721; x_wconf 84' lang='lat' dir='ltr'>collegium</span> <span class='ocrx_word' id='word_1_277' title='bbox 588 1678 626 1710; x_wconf 91' lang='lat' dir='ltr'>ad</span> <span class='ocrx_word' id='word_1_278' title='bbox 651 1677 773 1711; x_wconf 87' lang='lat' dir='ltr'>nobiles</span> <span class='ocrx_word' id='word_1_279' title='bbox 798 1677 997 1710; x_wconf 85' lang='lat' dir='ltr'>convictores</span> <span class='ocrx_word' id='word_1_280' title='bbox 1018 1677 1198 1711; x_wconf 89' lang='lat' dir='ltr'>educandos</span> <span class='ocrx_word' id='word_1_281' title='bbox 1224 1677 1495 1721; x_wconf 81' lang='lat' dir='ltr'>instituendosque</span> <span class='ocrx_word' id='word_1_282' title='bbox 1520 1677 1577 1709; x_wconf 83' lang='lat' dir='ltr'>suh</span> <span class='ocrx_word' id='word_1_283' title='bbox 1601 1677 1758 1719; x_wconf 80' lang='lat' dir='ltr'>regimine</span> 
     </span>
     <span class='ocr_line' id='line_1_30' title="bbox 304 1729 1758 1776; baseline -0.001 -12"><span class='ocrx_word' id='word_1_284' title='bbox 304 1743 339 1765; x_wconf 85' lang='lat' dir='ltr'>ac</span> <span class='ocrx_word' id='word_1_285' title='bbox 363 1731 516 1765; x_wconf 71' lang='lat' dir='ltr'>litteraria</span> <span class='ocrx_word' id='word_1_286' title='bbox 541 1732 708 1776; x_wconf 78' lang='lat' dir='ltr'>disciplina</span> <span class='ocrx_word' id='word_1_287' title='bbox 732 1731 921 1765; x_wconf 86' lang='lat' dir='ltr'>elericorum</span> <span class='ocrx_word' id='word_1_288' title='bbox 949 1732 1145 1775; x_wconf 83' lang='lat' dir='ltr'>regularium</span> <span class='ocrx_word' id='word_1_289' title='bbox 1171 1731 1268 1763; x_wconf 83' lang='lat' dir='ltr'>sancti</span> <span class='ocrx_word' id='word_1_290' title='bbox 1295 1730 1381 1762; x_wconf 83' lang='lat' dir='ltr'>Pauli</span> <span class='ocrx_word' id='word_1_291' title='bbox 1407 1730 1557 1763; x_wconf 84' lang='lat' dir='ltr'>Decollati</span> <span class='ocrx_word' id='word_1_292' title='bbox 1581 1729 1758 1762; x_wconf 87' lang='lat' dir='ltr'>Barnabita-</span> 
     </span>
     <span class='ocr_line' id='line_1_31' title="bbox 305 1783 1758 1828; baseline -0.001 -11"><span class='ocrx_word' id='word_1_293' title='bbox 305 1795 375 1817; x_wconf 89' lang='lat' dir='ltr'>rum</span> <span class='ocrx_word' id='word_1_294' title='bbox 401 1789 672 1828; x_wconf 84' lang='lat' dir='ltr'>nuncupatorum,</span> <span class='ocrx_word' id='word_1_295' title='bbox 698 1784 761 1817; x_wconf 87' lang='lat'>560</span> <span class='ocrx_word' id='word_1_296' title='bbox 786 1795 824 1824; x_wconf 71' lang='lat' dir='ltr'>a,</span> <span class='ocrx_word' id='word_1_297' title='bbox 850 1784 1032 1817; x_wconf 89' lang='lat' dir='ltr'>huiusmodi</span> <span class='ocrx_word' id='word_1_298' title='bbox 1059 1784 1227 1827; x_wconf 78' lang='lat' dir='ltr'>collegium</span> <span class='ocrx_word' id='word_1_299' title='bbox 1246 1783 1353 1816; x_wconf 91' lang='lat' dir='ltr'>unitur</span> <span class='ocrx_word' id='word_1_300' title='bbox 1374 1783 1509 1826; x_wconf 81' lang='lat' dir='ltr'>collegio</span> <span class='ocrx_word' id='word_1_301' title='bbox 1528 1783 1682 1816; x_wconf 84' lang='lat' dir='ltr'>nobilium</span> <span class='ocrx_word' id='word_1_302' title='bbox 1701 1783 1758 1815; x_wconf 88' lang='lat' dir='ltr'>lm-</span> 
     </span>
     <span class='ocr_line' id='line_1_32' title="bbox 305 1836 1757 1881; baseline 0 -12"><span class='ocrx_word' id='word_1_303' title='bbox 305 1837 415 1881; x_wconf 84' lang='lat' dir='ltr'>periali</span> <span class='ocrx_word' id='word_1_304' title='bbox 439 1842 620 1881; x_wconf 82' lang='lat' dir='ltr'>nuncupato</span> <span class='ocrx_word' id='word_1_305' title='bbox 645 1837 677 1869; x_wconf 92' lang='lat' dir='ltr'>in</span> <span class='ocrx_word' id='word_1_306' title='bbox 697 1837 806 1870; x_wconf 71' lang='lat' dir='ltr'>eadem</span> <span class='ocrx_word' id='word_1_307' title='bbox 826 1836 950 1870; x_wconf 86' lang='lat' dir='ltr'>civitate</span> <span class='ocrx_word' id='word_1_308' title='bbox 969 1838 1027 1870; x_wconf 88' lang='lat' dir='ltr'>sub</span> <span class='ocrx_word' id='word_1_309' title='bbox 1045 1837 1235 1881; x_wconf 86' lang='lat' dir='ltr'>quibusdam</span> <span class='ocrx_word' id='word_1_310' title='bbox 1258 1837 1502 1878; x_wconf 85' lang='lat' dir='ltr'>conditionibus,</span> <span class='ocrx_word' id='word_1_311' title='bbox 1520 1836 1584 1870; x_wconf 77' lang='lat'>560</span> <span class='ocrx_word' id='word_1_312' title='bbox 1601 1838 1617 1870; x_wconf 81' lang='lat' dir='ltr'><em>b</em></span> <span class='ocrx_word' id='word_1_313' title='bbox 1635 1842 1665 1870; x_wconf 86' lang='lat' dir='ltr'>et</span> <span class='ocrx_word' id='word_1_314' title='bbox 1681 1848 1757 1881; x_wconf 79' lang='lat' dir='ltr'>scq.;</span> 
     </span>
     <span class='ocr_line' id='line_1_33' title="bbox 308 1890 1169 1935; baseline 0.001 -12"><span class='ocrx_word' id='word_1_315' title='bbox 308 1900 389 1935; x_wconf 85' lang='lat' dir='ltr'>quae</span> <span class='ocrx_word' id='word_1_316' title='bbox 412 1890 487 1923; x_wconf 90' lang='lat' dir='ltr'>unio</span> <span class='ocrx_word' id='word_1_317' title='bbox 512 1895 542 1923; x_wconf 83' lang='lat' dir='ltr'>et</span> <span class='ocrx_word' id='word_1_318' title='bbox 566 1890 763 1924; x_wconf 88' lang='lat' dir='ltr'>conditiones</span> <span class='ocrx_word' id='word_1_319' title='bbox 787 1890 1026 1932; x_wconf 84' lang='lat' dir='ltr'>confirmantur,</span> <span class='ocrx_word' id='word_1_320' title='bbox 1052 1891 1116 1925; x_wconf 84' lang='lat'>565</span> <span class='ocrx_word' id='word_1_321' title='bbox 1141 1891 1169 1924; x_wconf 83' lang='lat' dir='ltr'>b.</span> 
     </span>
    </p>

    <p class='ocr_par' dir='ltr' id='par_1_8' title="bbox 218 1942 1758 2040">
     <span class='ocr_line' id='line_1_34' title="bbox 218 1942 1758 1988; baseline -0.001 -11"><span class='ocrx_word' id='word_1_322' title='bbox 218 1943 377 1977; x_wconf 87' lang='lat' dir='ltr'>Ludovico</span> <span class='ocrx_word' id='word_1_323' title='bbox 401 1943 598 1977; x_wconf 87' lang='lat' dir='ltr'>Francorum</span> <span class='ocrx_word' id='word_1_324' title='bbox 622 1943 691 1986; x_wconf 81' lang='lat' dir='ltr'>regi</span> <span class='ocrx_word' id='word_1_325' title='bbox 716 1943 979 1977; x_wconf 85' lang='lat' dir='ltr'>christianissimo</span> <span class='ocrx_word' id='word_1_326' title='bbox 1010 1944 1246 1988; x_wconf 88' lang='lat' dir='ltr'>iuspatronatus</span> <span class='ocrx_word' id='word_1_327' title='bbox 1272 1953 1456 1977; x_wconf 86' lang='lat' dir='ltr'>concessum</span> <span class='ocrx_word' id='word_1_328' title='bbox 1482 1942 1586 1988; x_wconf 88' lang='lat' dir='ltr'>quoad</span> <span class='ocrx_word' id='word_1_329' title='bbox 1611 1942 1758 1976; x_wconf 83' lang='lat' dir='ltr'>ecclesias</span> 
     </span>
     <span class='ocr_line' id='line_1_35' title="bbox 306 1996 1382 2040; baseline -0.001 -10"><span class='ocrx_word' id='word_1_330' title='bbox 306 1997 466 2038; x_wconf 86' lang='lat' dir='ltr'>Metensis‚</span> <span class='ocrx_word' id='word_1_331' title='bbox 490 1997 644 2031; x_wconf 89' lang='lat' dir='ltr'>Tullensis</span> <span class='ocrx_word' id='word_1_332' title='bbox 668 2001 699 2030; x_wconf 86' lang='lat' dir='ltr'>et</span> <span class='ocrx_word' id='word_1_333' title='bbox 723 1996 930 2030; x_wconf 89' lang='lat' dir='ltr'>Virdunensis</span> <span class='ocrx_word' id='word_1_334' title='bbox 955 1997 1116 2030; x_wconf 85' lang='lat' dir='ltr'>civitatum</span> <span class='ocrx_word' id='word_1_335' title='bbox 1127 1996 1202 2039; x_wconf 87' lang='grc'>,600</span> <span class='ocrx_word' id='word_1_336' title='bbox 1227 1997 1243 2030; x_wconf 82' lang='lat' dir='ltr'><em>h</em></span> <span class='ocrx_word' id='word_1_337' title='bbox 1268 2002 1297 2030; x_wconf 91' lang='lat' dir='ltr'>et</span> <span class='ocrx_word' id='word_1_338' title='bbox 1321 2007 1382 2040; x_wconf 82' lang='lat' dir='ltr'>seq.</span> 
     </span>
    </p>
   </div>
   <div class='ocr_carea' id='block_1_3' title="bbox 219 2260 1757 2358">
    <p class='ocr_par' dir='ltr' id='par_1_9' title="bbox 219 2260 1757 2358">
     <span class='ocr_line' id='line_1_36' title="bbox 219 2260 1757 2306; baseline 0 -11"><span class='ocrx_word' id='word_1_339' title='bbox 219 2261 438 2295; x_wconf 72' lang='lat' dir='ltr'>Maeci-atensis</span> <span class='ocrx_word' id='word_1_340' title='bbox 456 2262 546 2294; x_wconf 82' lang='lat' dir='ltr'>Rota.</span> <span class='ocrx_word' id='word_1_341' title='bbox 574 2280 617 2286; x_wconf 90' lang='lat'>—-</span> <span class='ocrx_word' id='word_1_342' title='bbox 642 2261 687 2293; x_wconf 89' lang='lat' dir='ltr'>llli</span> <span class='ocrx_word' id='word_1_343' title='bbox 706 2260 859 2304; x_wconf 81' lang='lat' dir='ltr'>privativa</span> <span class='ocrx_word' id='word_1_344' title='bbox 884 2261 1058 2295; x_wconf 89' lang='lat' dir='ltr'>iurisdictio</span> <span class='ocrx_word' id='word_1_345' title='bbox 1077 2262 1283 2296; x_wconf 83' lang='lat' dir='ltr'>confirmatur</span> <span class='ocrx_word' id='word_1_346' title='bbox 1301 2267 1410 2296; x_wconf 89' lang='lat' dir='ltr'>contra</span> <span class='ocrx_word' id='word_1_347' title='bbox 1428 2263 1560 2296; x_wconf 85' lang='lat' dir='ltr'>abusum</span> <span class='ocrx_word' id='word_1_348' title='bbox 1580 2262 1757 2306; x_wconf 78' lang='lat' dir='ltr'>appellandi</span> 
     </span>
     <span class='ocr_line' id='line_1_37' title="bbox 309 2314 1757 2358; baseline 0.001 -12"><span class='ocrx_word' id='word_1_349' title='bbox 309 2315 355 2347; x_wconf 91' lang='lat' dir='ltr'>vel</span> <span class='ocrx_word' id='word_1_350' title='bbox 388 2315 572 2348; x_wconf 84' lang='lat' dir='ltr'>recurrendi</span> <span class='ocrx_word' id='word_1_351' title='bbox 605 2314 642 2347; x_wconf 86' lang='lat' dir='ltr'>ad</span> <span class='ocrx_word' id='word_1_352' title='bbox 675 2314 850 2348; x_wconf 88' lang='lat' dir='ltr'>auditorem</span> <span class='ocrx_word' id='word_1_353' title='bbox 882 2315 1030 2358; x_wconf 86' lang='lat' dir='ltr'>praefecti</span> <span class='ocrx_word' id='word_1_354' title='bbox 1063 2315 1245 2358; x_wconf 82' lang='lat' dir='ltr'>signaturae</span> <span class='ocrx_word' id='word_1_355' title='bbox 1275 2316 1411 2349; x_wconf 84' lang='lat' dir='ltr'>iustitiae</span> <span class='ocrx_word' id='word_1_356' title='bbox 1443 2316 1473 2348; x_wconf 93' lang='lat' dir='ltr'>in</span> <span class='ocrx_word' id='word_1_357' title='bbox 1503 2315 1604 2356; x_wconf 83' lang='lat' dir='ltr'>Urbe,</span> <span class='ocrx_word' id='word_1_358' title='bbox 1633 2316 1652 2348; x_wconf 71' lang='lat'>‘12</span> <span class='ocrx_word' id='word_1_359' title='bbox 1677 2316 1698 2348; x_wconf 65' lang='grc'>4</span> <span class='ocrx_word' id='word_1_360' title='bbox 1729 2316 1757 2356; x_wconf 84' lang='lat' dir='ltr'>b,</span> 
     </span>
    </p>
   </div>
   <div class='ocr_carea' id='block_1_4' title="bbox 221 2369 1757 2567">
    <p class='ocr_par' dir='ltr' id='par_1_10' title="bbox 309 2369 530 2402">
     <span class='ocr_line' id='line_1_38' title="bbox 309 2369 530 2402; baseline -0.005 0"><span class='ocrx_word' id='word_1_361' title='bbox 309 2369 374 2402; x_wconf 70' lang='lat'>⁶205</span> <span class='ocrx_word' id='word_1_362' title='bbox 402 2380 421 2402; x_wconf 87' lang='lat' dir='ltr'>a</span> <span class='ocrx_word' id='word_1_363' title='bbox 450 2374 479 2401; x_wconf 87' lang='lat' dir='ltr'>et</span> <span class='ocrx_word' id='word_1_364' title='bbox 502 2369 530 2402; x_wconf 86' lang='lat' dir='ltr'>b.</span> 
     </span>
    </p>

    <p class='ocr_par' dir='ltr' id='par_1_11' title="bbox 221 2421 1757 2567">
     <span class='ocr_line' id='line_1_39' title="bbox 221 2421 1757 2466; baseline -0.001 -11"><span class='ocrx_word' id='word_1_365' title='bbox 221 2422 404 2455; x_wconf 83' lang='lat' dir='ltr'>Maronitica</span> <span class='ocrx_word' id='word_1_366' title='bbox 428 2422 512 2455; x_wconf 86' lang='lat' dir='ltr'>natio</span> <span class='ocrx_word' id='word_1_367' title='bbox 537 2422 565 2456; x_wconf 85' lang='lat' dir='ltr'>S.</span> <span class='ocrx_word' id='word_1_368' title='bbox 591 2422 662 2456; x_wconf 88' lang='lat' dir='ltr'>Sedi</span> <span class='ocrx_word' id='word_1_369' title='bbox 687 2432 812 2466; x_wconf 86' lang='lat' dir='ltr'>semper</span> <span class='ocrx_word' id='word_1_370' title='bbox 836 2422 1050 2456; x_wconf 85' lang='lat' dir='ltr'>addictissima</span> <span class='ocrx_word' id='word_1_371' title='bbox 1066 2423 1277 2456; x_wconf 87' lang='lat' dir='ltr'>orthodoxam</span> <span class='ocrx_word' id='word_1_372' title='bbox 1296 2422 1482 2455; x_wconf 83' lang='lat' dir='ltr'>catholicam</span> <span class='ocrx_word' id='word_1_373' title='bbox 1503 2422 1597 2455; x_wconf 79' lang='lat' dir='ltr'>tidem</span> <span class='ocrx_word' id='word_1_374' title='bbox 1620 2421 1650 2454; x_wconf 89' lang='lat' dir='ltr'>in</span> <span class='ocrx_word' id='word_1_375' title='bbox 1668 2421 1757 2466; x_wconf 59' lang='lat' dir='ltr'>Syria</span> 
     </span>
     <span class='ocr_line' id='line_1_40' title="bbox 311 2474 1755 2519; baseline -0.001 -12"><span class='ocrx_word' id='word_1_376' title='bbox 311 2474 392 2507; x_wconf 90' lang='lat' dir='ltr'>inter</span> <span class='ocrx_word' id='word_1_377' title='bbox 416 2474 564 2508; x_wconf 82' lang='lat' dir='ltr'>adversas</span> <span class='ocrx_word' id='word_1_378' title='bbox 596 2475 835 2519; x_wconf 88' lang='lat' dir='ltr'>superstitiones</span> <span class='ocrx_word' id='word_1_379' title='bbox 859 2480 889 2508; x_wconf 92' lang='lat' dir='ltr'>et</span> <span class='ocrx_word' id='word_1_380' title='bbox 913 2475 1051 2509; x_wconf 88' lang='lat' dir='ltr'>haeresis</span> <span class='ocrx_word' id='word_1_381' title='bbox 1083 2480 1183 2508; x_wconf 84' lang='lat' dir='ltr'>sectas</span> <span class='ocrx_word' id='word_1_382' title='bbox 1215 2475 1419 2517; x_wconf 78' lang='lat' dir='ltr'>integerrime</span> <span class='ocrx_word' id='word_1_383' title='bbox 1453 2475 1527 2508; x_wconf 84' lang='lat' dir='ltr'>colit</span> <span class='ocrx_word' id='word_1_384' title='bbox 1551 2479 1581 2510; x_wconf 88' lang='lat' dir='ltr'>et</span> <span class='ocrx_word' id='word_1_385' title='bbox 1605 2474 1755 2515; x_wconf 84' lang='lat' dir='ltr'>custodit,</span> 
     </span>
     <span class='ocr_line' id='line_1_41' title="bbox 312 2525 899 2567; baseline 0.002 -8"><span class='ocrx_word' id='word_1_386' title='bbox 312 2525 377 2560; x_wconf 75' lang='grc'>604</span> <span class='ocrx_word' id='word_1_387' title='bbox 400 2527 433 2567; x_wconf 69' lang='lat' dir='ltr'>b,</span> <span class='ocrx_word' id='word_1_388' title='bbox 457 2527 528 2560; x_wconf 80' lang='lat' dir='ltr'>vide</span> <span class='ocrx_word' id='word_1_389' title='bbox 551 2527 695 2561; x_wconf 85' lang='lat' dir='ltr'>Monaehi</span> <span class='ocrx_word' id='word_1_390' title='bbox 720 2527 899 2561; x_wconf 87' lang='lat' dir='ltr'>Maronitae.</span> 
     </span>
    </p>
   </div>
  </div>
 </body>
</html>
