2232 3178
261 269 309 295 An.
326 268 355 296 C.
379 268 444 295 1738

492 259 555 292 506
1031 265 1211 290 auctentum
1236 264 1391 289 Romanii

455 317 581 357 cedere,
609 326 738 349 necnon
764 318 890 357 partem
917 315 1098 354 fructuum,
1124 313 1198 347 red-

455 371 581 403 dituum
617 374 647 402 et
681 367 918 411 proventuum,
946 368 1138 410 dignitatum
1164 378 1200 400 ac

456 422 704 455 canonicatuum
731 426 762 453 et
788 420 1048 463 praebendarum
1084 431 1120 453 ac
1145 420 1200 452 be-

457 475 647 508 neticiorum
674 474 777 506 dictae
796 473 1023 515 patriarchalis
1043 473 1200 505 ecclesiae

459 526 716 570 Ulyssiponensis
731 525 956 565 occidentalis,
969 526 1093 568 quaein
1108 536 1199 558 usum

458 579 724 612 distributionum
751 576 1023 621 quotidianarum,
1044 579 1131 611 iuxta
1151 578 1199 610 di-

456 633 496 665 cti
517 632 692 665 Clementis
718 632 986 675 praedecessoris
1013 631 1200 675 dispositio-

456 696 554 726 nem,
582 685 710 727 erogari
745 684 929 725 debuisset,
959 685 1099 717 extincto
1132 684 1200 716 iure

457 738 686 777 accrescendi,
713 737 798 770 inter
836 738 955 770 fruetus
992 742 1097 770 certos
1133 737 1201 769 sive

459 802 586 834 grossos
613 790 799 823 earumdem
826 790 1017 832 dignitatum
1043 801 1079 823 ac
1104 800 1201 823 cano-

458 845 624 878 nicatuum
657 849 687 876 et
716 843 977 886 praebendarum
1011 843 1114 876 dictae
1147 854 1202 887 pa-

458 897 644 930 triarchalis
663 896 818 930 ecclcsiae
834 896 1102 940 Ulyssiponensis
1119 896 1203 929 occi-

460 950 599 984 dentalis
624 950 818 993 computari,
841 955 872 982 et
897 961 969 983 cum
994 950 1058 983 illis
1085 960 1203 983 conso-

459 1004 590 1037 lidatam
615 1013 687 1036 esse
714 1008 744 1036 et
770 1013 939 1036 remanere
961 1003 1093 1043 debere,
1119 1004 1203 1037 dicta

460 1059 654 1091 auctoritate
680 1056 885 1089 decernimus
904 1063 1001 1100 atque
1021 1057 1200 1089 statuimus.

504 1113 518 1154 ἓ
544 1110 597 1144 10.
625 1110 795 1143 Praeterea
822 1110 928 1143 eidem
954 1110 1096 1142 Thomae
1131 1120 1204 1142 car-

332 1181 339 1193 r
366 1181 383 1193 ιι
402 1182 409 1193 r
441 1185 448 1189 -
461 1164 560 1197 dinali
579 1164 784 1206 patriarchae
802 1168 834 1195 et
851 1163 938 1196 illius
957 1163 1202 1195 successoribus

414 1207 431 1219 ί..

407 1208 625 1260 ..›‘iffpraesatis,
648 1221 683 1248 ut
708 1217 779 1259 ipse
805 1227 859 1248 seu
881 1216 953 1259 ipsi,
973 1226 1043 1248 cum
1063 1216 1203 1258 primum

311 1261 327 1274 '⁵
344 1262 374 1299 ἔ.
392 1261 448 1300 ωζῇἶ
461 1270 637 1313 praefatum
655 1279 772 1301 novum
792 1269 1028 1307 kalendarium,
1047 1274 1078 1300 et
1098 1268 1205 1311 dispo-

265 1309 364 1332 3pplii'alt
412 1313 448 1331 per

266 1338 377 1359 utrumque
403 1334 448 1353 Cle-

265 1363 355 1380 metilmn
367 1376 371 1383 ,
407 1367 448 1385 '1¹¹⁰

266 1390 328 1412 pas-to
340 1389 380 1407 siut
396 1387 447 1407 divi·

266 1414 337 1434 denar.

460 1323 594 1355 sitiones
632 1327 666 1354 ut
693 1323 872 1364 praeterun-
898 1322 1064 1354 faciendae
1081 1349 1088 1361 ,
1116 1332 1132 1353 a
1158 1323 1206 1354 di-

461 1376 637 1419 gnitatibus
670 1381 700 1408 et
734 1375 900 1408 canonicis
934 1386 970 1407 ac
1002 1374 1205 1408 beneficiatis

462 1430 606 1462 eiusdem
622 1429 849 1471 patriarchalis
866 1428 1024 1461 ecclesiae
1040 1428 1206 1472 Ulyssipo-

461 1482 573 1515 nensis
600 1481 810 1514 occidentalis
843 1481 1046 1514 exeecutioni
1074 1481 1206 1514 deman·

466 1536 534 1569 dari
560 1541 591 1568 et
617 1535 782 1568 observari
809 1535 1004 1577 inceperint,
1037 1545 1149 1567 omnes
1177 1540 1207 1568 et

463 1590 612 1632 singulos
638 1590 773 1627 tructus,
792 1589 937 1620 redditus
963 1594 993 1620 et
1019 1595 1205 1630 proventus,

464 1649 527 1675 tam
547 1652 604 1685 per
622 1652 681 1674 nos
699 1642 730 1673 in
750 1641 868 1673 nostris
894 1652 989 1684 quam
1010 1652 1068 1683 per
1087 1642 1206 1673 dictum

462 1697 660 1729 Clementem
686 1695 972 1738 praedecessorem
999 1694 1030 1726 in
1057 1695 1124 1727 suis
1159 1705 1208 1727 re-

464 1749 607 1792 spective
630 1749 747 1781 litteris
764 1748 919 1791 praefatis
940 1747 1120 1790 respective
1144 1748 1208 1779 dis-

462 1804 660 1835 membratos
679 1808 711 1834 et
727 1806 910 1843 separatos,
933 1812 969 1832 ac
994 1801 1206 1843 dignitatibus

463 1867 593 1888 necnon
621 1855 866 1887 canonicatibus
897 1860 928 1886 et
952 1854 1147 1896 praebendis
1173 1864 1208 1886 ac

464 1908 630 1941 beneficiis
663 1908 766 1940 dictae
792 1906 1018 1950 patriarchalis
1050 1906 1207 1939 ecclesiae

469 1961 729 2006 Ulyssiponensis
749 1960 962 1993 occidentalis
981 1960 1159 2003 respective
1176 1964 1209 1993 ut

464 2015 647 2058 praefertur
664 2014 846 2057 applicatos
865 2019 896 2046 et
914 2013 1155 2056 appropriatos,
1171 2023 1206 2046 ex

467 2074 542 2100 tunc
579 2066 824 2106 decurrendos,
852 2066 938 2098 inter
963 2066 1135 2107 dignitates
1173 2076 1209 2099 ac

466 2120 643 2153 canonicos
669 2124 701 2152 et
724 2118 936 2152 beneficiatos
953 2119 1125 2162 praefatos,
1146 2129 1209 2152 ser-

466 2175 537 2206 vata
563 2173 594 2205 in
619 2172 771 2205 omnibus
802 2177 833 2205 et
863 2182 923 2215 per
951 2172 1060 2205 omnia
1085 2172 1210 2215 praesa-

469 2232 573 2259 tarum
599 2225 793 2264 litterarum,
820 2235 899 2268 quas
926 2225 979 2258 hic
997 2235 1056 2268 pro
1081 2235 1210 2268 expres-

467 2279 511 2312 sis
538 2289 574 2312 ac
599 2279 638 2311 de
664 2279 763 2311 verbo
786 2278 824 2311 ad
842 2278 977 2310 verbum
995 2278 1125 2310 insertis
1152 2278 1210 2311 ha-

467 2332 536 2365 beri
574 2332 737 2370 volumus,
776 2331 878 2364 forma
915 2336 947 2363 et
982 2331 1209 2373 dispositione,

469 2385 567 2418 dividi
594 2389 625 2417 et
645 2394 716 2416 cum
742 2383 855 2416 effectu
873 2384 1015 2427 persolvi
1036 2384 1129 2416 saciat
1153 2394 1209 2417 seu

469 2438 609 2470 saciant:
636 2437 780 2480 reliquos
804 2447 879 2470 vero
905 2437 1041 2476 fructus,
1066 2437 1210 2470 redditus

468 2496 499 2523 et
524 2494 708 2534 proventus,
735 2489 947 2533 dignitatibus
965 2500 1000 2523 ac
1019 2490 1211 2523 canonicati-

468 2545 528 2576 bus
554 2548 586 2576 et
610 2542 806 2587 praebendis
843 2543 947 2576 dictae
983 2542 1210 2586 patriarchalis

469 2597 625 2631 ecclesiae
650 2596 915 2640 Ulyssiponensis
933 2595 1155 2637 occidentalis,
1178 2601 1212 2629 ut

468 2650 665 2695 praefertur,
693 2651 870 2696 applicatos
904 2655 936 2684 et
969 2649 1208 2695 appropriatos,

1242 324 1344 357 usque
1379 318 1454 346 tunc
1485 313 1657 353 decursos,
1683 318 1714 347 et
1745 314 1816 348 loco
1843 314 1981 358 depositi

1243 372 1432 407 asservalOS,
1455 367 1505 399 vel
1531 367 1676 400 nondum
1702 373 1844 409 exactos,
1864 368 1896 401 in
1916 373 1981 401 tres

1243 425 1351 462 partes
1388 419 1510 452 dividat
1546 430 1602 452 seu
1640 420 1806 452 dividant:
1846 431 1981 464 quarum

1243 473 1333 511 duas,
1359 482 1418 515 pro
1445 482 1579 505 numero
1597 483 1755 505 annorum
1775 483 1791 504 a
1812 473 1864 505 die
1890 473 1983 505 datae

1243 524 1511 568 primodictarum
1537 525 1674 568 praefati
1696 524 1870 558 Clementis
1891 535 1985 568 prae-

1244 577 1427 611 decessoris
1453 578 1643 617 litterarum,
1661 577 1813 610 videlicet
1836 589 1853 610 v
1874 578 1985 610 kalen-

1244 631 1299 663 das
1332 630 1476 663 octobris
1503 629 1709 673 pontificatus
1741 630 1789 662 sui
1827 641 1911 663 anno
1935 641 1984 669 xx,

1245 684 1446 727 elapsorum,
1473 683 1504 716 in
1534 684 1687 726 aequales
1720 689 1827 727 partes
1853 683 1982 724 divisas,

1245 747 1281 769 ac
1305 747 1567 780 unamquamque
1589 741 1715 780 partem
1734 736 1918 770 huiusmodi
1939 736 1987 768 in-

1245 795 1293 824 ter
1318 790 1495 833 dignitates
1521 799 1557 821 ac
1574 788 1763 829 canonicos,
1783 788 1837 832 qui
1859 788 1891 821 in
1909 799 1987 821 uno-

1246 853 1377 886 quoque
1403 853 1438 875 ex
1467 842 1560 875 dictis
1585 841 1678 875 annis
1711 841 1815 874 dictae
1848 840 1987 885 patriar-

1247 896 1331 929 chali
1351 895 1508 929 ecclesiae
1528 895 1773 939 Ulyssiponensi
1793 894 1987 928 occidentali

1246 949 1485 989 inservierunt,
1512 949 1560 981 vel
1597 948 1756 982 haeredes
1794 957 1902 981 eorum
1934 947 1988 990 qui

1247 1004 1469 1043 decesserunt,
1483 1012 1554 1035 curn
1580 1012 1679 1035 onere
1705 1001 1875 1035 solutionis
1899 1001 1990 1034 debi-

1247 1061 1356 1089 torum
1393 1056 1442 1088 vel
1480 1056 1663 1098 legatorum
1695 1064 1988 1097 quorumcumque,

1248 1110 1432 1153 aequaliter
1453 1109 1632 1152 respective
1651 1107 1823 1141 distribuat
1847 1118 1903 1141 seu
1929 1108 1991 1141 dis-

1249 1164 1397 1196 tribuant
1415 1174 1422 1203 ;
1450 1162 1611 1205 reliquam
1628 1172 1703 1194 vero
1724 1162 1849 1195 tertiam
1868 1171 1991 1194 eorum-

1249 1217 1321 1249 dem
1361 1216 1519 1248 sructuum
1558 1216 1766 1248 decursorum
1803 1219 1926 1257 partem
1958 1215 1991 1247 in

1249 1270 1367 1302 fundos
1404 1270 1454 1302 vel
1492 1279 1627 1308 census,
1666 1273 1721 1301 aut
1755 1267 1847 1300 utilia
1883 1267 1992 1311 aliqua

1250 1333 1363 1365 opera,
1382 1332 1438 1354 seu
1461 1321 1493 1354 in
1520 1321 1580 1354 alia
1606 1321 1792 1354 reddituum
1814 1331 1933 1364 genera
1959 1321 1991 1353 in

1251 1375 1389 1408 savorem
1428 1374 1565 1407 fabricae
1602 1374 1748 1407 eiusdem
1785 1373 1988 1417 patriarcha-

1250 1429 1288 1461 lis
1313 1429 1467 1461 ecclesiae
1493 1427 1755 1471 Ulyssiponensis
1781 1427 1992 1462 occidentalis

1250 1492 1309 1524 pro
1324 1482 1426 1524 ipsius
1444 1481 1634 1523 indigentiis
1650 1491 1687 1513 ac
1704 1491 1870 1514 sacrorum
1886 1483 1994 1525 supel-

1251 1535 1407 1567 lectilium
1449 1535 1653 1576 aliorumque
1695 1534 1993 1568 ecclesiasticorum

1251 1592 1521 1620 ornamentorum
1554 1587 1808 1628 manutentione,
1842 1598 1879 1620 ac
1902 1589 1993 1622 novis

1251 1640 1495 1673 canonicatibus
1522 1644 1553 1672 et
1576 1640 1794 1683 praebendis,
1818 1650 1875 1673 seu
1901 1641 1993 1674 novis

1252 1693 1428 1733 beneficiis,
1450 1693 1538 1725 iuxta
1563 1693 1751 1725 earumdem
1777 1694 1994 1736 praefatarum

1253 1752 1438 1780 nostrarum
1461 1746 1640 1779 litterarum
1660 1746 1917 1789 dispositionem,
1936 1747 1996 1780 eri·

1252 1800 1375 1843 gendiS,
1391 1799 1593 1842 aliorumque
1619 1799 1844 1832 ministrorum
1871 1805 1996 1833 susten-

1254 1854 1394 1886 tatione:
1424 1863 1519 1896 quam
1552 1852 1790 1885 distributionis
1831 1853 1994 1887 rationem

1252 1906 1416 1950 praefatus
1442 1905 1582 1938 Thomas
1608 1905 1782 1939 cardinalis
1807 1906 1994 1949 patriarcha

1253 1970 1310 1992 seu
1326 1959 1412 1992 illius
1426 1969 1634 1992 successores
1648 1959 1784 2002 praefati
1800 1969 1877 2002 erga
1894 1959 1994 1993 bene-

1252 2012 1376 2045 ficiatos
1389 2011 1490 2044 dictae
1502 2011 1728 2054 patriarchalis
1740 2012 1898 2045 ecclesiae
1909 2011 1995 2056 Ulys-

1252 2064 1435 2108 siponensis
1465 2063 1700 2105 occidentalis,
1732 2065 1840 2108 quoad
1870 2065 1994 2099 fructus

1253 2118 1412 2151 dictorum
1428 2116 1628 2160 prioratuum
1647 2126 1702 2150 seu
1720 2117 1924 2152 abbatiarum
1937 2129 1996 2163 per

1253 2171 1434 2214 praefatum
1473 2170 1668 2203 Clementem
1709 2171 1995 2214 praedecessorem

1253 2230 1287 2256 ut
1310 2223 1495 2267 praefertur
1520 2233 1774 2266 suppressorum
1793 2230 1823 2257 et
1839 2224 1995 2259 extincto-

1255 2288 1335 2317 rum,
1353 2287 1410 2309 seu
1437 2287 1684 2320 suppressarum
1712 2282 1743 2310 et
1768 2277 1994 2319 extinctarum,

1254 2337 1285 2364 et
1309 2330 1464 2374 praefatis
1504 2330 1706 2363 beneficiatis
1744 2331 1924 2374 applicatos
1962 2337 1996 2365 et

1254 2384 1493 2428 appropriatos,
1512 2393 1548 2416 ac
1570 2389 1602 2416 ut
1625 2384 1808 2427 praefertur
1833 2385 1993 2425 decursos,

1254 2438 1387 2479 servari,
1413 2448 1485 2470 curn
1511 2437 1650 2471 consilio
1676 2443 1708 2470 et
1732 2448 1891 2471 consensu
1917 2439 1994 2472 dicti

1254 2490 1381 2523 loannis
1407 2490 1502 2533 regis,
1523 2489 1531 2506 ¹
1554 2490 1683 2534 erogari
1702 2491 1816 2525 sedulo
1834 2496 1924 2525 curet
1949 2497 1994 2525 at-

1254 2555 1316 2588 que
1341 2543 1534 2588 praecipiat,
1562 2553 1618 2577 seu
1644 2548 1756 2577 curent
1779 2550 1876 2588 atque
1899 2555 1995 2590 prae-

1254 2597 1397 2641 cipiant:

1288 2659 1302 2686 1
1319 2658 1413 2695 Aptius
1429 2657 1574 2687 adderetur
1588 2658 1634 2686 hic
1649 2658 1784 2688 coniunct.
1801 2661 1828 2688 et
1842 2658 1881 2695 (a.
1894 2658 1944 2698 aa).

2163 2 2165 6 ’
2186 0 2232 92 l!

2189 85 2210 132 t,

2191 146 2195 190 l

1981 266 2035 294 An.
2051 267 2080 294 C.
2103 267 2168 297 ¹738
2193 268 2196 299 i
