2232 3178
43 174 92 202 An.
113 172 144 200 C.
162 172 230 200 1740

85 233 136 254 Cn.
153 233 178 253 V.

62 260 90 281 Da
105 259 222 280 sacerdoti·

39 287 86 308 bus.

849 170 991 195 CLEMENS
1016 170 1062 194 ΧΠ
1086 170 1137 194 I‘l'.

272 228 292 250 1.
316 219 394 255 Quae
412 219 447 249 de
463 219 621 259 disciplina.
636 219 774 258 religiosa
789 223 817 249 et
838 219 973 248 instituto

233 272 332 298 nostro
364 268 505 298 servanda
540 268 677 298 omnibus
709 268 855 307 proposita
889 266 996 303 sunt,'

233 326 266 346 ea
294 316 459 346 sacerdotes
489 326 541 356 pro
568 317 680 346 ratione
709 317 754 346 sui
783 316 890 354 gradus
918 315 973 345 sibi

233 365 388 405 praecipue
412 365 488 394 dicta
511 365 683 395 existiment
705 370 734 395 et
756 365 922 394 observent.

274 423 304 444 11.
328 414 464 443 Divinum
480 414 609 443 officium
632 414 763 444 nitantur
785 418 905 451 attente,
925 414 973 443 de-

234 466 300 492 vote
322 467 351 492 et
372 467 535 501 opportuno
565 468 694 502 tempore
722 461 859 499 recitare,
883 467 911 491 et
940 463 975 491 ad
995 460 997 480 t

234 511 357 541 chorum
381 520 446 540 cum
469 511 576 541 ceteris
604 512 764 540 convenire
786 510 902 540 statutis
924 510 976 540 ho-
995 505 998 538 ἱ

233 559 286 590 ris.
303 559 505 590 Caeremonias
522 568 622 589 sacrae
640 559 775 597 liturgiae
791 559 974 598 aliarumque

234 608 501 638 ecclesiasticarum
515 608 698 637 functionum
715 610 849 637 accurate
863 607 976 636 discant

234 661 263 686 et
284 655 453 694 observent,
478 656 595 694 sintque
618 655 671 685 hac
695 655 724 684 in
747 664 777 685 re
801 654 974 692 uniformes,

235 705 461 745 patriarchalem
484 705 636 735 ecclesiam
659 704 713 734 sibi
737 708 886 743 tamquam
909 713 976 734 nor-

235 764 310 784 mam
335 757 541 794 proponentes.
559 754 667 784 Cantus
689 753 777 783 etiam
800 753 977 783 ecclesiasti-

234 812 283 833 cos
305 803 440 833 calleant.
459 803 507 832 Sic
529 802 646 832 demum
666 802 695 831 in
714 802 835 840 liturgia
856 801 977 831 divinis-

235 861 291 891 que
322 852 427 882 officiis
462 851 645 881 celebrandis
678 850 974 890 pronunciationem,

235 905 352 931 cantum
382 904 410 931 et
433 909 648 940 quamcumque
680 900 766 930 aliam
801 900 975 930 exteriorem

234 949 379 980 actionem
397 950 597 987 moderentur,
615 953 646 979 ut
661 958 718 979 non
736 949 833 978 minus
851 949 975 978 aliorum

235 998 442 1033 aedificationi,
467 1007 554 1037 quam
579 999 713 1038 propriae
736 997 883 1028 devotioni
914 1007 975 1027 ser-

235 1047 326 1078 viant.

276 1107 317 1127 111.
353 1099 461 1127 Curam
490 1096 654 1126 animarum
685 1105 770 1126 nemo
803 1105 837 1125 ex
868 1095 998 1125 nostris=

235 1147 388 1186 suscipiat,
406 1156 500 1186 neque
517 1146 545 1176 in
561 1146 608 1181 iis,
622 1155 696 1185 quae
713 1145 908 1184 parochorum
926 1148 976 1175 aut
997 1169 999 1188 ἰ

235 1196 439 1235 episcoporum
469 1195 543 1224 iuris
565 1199 655 1232 sunt,
685 1203 716 1223 se
748 1194 921 1223 immisceat.
946 1189 999 1223 si'

235 1244 351 1283 quando
373 1248 469 1273 autem
492 1242 526 1272 ab
549 1243 684 1282 episcopo
712 1246 761 1272 aut
794 1242 975 1271 reverendis-

235 1293 309 1322 simo
338 1292 456 1322 domino
492 1291 658 1331 patriarcha
687 1291 783 1320 iussus
812 1291 898 1320 fuerit
926 1290 976 1320 ab·

234 1340 285 1370 bas
315 1340 484 1370 monasterii
513 1344 544 1369 ut
575 1340 635 1378 ipse
666 1339 711 1368 vel
737 1339 844 1378 aliquis
875 1349 975 1369 mona-

234 1389 355 1419 chorum
384 1389 413 1418 in
445 1388 620 1418 monasterio
647 1391 697 1417 aut
730 1388 759 1417 in
794 1387 895 1417 vicinis
924 1397 999 1417 seur

234 1438 354 1468 remotis
376 1438 446 1467 locis
469 1438 607 1477 populum
627 1437 739 1475 doceat,
757 1437 801 1467 vel
818 1437 977 1467 confessio-

235 1496 287 1516 nes
305 1487 417 1525 audiat,
434 1491 484 1516 aut
502 1486 558 1515 alia
574 1495 776 1525 quaecumque
795 1491 976 1516 sacramenta
998 1499 999 1502 ¹

235 1535 440 1572 administret,
463 1535 498 1565 ab
532 1544 565 1565 eo
598 1535 764 1565 facultatem
798 1536 826 1564 in
861 1536 977 1575 scriptis

235 1584 342 1614 habere
365 1589 457 1614 curet.

274 1641 313 1662 lv.
338 1632 428 1662 Nemo
450 1632 485 1662 ad
508 1632 705 1662 confessiones
737 1637 904 1662 nostrorum
926 1643 977 1663 au-

235 1681 355 1711 diendas
377 1681 512 1719 accedat,
537 1681 592 1711 nisi
618 1681 653 1711 ab
676 1681 780 1711 abbate
803 1682 975 1721 deputatus,

235 1876 366 1907 licentia.
391 1876 562 1916 Perspectos
583 1880 679 1906 autem
703 1877 907 1916 unusquisque
929 1877 979 1907 ha-

236 1926 302 1956 beat
333 1935 417 1956 casus
446 1930 609 1956 reservatos
643 1930 703 1956 tum
733 1926 978 1957 reverendissimo

237 1976 355 2006 domino
378 1975 563 2015 patriarchae
579 1979 607 2005 et
626 1975 776 2016 episcopo,
796 1980 856 2006 tum
880 1975 978 2006 abbati

236 2024 380 2063 generali.

276 2082 304 2103 v.
327 2073 359 2103 ln
381 2072 497 2103 casibus
526 2072 723 2103 conscientiae
738 2098 745 2111 ,
770 2073 865 2112 iisque
896 2083 980 2113 prae-

237 2121 336 2151 sertim
352 2145 360 2160 ,
383 2121 433 2160 qui
466 2121 501 2151 ad
534 2130 695 2160 censuras,
719 2122 921 2152 restitutiones
951 2126 979 2152 et

236 2180 321 2201 casus
343 2175 506 2200 reservatos
529 2172 692 2210 pertinent,
716 2180 746 2201 se
769 2181 799 2201 se
821 2172 979 2210 diligenter

236 2224 414 2258 exerceant,
442 2229 602 2258 earumque
630 2229 728 2249 rerum
757 2220 928 2259 compendia
952 2225 980 2250 et

237 2268 356 2298 brevem
385 2268 584 2306 interrogandi
617 2268 804 2306 methodum,
829 2273 857 2298 et
879 2273 978 2299 contra

237 2317 421 2356 singulorum
441 2322 627 2357 peccatorum
650 2318 762 2357 species
784 2318 913 2348 remedia
935 2327 981 2348 sa-

238 2366 365 2403 lutaria,
398 2370 427 2396 et
458 2366 550 2396 sacris
586 2366 757 2405 praesertim
793 2366 977 2406 canonibus,

237 2425 406 2455 comparare
425 2416 570 2451 studeant,
591 2415 821 2454 collationesque
840 2415 874 2445 de
897 2425 981 2455 prae-

239 2464 324 2494 dictis
347 2464 424 2494 inter
446 2473 476 2493 se
499 2463 601 2493 diebus
622 2463 702 2493 festis
724 2463 860 2494 habeant.

279 2522 317 2545 Vl.
340 2513 515 2544 Confessarii
548 2513 585 2543 ita
621 2513 741 2543 audiant
771 2513 978 2552 poenitenteS,

237 2567 270 2593 ut
292 2566 425 2593 mutuum
449 2566 597 2602 aspectum
627 2561 748 2601 fugiant.
778 2561 858 2597 Quod
887 2562 910 2591 si
941 2562 979 2592 lo-

1018 229 1068 249 cus
1091 228 1148 248 non
1172 218 1227 248 erit
1250 218 1434 254 huiusmodi,
1458 222 1489 247 ut
1521 216 1617 247 tabula
1647 216 1759 246 confes-

1017 268 1125 297 sarium
1149 277 1163 296 a
1188 267 1353 306 poenitente
1375 266 1496 303 dividat,
1521 275 1609 295 manu
1629 265 1760 304 interpo-

1017 317 1074 346 sita
1095 317 1172 346 inter
1194 317 1295 346 faciem
1321 316 1468 355 propriam
1491 319 1519 345 et
1541 314 1759 354 poenitentem,

1018 365 1066 403 qui
1089 365 1124 394 ad
1148 365 1224 394 latus
1246 373 1339 402 genua
1364 365 1481 394 flectere
1504 363 1601 401 debet,
1625 363 1653 392 id
1678 371 1760 401 prae-

1018 413 1117 443 stabit.
1148 413 1180 443 In
1213 413 1366 443 audiendis
1395 422 1463 442 vero
1493 413 1669 441 feminarum
1692 420 1762 440 con-

1019 461 1206 499 sessionibus,
1230 471 1347 491 severos
1370 463 1466 500 potius
1489 470 1574 500 quam
1603 460 1761 489 familiares

1018 519 1049 539 se
1073 509 1242 546 exhibeant,
1262 510 1299 539 ita
1318 514 1413 539 tamen
1431 513 1461 539 ut
1484 514 1604 548 paterna
1620 508 1762 548 quaedam

1019 563 1047 588 et
1069 559 1232 598 spiritualis
1253 559 1379 596 gravitas
1401 558 1431 588 in
1451 559 1493 588 eis
1516 558 1640 588 eluceat.
1667 557 1763 587 Nemi-

1019 607 1049 636 ni
1079 611 1175 636 autem
1210 611 1330 646 petere,
1355 611 1404 637 aut
1436 607 1568 646 accipere
1601 605 1762 645 quidquam

996 656 1126 693 3liceat,
1151 656 1211 686 sive
1245 655 1280 685 ab
1314 656 1369 692 iis,
1404 665 1529 695 quorum
1562 654 1762 684 confessiones

1020 705 1197 743 audiverint,
1221 704 1281 734 sive
1304 704 1339 734 ab
1362 704 1438 742 aliis,
1463 704 1538 743 quod
1562 704 1590 733 in
1615 711 1762 742 pauperes

1019 753 1200 792 distribuat,
1226 753 1270 782 vel
1294 753 1376 782 alteri
1409 751 1619 782 satisfactionis
1643 751 1762 780 nomine

1020 803 1165 838 restituat,
1189 802 1281 831 inscio
1304 806 1332 831 et
1353 801 1521 831 inconsulto
1544 801 1658 830 abbate.

1059 860 1109 881 vn.
1133 850 1187 886 Qui
1216 854 1357 880 vocantur
1388 850 1423 880 ad
1453 859 1502 880 eos
1531 849 1689 887 iuvandos,
1713 848 1763 888 qui

1020 900 1107 930 morti
1132 900 1220 930 vicini
1244 904 1326 936 sunt,
1351 909 1382 929 ea
1406 899 1435 929 in
1460 903 1594 938 promptu
1618 898 1761 936 habeant,

1020 958 1094 988 quae
1111 958 1144 978 eo
1161 952 1292 987 tempore
1316 948 1351 977 ad
1374 948 1497 977 salutem
1515 947 1679 976 animarum
1697 946 1764 976 usui

1021 1008 1084 1028 esse
1111 997 1233 1037 possint.
1258 997 1383 1027 Caveant
1406 1002 1516 1034 autem,
1534 1005 1570 1026 ne
1593 1005 1680 1035 quem
1703 1004 1764 1025 ser-

1020 1056 1135 1077 monem
1168 1047 1203 1076 de
1236 1046 1300 1076 loco
1323 1045 1492 1085 sepulturae
1525 1045 1554 1074 in
1588 1044 1763 1074 coemeterio

1021 1095 1191 1125 monasterii
1213 1094 1363 1133 eligendo,
1387 1099 1436 1124 aut
1458 1094 1493 1123 de
1517 1093 1696 1123 haereditate
1718 1092 1763 1122 vel

1020 1146 1206 1184 eleemosyna
1231 1143 1382 1173 monachis
1404 1143 1601 1182 relinquenda
1616 1166 1623 1179 ,
1646 1142 1764 1171 infirmo

1020 1194 1166 1224 inliciant.

1060 1251 1120 1273 vin.
1134 1242 1224 1272 Nemo
1241 1252 1275 1272 ex
1289 1242 1397 1272 nostris
1410 1241 1444 1272 ad
1459 1241 1546 1271 ullam
1559 1239 1764 1279 arcliipresby-

1021 1293 1096 1331 teri,
1122 1291 1320 1332 periodeutae,
1344 1296 1393 1321 aut
1414 1289 1616 1330 chorepiscopi
1639 1289 1764 1327 dignita-

1022 1346 1078 1371 tem
1103 1351 1132 1371 se
1158 1341 1323 1380 promoveri
1346 1341 1440 1378 sinat,
1464 1339 1512 1369 sed
1537 1348 1619 1369 sacro
1643 1337 1764 1378 presby-

1020 1394 1129 1420 teratus
1162 1390 1264 1420 ordine
1297 1390 1427 1420 contenti
1450 1389 1509 1419 sint
1540 1398 1651 1426 omnes,
1676 1387 1763 1417 etiam

1020 1439 1149 1469 abbates.
1174 1438 1203 1469 Si
1231 1448 1298 1468 vero
1330 1437 1596 1468 reverendissimus
1627 1436 1764 1466 dominus

1021 1488 1185 1527 patriarcha
1208 1488 1335 1517 voluerit
1357 1487 1475 1517 abbates
1498 1486 1682 1523 benedicere,
1700 1493 1763 1514 eam

1020 1537 1256 1567 benedictionem
1279 1536 1410 1576 recipere
1434 1539 1582 1575 poterunt.

1060 1596 1079 1616 1.
1097 1585 1265 1623 lntelligant
1281 1594 1392 1622 omnes,
1412 1584 1583 1624 primarium
1604 1582 1764 1613 vocationis

1020 1634 1199 1664 monasticae
1223 1634 1309 1663 finem
1326 1642 1389 1663 esse
1406 1632 1548 1662 inservire
1570 1632 1686 1661 divinae
1705 1640 1765 1660 ma-

998 1714 1000 1720 ,
1020 1682 1115 1712 iestati
1132 1687 1159 1712 et
1175 1682 1322 1722 propriam
1348 1681 1472 1711 salutem
1489 1689 1661 1720 procurare,
1678 1679 1765 1709 illud-

235 1730 286 1769 qui
315 1730 402 1760 simul
436 1729 599 1767 intelligat,
628 1739 715 1769 quam
748 1730 914 1760 facultatem
942 1731 1000 1761 ad'

235 1778 290 1809 hoc
312 1787 419 1808 munus
442 1778 557 1808 habeat.
581 1778 781 1808 Saecularium
806 1788 874 1808 vero
892 1788 978 1809 nemo
998 1779 1000 1795 ⁴

235 1827 434 1858 confessiones
463 1827 585 1866 audiat,
616 1827 673 1857 nisi
702 1827 821 1858 obtenta
850 1828 1000 1868 episcopi¹

1021 1741 1077 1770 que
1100 1730 1295 1760 ministerium
1318 1730 1411 1766 obire,
1438 1729 1515 1768 qnod
1538 1738 1572 1758 ex
1595 1728 1765 1758 obedientia.

1021 1780 1077 1810 sibi
1100 1780 1289 1810 commissum
1312 1779 1411 1809 fuerit.
1435 1778 1569 1808 Contenti
1591 1787 1660 1815 ergo
1688 1781 1765 1807 statu

1021 1829 1133 1866 laicali,
1150 1828 1184 1858 ad
1201 1837 1287 1867 quem
1310 1827 1389 1867 ipsos
1405 1826 1494 1857 abbas
1510 1830 1538 1857 et
1554 1826 1765 1856 monachorum

1022 1877 1211 1916 congregatio
1234 1876 1446 1913 destinaverit,
1470 1880 1498 1906 et
1524 1876 1554 1906 in
1584 1875 1765 1915 praescripto

1021 1926 1076 1956 sibi
1100 1925 1264 1955 ministerio
1295 1925 1336 1954 sic
1369 1925 1458 1955 vitam
1484 1933 1599 1954 omnem
1622 1923 1763 1962 exigant,

1022 1980 1053 2006 ut
1069 1974 1125 2005 sibi
1144 1975 1364 2015 persuadeant¹,
1383 1984 1412 2005 se
1429 1975 1458 2004 in
1482 1975 1516 2004 eft
1538 1984 1568 2004 re
1591 1973 1764 2013 obsequium

1023 2029 1172 2064 praestare
1194 2023 1334 2062 Creatori,
1350 2023 1385 2053 ob
1401 2023 1485 2054 cuius
1500 2032 1629 2053 amorem
1646 2023 1763 2053 schema

1024 2073 1217 2103 monasticum
1240 2073 1413 2103 induerunt.

1062 2131 1092 2152 n.
1118 2121 1171 2157 Qui
1195 2121 1310 2160 syriace
1332 2121 1428 2159 legere
1457 2125 1486 2151 et
1509 2130 1613 2151 canere
1636 2125 1764 2158 norunt,

1022 2171 1121 2201 divina
1137 2170 1231 2201 officia
1246 2171 1275 2200 in
1292 2171 1380 2201 choro
1392 2171 1476 2201 statis
1488 2171 1567 2200 horis
1580 2180 1645 2200 cum
1662 2170 1766 2200 ceteris

1024 2219 1202 2258 persolvant.
1226 2218 1280 2254 Qui
1305 2229 1372 2249 vero
1395 2219 1510 2249 arabice
1534 2223 1659 2256 tantum,
1679 2219 1766 2248 horas

1023 2268 1144 2298 diurnas
1177 2273 1206 2298 et
1238 2273 1398 2298 nocturnas
1434 2268 1469 2297 ad
1506 2276 1589 2297 usum
1622 2268 1765 2297 laicorum

1023 2318 1201 2357 compositas
1236 2318 1342 2356 legant.
1374 2317 1429 2353 Qui
1460 2321 1556 2347 autem
1589 2316 1686 2354 legere
1715 2325 1766 2345 ne-

1022 2366 1129 2404 sciunt,
1153 2371 1265 2396 certum
1289 2375 1408 2405 precum
1425 2370 1453 2395 et
1469 2365 1647 2404 psalmorum
1664 2372 1767 2394 nume-

1023 2425 1087 2445 rum
1105 2414 1140 2444 ab
1158 2415 1262 2445 abbate
1279 2415 1334 2445 sibi
1352 2414 1565 2454 praescriptum
1581 2413 1615 2443 ad
1635 2412 1766 2451 singulas

1024 2464 1110 2494 horas
1135 2464 1304 2494 memoriter
1325 2464 1450 2493 recitare
1466 2463 1589 2493 discant.
1607 2464 1667 2498 Qua
1684 2463 1712 2491 in
1732 2471 1763 2492 re

1024 2512 1179 2542 ministerii
1197 2512 1427 2551 uniuscuiusque
1450 2512 1523 2542 ratio
1542 2511 1706 2548 habebitur,
1731 2520 1763 2541 ac

1061 2568 1070 2593 1
1095 2566 1165 2593 Edit.
1189 2565 1267 2593 Main.
1289 2565 1351 2600 legit
1367 2565 1543 2601 persuadeat
1563 2566 1602 2600 (n.
1617 2566 1666 2600 T.).

1658 158 1722 192 613
1769 167 1819 194 An.
1841 165 1870 194 c.
1886 166 1956 194 17⁴0

1816 1599 1866 1620 Car.
1884 1598 1917 1619 Vt.

1802 1625 1832 1645 Du
1851 1625 1960 1646 monachis

1776 1652 1848 1673 laicis.
