<?xml version="1.0" encoding="UTF-8"?>
<!DOCTYPE html PUBLIC "-//W3C//DTD XHTML 1.0 Transitional//EN"
    "http://www.w3.org/TR/xhtml1/DTD/xhtml1-transitional.dtd">
<html xmlns="http://www.w3.org/1999/xhtml" xml:lang="en" lang="en">
 <head>
  <title>
</title>
<meta http-equiv="Content-Type" content="text/html;charset=utf-8" />
  <meta name='ocr-system' content='tesseract 3.04.00' />
  <meta name='ocr-capabilities' content='ocr_page ocr_carea ocr_par ocr_line ocrx_word'/>
</head>
<body>
  <div class='ocr_page' id='page_1' title='image "./bullarumdiplomat24cath_0462.png"; bbox 0 0 2232 3178; ppageno 0'>
   <div class='ocr_carea' id='block_1_1' title="bbox 284 241 580 277">
    <p class='ocr_par' dir='ltr' id='par_1_1' title="bbox 284 241 580 277">
     <span class='ocr_line' id='line_1_1' title="bbox 284 241 580 277; baseline 0 -3"><span class='ocrx_word' id='word_1_1' title='bbox 284 249 333 275; x_wconf 69' lang='lat' dir='ltr'>An.</span> <span class='ocrx_word' id='word_1_2' title='bbox 355 249 384 276; x_wconf 82' lang='lat' dir='ltr'>c.</span> <span class='ocrx_word' id='word_1_3' title='bbox 401 249 470 277; x_wconf 64' lang='lat'><strong>&lt;1738</strong></span> <span class='ocrx_word' id='word_1_4' title='bbox 516 241 580 275; x_wconf 67' lang='grc'>498</span> 
     </span>
    </p>
   </div>
   <div class='ocr_carea' id='block_1_2' title="bbox 277 995 460 1069">
    <p class='ocr_par' dir='ltr' id='par_1_2' title="bbox 277 995 460 1069">
     <span class='ocr_line' id='line_1_2' title="bbox 304 995 460 1047; baseline 0.006 -6"><span class='ocrx_word' id='word_1_5' title='bbox 304 1021 332 1041; x_wconf 79' lang='lat' dir='ltr'>De</span> <span class='ocrx_word' id='word_1_6' title='bbox 346 995 460 1047; x_wconf 48' lang='lat' dir='ltr'>{gethea-</span> 
     </span>
     <span class='ocr_line' id='line_1_3' title="bbox 277 1048 366 1069; baseline 0.011 -1"><span class='ocrx_word' id='word_1_7' title='bbox 277 1048 366 1069; x_wconf 70' lang='lat' dir='ltr'>toribus.</span> 
     </span>
    </p>
   </div>
   <div class='ocr_carea' id='block_1_3' title="bbox 1047 249 1229 273">
    <p class='ocr_par' dir='ltr' id='par_1_3' title="bbox 1047 249 1229 273">
     <span class='ocr_line' id='line_1_4' title="bbox 1047 249 1229 273; baseline -0.005 0"><span class='ocrx_word' id='word_1_8' title='bbox 1047 249 1229 273; x_wconf 81' lang='lat' dir='ltr'>BULLARlUM</span> 
     </span>
    </p>
   </div>
   <div class='ocr_carea' id='block_1_4' title="bbox 466 297 1235 2534">
    <p class='ocr_par' dir='ltr' id='par_1_4' title="bbox 472 297 1235 482">
     <span class='ocr_line' id='line_1_5' title="bbox 475 297 1235 337; baseline -0.001 -9"><span class='ocrx_word' id='word_1_9' title='bbox 475 299 560 328; x_wconf 92' lang='lat' dir='ltr'>domo</span> <span class='ocrx_word' id='word_1_10' title='bbox 584 308 634 337; x_wconf 89' lang='lat' dir='ltr'>pro</span> <span class='ocrx_word' id='word_1_11' title='bbox 657 298 810 328; x_wconf 87' lang='lat' dir='ltr'>audiendis</span> <span class='ocrx_word' id='word_1_12' title='bbox 832 298 970 328; x_wconf 79' lang='lat' dir='ltr'>continuo</span> <span class='ocrx_word' id='word_1_13' title='bbox 995 298 1023 327; x_wconf 89' lang='lat' dir='ltr'>in</span> <span class='ocrx_word' id='word_1_14' title='bbox 1047 297 1150 327; x_wconf 87' lang='lat' dir='ltr'>diebus</span> <span class='ocrx_word' id='word_1_15' title='bbox 1165 297 1235 327; x_wconf 67' lang='lat' dir='ltr'>‹le-¹</span> 
     </span>
     <span class='ocr_line' id='line_1_6' title="bbox 475 346 1235 386; baseline -0.001 -10"><span class='ocrx_word' id='word_1_16' title='bbox 475 347 639 376; x_wconf 86' lang='lat' dir='ltr'>terminatis</span> <span class='ocrx_word' id='word_1_17' title='bbox 662 346 895 376; x_wconf 69' lang='lat' dir='ltr'>confessionibus</span> <span class='ocrx_word' id='word_1_18' title='bbox 917 346 1132 382; x_wconf 81' lang='lat' dir='ltr'>saecularium,</span> <span class='ocrx_word' id='word_1_19' title='bbox 1156 346 1211 375; x_wconf 92' lang='lat' dir='ltr'>nisi</span> <span class='ocrx_word' id='word_1_20' title='bbox 1233 373 1235 386; x_wconf 55' lang='lat'>,</span> 
     </span>
     <span class='ocr_line' id='line_1_7' title="bbox 473 394 1213 434; baseline -0.003 -9"><span class='ocrx_word' id='word_1_21' title='bbox 473 405 539 425; x_wconf 87' lang='lat' dir='ltr'>raro</span> <span class='ocrx_word' id='word_1_22' title='bbox 571 400 599 424; x_wconf 85' lang='lat' dir='ltr'>et</span> <span class='ocrx_word' id='word_1_23' title='bbox 631 405 697 425; x_wconf 89' lang='lat' dir='ltr'>cum</span> <span class='ocrx_word' id='word_1_24' title='bbox 721 395 839 424; x_wconf 73' lang='lat' dir='ltr'>licentia</span> <span class='ocrx_word' id='word_1_25' title='bbox 861 395 890 424; x_wconf 93' lang='lat' dir='ltr'>in</span> <span class='ocrx_word' id='word_1_26' title='bbox 914 395 1030 434; x_wconf 84' lang='lat' dir='ltr'>seriptis</span> <span class='ocrx_word' id='word_1_27' title='bbox 1053 394 1213 433; x_wconf 80' lang='lat' dir='ltr'>superioris</span> 
     </span>
     <span class='ocr_line' id='line_1_8' title="bbox 472 444 1235 482; baseline -0.001 -9"><span class='ocrx_word' id='word_1_28' title='bbox 472 444 627 482; x_wconf 84' lang='lat' dir='ltr'>generalis.</span> <span class='ocrx_word' id='word_1_29' title='bbox 1233 465 1235 479; x_wconf 84' lang='lat'>‚</span> 
     </span>
    </p>

    <p class='ocr_par' dir='ltr' id='par_1_5' title="bbox 471 491 1235 960">
     <span class='ocr_line' id='line_1_9' title="bbox 511 491 1213 531; baseline 0 -11"><span class='ocrx_word' id='word_1_30' title='bbox 511 501 550 521; x_wconf 75' lang='lat' dir='ltr'>ix.</span> <span class='ocrx_word' id='word_1_31' title='bbox 574 491 675 520; x_wconf 77' lang='lat' dir='ltr'>Nullus</span> <span class='ocrx_word' id='word_1_32' title='bbox 697 491 850 529; x_wconf 79' lang='lat' dir='ltr'>religiosus</span> <span class='ocrx_word' id='word_1_33' title='bbox 880 491 910 521; x_wconf 92' lang='lat' dir='ltr'>in</span> <span class='ocrx_word' id='word_1_34' title='bbox 940 491 1004 521; x_wconf 88' lang='lat' dir='ltr'>loco</span> <span class='ocrx_word' id='word_1_35' title='bbox 1028 491 1126 531; x_wconf 88' lang='lat' dir='ltr'>aliquo</span> <span class='ocrx_word' id='word_1_36' title='bbox 1151 491 1213 520; x_wconf 82' lang='lat' dir='ltr'>osti-</span> 
     </span>
     <span class='ocr_line' id='line_1_10' title="bbox 471 539 1211 578; baseline 0 -10"><span class='ocrx_word' id='word_1_37' title='bbox 471 540 548 568; x_wconf 88' lang='lat' dir='ltr'>cium</span> <span class='ocrx_word' id='word_1_38' title='bbox 585 539 703 578; x_wconf 80' lang='lat' dir='ltr'>parochi</span> <span class='ocrx_word' id='word_1_39' title='bbox 737 543 881 574; x_wconf 78' lang='lat' dir='ltr'>exerceat,</span> <span class='ocrx_word' id='word_1_40' title='bbox 913 540 1000 569; x_wconf 88' lang='lat' dir='ltr'>etiam</span> <span class='ocrx_word' id='word_1_41' title='bbox 1035 548 1087 578; x_wconf 92' lang='lat' dir='ltr'>pro</span> <span class='ocrx_word' id='word_1_42' title='bbox 1121 544 1211 578; x_wconf 86' lang='lat' dir='ltr'>parte,</span> 
     </span>
     <span class='ocr_line' id='line_1_11' title="bbox 472 587 1235 627; baseline 0.001 -11"><span class='ocrx_word' id='word_1_43' title='bbox 472 587 525 617; x_wconf 91' lang='lat' dir='ltr'>sub</span> <span class='ocrx_word' id='word_1_44' title='bbox 549 589 642 626; x_wconf 70' lang='lat' dir='ltr'>poena</span> <span class='ocrx_word' id='word_1_45' title='bbox 664 587 766 626; x_wconf 86' lang='lat' dir='ltr'>culpae</span> <span class='ocrx_word' id='word_1_46' title='bbox 786 588 883 625; x_wconf 81' lang='lat' dir='ltr'>gravis</span> <span class='ocrx_word' id='word_1_47' title='bbox 906 597 956 627; x_wconf 84' lang='lat' dir='ltr'>per</span> <span class='ocrx_word' id='word_1_48' title='bbox 979 592 1038 617; x_wconf 89' lang='lat' dir='ltr'>tres</span> <span class='ocrx_word' id='word_1_49' title='bbox 1061 587 1135 624; x_wconf 88' lang='lat' dir='ltr'>dies,</span> <span class='ocrx_word' id='word_1_50' title='bbox 1154 587 1211 616; x_wconf 90' lang='lat' dir='ltr'>nisi</span> <span class='ocrx_word' id='word_1_51' title='bbox 1233 596 1235 618; x_wconf 69' lang='lat' dir='ltr'>t</span> 
     </span>
     <span class='ocr_line' id='line_1_12' title="bbox 471 636 1209 673; baseline -0.001 -8"><span class='ocrx_word' id='word_1_52' title='bbox 471 636 569 665; x_wconf 90' lang='lat' dir='ltr'>domui</span> <span class='ocrx_word' id='word_1_53' title='bbox 592 640 707 665; x_wconf 88' lang='lat' dir='ltr'>nostrae</span> <span class='ocrx_word' id='word_1_54' title='bbox 729 636 766 665; x_wconf 90' lang='lat' dir='ltr'>sit</span> <span class='ocrx_word' id='word_1_55' title='bbox 788 645 900 665; x_wconf 82' lang='lat' dir='ltr'>annexa</span> <span class='ocrx_word' id='word_1_56' title='bbox 930 646 1001 666; x_wconf 88' lang='lat' dir='ltr'>cura</span> <span class='ocrx_word' id='word_1_57' title='bbox 1032 636 1209 673; x_wconf 86' lang='lat' dir='ltr'>animarum,</span> 
     </span>
     <span class='ocr_line' id='line_1_13' title="bbox 471 684 1213 724; baseline 0 -10"><span class='ocrx_word' id='word_1_58' title='bbox 471 685 541 714; x_wconf 74' lang='lat' dir='ltr'>alias</span> <span class='ocrx_word' id='word_1_59' title='bbox 558 694 610 715; x_wconf 89' lang='lat' dir='ltr'>nec</span> <span class='ocrx_word' id='word_1_60' title='bbox 626 685 823 714; x_wconf 84' lang='lat' dir='ltr'>definitorium</span> <span class='ocrx_word' id='word_1_61' title='bbox 836 685 971 723; x_wconf 83' lang='lat' dir='ltr'>generale</span> <span class='ocrx_word' id='word_1_62' title='bbox 988 685 1080 714; x_wconf 88' lang='lat' dir='ltr'>valeat</span> <span class='ocrx_word' id='word_1_63' title='bbox 1095 684 1213 724; x_wconf 87' lang='lat' dir='ltr'>dispen-</span> 
     </span>
     <span class='ocr_line' id='line_1_14' title="bbox 471 733 1212 772; baseline 0.001 -10"><span class='ocrx_word' id='word_1_64' title='bbox 471 743 534 763; x_wconf 87' lang='lat' dir='ltr'>sare</span> <span class='ocrx_word' id='word_1_65' title='bbox 557 734 586 763; x_wconf 92' lang='lat' dir='ltr'>in</span> <span class='ocrx_word' id='word_1_66' title='bbox 609 734 816 764; x_wconf 90' lang='lat' dir='ltr'>constitutione</span> <span class='ocrx_word' id='word_1_67' title='bbox 840 735 916 770; x_wconf 69' lang='lat' dir='ltr'>ista3</span> <span class='ocrx_word' id='word_1_68' title='bbox 937 743 991 763; x_wconf 87' lang='lat' dir='ltr'>nec</span> <span class='ocrx_word' id='word_1_69' title='bbox 1014 734 1137 771; x_wconf 78' lang='lat' dir='ltr'>fratres,</span> <span class='ocrx_word' id='word_1_70' title='bbox 1162 733 1212 772; x_wconf 91' lang='lat' dir='ltr'>qui</span> 
     </span>
     <span class='ocr_line' id='line_1_15' title="bbox 471 784 1213 821; baseline 0 -8"><span class='ocrx_word' id='word_1_71' title='bbox 471 784 645 813; x_wconf 84' lang='lat' dir='ltr'>feminarum</span> <span class='ocrx_word' id='word_1_72' title='bbox 683 784 853 814; x_wconf 83' lang='lat' dir='ltr'>confessarii</span> <span class='ocrx_word' id='word_1_73' title='bbox 890 794 948 814; x_wconf 90' lang='lat' dir='ltr'>non</span> <span class='ocrx_word' id='word_1_74' title='bbox 985 788 1064 821; x_wconf 91' lang='lat' dir='ltr'>sunt,</span> <span class='ocrx_word' id='word_1_75' title='bbox 1098 784 1213 813; x_wconf 88' lang='lat' dir='ltr'>mittant</span> 
     </span>
     <span class='ocr_line' id='line_1_16' title="bbox 471 832 1213 872; baseline 0 -10"><span class='ocrx_word' id='word_1_76' title='bbox 471 833 592 871; x_wconf 84' lang='lat' dir='ltr'>praelati</span> <span class='ocrx_word' id='word_1_77' title='bbox 615 843 667 872; x_wconf 91' lang='lat' dir='ltr'>pro</span> <span class='ocrx_word' id='word_1_78' title='bbox 690 833 844 863; x_wconf 86' lang='lat' dir='ltr'>audiendis</span> <span class='ocrx_word' id='word_1_79' title='bbox 868 833 997 863; x_wconf 91' lang='lat' dir='ltr'>virorum</span> <span class='ocrx_word' id='word_1_80' title='bbox 1020 832 1213 862; x_wconf 70' lang='lat' dir='ltr'>consessioni-</span> 
     </span>
     <span class='ocr_line' id='line_1_17' title="bbox 471 880 1212 921; baseline 0.001 -12"><span class='ocrx_word' id='word_1_81' title='bbox 471 880 524 910; x_wconf 89' lang='lat' dir='ltr'>bus</span> <span class='ocrx_word' id='word_1_82' title='bbox 548 881 583 910; x_wconf 84' lang='lat' dir='ltr'>ad</span> <span class='ocrx_word' id='word_1_83' title='bbox 605 881 710 920; x_wconf 83' lang='lat' dir='ltr'>oppida</span> <span class='ocrx_word' id='word_1_84' title='bbox 734 881 794 919; x_wconf 85' lang='lat' dir='ltr'>illa,</span> <span class='ocrx_word' id='word_1_85' title='bbox 814 881 844 910; x_wconf 92' lang='lat' dir='ltr'>in</span> <span class='ocrx_word' id='word_1_86' title='bbox 867 880 974 921; x_wconf 84' lang='lat' dir='ltr'>quibus</span> <span class='ocrx_word' id='word_1_87' title='bbox 997 891 1054 911; x_wconf 91' lang='lat' dir='ltr'>non</span> <span class='ocrx_word' id='word_1_88' title='bbox 1078 886 1120 911; x_wconf 89' lang='lat' dir='ltr'>est</span> <span class='ocrx_word' id='word_1_89' title='bbox 1144 890 1212 910; x_wconf 90' lang='lat' dir='ltr'>con-</span> 
     </span>
     <span class='ocr_line' id='line_1_18' title="bbox 471 933 707 960; baseline 0.004 -2"><span class='ocrx_word' id='word_1_90' title='bbox 471 933 574 959; x_wconf 91' lang='lat' dir='ltr'>ventus</span> <span class='ocrx_word' id='word_1_91' title='bbox 597 934 707 960; x_wconf 87' lang='lat' dir='ltr'>noster.</span> 
     </span>
    </p>

    <p class='ocr_par' dir='ltr' id='par_1_6' title="bbox 471 978 1213 1213">
     <span class='ocr_line' id='line_1_19' title="bbox 509 978 1210 1016; baseline 0.001 -9"><span class='ocrx_word' id='word_1_92' title='bbox 509 987 529 1007; x_wconf 85' lang='lat'>1.</span> <span class='ocrx_word' id='word_1_93' title='bbox 563 978 665 1007; x_wconf 79' lang='lat' dir='ltr'>Nullus</span> <span class='ocrx_word' id='word_1_94' title='bbox 698 978 852 1016; x_wconf 80' lang='lat' dir='ltr'>religiosus</span> <span class='ocrx_word' id='word_1_95' title='bbox 886 979 990 1008; x_wconf 84' lang='lat' dir='ltr'>audeat</span> <span class='ocrx_word' id='word_1_96' title='bbox 1023 978 1210 1016; x_wconf 84' lang='lat' dir='ltr'>concionari,</span> 
     </span>
     <span class='ocr_line' id='line_1_20' title="bbox 471 1027 1212 1066; baseline 0.001 -11"><span class='ocrx_word' id='word_1_97' title='bbox 471 1027 541 1066; x_wconf 90' lang='lat' dir='ltr'>quin</span> <span class='ocrx_word' id='word_1_98' title='bbox 561 1027 642 1065; x_wconf 87' lang='lat' dir='ltr'>prius</span> <span class='ocrx_word' id='word_1_99' title='bbox 666 1036 716 1066; x_wconf 88' lang='lat' dir='ltr'>per</span> <span class='ocrx_word' id='word_1_100' title='bbox 738 1027 896 1056; x_wconf 78' lang='lat' dir='ltr'><strong>triennium</strong></span> <span class='ocrx_word' id='word_1_101' title='bbox 928 1027 1131 1066; x_wconf 80' lang='lat' dir='ltr'>philosophiae</span> <span class='ocrx_word' id='word_1_102' title='bbox 1146 1051 1153 1064; x_wconf 91' lang='lat'>‚</span> <span class='ocrx_word' id='word_1_103' title='bbox 1184 1032 1212 1056; x_wconf 81' lang='lat' dir='ltr'>et</span> 
     </span>
     <span class='ocr_line' id='line_1_21' title="bbox 472 1076 1211 1115; baseline 0.001 -10"><span class='ocrx_word' id='word_1_104' title='bbox 472 1085 523 1115; x_wconf 90' lang='lat' dir='ltr'>per</span> <span class='ocrx_word' id='word_1_105' title='bbox 545 1076 623 1105; x_wconf 89' lang='lat' dir='ltr'>aliud</span> <span class='ocrx_word' id='word_1_106' title='bbox 647 1076 805 1105; x_wconf 88' lang='lat' dir='ltr'>triennium</span> <span class='ocrx_word' id='word_1_107' title='bbox 832 1077 996 1114; x_wconf 76' lang='lat' dir='ltr'>theologiae</span> <span class='ocrx_word' id='word_1_108' title='bbox 1019 1077 1211 1106; x_wconf 79' lang='lat' dir='ltr'>scholasticae</span> 
     </span>
     <span class='ocr_line' id='line_1_22' title="bbox 471 1125 1213 1166; baseline 0 -11"><span class='ocrx_word' id='word_1_109' title='bbox 471 1126 628 1163; x_wconf 81' lang='lat' dir='ltr'>vacaverit,</span> <span class='ocrx_word' id='word_1_110' title='bbox 651 1130 679 1155; x_wconf 88' lang='lat' dir='ltr'>et</span> <span class='ocrx_word' id='word_1_111' title='bbox 701 1125 822 1156; x_wconf 68' lang='lat' dir='ltr'>obtenta</span> <span class='ocrx_word' id='word_1_112' title='bbox 840 1127 869 1155; x_wconf 92' lang='lat' dir='ltr'>in</span> <span class='ocrx_word' id='word_1_113' title='bbox 886 1125 1003 1166; x_wconf 86' lang='lat' dir='ltr'>scriptis</span> <span class='ocrx_word' id='word_1_114' title='bbox 1023 1126 1143 1156; x_wconf 69' lang='lat' dir='ltr'>licentia</span> <span class='ocrx_word' id='word_1_115' title='bbox 1163 1135 1213 1165; x_wconf 84' lang='lat' dir='ltr'>pa—</span> 
     </span>
     <span class='ocr_line' id='line_1_23' title="bbox 471 1174 1210 1213; baseline 0.001 -11"><span class='ocrx_word' id='word_1_116' title='bbox 471 1174 522 1203; x_wconf 90' lang='lat' dir='ltr'>tris</span> <span class='ocrx_word' id='word_1_117' title='bbox 539 1174 736 1213; x_wconf 44' lang='lat' dir='ltr'>provincialis</span> <span class='ocrx_word' id='word_1_118' title='bbox 754 1179 781 1204; x_wconf 92' lang='lat' dir='ltr'>et</span> <span class='ocrx_word' id='word_1_119' title='bbox 798 1184 863 1204; x_wconf 91' lang='lat' dir='ltr'>cum</span> <span class='ocrx_word' id='word_1_120' title='bbox 877 1175 1141 1212; x_wconf 77' lang='lat' dir='ltr'>examinatoribus,</span> <span class='ocrx_word' id='word_1_121' title='bbox 1156 1174 1210 1204; x_wconf 92' lang='lat' dir='ltr'>sub</span> 
     </span>
    </p>

    <p class='ocr_par' dir='ltr' id='par_1_7' title="bbox 469 1223 1212 1701">
     <span class='ocr_line' id='line_1_24' title="bbox 504 1223 1210 1263; baseline 0.001 -11"><span class='ocrx_word' id='word_1_122' title='bbox 504 1223 544 1261; x_wconf 73' lang='lat'>⁶2,</span> <span class='ocrx_word' id='word_1_123' title='bbox 578 1232 659 1252; x_wconf 91' lang='lat' dir='ltr'>num.</span> <span class='ocrx_word' id='word_1_124' title='bbox 683 1232 707 1260; x_wconf 89' lang='lat'>1,</span> <span class='ocrx_word' id='word_1_125' title='bbox 742 1224 913 1261; x_wconf 85' lang='lat' dir='ltr'>assignatis,</span> <span class='ocrx_word' id='word_1_126' title='bbox 938 1223 1107 1263; x_wconf 81' lang='lat' dir='ltr'>experietur</span> <span class='ocrx_word' id='word_1_127' title='bbox 1141 1223 1210 1262; x_wconf 89' lang='lat' dir='ltr'>quid</span> 
     </span>
     <span class='ocr_line' id='line_1_25' title="bbox 470 1271 1209 1311; baseline 0.001 -11"><span class='ocrx_word' id='word_1_128' title='bbox 470 1271 608 1301; x_wconf 84' lang='lat' dir='ltr'>scientiae</span> <span class='ocrx_word' id='word_1_129' title='bbox 638 1276 666 1301; x_wconf 88' lang='lat' dir='ltr'>et</span> <span class='ocrx_word' id='word_1_130' title='bbox 689 1271 804 1301; x_wconf 86' lang='lat' dir='ltr'>virtutis</span> <span class='ocrx_word' id='word_1_131' title='bbox 827 1271 950 1307; x_wconf 76' lang='lat' dir='ltr'>habeat,</span> <span class='ocrx_word' id='word_1_132' title='bbox 974 1276 1002 1302; x_wconf 90' lang='lat' dir='ltr'>et</span> <span class='ocrx_word' id='word_1_133' title='bbox 1033 1273 1209 1311; x_wconf 83' lang='lat' dir='ltr'>praesertim</span> 
     </span>
     <span class='ocr_line' id='line_1_26' title="bbox 470 1320 1210 1359; baseline 0.001 -10"><span class='ocrx_word' id='word_1_134' title='bbox 470 1329 536 1349; x_wconf 88' lang='lat' dir='ltr'>eum</span> <span class='ocrx_word' id='word_1_135' title='bbox 558 1320 659 1349; x_wconf 90' lang='lat' dir='ltr'>sedulo</span> <span class='ocrx_word' id='word_1_136' title='bbox 682 1320 862 1350; x_wconf 73' lang='lat' dir='ltr'>examinabit</span> <span class='ocrx_word' id='word_1_137' title='bbox 890 1320 925 1349; x_wconf 89' lang='lat' dir='ltr'>de</span> <span class='ocrx_word' id='word_1_138' title='bbox 954 1320 1122 1359; x_wconf 79' lang='lat' dir='ltr'>praecipuis</span> <span class='ocrx_word' id='word_1_139' title='bbox 1144 1330 1210 1350; x_wconf 86' lang='lat' dir='ltr'>san-</span> 
     </span>
     <span class='ocr_line' id='line_1_27' title="bbox 470 1369 1209 1408; baseline 0 -10"><span class='ocrx_word' id='word_1_140' title='bbox 470 1373 533 1398; x_wconf 85' lang='lat' dir='ltr'>ctae</span> <span class='ocrx_word' id='word_1_141' title='bbox 555 1372 672 1398; x_wconf 88' lang='lat' dir='ltr'>nostrae</span> <span class='ocrx_word' id='word_1_142' title='bbox 694 1369 760 1398; x_wconf 85' lang='lat' dir='ltr'>fidei</span> <span class='ocrx_word' id='word_1_143' title='bbox 784 1369 942 1408; x_wconf 63' lang='lat' dir='ltr'>mysteriis,</span> <span class='ocrx_word' id='word_1_144' title='bbox 967 1373 994 1398; x_wconf 92' lang='lat' dir='ltr'>et</span> <span class='ocrx_word' id='word_1_145' title='bbox 1015 1369 1049 1398; x_wconf 90' lang='lat' dir='ltr'>de</span> <span class='ocrx_word' id='word_1_146' title='bbox 1072 1369 1209 1399; x_wconf 82' lang='lat' dir='ltr'>sensibus</span> 
     </span>
     <span class='ocr_line' id='line_1_28' title="bbox 470 1417 1209 1457; baseline 0.001 -11"><span class='ocrx_word' id='word_1_147' title='bbox 470 1426 569 1447; x_wconf 86' lang='lat' dir='ltr'>sacrae</span> <span class='ocrx_word' id='word_1_148' title='bbox 594 1417 775 1457; x_wconf 83' lang='lat' dir='ltr'>Scripturae,</span> <span class='ocrx_word' id='word_1_149' title='bbox 805 1422 833 1447; x_wconf 90' lang='lat' dir='ltr'>et</span> <span class='ocrx_word' id='word_1_150' title='bbox 855 1427 905 1456; x_wconf 89' lang='lat' dir='ltr'>per</span> <span class='ocrx_word' id='word_1_151' title='bbox 928 1422 1038 1447; x_wconf 85' lang='lat' dir='ltr'>secreta</span> <span class='ocrx_word' id='word_1_152' title='bbox 1072 1418 1209 1456; x_wconf 76' lang='lat' dir='ltr'>suffragia</span> 
     </span>
     <span class='ocr_line' id='line_1_29' title="bbox 470 1466 1208 1506; baseline 0 -10"><span class='ocrx_word' id='word_1_153' title='bbox 470 1466 640 1506; x_wconf 80' lang='lat' dir='ltr'>approbatio</span> <span class='ocrx_word' id='word_1_154' title='bbox 663 1467 707 1496; x_wconf 91' lang='lat' dir='ltr'>vel</span> <span class='ocrx_word' id='word_1_155' title='bbox 731 1466 899 1506; x_wconf 85' lang='lat' dir='ltr'>reprobatio</span> <span class='ocrx_word' id='word_1_156' title='bbox 922 1466 992 1503; x_wconf 76' lang='lat' dir='ltr'>fiat3</span> <span class='ocrx_word' id='word_1_157' title='bbox 1026 1471 1054 1496; x_wconf 89' lang='lat' dir='ltr'>et</span> <span class='ocrx_word' id='word_1_158' title='bbox 1076 1467 1208 1506; x_wconf 86' lang='lat' dir='ltr'>insuper,</span> 
     </span>
     <span class='ocr_line' id='line_1_30' title="bbox 469 1515 1212 1554; baseline 0 -9"><span class='ocrx_word' id='word_1_159' title='bbox 469 1520 501 1545; x_wconf 91' lang='lat' dir='ltr'>ut</span> <span class='ocrx_word' id='word_1_160' title='bbox 519 1516 554 1545; x_wconf 88' lang='lat' dir='ltr'>de</span> <span class='ocrx_word' id='word_1_161' title='bbox 577 1516 640 1545; x_wconf 91' lang='lat' dir='ltr'>eius</span> <span class='ocrx_word' id='word_1_162' title='bbox 662 1515 748 1553; x_wconf 84' lang='lat' dir='ltr'>genio</span> <span class='ocrx_word' id='word_1_163' title='bbox 770 1525 803 1545; x_wconf 83' lang='lat' dir='ltr'>ac</span> <span class='ocrx_word' id='word_1_164' title='bbox 826 1516 944 1553; x_wconf 80' lang='lat' dir='ltr'>ingenio</span> <span class='ocrx_word' id='word_1_165' title='bbox 967 1519 1089 1552; x_wconf 89' lang='lat' dir='ltr'>constet,</span> <span class='ocrx_word' id='word_1_166' title='bbox 1114 1516 1212 1554; x_wconf 92' lang='lat' dir='ltr'>dispo-</span> 
     </span>
     <span class='ocr_line' id='line_1_31' title="bbox 469 1564 1211 1603; baseline 0.001 -10"><span class='ocrx_word' id='word_1_167' title='bbox 469 1568 518 1594; x_wconf 92' lang='lat' dir='ltr'>net</span> <span class='ocrx_word' id='word_1_168' title='bbox 547 1564 632 1594; x_wconf 87' lang='lat' dir='ltr'>intra-</span> <span class='ocrx_word' id='word_1_169' title='bbox 652 1568 766 1603; x_wconf 90' lang='lat' dir='ltr'>tempus</span> <span class='ocrx_word' id='word_1_170' title='bbox 795 1564 837 1593; x_wconf 93' lang='lat' dir='ltr'>illi</span> <span class='ocrx_word' id='word_1_171' title='bbox 868 1564 1086 1602; x_wconf 82' lang='lat' dir='ltr'>assignandum,</span> <span class='ocrx_word' id='word_1_172' title='bbox 1111 1568 1139 1594; x_wconf 92' lang='lat' dir='ltr'>et</span> <span class='ocrx_word' id='word_1_173' title='bbox 1161 1565 1211 1594; x_wconf 88' lang='lat' dir='ltr'>ha-</span> 
     </span>
     <span class='ocr_line' id='line_1_32' title="bbox 469 1612 1211 1650; baseline 0.001 -8"><span class='ocrx_word' id='word_1_174' title='bbox 469 1612 550 1642; x_wconf 87' lang='lat' dir='ltr'>bebit</span> <span class='ocrx_word' id='word_1_175' title='bbox 572 1613 742 1643; x_wconf 85' lang='lat' dir='ltr'>concionem</span> <span class='ocrx_word' id='word_1_176' title='bbox 765 1622 863 1642; x_wconf 84' lang='lat' dir='ltr'>coram</span> <span class='ocrx_word' id='word_1_177' title='bbox 891 1614 1112 1650; x_wconf 84' lang='lat' dir='ltr'>communitate,</span> <span class='ocrx_word' id='word_1_178' title='bbox 1137 1618 1165 1643; x_wconf 92' lang='lat' dir='ltr'>et</span> <span class='ocrx_word' id='word_1_179' title='bbox 1187 1613 1211 1643; x_wconf 92' lang='lat' dir='ltr'>si</span> 
     </span>
     <span class='ocr_line' id='line_1_33' title="bbox 469 1662 1082 1701; baseline 0.002 -10"><span class='ocrx_word' id='word_1_180' title='bbox 469 1662 532 1692; x_wconf 84' lang='lat' dir='ltr'>fieri</span> <span class='ocrx_word' id='word_1_181' title='bbox 555 1662 653 1701; x_wconf 83' lang='lat' dir='ltr'>possit,</span> <span class='ocrx_word' id='word_1_182' title='bbox 675 1671 772 1692; x_wconf 87' lang='lat' dir='ltr'>coram</span> <span class='ocrx_word' id='word_1_183' title='bbox 796 1667 877 1701; x_wconf 88' lang='lat' dir='ltr'>patre</span> <span class='ocrx_word' id='word_1_184' title='bbox 900 1662 1082 1701; x_wconf 88' lang='lat' dir='ltr'>provinciali.</span> 
     </span>
    </p>

    <p class='ocr_par' dir='ltr' id='par_1_8' title="bbox 469 1711 1211 1847">
     <span class='ocr_line' id='line_1_34' title="bbox 508 1711 1211 1751; baseline 0.001 -11"><span class='ocrx_word' id='word_1_185' title='bbox 508 1720 538 1740; x_wconf 87' lang='lat' dir='ltr'>n.</span> <span class='ocrx_word' id='word_1_186' title='bbox 564 1711 666 1741; x_wconf 84' lang='lat' dir='ltr'>Nullus</span> <span class='ocrx_word' id='word_1_187' title='bbox 690 1711 805 1750; x_wconf 88' lang='lat' dir='ltr'>publice</span> <span class='ocrx_word' id='word_1_188' title='bbox 823 1711 1024 1748; x_wconf 81' lang='lat' dir='ltr'>concionet‘ur,</span> <span class='ocrx_word' id='word_1_189' title='bbox 1043 1712 1112 1751; x_wconf 91' lang='lat' dir='ltr'>quin</span> <span class='ocrx_word' id='word_1_190' title='bbox 1130 1712 1211 1751; x_wconf 85' lang='lat' dir='ltr'>prius</span> 
     </span>
     <span class='ocr_line' id='line_1_35' title="bbox 470 1759 1211 1800; baseline 0 -10"><span class='ocrx_word' id='word_1_191' title='bbox 470 1764 674 1799; x_wconf 86' lang='lat' dir='ltr'>praesentetur</span> <span class='ocrx_word' id='word_1_192' title='bbox 695 1759 866 1799; x_wconf 85' lang='lat' dir='ltr'>Ordinario,</span> <span class='ocrx_word' id='word_1_193' title='bbox 885 1760 939 1790; x_wconf 89' lang='lat' dir='ltr'>sub</span> <span class='ocrx_word' id='word_1_194' title='bbox 956 1761 1050 1799; x_wconf 69' lang='lat' dir='ltr'>poena.</span> <span class='ocrx_word' id='word_1_195' title='bbox 1072 1761 1211 1800; x_wconf 91' lang='lat' dir='ltr'>privatio-</span> 
     </span>
     <span class='ocr_line' id='line_1_36' title="bbox 469 1808 1039 1847; baseline 0 -9"><span class='ocrx_word' id='word_1_196' title='bbox 469 1809 515 1838; x_wconf 85' lang='lat' dir='ltr'>nis</span> <span class='ocrx_word' id='word_1_197' title='bbox 538 1809 616 1838; x_wconf 88' lang='lat' dir='ltr'>vocis</span> <span class='ocrx_word' id='word_1_198' title='bbox 638 1813 666 1837; x_wconf 87' lang='lat' dir='ltr'>et</span> <span class='ocrx_word' id='word_1_199' title='bbox 688 1808 743 1838; x_wconf 93' lang='lat' dir='ltr'>loci</span> <span class='ocrx_word' id='word_1_200' title='bbox 767 1818 818 1847; x_wconf 90' lang='lat' dir='ltr'>per</span> <span class='ocrx_word' id='word_1_201' title='bbox 840 1818 890 1838; x_wconf 85' lang='lat' dir='ltr'>sex</span> <span class='ocrx_word' id='word_1_202' title='bbox 914 1818 1039 1838; x_wconf 89' lang='lat' dir='ltr'>menses.</span> 
     </span>
    </p>

    <p class='ocr_par' dir='ltr' id='par_1_9' title="bbox 468 1857 1211 2142">
     <span class='ocr_line' id='line_1_37' title="bbox 508 1857 1211 1888; baseline 0 0"><span class='ocrx_word' id='word_1_203' title='bbox 508 1867 549 1888; x_wconf 85' lang='lat'>111.</span> <span class='ocrx_word' id='word_1_204' title='bbox 574 1858 793 1888; x_wconf 68' lang='lat' dir='ltr'>Praedicator-es</span> <span class='ocrx_word' id='word_1_205' title='bbox 815 1858 844 1888; x_wconf 92' lang='lat' dir='ltr'>in</span> <span class='ocrx_word' id='word_1_206' title='bbox 868 1859 929 1888; x_wconf 89' lang='lat' dir='ltr'>suis</span> <span class='ocrx_word' id='word_1_207' title='bbox 952 1857 1143 1888; x_wconf 85' lang='lat' dir='ltr'>concionibus</span> <span class='ocrx_word' id='word_1_208' title='bbox 1165 1867 1211 1888; x_wconf 89' lang='lat' dir='ltr'>so-</span> 
     </span>
     <span class='ocr_line' id='line_1_38' title="bbox 469 1907 1210 1938; baseline 0.001 -2"><span class='ocrx_word' id='word_1_209' title='bbox 469 1907 529 1937; x_wconf 90' lang='lat' dir='ltr'>lum</span> <span class='ocrx_word' id='word_1_210' title='bbox 561 1907 715 1937; x_wconf 86' lang='lat' dir='ltr'>intendant</span> <span class='ocrx_word' id='word_1_211' title='bbox 748 1916 863 1937; x_wconf 89' lang='lat' dir='ltr'>morum</span> <span class='ocrx_word' id='word_1_212' title='bbox 899 1907 1141 1938; x_wconf 81' lang='lat' dir='ltr'>reformationem</span> <span class='ocrx_word' id='word_1_213' title='bbox 1177 1917 1210 1937; x_wconf 92' lang='lat' dir='ltr'>ac</span> 
     </span>
     <span class='ocr_line' id='line_1_39' title="bbox 468 1955 1210 1994; baseline 0.001 -9"><span class='ocrx_word' id='word_1_214' title='bbox 468 1957 610 1986; x_wconf 89' lang='lat' dir='ltr'>virtutum</span> <span class='ocrx_word' id='word_1_215' title='bbox 633 1960 834 1994; x_wconf 82' lang='lat' dir='ltr'>augmentum.</span> <span class='ocrx_word' id='word_1_216' title='bbox 859 1955 912 1991; x_wconf 88' lang='lat' dir='ltr'>Qui</span> <span class='ocrx_word' id='word_1_217' title='bbox 941 1965 1008 1985; x_wconf 90' lang='lat' dir='ltr'>vero</span> <span class='ocrx_word' id='word_1_218' title='bbox 1031 1957 1060 1986; x_wconf 92' lang='lat' dir='ltr'>in</span> <span class='ocrx_word' id='word_1_219' title='bbox 1083 1957 1138 1986; x_wconf 87' lang='lat' dir='ltr'>hoc</span> <span class='ocrx_word' id='word_1_220' title='bbox 1160 1957 1210 1986; x_wconf 89' lang='lat' dir='ltr'>de-</span> 
     </span>
     <span class='ocr_line' id='line_1_40' title="bbox 468 2005 1210 2044; baseline 0 -9"><span class='ocrx_word' id='word_1_221' title='bbox 468 2005 614 2035; x_wconf 82' lang='lat' dir='ltr'>fectuosus</span> <span class='ocrx_word' id='word_1_222' title='bbox 643 2005 741 2043; x_wconf 83' lang='lat' dir='ltr'>fuerit,</span> <span class='ocrx_word' id='word_1_223' title='bbox 765 2009 793 2035; x_wconf 89' lang='lat' dir='ltr'>et</span> <span class='ocrx_word' id='word_1_224' title='bbox 825 2014 839 2034; x_wconf 89' lang='lat' dir='ltr'>a</span> <span class='ocrx_word' id='word_1_225' title='bbox 873 2005 1023 2044; x_wconf 82' lang='lat' dir='ltr'>superiore</span> <span class='ocrx_word' id='word_1_226' title='bbox 1056 2005 1210 2044; x_wconf 85' lang='lat' dir='ltr'>aliquoties</span> 
     </span>
     <span class='ocr_line' id='line_1_41' title="bbox 468 2054 1210 2091; baseline 0 -7"><span class='ocrx_word' id='word_1_227' title='bbox 468 2054 634 2084; x_wconf 86' lang='lat' dir='ltr'>admonitus</span> <span class='ocrx_word' id='word_1_228' title='bbox 656 2063 714 2084; x_wconf 91' lang='lat' dir='ltr'>non</span> <span class='ocrx_word' id='word_1_229' title='bbox 737 2064 767 2084; x_wconf 87' lang='lat' dir='ltr'>se</span> <span class='ocrx_word' id='word_1_230' title='bbox 789 2054 1005 2091; x_wconf 86' lang='lat' dir='ltr'>emendaverit,</span> <span class='ocrx_word' id='word_1_231' title='bbox 1024 2054 1120 2084; x_wconf 81' lang='lat' dir='ltr'>officio</span> <span class='ocrx_word' id='word_1_232' title='bbox 1143 2064 1210 2084; x_wconf 88' lang='lat' dir='ltr'>con-</span> 
     </span>
     <span class='ocr_line' id='line_1_42' title="bbox 469 2102 788 2142; baseline 0 -10"><span class='ocrx_word' id='word_1_233' title='bbox 469 2102 626 2133; x_wconf 86' lang='lat' dir='ltr'>cionatoris</span> <span class='ocrx_word' id='word_1_234' title='bbox 649 2104 788 2142; x_wconf 76' lang='lat' dir='ltr'>privetur.</span> 
     </span>
    </p>

    <p class='ocr_par' dir='ltr' id='par_1_10' title="bbox 466 2151 1208 2534">
     <span class='ocr_line' id='line_1_43' title="bbox 508 2151 1207 2191; baseline 0.001 -10"><span class='ocrx_word' id='word_1_235' title='bbox 508 2160 545 2181; x_wconf 91' lang='lat' dir='ltr'>1v.</span> <span class='ocrx_word' id='word_1_236' title='bbox 568 2151 601 2181; x_wconf 90' lang='lat' dir='ltr'>In</span> <span class='ocrx_word' id='word_1_237' title='bbox 623 2151 791 2182; x_wconf 83' lang='lat' dir='ltr'>civitatibus</span> <span class='ocrx_word' id='word_1_238' title='bbox 814 2152 858 2182; x_wconf 89' lang='lat' dir='ltr'>vel</span> <span class='ocrx_word' id='word_1_239' title='bbox 882 2152 953 2182; x_wconf 83' lang='lat' dir='ltr'>loeis</span> <span class='ocrx_word' id='word_1_240' title='bbox 975 2152 1005 2182; x_wconf 90' lang='lat' dir='ltr'>in</span> <span class='ocrx_word' id='word_1_241' title='bbox 1022 2151 1127 2191; x_wconf 87' lang='lat' dir='ltr'>quibus</span> <span class='ocrx_word' id='word_1_242' title='bbox 1150 2161 1207 2182; x_wconf 89' lang='lat' dir='ltr'>non</span> 
     </span>
     <span class='ocr_line' id='line_1_44' title="bbox 468 2201 1207 2232; baseline -0.001 -1"><span class='ocrx_word' id='word_1_243' title='bbox 468 2205 511 2232; x_wconf 89' lang='lat' dir='ltr'>est</span> <span class='ocrx_word' id='word_1_244' title='bbox 533 2206 695 2231; x_wconf 87' lang='lat' dir='ltr'>conventus</span> <span class='ocrx_word' id='word_1_245' title='bbox 719 2205 818 2231; x_wconf 85' lang='lat' dir='ltr'>noster</span> <span class='ocrx_word' id='word_1_246' title='bbox 844 2211 901 2231; x_wconf 90' lang='lat' dir='ltr'>non</span> <span class='ocrx_word' id='word_1_247' title='bbox 931 2201 1124 2231; x_wconf 87' lang='lat' dir='ltr'>admittantur</span> <span class='ocrx_word' id='word_1_248' title='bbox 1147 2210 1207 2231; x_wconf 89' lang='lat' dir='ltr'>ser-</span> 
     </span>
     <span class='ocr_line' id='line_1_45' title="bbox 468 2250 1207 2288; baseline -0.001 -8"><span class='ocrx_word' id='word_1_249' title='bbox 468 2260 571 2280; x_wconf 88' lang='lat' dir='ltr'>mones</span> <span class='ocrx_word' id='word_1_250' title='bbox 593 2250 858 2288; x_wconf 85' lang='lat' dir='ltr'>Quadragesimae,</span> <span class='ocrx_word' id='word_1_251' title='bbox 886 2250 959 2280; x_wconf 89' lang='lat' dir='ltr'>itaut</span> <span class='ocrx_word' id='word_1_252' title='bbox 990 2251 1051 2280; x_wconf 69' lang='lat' dir='ltr'>tota</span> <span class='ocrx_word' id='word_1_253' title='bbox 1077 2250 1122 2279; x_wconf 85' lang='lat' dir='ltr'>vel</span> <span class='ocrx_word' id='word_1_254' title='bbox 1148 2259 1207 2280; x_wconf 87' lang='lat' dir='ltr'>ma-</span> 
     </span>
     <span class='ocr_line' id='line_1_46' title="bbox 467 2299 1206 2339; baseline -0.003 -9"><span class='ocrx_word' id='word_1_255' title='bbox 467 2299 523 2330; x_wconf 90' lang='lat' dir='ltr'>iori</span> <span class='ocrx_word' id='word_1_256' title='bbox 539 2304 620 2339; x_wconf 78' lang='lat' dir='ltr'>parte</span> <span class='ocrx_word' id='word_1_257' title='bbox 642 2299 722 2329; x_wconf 84' lang='lat' dir='ltr'>illius</span> <span class='ocrx_word' id='word_1_258' title='bbox 744 2299 899 2337; x_wconf 81' lang='lat' dir='ltr'>religiosus</span> <span class='ocrx_word' id='word_1_259' title='bbox 921 2299 959 2328; x_wconf 89' lang='lat' dir='ltr'>sit</span> <span class='ocrx_word' id='word_1_260' title='bbox 975 2303 1054 2328; x_wconf 78' lang='lat' dir='ltr'>extra</span> <span class='ocrx_word' id='word_1_261' title='bbox 1079 2299 1206 2328; x_wconf 87' lang='lat' dir='ltr'>claustra</span> 
     </span>
     <span class='ocr_line' id='line_1_47' title="bbox 467 2346 1207 2387; baseline -0.001 -10"><span class='ocrx_word' id='word_1_262' title='bbox 467 2347 579 2387; x_wconf 85' lang='lat' dir='ltr'>absque</span> <span class='ocrx_word' id='word_1_263' title='bbox 601 2347 720 2377; x_wconf 69' lang='lat' dir='ltr'>licentia</span> <span class='ocrx_word' id='word_1_264' title='bbox 748 2347 909 2386; x_wconf 88' lang='lat' dir='ltr'>superioris</span> <span class='ocrx_word' id='word_1_265' title='bbox 940 2346 1096 2385; x_wconf 86' lang='lat' dir='ltr'>generalis.</span> <span class='ocrx_word' id='word_1_266' title='bbox 1120 2346 1207 2376; x_wconf 89' lang='lat' dir='ltr'>Prae-</span> 
     </span>
     <span class='ocr_line' id='line_1_48' title="bbox 467 2395 1208 2433; baseline -0.001 -7"><span class='ocrx_word' id='word_1_267' title='bbox 467 2397 614 2426; x_wconf 87' lang='lat' dir='ltr'>dicatores</span> <span class='ocrx_word' id='word_1_268' title='bbox 648 2399 744 2426; x_wconf 90' lang='lat' dir='ltr'>autem</span> <span class='ocrx_word' id='word_1_269' title='bbox 777 2395 987 2425; x_wconf 85' lang='lat' dir='ltr'>conventuales</span> <span class='ocrx_word' id='word_1_270' title='bbox 1014 2395 1208 2433; x_wconf 82' lang='lat' dir='ltr'>designentur</span> 
     </span>
     <span class='ocr_line' id='line_1_49' title="bbox 466 2444 1208 2484; baseline -0.001 -9"><span class='ocrx_word' id='word_1_271' title='bbox 466 2456 481 2475; x_wconf 87' lang='lat' dir='ltr'>a</span> <span class='ocrx_word' id='word_1_272' title='bbox 505 2445 678 2484; x_wconf 83' lang='lat' dir='ltr'>provinciali</span> <span class='ocrx_word' id='word_1_273' title='bbox 701 2454 752 2484; x_wconf 92' lang='lat' dir='ltr'>pro</span> <span class='ocrx_word' id='word_1_274' title='bbox 784 2444 915 2484; x_wconf 81' lang='lat' dir='ltr'>qualibet</span> <span class='ocrx_word' id='word_1_275' title='bbox 943 2444 1040 2481; x_wconf 90' lang='lat' dir='ltr'>domo,</span> <span class='ocrx_word' id='word_1_276' title='bbox 1063 2444 1143 2483; x_wconf 88' lang='lat' dir='ltr'>iique</span> <span class='ocrx_word' id='word_1_277' title='bbox 1167 2448 1208 2474; x_wconf 91' lang='lat' dir='ltr'>te-</span> 
     </span>
     <span class='ocr_line' id='line_1_50' title="bbox 466 2492 1208 2534; baseline -0.003 -10"><span class='ocrx_word' id='word_1_278' title='bbox 466 2499 592 2524; x_wconf 82' lang='lat' dir='ltr'>neantur</span> <span class='ocrx_word' id='word_1_279' title='bbox 615 2494 786 2534; x_wconf 83' lang='lat' dir='ltr'>praedicare</span> <span class='ocrx_word' id='word_1_280' title='bbox 809 2493 952 2533; x_wconf 88' lang='lat' dir='ltr'>quidquid</span> <span class='ocrx_word' id='word_1_281' title='bbox 974 2493 1019 2523; x_wconf 86' lang='lat' dir='ltr'>vel</span> <span class='ocrx_word' id='word_1_282' title='bbox 1042 2503 1076 2523; x_wconf 83' lang='lat' dir='ltr'>ex</span> <span class='ocrx_word' id='word_1_283' title='bbox 1095 2492 1208 2531; x_wconf 79' lang='lat' dir='ltr'>obliga-</span> 
     </span>
    </p>
   </div>
   <div class='ocr_carea' id='block_1_5' title="bbox 1228 315 1237 2575">
    <p class='ocr_par' dir='ltr' id='par_1_11' title="bbox 1228 315 1237 2575">
     <span class='ocr_line' id='line_1_51' title="bbox 1228 315 1237 2575; baseline 0 0"><span class='ocrx_word' id='word_1_284' title='bbox 1228 315 1237 2575; x_wconf 95' lang='lat' dir='ltr'> </span> 
     </span>
    </p>
   </div>
   <div class='ocr_carea' id='block_1_6' title="bbox 465 2541 1207 2681">
    <p class='ocr_par' dir='ltr' id='par_1_12' title="bbox 465 2541 1207 2681">
     <span class='ocr_line' id='line_1_52' title="bbox 467 2541 1206 2582; baseline -0.003 -9"><span class='ocrx_word' id='word_1_285' title='bbox 467 2543 545 2573; x_wconf 84' lang='lat' dir='ltr'>tione</span> <span class='ocrx_word' id='word_1_286' title='bbox 568 2547 731 2573; x_wconf 85' lang='lat' dir='ltr'>conventus</span> <span class='ocrx_word' id='word_1_287' title='bbox 753 2542 798 2572; x_wconf 89' lang='lat' dir='ltr'>vel</span> <span class='ocrx_word' id='word_1_288' title='bbox 815 2552 850 2572; x_wconf 84' lang='lat' dir='ltr'>ex</span> <span class='ocrx_word' id='word_1_289' title='bbox 865 2542 1057 2582; x_wconf 88' lang='lat' dir='ltr'>dispositione</span> <span class='ocrx_word' id='word_1_290' title='bbox 1080 2541 1206 2572; x_wconf 90' lang='lat' dir='ltr'>ministri</span> 
     </span>
     <span class='ocr_line' id='line_1_53' title="bbox 465 2591 1207 2631; baseline -0.001 -9"><span class='ocrx_word' id='word_1_291' title='bbox 465 2592 694 2631; x_wconf 82' lang='lat' dir='ltr'>praedicandum</span> <span class='ocrx_word' id='word_1_292' title='bbox 716 2592 807 2622; x_wconf 84' lang='lat' dir='ltr'>suerit</span> <span class='ocrx_word' id='word_1_293' title='bbox 831 2601 884 2631; x_wconf 87' lang='lat' dir='ltr'>pro</span> <span class='ocrx_word' id='word_1_294' title='bbox 907 2593 941 2622; x_wconf 67' lang='lat' dir='ltr'>ea</span> <span class='ocrx_word' id='word_1_295' title='bbox 964 2591 1061 2630; x_wconf 89' lang='lat' dir='ltr'>domo,</span> <span class='ocrx_word' id='word_1_296' title='bbox 1085 2595 1113 2621; x_wconf 90' lang='lat' dir='ltr'>et</span> <span class='ocrx_word' id='word_1_297' title='bbox 1136 2600 1207 2630; x_wconf 84' lang='lat' dir='ltr'>gau-</span> 
     </span>
     <span class='ocr_line' id='line_1_54' title="bbox 465 2640 1206 2681; baseline 0 -10"><span class='ocrx_word' id='word_1_298' title='bbox 465 2640 553 2672; x_wconf 84' lang='lat' dir='ltr'>deant</span> <span class='ocrx_word' id='word_1_299' title='bbox 574 2641 735 2681; x_wconf 81' lang='lat' dir='ltr'>privilegiis</span> <span class='ocrx_word' id='word_1_300' title='bbox 757 2641 902 2672; x_wconf 88' lang='lat' dir='ltr'>lectorum</span> <span class='ocrx_word' id='word_1_301' title='bbox 925 2640 1138 2680; x_wconf 85' lang='lat' dir='ltr'>philosophiae,</span> <span class='ocrx_word' id='word_1_302' title='bbox 1156 2649 1206 2672; x_wconf 83' lang='lat' dir='ltr'>ex-</span> 
     </span>
    </p>
   </div>
   <div class='ocr_carea' id='block_1_7' title="bbox 1254 249 1411 273">
    <p class='ocr_par' dir='ltr' id='par_1_13' title="bbox 1254 249 1411 273">
     <span class='ocr_line' id='line_1_55' title="bbox 1254 249 1411 273; baseline 0 0"><span class='ocrx_word' id='word_1_303' title='bbox 1254 249 1411 273; x_wconf 77' lang='lat' dir='ltr'><strong>ROMANUM</strong></span> 
     </span>
    </p>
   </div>
   <div class='ocr_carea' id='block_1_8' title="bbox 1256 297 1990 383">
    <p class='ocr_par' dir='ltr' id='par_1_14' title="bbox 1256 297 1990 383">
     <span class='ocr_line' id='line_1_56' title="bbox 1256 297 1990 337; baseline -0.001 -10"><span class='ocrx_word' id='word_1_304' title='bbox 1256 302 1340 336; x_wconf 89' lang='lat' dir='ltr'>cepto</span> <span class='ocrx_word' id='word_1_305' title='bbox 1363 297 1508 327; x_wconf 83' lang='lat' dir='ltr'>examine.</span> <span class='ocrx_word' id='word_1_306' title='bbox 1533 297 1697 337; x_wconf 81' lang='lat' dir='ltr'>Capitulum</span> <span class='ocrx_word' id='word_1_307' title='bbox 1715 307 1782 328; x_wconf 87' lang='lat' dir='ltr'>vero</span> <span class='ocrx_word' id='word_1_308' title='bbox 1802 297 1990 336; x_wconf 74' lang='lat' dir='ltr'>provinciale,</span> 
     </span>
     <span class='ocr_line' id='line_1_57' title="bbox 1256 345 1990 383; baseline 0.003 -10"><span class='ocrx_word' id='word_1_309' title='bbox 1256 345 1373 374; x_wconf 81' lang='lat' dir='ltr'>attentis</span> <span class='ocrx_word' id='word_1_310' title='bbox 1395 346 1624 375; x_wconf 80' lang='lat' dir='ltr'>circumstantiis</span> <span class='ocrx_word' id='word_1_311' title='bbox 1641 346 1794 375; x_wconf 89' lang='lat' dir='ltr'>domorum</span> <span class='ocrx_word' id='word_1_312' title='bbox 1804 350 1990 383; x_wconf 17' lang='lat' dir='ltr'>(nostrarum,</span> 
     </span>
    </p>
   </div>
   <div class='ocr_carea' id='block_1_9' title="bbox 1233 393 1992 433">
    <p class='ocr_par' dir='ltr' id='par_1_15' title="bbox 1233 393 1992 433">
     <span class='ocr_line' id='line_1_58' title="bbox 1233 393 1992 433; baseline 0.003 -11"><span class='ocrx_word' id='word_1_313' title='bbox 1233 393 1350 423; x_wconf 80' lang='lat' dir='ltr'>&#39;facere</span> <span class='ocrx_word' id='word_1_314' title='bbox 1383 393 1468 423; x_wconf 79' lang='lat' dir='ltr'>debet</span> <span class='ocrx_word' id='word_1_315' title='bbox 1502 403 1602 423; x_wconf 88' lang='lat' dir='ltr'>earum</span> <span class='ocrx_word' id='word_1_316' title='bbox 1636 395 1870 432; x_wconf 80' lang='lat' dir='ltr'>graduationem,</span> <span class='ocrx_word' id='word_1_317' title='bbox 1905 403 1992 433; x_wconf 88' lang='lat' dir='ltr'>quam</span> 
     </span>
    </p>
   </div>
   <div class='ocr_carea' id='block_1_10' title="bbox 1254 442 1994 1359">
    <p class='ocr_par' dir='ltr' id='par_1_16' title="bbox 1256 442 1994 724">
     <span class='ocr_line' id='line_1_59' title="bbox 1257 442 1994 482; baseline 0.001 -11"><span class='ocrx_word' id='word_1_318' title='bbox 1257 442 1445 482; x_wconf 80' lang='lat' dir='ltr'>provincialis</span> <span class='ocrx_word' id='word_1_319' title='bbox 1462 443 1615 472; x_wconf 82' lang='lat' dir='ltr'>immutare</span> <span class='ocrx_word' id='word_1_320' title='bbox 1631 453 1689 472; x_wconf 89' lang='lat' dir='ltr'>non</span> <span class='ocrx_word' id='word_1_321' title='bbox 1706 443 1823 482; x_wconf 88' lang='lat' dir='ltr'>poterit,</span> <span class='ocrx_word' id='word_1_322' title='bbox 1848 443 1904 472; x_wconf 93' lang='lat' dir='ltr'>nisi</span> <span class='ocrx_word' id='word_1_323' title='bbox 1925 452 1994 472; x_wconf 89' lang='lat' dir='ltr'>con-</span> 
     </span>
     <span class='ocr_line' id='line_1_60' title="bbox 1256 491 1993 530; baseline 0 -10"><span class='ocrx_word' id='word_1_324' title='bbox 1256 491 1401 521; x_wconf 81' lang='lat' dir='ltr'>sentiente</span> <span class='ocrx_word' id='word_1_325' title='bbox 1418 491 1556 530; x_wconf 80' lang='lat' dir='ltr'>capitulo,</span> <span class='ocrx_word' id='word_1_326' title='bbox 1575 495 1606 521; x_wconf 87' lang='lat' dir='ltr'>ut</span> <span class='ocrx_word' id='word_1_327' title='bbox 1623 491 1702 521; x_wconf 85' lang='lat' dir='ltr'>iuxta</span> <span class='ocrx_word' id='word_1_328' title='bbox 1721 501 1784 521; x_wconf 88' lang='lat' dir='ltr'>earn</span> <span class='ocrx_word' id='word_1_329' title='bbox 1807 492 1993 529; x_wconf 82' lang='lat' dir='ltr'>assignentur</span> 
     </span>
     <span class='ocr_line' id='line_1_61' title="bbox 1257 540 1992 578; baseline 0.001 -9"><span class='ocrx_word' id='word_1_330' title='bbox 1257 540 1482 578; x_wconf 74' lang='lat' dir='ltr'>praedicatores,</span> <span class='ocrx_word' id='word_1_331' title='bbox 1501 544 1529 569; x_wconf 91' lang='lat' dir='ltr'>et</span> <span class='ocrx_word' id='word_1_332' title='bbox 1552 544 1701 570; x_wconf 89' lang='lat' dir='ltr'>mutentur</span> <span class='ocrx_word' id='word_1_333' title='bbox 1724 540 1759 570; x_wconf 86' lang='lat' dir='ltr'>de</span> <span class='ocrx_word' id='word_1_334' title='bbox 1783 540 1867 570; x_wconf 91' lang='lat' dir='ltr'>domo</span> <span class='ocrx_word' id='word_1_335' title='bbox 1890 540 1920 570; x_wconf 92' lang='lat' dir='ltr'>in</span> <span class='ocrx_word' id='word_1_336' title='bbox 1942 540 1992 570; x_wconf 91' lang='lat' dir='ltr'>do-</span> 
     </span>
     <span class='ocr_line' id='line_1_62' title="bbox 1257 589 1993 628; baseline 0.003 -11"><span class='ocrx_word' id='word_1_337' title='bbox 1257 598 1347 627; x_wconf 86' lang='lat' dir='ltr'>mum,</span> <span class='ocrx_word' id='word_1_338' title='bbox 1377 593 1530 628; x_wconf 84' lang='lat' dir='ltr'>postquam</span> <span class='ocrx_word' id='word_1_339' title='bbox 1568 589 1597 619; x_wconf 92' lang='lat' dir='ltr'>in</span> <span class='ocrx_word' id='word_1_340' title='bbox 1634 589 1765 628; x_wconf 87' lang='lat' dir='ltr'>qualibet</span> <span class='ocrx_word' id='word_1_341' title='bbox 1801 593 1993 620; x_wconf 79' lang='lat' dir='ltr'>exerceantur</span> 
     </span>
     <span class='ocr_line' id='line_1_63' title="bbox 1257 638 1992 676; baseline 0.001 -9"><span class='ocrx_word' id='word_1_342' title='bbox 1257 647 1308 676; x_wconf 89' lang='lat' dir='ltr'>per</span> <span class='ocrx_word' id='word_1_343' title='bbox 1332 638 1504 674; x_wconf 90' lang='lat' dir='ltr'>triennium,</span> <span class='ocrx_word' id='word_1_344' title='bbox 1523 642 1554 667; x_wconf 90' lang='lat' dir='ltr'>ut</span> <span class='ocrx_word' id='word_1_345' title='bbox 1569 638 1610 668; x_wconf 89' lang='lat' dir='ltr'>sic</span> <span class='ocrx_word' id='word_1_346' title='bbox 1633 638 1668 668; x_wconf 92' lang='lat' dir='ltr'>ad</span> <span class='ocrx_word' id='word_1_347' title='bbox 1691 638 1824 668; x_wconf 87' lang='lat' dir='ltr'>civitates</span> <span class='ocrx_word' id='word_1_348' title='bbox 1846 643 1874 668; x_wconf 89' lang='lat' dir='ltr'>et</span> <span class='ocrx_word' id='word_1_349' title='bbox 1896 638 1992 669; x_wconf 87' lang='lat' dir='ltr'>curias</span> 
     </span>
     <span class='ocr_line' id='line_1_64' title="bbox 1256 686 1615 724; baseline 0.003 -9"><span class='ocrx_word' id='word_1_350' title='bbox 1256 687 1417 724; x_wconf 83' lang='lat' dir='ltr'>seligantur</span> <span class='ocrx_word' id='word_1_351' title='bbox 1439 686 1615 716; x_wconf 81' lang='lat' dir='ltr'>dextriores.</span> 
     </span>
    </p>

    <p class='ocr_par' dir='ltr' id='par_1_17' title="bbox 1255 734 1994 1262">
     <span class='ocr_line' id='line_1_65' title="bbox 1296 734 1990 773; baseline 0.001 -9"><span class='ocrx_word' id='word_1_352' title='bbox 1296 744 1323 764; x_wconf 86' lang='lat' dir='ltr'>v.</span> <span class='ocrx_word' id='word_1_353' title='bbox 1347 734 1567 764; x_wconf 79' lang='lat' dir='ltr'>Praedicatores</span> <span class='ocrx_word' id='word_1_354' title='bbox 1589 734 1649 765; x_wconf 91' lang='lat' dir='ltr'>solo</span> <span class='ocrx_word' id='word_1_355' title='bbox 1680 735 1764 766; x_wconf 90' lang='lat' dir='ltr'>titulo</span> <span class='ocrx_word' id='word_1_356' title='bbox 1787 735 1990 773; x_wconf 84' lang='lat' dir='ltr'>concionandi,</span> 
     </span>
     <span class='ocr_line' id='line_1_66' title="bbox 1255 784 1993 823; baseline 0.003 -10"><span class='ocrx_word' id='word_1_357' title='bbox 1255 784 1368 814; x_wconf 81' lang='lat' dir='ltr'>etiamsi</span> <span class='ocrx_word' id='word_1_358' title='bbox 1405 793 1455 823; x_wconf 92' lang='lat' dir='ltr'>pro</span> <span class='ocrx_word' id='word_1_359' title='bbox 1489 786 1549 814; x_wconf 72' lang='lat' dir='ltr'>tota</span> <span class='ocrx_word' id='word_1_360' title='bbox 1584 784 1811 823; x_wconf 66' lang='lat' dir='ltr'>Quadragesima</span> <span class='ocrx_word' id='word_1_361' title='bbox 1842 795 1993 816; x_wconf 84' lang='lat' dir='ltr'>sermones</span> 
     </span>
     <span class='ocr_line' id='line_1_67' title="bbox 1258 832 1991 873; baseline 0.003 -11"><span class='ocrx_word' id='word_1_362' title='bbox 1258 832 1403 870; x_wconf 86' lang='lat' dir='ltr'>habeant,</span> <span class='ocrx_word' id='word_1_363' title='bbox 1428 833 1566 863; x_wconf 83' lang='lat' dir='ltr'>carnibus</span> <span class='ocrx_word' id='word_1_364' title='bbox 1582 843 1638 863; x_wconf 91' lang='lat' dir='ltr'>non</span> <span class='ocrx_word' id='word_1_365' title='bbox 1657 838 1822 864; x_wconf 82' lang='lat' dir='ltr'>vescantur.</span> <span class='ocrx_word' id='word_1_366' title='bbox 1841 833 1895 870; x_wconf 89' lang='lat' dir='ltr'>Qui</span> <span class='ocrx_word' id='word_1_367' title='bbox 1911 843 1991 873; x_wconf 88' lang='lat' dir='ltr'>vero,</span> 
     </span>
     <span class='ocr_line' id='line_1_68' title="bbox 1256 881 1991 922; baseline 0.003 -12"><span class='ocrx_word' id='word_1_368' title='bbox 1256 881 1312 910; x_wconf 89' lang='lat' dir='ltr'>nisi</span> <span class='ocrx_word' id='word_1_369' title='bbox 1335 881 1393 911; x_wconf 89' lang='lat' dir='ltr'>illis</span> <span class='ocrx_word' id='word_1_370' title='bbox 1416 886 1551 911; x_wconf 83' lang='lat' dir='ltr'>vescatur</span> <span class='ocrx_word' id='word_1_371' title='bbox 1572 881 1818 920; x_wconf 82' lang='lat' dir='ltr'>Quadragesimae</span> <span class='ocrx_word' id='word_1_372' title='bbox 1840 887 1970 922; x_wconf 89' lang='lat' dir='ltr'>tempore</span> <span class='ocrx_word' id='word_1_373' title='bbox 1984 907 1991 921; x_wconf 97' lang='lat'>,</span> 
     </span>
     <span class='ocr_line' id='line_1_69' title="bbox 1256 930 1991 969; baseline 0.003 -10"><span class='ocrx_word' id='word_1_374' title='bbox 1256 930 1422 960; x_wconf 85' lang='lat' dir='ltr'>concionari</span> <span class='ocrx_word' id='word_1_375' title='bbox 1440 940 1496 960; x_wconf 91' lang='lat' dir='ltr'>non</span> <span class='ocrx_word' id='word_1_376' title='bbox 1514 930 1617 966; x_wconf 80' lang='lat' dir='ltr'>valeat,</span> <span class='ocrx_word' id='word_1_377' title='bbox 1635 934 1729 960; x_wconf 81' lang='lat' dir='ltr'>cesset</span> <span class='ocrx_word' id='word_1_378' title='bbox 1752 940 1765 960; x_wconf 89' lang='lat' dir='ltr'>a</span> <span class='ocrx_word' id='word_1_379' title='bbox 1789 931 1991 969; x_wconf 88' lang='lat' dir='ltr'>concionibus,</span> 
     </span>
     <span class='ocr_line' id='line_1_70' title="bbox 1255 979 1993 1018; baseline 0.001 -10"><span class='ocrx_word' id='word_1_380' title='bbox 1255 983 1375 1018; x_wconf 80' lang='lat' dir='ltr'>excepto</span> <span class='ocrx_word' id='word_1_381' title='bbox 1398 988 1478 1016; x_wconf 87' lang='lat' dir='ltr'>casu,</span> <span class='ocrx_word' id='word_1_382' title='bbox 1503 988 1559 1017; x_wconf 90' lang='lat' dir='ltr'>qno</span> <span class='ocrx_word' id='word_1_383' title='bbox 1582 979 1698 1018; x_wconf 88' lang='lat' dir='ltr'>aliquis,</span> <span class='ocrx_word' id='word_1_384' title='bbox 1723 979 1956 1018; x_wconf 88' lang='lat' dir='ltr'>independenter</span> <span class='ocrx_word' id='word_1_385' title='bbox 1977 989 1993 1009; x_wconf 90' lang='lat' dir='ltr'>a</span> 
     </span>
     <span class='ocr_line' id='line_1_71' title="bbox 1257 1023 1994 1066; baseline 0 -9"><span class='ocrx_word' id='word_1_386' title='bbox 1257 1023 1490 1066; x_wconf 80' lang='lat' dir='ltr'>praedicatione,</span> <span class='ocrx_word' id='word_1_387' title='bbox 1527 1037 1576 1066; x_wconf 91' lang='lat' dir='ltr'>pro</span> <span class='ocrx_word' id='word_1_388' title='bbox 1609 1029 1662 1057; x_wconf 71' lang='lat' dir='ltr'>sua</span> <span class='ocrx_word' id='word_1_389' title='bbox 1695 1028 1813 1057; x_wconf 67' lang='lat' dir='ltr'>infirma</span> <span class='ocrx_word' id='word_1_390' title='bbox 1845 1033 1872 1057; x_wconf 91' lang='lat' dir='ltr'>et</span> <span class='ocrx_word' id='word_1_391' title='bbox 1904 1028 1994 1066; x_wconf 61' lang='lat' dir='ltr'>aegra</span> 
     </span>
     <span class='ocr_line' id='line_1_72' title="bbox 1257 1076 1993 1106; baseline 0.001 -1"><span class='ocrx_word' id='word_1_392' title='bbox 1257 1076 1424 1106; x_wconf 81' lang='lat' dir='ltr'>valetudine</span> <span class='ocrx_word' id='word_1_393' title='bbox 1457 1076 1597 1106; x_wconf 87' lang='lat' dir='ltr'>carnibus</span> <span class='ocrx_word' id='word_1_394' title='bbox 1629 1080 1773 1106; x_wconf 84' lang='lat' dir='ltr'>vescatur.</span> <span class='ocrx_word' id='word_1_395' title='bbox 1804 1076 1883 1106; x_wconf 90' lang='lat' dir='ltr'>Talis</span> <span class='ocrx_word' id='word_1_396' title='bbox 1915 1076 1993 1106; x_wconf 90' lang='lat' dir='ltr'>enim</span> 
     </span>
     <span class='ocr_line' id='line_1_73' title="bbox 1257 1124 1993 1163; baseline 0.001 -10"><span class='ocrx_word' id='word_1_397' title='bbox 1257 1125 1453 1163; x_wconf 84' lang='lat' dir='ltr'>praedicando</span> <span class='ocrx_word' id='word_1_398' title='bbox 1484 1125 1514 1154; x_wconf 92' lang='lat' dir='ltr'>in</span> <span class='ocrx_word' id='word_1_399' title='bbox 1547 1124 1776 1163; x_wconf 76' lang='lat' dir='ltr'>Quadragesima</span> <span class='ocrx_word' id='word_1_400' title='bbox 1809 1125 1876 1154; x_wconf 88' lang='lat' dir='ltr'>illas</span> <span class='ocrx_word' id='word_1_401' title='bbox 1908 1124 1993 1154; x_wconf 89' lang='lat' dir='ltr'>edere</span> 
     </span>
     <span class='ocr_line' id='line_1_74' title="bbox 1257 1174 1994 1213; baseline 0.001 -10"><span class='ocrx_word' id='word_1_402' title='bbox 1257 1174 1362 1212; x_wconf 89' lang='lat' dir='ltr'>poterit</span> <span class='ocrx_word' id='word_1_403' title='bbox 1385 1184 1451 1203; x_wconf 90' lang='lat' dir='ltr'>cum</span> <span class='ocrx_word' id='word_1_404' title='bbox 1475 1174 1596 1204; x_wconf 71' lang='lat' dir='ltr'>licentia</span> <span class='ocrx_word' id='word_1_405' title='bbox 1620 1174 1821 1213; x_wconf 86' lang='lat' dir='ltr'>provincialis,</span> <span class='ocrx_word' id='word_1_406' title='bbox 1845 1178 1929 1204; x_wconf 89' lang='lat' dir='ltr'>caute</span> <span class='ocrx_word' id='word_1_407' title='bbox 1951 1177 1994 1204; x_wconf 86' lang='lat' dir='ltr'>ta-</span> 
     </span>
     <span class='ocr_line' id='line_1_75' title="bbox 1256 1223 1800 1262; baseline 0 -10"><span class='ocrx_word' id='word_1_408' title='bbox 1256 1231 1333 1259; x_wconf 87' lang='lat' dir='ltr'>men⁷</span> <span class='ocrx_word' id='word_1_409' title='bbox 1358 1223 1510 1259; x_wconf 76' lang='lat' dir='ltr'>frugaliter</span> <span class='ocrx_word' id='word_1_410' title='bbox 1533 1227 1560 1252; x_wconf 90' lang='lat' dir='ltr'>et</span> <span class='ocrx_word' id='word_1_411' title='bbox 1583 1223 1800 1262; x_wconf 84' lang='lat' dir='ltr'>exemplariter.</span> 
     </span>
    </p>

    <p class='ocr_par' dir='ltr' id='par_1_18' title="bbox 1254 1271 1994 1359">
     <span class='ocr_line' id='line_1_76' title="bbox 1295 1271 1992 1311; baseline 0.003 -11"><span class='ocrx_word' id='word_1_412' title='bbox 1295 1280 1333 1300; x_wconf 80' lang='lat' dir='ltr'>vr.</span> <span class='ocrx_word' id='word_1_413' title='bbox 1358 1271 1387 1301; x_wconf 88' lang='lat' dir='ltr'>Si</span> <span class='ocrx_word' id='word_1_414' title='bbox 1411 1271 1556 1311; x_wconf 89' lang='lat' dir='ltr'>superiori</span> <span class='ocrx_word' id='word_1_415' title='bbox 1588 1271 1745 1310; x_wconf 77' lang='lat' dir='ltr'>expediens</span> <span class='ocrx_word' id='word_1_416' title='bbox 1774 1271 1868 1300; x_wconf 92' lang='lat' dir='ltr'>visum</span> <span class='ocrx_word' id='word_1_417' title='bbox 1891 1271 1992 1310; x_wconf 87' lang='lat' dir='ltr'>suerit,</span> 
     </span>
     <span class='ocr_line' id='line_1_77' title="bbox 1254 1319 1994 1359; baseline 0 -10"><span class='ocrx_word' id='word_1_418' title='bbox 1254 1319 1390 1359; x_wconf 86' lang='lat' dir='ltr'>disponat</span> <span class='ocrx_word' id='word_1_419' title='bbox 1412 1319 1488 1358; x_wconf 92' lang='lat' dir='ltr'>quod</span> <span class='ocrx_word' id='word_1_420' title='bbox 1514 1319 1543 1349; x_wconf 94' lang='lat' dir='ltr'>in</span> <span class='ocrx_word' id='word_1_421' title='bbox 1567 1319 1640 1357; x_wconf 77' lang='lat' dir='ltr'>loco,</span> <span class='ocrx_word' id='word_1_422' title='bbox 1664 1319 1693 1349; x_wconf 93' lang='lat' dir='ltr'>in</span> <span class='ocrx_word' id='word_1_423' title='bbox 1717 1329 1774 1359; x_wconf 88' lang='lat' dir='ltr'>quo</span> <span class='ocrx_word' id='word_1_424' title='bbox 1804 1323 1847 1349; x_wconf 94' lang='lat' dir='ltr'>est</span> <span class='ocrx_word' id='word_1_425' title='bbox 1869 1329 1994 1349; x_wconf 86' lang='lat' dir='ltr'>conven-</span> 
     </span>
    </p>
   </div>
   <div class='ocr_carea' id='block_1_11' title="bbox 1254 1368 2040 1408">
    <p class='ocr_par' dir='ltr' id='par_1_19' title="bbox 1254 1368 2040 1408">
     <span class='ocr_line' id='line_1_78' title="bbox 1254 1368 2040 1408; baseline 0 -10"><span class='ocrx_word' id='word_1_426' title='bbox 1254 1373 1300 1398; x_wconf 91' lang='lat' dir='ltr'>tus</span> <span class='ocrx_word' id='word_1_427' title='bbox 1329 1369 1464 1406; x_wconf 88' lang='lat' dir='ltr'>Ordinis,</span> <span class='ocrx_word' id='word_1_428' title='bbox 1502 1369 1659 1407; x_wconf 83' lang='lat' dir='ltr'>religiosus</span> <span class='ocrx_word' id='word_1_429' title='bbox 1695 1369 1801 1408; x_wconf 87' lang='lat' dir='ltr'>aliquis</span> <span class='ocrx_word' id='word_1_430' title='bbox 1837 1368 1994 1399; x_wconf 87' lang='lat' dir='ltr'>dominicis</span> <span class='ocrx_word' id='word_1_431' title='bbox 2035 1399 2040 1403; x_wconf 77' lang='grc'><em>,</em></span> 
     </span>
    </p>
   </div>
   <div class='ocr_carea' id='block_1_12' title="bbox 1248 1417 1994 2682">
    <p class='ocr_par' dir='ltr' id='par_1_20' title="bbox 1254 1417 1994 1497">
     <span class='ocr_line' id='line_1_79' title="bbox 1254 1417 1994 1458; baseline 0 -10"><span class='ocrx_word' id='word_1_432' title='bbox 1254 1418 1357 1448; x_wconf 88' lang='lat' dir='ltr'>diebus</span> <span class='ocrx_word' id='word_1_433' title='bbox 1380 1422 1464 1448; x_wconf 80' lang='lat' dir='ltr'>exeat</span> <span class='ocrx_word' id='word_1_434' title='bbox 1486 1419 1522 1448; x_wconf 91' lang='lat' dir='ltr'>ad</span> <span class='ocrx_word' id='word_1_435' title='bbox 1544 1418 1707 1448; x_wconf 89' lang='lat' dir='ltr'>docendum</span> <span class='ocrx_word' id='word_1_436' title='bbox 1731 1418 1869 1458; x_wconf 89' lang='lat' dir='ltr'>populum</span> <span class='ocrx_word' id='word_1_437' title='bbox 1886 1417 1994 1448; x_wconf 88' lang='lat' dir='ltr'>doctri-</span> 
     </span>
     <span class='ocr_line' id='line_1_80' title="bbox 1254 1468 1546 1497; baseline 0.003 -1"><span class='ocrx_word' id='word_1_438' title='bbox 1254 1476 1321 1496; x_wconf 87' lang='lat' dir='ltr'>nam</span> <span class='ocrx_word' id='word_1_439' title='bbox 1343 1468 1546 1497; x_wconf 79' lang='lat' dir='ltr'>christianam.</span> 
     </span>
    </p>

    <p class='ocr_par' dir='ltr' id='par_1_21' title="bbox 1254 1516 1994 1751">
     <span class='ocr_line' id='line_1_81' title="bbox 1293 1516 1994 1556; baseline 0.001 -11"><span class='ocrx_word' id='word_1_440' title='bbox 1293 1525 1342 1546; x_wconf 87' lang='lat' dir='ltr'>vn.</span> <span class='ocrx_word' id='word_1_441' title='bbox 1367 1517 1463 1547; x_wconf 88' lang='lat' dir='ltr'>Liceat</span> <span class='ocrx_word' id='word_1_442' title='bbox 1480 1516 1674 1556; x_wconf 86' lang='lat' dir='ltr'>praedicatori</span> <span class='ocrx_word' id='word_1_443' title='bbox 1693 1526 1751 1546; x_wconf 93' lang='lat' dir='ltr'>non</span> <span class='ocrx_word' id='word_1_444' title='bbox 1766 1517 1910 1547; x_wconf 86' lang='lat' dir='ltr'>interesse</span> <span class='ocrx_word' id='word_1_445' title='bbox 1925 1516 1994 1546; x_wconf 92' lang='lat' dir='ltr'>cho-</span> 
     </span>
     <span class='ocr_line' id='line_1_82' title="bbox 1254 1565 1991 1604; baseline 0.001 -10"><span class='ocrx_word' id='word_1_446' title='bbox 1254 1573 1309 1602; x_wconf 90' lang='lat' dir='ltr'>ro,</span> <span class='ocrx_word' id='word_1_447' title='bbox 1343 1569 1468 1604; x_wconf 86' lang='lat' dir='ltr'>excepto</span> <span class='ocrx_word' id='word_1_448' title='bbox 1502 1569 1630 1604; x_wconf 89' lang='lat' dir='ltr'>tempore</span> <span class='ocrx_word' id='word_1_449' title='bbox 1664 1565 1806 1595; x_wconf 85' lang='lat' dir='ltr'>orationis</span> <span class='ocrx_word' id='word_1_450' title='bbox 1836 1565 1991 1604; x_wconf 82' lang='lat' dir='ltr'>mentalis,</span> 
     </span>
     <span class='ocr_line' id='line_1_83' title="bbox 1256 1608 1991 1653; baseline 0.001 -10"><span class='ocrx_word' id='word_1_451' title='bbox 1256 1613 1348 1643; x_wconf 87' lang='lat' dir='ltr'>tribus</span> <span class='ocrx_word' id='word_1_452' title='bbox 1371 1618 1420 1643; x_wconf 88' lang='lat' dir='ltr'>aut</span> <span class='ocrx_word' id='word_1_453' title='bbox 1443 1619 1568 1653; x_wconf 88' lang='lat' dir='ltr'>quatuor</span> <span class='ocrx_word' id='word_1_454' title='bbox 1590 1614 1693 1644; x_wconf 87' lang='lat' dir='ltr'>diebus</span> <span class='ocrx_word' id='word_1_455' title='bbox 1720 1618 1786 1644; x_wconf 90' lang='lat' dir='ltr'>ante</span> <span class='ocrx_word' id='word_1_456' title='bbox 1808 1608 1991 1644; x_wconf 86' lang='lat' dir='ltr'>concionem.</span> 
     </span>
     <span class='ocr_line' id='line_1_84' title="bbox 1254 1662 1994 1702; baseline 0.003 -11"><span class='ocrx_word' id='word_1_457' title='bbox 1254 1662 1481 1701; x_wconf 84' lang='lat' dir='ltr'>Disponentibus</span> <span class='ocrx_word' id='word_1_458' title='bbox 1511 1672 1579 1692; x_wconf 92' lang='lat' dir='ltr'>vero</span> <span class='ocrx_word' id='word_1_459' title='bbox 1607 1672 1757 1693; x_wconf 87' lang='lat' dir='ltr'>sermones</span> <span class='ocrx_word' id='word_1_460' title='bbox 1790 1672 1842 1702; x_wconf 92' lang='lat' dir='ltr'>pro</span> <span class='ocrx_word' id='word_1_461' title='bbox 1865 1662 1994 1698; x_wconf 86' lang='lat' dir='ltr'>Quadra-</span> 
     </span>
     <span class='ocr_line' id='line_1_85' title="bbox 1254 1711 1952 1751; baseline 0.003 -11"><span class='ocrx_word' id='word_1_462' title='bbox 1254 1711 1363 1749; x_wconf 82' lang='lat' dir='ltr'>gesima</span> <span class='ocrx_word' id='word_1_463' title='bbox 1386 1712 1451 1750; x_wconf 90' lang='lat' dir='ltr'>plus</span> <span class='ocrx_word' id='word_1_464' title='bbox 1472 1711 1612 1751; x_wconf 87' lang='lat' dir='ltr'>temporis</span> <span class='ocrx_word' id='word_1_465' title='bbox 1635 1711 1784 1750; x_wconf 87' lang='lat' dir='ltr'>indulgeat</span> <span class='ocrx_word' id='word_1_466' title='bbox 1807 1712 1952 1751; x_wconf 86' lang='lat' dir='ltr'>superior.</span> 
     </span>
    </p>

    <p class='ocr_par' dir='ltr' id='par_1_22' title="bbox 1250 1760 1994 2336">
     <span class='ocr_line' id='line_1_86' title="bbox 1295 1760 1994 1800; baseline 0.003 -11"><span class='ocrx_word' id='word_1_467' title='bbox 1295 1768 1353 1790; x_wconf 87' lang='lat' dir='ltr'>vm.</span> <span class='ocrx_word' id='word_1_468' title='bbox 1378 1762 1466 1790; x_wconf 87' lang='lat' dir='ltr'>Pater</span> <span class='ocrx_word' id='word_1_469' title='bbox 1483 1760 1671 1800; x_wconf 85' lang='lat' dir='ltr'>provincialis</span> <span class='ocrx_word' id='word_1_470' title='bbox 1692 1761 1722 1790; x_wconf 91' lang='lat' dir='ltr'>in</span> <span class='ocrx_word' id='word_1_471' title='bbox 1746 1761 1874 1790; x_wconf 77' lang='lat' dir='ltr'>secunda</span> <span class='ocrx_word' id='word_1_472' title='bbox 1895 1761 1994 1791; x_wconf 88' lang='lat' dir='ltr'>visita-</span> 
     </span>
     <span class='ocr_line' id='line_1_87' title="bbox 1254 1808 1993 1849; baseline 0.003 -11"><span class='ocrx_word' id='word_1_473' title='bbox 1254 1808 1333 1839; x_wconf 88' lang='lat' dir='ltr'>tione</span> <span class='ocrx_word' id='word_1_474' title='bbox 1356 1809 1513 1839; x_wconf 88' lang='lat' dir='ltr'>cuiuslibet</span> <span class='ocrx_word' id='word_1_475' title='bbox 1536 1809 1655 1839; x_wconf 90' lang='lat' dir='ltr'>triennii</span> <span class='ocrx_word' id='word_1_476' title='bbox 1677 1810 1823 1840; x_wconf 83' lang='lat' dir='ltr'>examinet</span> <span class='ocrx_word' id='word_1_477' title='bbox 1842 1810 1993 1849; x_wconf 87' lang='lat' dir='ltr'>praedica-</span> 
     </span>
     <span class='ocr_line' id='line_1_88' title="bbox 1254 1859 1994 1899; baseline 0.001 -11"><span class='ocrx_word' id='word_1_478' title='bbox 1254 1862 1331 1888; x_wconf 89' lang='lat' dir='ltr'>tores</span> <span class='ocrx_word' id='word_1_479' title='bbox 1364 1859 1433 1897; x_wconf 88' lang='lat' dir='ltr'>(his</span> <span class='ocrx_word' id='word_1_480' title='bbox 1466 1859 1594 1899; x_wconf 85' lang='lat' dir='ltr'>exceptis</span> <span class='ocrx_word' id='word_1_481' title='bbox 1626 1860 1676 1899; x_wconf 88' lang='lat' dir='ltr'>qui</span> <span class='ocrx_word' id='word_1_482' title='bbox 1709 1864 1777 1890; x_wconf 90' lang='lat' dir='ltr'>sunt</span> <span class='ocrx_word' id='word_1_483' title='bbox 1809 1859 1853 1889; x_wconf 89' lang='lat' dir='ltr'>vel</span> <span class='ocrx_word' id='word_1_484' title='bbox 1885 1859 1994 1889; x_wconf 87' lang='lat' dir='ltr'>suerint</span> 
     </span>
     <span class='ocr_line' id='line_1_89' title="bbox 1254 1907 1992 1948; baseline 0.003 -12"><span class='ocrx_word' id='word_1_485' title='bbox 1254 1907 1376 1946; x_wconf 88' lang='lat' dir='ltr'>praelati</span> <span class='ocrx_word' id='word_1_486' title='bbox 1398 1912 1448 1937; x_wconf 84' lang='lat' dir='ltr'>aut</span> <span class='ocrx_word' id='word_1_487' title='bbox 1469 1908 1605 1946; x_wconf 88' lang='lat' dir='ltr'>lectores,</span> <span class='ocrx_word' id='word_1_488' title='bbox 1624 1908 1670 1937; x_wconf 90' lang='lat' dir='ltr'>vel</span> <span class='ocrx_word' id='word_1_489' title='bbox 1693 1908 1743 1948; x_wconf 87' lang='lat' dir='ltr'>qui</span> <span class='ocrx_word' id='word_1_490' title='bbox 1766 1917 1817 1948; x_wconf 91' lang='lat' dir='ltr'>per</span> <span class='ocrx_word' id='word_1_491' title='bbox 1839 1907 1992 1938; x_wconf 89' lang='lat' dir='ltr'>duodecim</span> 
     </span>
     <span class='ocr_line' id='line_1_90' title="bbox 1253 1956 1993 1987; baseline 0.001 -2"><span class='ocrx_word' id='word_1_492' title='bbox 1253 1965 1345 1986; x_wconf 87' lang='lat' dir='ltr'>annos</span> <span class='ocrx_word' id='word_1_493' title='bbox 1367 1956 1553 1986; x_wconf 82' lang='lat' dir='ltr'>laudabiliter</span> <span class='ocrx_word' id='word_1_494' title='bbox 1575 1966 1681 1986; x_wconf 92' lang='lat' dir='ltr'>munus</span> <span class='ocrx_word' id='word_1_495' title='bbox 1699 1957 1891 1987; x_wconf 88' lang='lat' dir='ltr'>concionandi</span> <span class='ocrx_word' id='word_1_496' title='bbox 1910 1965 1993 1987; x_wconf 89' lang='lat' dir='ltr'>exer-</span> 
     </span>
     <span class='ocr_line' id='line_1_91' title="bbox 1253 2005 1991 2045; baseline 0 -10"><span class='ocrx_word' id='word_1_497' title='bbox 1253 2006 1407 2045; x_wconf 89' lang='lat' dir='ltr'>cuerunt),</span> <span class='ocrx_word' id='word_1_498' title='bbox 1431 2009 1459 2035; x_wconf 90' lang='lat' dir='ltr'>et</span> <span class='ocrx_word' id='word_1_499' title='bbox 1481 2005 1593 2035; x_wconf 82' lang='lat' dir='ltr'>auferat</span> <span class='ocrx_word' id='word_1_500' title='bbox 1615 2005 1781 2035; x_wconf 85' lang='lat' dir='ltr'>facultatem</span> <span class='ocrx_word' id='word_1_501' title='bbox 1805 2005 1840 2035; x_wconf 88' lang='lat' dir='ltr'>ab</span> <span class='ocrx_word' id='word_1_502' title='bbox 1862 2005 1922 2035; x_wconf 88' lang='lat' dir='ltr'>illis</span> <span class='ocrx_word' id='word_1_503' title='bbox 1940 2005 1991 2045; x_wconf 88' lang='lat' dir='ltr'>qui</span> 
     </span>
     <span class='ocr_line' id='line_1_92' title="bbox 1253 2054 1992 2085; baseline 0.001 -2"><span class='ocrx_word' id='word_1_504' title='bbox 1253 2054 1282 2084; x_wconf 91' lang='lat' dir='ltr'>in</span> <span class='ocrx_word' id='word_1_505' title='bbox 1306 2054 1412 2084; x_wconf 87' lang='lat' dir='ltr'>virtute</span> <span class='ocrx_word' id='word_1_506' title='bbox 1436 2058 1463 2084; x_wconf 91' lang='lat' dir='ltr'>et</span> <span class='ocrx_word' id='word_1_507' title='bbox 1485 2054 1607 2084; x_wconf 67' lang='lat' dir='ltr'>scientia.</span> <span class='ocrx_word' id='word_1_508' title='bbox 1629 2055 1739 2084; x_wconf 85' lang='lat' dir='ltr'>suerint</span> <span class='ocrx_word' id='word_1_509' title='bbox 1761 2054 1923 2085; x_wconf 80' lang='lat' dir='ltr'>desectuosi</span> <span class='ocrx_word' id='word_1_510' title='bbox 1946 2055 1992 2084; x_wconf 88' lang='lat' dir='ltr'>vel</span> 
     </span>
     <span class='ocr_line' id='line_1_93' title="bbox 1252 2103 1991 2142; baseline 0.001 -10"><span class='ocrx_word' id='word_1_511' title='bbox 1252 2103 1371 2132; x_wconf 88' lang='lat' dir='ltr'>inutiles</span> <span class='ocrx_word' id='word_1_512' title='bbox 1393 2103 1429 2133; x_wconf 90' lang='lat' dir='ltr'>ad</span> <span class='ocrx_word' id='word_1_513' title='bbox 1451 2103 1615 2133; x_wconf 84' lang='lat' dir='ltr'>animarum</span> <span class='ocrx_word' id='word_1_514' title='bbox 1633 2103 1805 2142; x_wconf 77' lang='lat' dir='ltr'>profectum,</span> <span class='ocrx_word' id='word_1_515' title='bbox 1823 2107 1851 2134; x_wconf 90' lang='lat' dir='ltr'>et</span> <span class='ocrx_word' id='word_1_516' title='bbox 1873 2103 1909 2133; x_wconf 90' lang='lat' dir='ltr'>ab</span> <span class='ocrx_word' id='word_1_517' title='bbox 1931 2103 1991 2134; x_wconf 89' lang='lat' dir='ltr'>illis</span> 
     </span>
     <span class='ocr_line' id='line_1_94' title="bbox 1251 2151 1992 2190; baseline 0.003 -10"><span class='ocrx_word' id='word_1_518' title='bbox 1251 2151 1300 2190; x_wconf 92' lang='lat' dir='ltr'>qui</span> <span class='ocrx_word' id='word_1_519' title='bbox 1333 2151 1418 2181; x_wconf 88' lang='lat' dir='ltr'>titulo</span> <span class='ocrx_word' id='word_1_520' title='bbox 1452 2151 1680 2190; x_wconf 84' lang='lat' dir='ltr'>praedicationis</span> <span class='ocrx_word' id='word_1_521' title='bbox 1711 2161 1725 2181; x_wconf 87' lang='lat' dir='ltr'>a</span> <span class='ocrx_word' id='word_1_522' title='bbox 1759 2152 1848 2182; x_wconf 90' lang='lat' dir='ltr'>choro</span> <span class='ocrx_word' id='word_1_523' title='bbox 1880 2156 1908 2183; x_wconf 90' lang='lat' dir='ltr'>et</span> <span class='ocrx_word' id='word_1_524' title='bbox 1929 2152 1992 2182; x_wconf 63' lang='lat' dir='ltr'>vita.</span> 
     </span>
     <span class='ocr_line' id='line_1_95' title="bbox 1251 2200 1991 2241; baseline 0.004 -13"><span class='ocrx_word' id='word_1_525' title='bbox 1251 2200 1400 2229; x_wconf 89' lang='lat' dir='ltr'>communi</span> <span class='ocrx_word' id='word_1_526' title='bbox 1432 2210 1462 2229; x_wconf 91' lang='lat' dir='ltr'>se</span> <span class='ocrx_word' id='word_1_527' title='bbox 1495 2201 1638 2237; x_wconf 83' lang='lat' dir='ltr'>eximunt,</span> <span class='ocrx_word' id='word_1_528' title='bbox 1661 2204 1690 2230; x_wconf 87' lang='lat' dir='ltr'>et</span> <span class='ocrx_word' id='word_1_529' title='bbox 1712 2201 1807 2231; x_wconf 80' lang='lat' dir='ltr'>faveat</span> <span class='ocrx_word' id='word_1_530' title='bbox 1836 2201 1991 2241; x_wconf 88' lang='lat' dir='ltr'>foveatque</span> 
     </span>
     <span class='ocr_line' id='line_1_96' title="bbox 1251 2249 1992 2289; baseline 0.004 -12"><span class='ocrx_word' id='word_1_531' title='bbox 1251 2257 1300 2277; x_wconf 89' lang='lat' dir='ltr'>eos</span> <span class='ocrx_word' id='word_1_532' title='bbox 1322 2249 1372 2287; x_wconf 93' lang='lat' dir='ltr'>qui</span> <span class='ocrx_word' id='word_1_533' title='bbox 1394 2249 1424 2278; x_wconf 93' lang='lat' dir='ltr'>in</span> <span class='ocrx_word' id='word_1_534' title='bbox 1447 2249 1639 2279; x_wconf 83' lang='lat' dir='ltr'>concionibus</span> <span class='ocrx_word' id='word_1_535' title='bbox 1662 2250 1725 2280; x_wconf 91' lang='lat' dir='ltr'>suis</span> <span class='ocrx_word' id='word_1_536' title='bbox 1746 2250 1922 2289; x_wconf 86' lang='lat' dir='ltr'>doctrinam,</span> <span class='ocrx_word' id='word_1_537' title='bbox 1947 2259 1992 2280; x_wconf 92' lang='lat' dir='ltr'>ze-</span> 
     </span>
     <span class='ocr_line' id='line_1_97' title="bbox 1250 2296 1711 2336; baseline 0.002 -10"><span class='ocrx_word' id='word_1_538' title='bbox 1250 2296 1310 2326; x_wconf 91' lang='lat' dir='ltr'>lum</span> <span class='ocrx_word' id='word_1_539' title='bbox 1333 2301 1361 2327; x_wconf 90' lang='lat' dir='ltr'>et</span> <span class='ocrx_word' id='word_1_540' title='bbox 1383 2297 1520 2336; x_wconf 89' lang='lat' dir='ltr'>spiritum</span> <span class='ocrx_word' id='word_1_541' title='bbox 1542 2297 1711 2328; x_wconf 88' lang='lat' dir='ltr'>ostendunt.</span> 
     </span>
    </p>

    <p class='ocr_par' dir='ltr' id='par_1_23' title="bbox 1248 2346 1992 2682">
     <span class='ocr_line' id='line_1_98' title="bbox 1291 2346 1992 2387; baseline 0.004 -11"><span class='ocrx_word' id='word_1_542' title='bbox 1291 2355 1310 2376; x_wconf 89' lang='lat'>1.</span> <span class='ocrx_word' id='word_1_543' title='bbox 1335 2346 1474 2385; x_wconf 86' lang='lat' dir='ltr'>Superior</span> <span class='ocrx_word' id='word_1_544' title='bbox 1507 2347 1673 2385; x_wconf 84' lang='lat' dir='ltr'>generalis,</span> <span class='ocrx_word' id='word_1_545' title='bbox 1708 2349 1828 2387; x_wconf 76' lang='lat' dir='ltr'>praevia.</span> <span class='ocrx_word' id='word_1_546' title='bbox 1852 2347 1992 2379; x_wconf 84' lang='lat' dir='ltr'>informa-</span> 
     </span>
     <span class='ocr_line' id='line_1_99' title="bbox 1251 2395 1991 2437; baseline 0.005 -13"><span class='ocrx_word' id='word_1_547' title='bbox 1251 2395 1329 2425; x_wconf 86' lang='lat' dir='ltr'>tione</span> <span class='ocrx_word' id='word_1_548' title='bbox 1351 2395 1478 2426; x_wconf 88' lang='lat' dir='ltr'>ministri</span> <span class='ocrx_word' id='word_1_549' title='bbox 1501 2400 1528 2426; x_wconf 91' lang='lat' dir='ltr'>et</span> <span class='ocrx_word' id='word_1_550' title='bbox 1554 2397 1696 2426; x_wconf 86' lang='lat' dir='ltr'>lectorum</span> <span class='ocrx_word' id='word_1_551' title='bbox 1723 2396 1847 2435; x_wconf 88' lang='lat' dir='ltr'>biennii,</span> <span class='ocrx_word' id='word_1_552' title='bbox 1871 2397 1991 2437; x_wconf 82' lang='lat' dir='ltr'>deputet</span> 
     </span>
     <span class='ocr_line' id='line_1_100' title="bbox 1250 2444 1988 2486; baseline 0.004 -13"><span class='ocrx_word' id='word_1_553' title='bbox 1250 2444 1322 2474; x_wconf 87' lang='lat' dir='ltr'>duos</span> <span class='ocrx_word' id='word_1_554' title='bbox 1355 2444 1399 2473; x_wconf 90' lang='lat' dir='ltr'>vel</span> <span class='ocrx_word' id='word_1_555' title='bbox 1433 2449 1492 2474; x_wconf 88' lang='lat' dir='ltr'>tres</span> <span class='ocrx_word' id='word_1_556' title='bbox 1525 2445 1676 2475; x_wconf 89' lang='lat' dir='ltr'>studentes</span> <span class='ocrx_word' id='word_1_557' title='bbox 1698 2455 1749 2475; x_wconf 90' lang='lat' dir='ltr'>seu</span> <span class='ocrx_word' id='word_1_558' title='bbox 1772 2445 1909 2484; x_wconf 86' lang='lat' dir='ltr'>collegas,</span> <span class='ocrx_word' id='word_1_559' title='bbox 1938 2445 1988 2486; x_wconf 84' lang='lat' dir='ltr'>qui</span> 
     </span>
     <span class='ocr_line' id='line_1_101' title="bbox 1249 2493 1987 2533; baseline 0.003 -10"><span class='ocrx_word' id='word_1_560' title='bbox 1249 2493 1285 2523; x_wconf 90' lang='lat' dir='ltr'>ad</span> <span class='ocrx_word' id='word_1_561' title='bbox 1307 2493 1468 2533; x_wconf 87' lang='lat' dir='ltr'>capitulum</span> <span class='ocrx_word' id='word_1_562' title='bbox 1492 2494 1684 2533; x_wconf 86' lang='lat' dir='ltr'>provinciale,</span> <span class='ocrx_word' id='word_1_563' title='bbox 1716 2495 1807 2525; x_wconf 84' lang='lat' dir='ltr'>finitis</span> <span class='ocrx_word' id='word_1_564' title='bbox 1835 2495 1987 2526; x_wconf 90' lang='lat' dir='ltr'>electioni-</span> 
     </span>
     <span class='ocr_line' id='line_1_102' title="bbox 1249 2541 1987 2581; baseline 0.004 -10"><span class='ocrx_word' id='word_1_565' title='bbox 1249 2541 1315 2580; x_wconf 89' lang='lat' dir='ltr'>bus,</span> <span class='ocrx_word' id='word_1_566' title='bbox 1350 2546 1545 2581; x_wconf 87' lang='lat' dir='ltr'>concurrant,</span> <span class='ocrx_word' id='word_1_567' title='bbox 1581 2546 1613 2573; x_wconf 90' lang='lat' dir='ltr'>ut</span> <span class='ocrx_word' id='word_1_568' title='bbox 1645 2552 1743 2573; x_wconf 89' lang='lat' dir='ltr'>coram</span> <span class='ocrx_word' id='word_1_569' title='bbox 1778 2544 1987 2574; x_wconf 86' lang='lat' dir='ltr'>communitate</span> 
     </span>
     <span class='ocr_line' id='line_1_103' title="bbox 1248 2591 1991 2632; baseline 0.005 -12"><span class='ocrx_word' id='word_1_570' title='bbox 1248 2591 1370 2630; x_wconf 87' lang='lat' dir='ltr'>ipsoque</span> <span class='ocrx_word' id='word_1_571' title='bbox 1392 2591 1521 2630; x_wconf 81' lang='lat' dir='ltr'>capitulo</span> <span class='ocrx_word' id='word_1_572' title='bbox 1545 2601 1596 2631; x_wconf 89' lang='lat' dir='ltr'>per</span> <span class='ocrx_word' id='word_1_573' title='bbox 1624 2592 1831 2623; x_wconf 83' lang='lat' dir='ltr'>conclusiones</span> <span class='ocrx_word' id='word_1_574' title='bbox 1852 2596 1882 2623; x_wconf 88' lang='lat' dir='ltr'>et</span> <span class='ocrx_word' id='word_1_575' title='bbox 1903 2602 1991 2632; x_wconf 87' lang='lat' dir='ltr'>argu-</span> 
     </span>
     <span class='ocr_line' id='line_1_104' title="bbox 1249 2640 1991 2682; baseline 0.004 -12"><span class='ocrx_word' id='word_1_576' title='bbox 1249 2644 1346 2670; x_wconf 89' lang='lat' dir='ltr'>menta</span> <span class='ocrx_word' id='word_1_577' title='bbox 1368 2640 1496 2671; x_wconf 85' lang='lat' dir='ltr'>invicem</span> <span class='ocrx_word' id='word_1_578' title='bbox 1518 2641 1740 2681; x_wconf 85' lang='lat' dir='ltr'>examinentur,</span> <span class='ocrx_word' id='word_1_579' title='bbox 1763 2645 1792 2672; x_wconf 86' lang='lat' dir='ltr'>et</span> <span class='ocrx_word' id='word_1_580' title='bbox 1813 2645 1915 2682; x_wconf 86' lang='lat' dir='ltr'>postea</span> <span class='ocrx_word' id='word_1_581' title='bbox 1938 2650 1991 2682; x_wconf 86' lang='lat' dir='ltr'>per</span> 
     </span>
    </p>
   </div>
   <div class='ocr_carea' id='block_1_13' title="bbox 2187 0 2232 196">
    <p class='ocr_par' dir='ltr' id='par_1_24' title="bbox 2187 0 2232 196">
     <span class='ocr_line' id='line_1_105' title="bbox 2187 0 2232 196; baseline 0 2982"><span class='ocrx_word' id='word_1_582' title='bbox 2187 0 2232 196; x_wconf 95' lang='lat' dir='ltr'> </span> 
     </span>
    </p>
   </div>
   <div class='ocr_carea' id='block_1_14' title="bbox 2000 240 2232 280">
    <p class='ocr_par' dir='ltr' id='par_1_25' title="bbox 2000 238 2232 286">
     <span class='ocr_line' id='line_1_106' title="bbox 2000 240 2232 280; baseline 0.013 -7"><span class='ocrx_word' id='word_1_583' title='bbox 2000 247 2051 274; x_wconf 66' lang='lat' dir='ltr'>An.</span> <span class='ocrx_word' id='word_1_584' title='bbox 2071 246 2099 274; x_wconf 90' lang='lat' dir='ltr'>c.</span> <span class='ocrx_word' id='word_1_585' title='bbox 2115 248 2178 279; x_wconf 75' lang='lat'>17³8</span> <span class='ocrx_word' id='word_1_586' title='bbox 2224 240 2232 280; x_wconf 84' lang='lat' dir='ltr'>t</span> 
     </span>
    </p>
   </div>
   <div class='ocr_carea' id='block_1_15' title="bbox 2199 331 2201 361">
    <p class='ocr_par' dir='ltr' id='par_1_26' title="bbox 2199 331 2201 361">
     <span class='ocr_line' id='line_1_107' title="bbox 2199 331 2201 361; baseline 0 0"><span class='ocrx_word' id='word_1_587' title='bbox 2199 331 2201 361; x_wconf 74' lang='lat' dir='ltr'>l</span> 
     </span>
    </p>
   </div>
   <div class='ocr_carea' id='block_1_16' title="bbox 2205 728 2214 1233">
    <p class='ocr_par' dir='ltr' id='par_1_27' title="bbox 2205 728 2214 1233">
     <span class='ocr_line' id='line_1_108' title="bbox 2205 728 2214 1233; baseline 0 0"><span class='ocrx_word' id='word_1_588' title='bbox 2205 728 2214 1233; x_wconf 95' lang='lat' dir='ltr'> </span> 
     </span>
    </p>
   </div>
   <div class='ocr_carea' id='block_1_17' title="bbox 2199 602 2232 1947">
    <p class='ocr_par' dir='ltr' id='par_1_28' title="bbox 2199 602 2232 1947">
     <span class='ocr_line' id='line_1_109' title="bbox 2199 602 2232 1947; baseline 0 0"><span class='ocrx_word' id='word_1_589' title='bbox 2199 602 2232 1947; x_wconf 95' lang='lat' dir='ltr'> </span> 
     </span>
    </p>
   </div>
   <div class='ocr_carea' id='block_1_18' title="bbox 2023 2358 2177 2408">
    <p class='ocr_par' dir='ltr' id='par_1_29' title="bbox 2023 2358 2177 2408">
     <span class='ocr_line' id='line_1_110' title="bbox 2023 2358 2177 2408; baseline -0.013 0"><span class='ocrx_word' id='word_1_590' title='bbox 2023 2385 2052 2408; x_wconf 76' lang='lat' dir='ltr'>Da</span> <span class='ocrx_word' id='word_1_591' title='bbox 2063 2358 2177 2407; x_wconf 46' lang='lat' dir='ltr'>igneioribul.</span> 
     </span>
    </p>
   </div>
  </div>
 </body>
</html>
