2232 3178
272 213 319 238 Au.
336 211 363 238 st.
389 211 454 238 1738
500 201 564 236 340

465 260 568 292 dictae
593 271 662 293 cum
689 260 823 293 dimidio
849 260 982 293 alterins
1008 259 1101 300 iulii;
1139 270 1200 293 nec

464 323 527 346 non
553 313 590 346 ad
618 324 716 346 unum
743 319 774 346 ct
798 323 893 345 unam
920 313 1005 346 tertii
1031 324 1047 346 a
1073 313 1198 353 decani,

465 377 604 409 quorum
631 371 859 399 sexcentorum
886 371 916 398 et
940 366 1049 399 decem
1076 371 1106 399 et
1127 372 1200 399 octo

466 419 655 452 ducatorum
692 419 759 452 auri
797 419 947 452 similium
986 425 1017 453 ct
1050 420 1200 453 iuliornm

464 473 609 516 quinque
635 478 781 505 monetae
807 473 1017 515 praedictae;
1044 484 1080 506 ac
1106 474 1145 506 ad
1171 485 1202 506 a-

464 526 540 558 lium
578 531 610 558 et
645 525 738 558 aliam
776 527 883 568 quarti
910 526 948 558 ab
975 526 1120 559 ciusdem
1147 527 1201 559 de-

465 577 550 615 cani,
578 589 713 621 quorum
741 578 994 621 quingentorum
1021 584 1050 612 et
1076 585 1202 622 septua-

464 630 552 673 ginta
577 641 690 664 novem
718 631 910 664 ducatorum
944 631 1011 664 anri
1049 632 1200 664 similium

465 689 497 715 et
521 683 670 716 iuliornm
697 689 821 726 septem
848 689 994 716 monetae
1015 684 1200 726 praedictae

465 746 535 768 cum
563 736 694 769 dimidio
720 736 853 768 alterius
878 736 944 769 iulii
964 736 1090 776 similis3
1109 747 1145 769 ac
1162 737 1200 769 ad

465 789 562 821 alium
590 794 620 821 et
646 789 740 821 aliam
763 789 866 832 quarti
893 799 908 821 a
934 789 1096 829 cantoris,
1122 800 1202 832 quo-

465 852 534 874 rum
561 842 811 884 quingentorum
835 847 865 874 ct
891 842 1076 884 octuaginta
1107 843 1202 875 unius

465 895 654 928 ducatorum
688 895 756 927 auri
793 895 947 927 similium
985 900 1015 927 et
1053 895 1201 928 iuliornm

465 948 635 981 duodecim
663 954 813 981 monetae
839 949 1026 991 praedictae
1061 960 1132 981 cum
1159 950 1203 982 di-

464 1001 564 1034 midio
582 1002 717 1034 alterius
744 1001 811 1034 iulii
837 1002 969 1042 similis;
990 1013 1026 1034 ac
1045 1002 1083 1035 ad
1105 1002 1200 1034 alium

464 1060 496 1087 et
522 1055 617 1087 aliam
644 1055 748 1097 quinti
773 1066 789 1087 a
808 1055 922 1088 decani
942 1056 1108 1098 praedicti,
1125 1067 1202 1098 quo-

464 1118 532 1140 rnm
559 1107 836 1150 septingentorum
863 1113 894 1140 et
918 1108 1032 1151 viginti
1059 1108 1202 1152 quinque

465 1160 654 1193 ducatorum
692 1161 758 1193 auri
795 1161 947 1194 similium
985 1168 1016 1194 et
1049 1161 1200 1194 iuliornm

465 1213 636 1246 duodecim
670 1220 820 1247 monetae
845 1214 1031 1257 praedictae
1057 1226 1128 1247 cum
1156 1215 1203 1247 di-

465 1267 565 1300 midio
592 1269 726 1300 alterius
752 1267 818 1300 iulii
838 1268 970 1308 similis;
990 1278 1025 1300 ac
1047 1268 1085 1301 ad
1104 1268 1200 1302 alium

465 1325 496 1353 et
520 1320 614 1353 aliam
641 1321 721 1353 sexti
748 1331 764 1353 a
790 1321 903 1354 decani
930 1321 1098 1364 praedicti,
1128 1333 1203 1365 quo-

464 1382 535 1406 rum
561 1373 814 1416 quingentorum
849 1379 880 1407 et
904 1374 1081 1416 nonaginta
1112 1374 1203 1417 quin<

465 1436 526 1469 que
553 1426 744 1459 ducatorum
769 1427 837 1459 auri
864 1427 1052 1459 huiusmodi
1088 1432 1118 1459 et
1157 1427 1203 1459 iu-

464 1479 582 1512 liornm
609 1486 731 1524 septem
758 1486 906 1514 monetae
925 1480 1112 1523 praedictae
1130 1491 1201 1514 cum

464 1532 599 1566 dimidio
614 1533 746 1566 alterius
765 1533 833 1565 iulii
852 1533 978 1574 similis;
995 1544 1030 1566 ac
1047 1533 1085 1566 ad
1104 1534 1201 1566 alium

464 1591 495 1618 et
518 1585 612 1618 aliam
640 1586 719 1619 sexti
738 1586 776 1618 ab
796 1586 940 1618 eiusdem
959 1587 1108 1627 cantoris,
1128 1597 1204 1629 quo-

464 1648 534 1670 rum
560 1644 783 1671 sexcentorum
811 1639 923 1681 viginti
951 1639 1086 1671 duorum
1112 1639 1204 1672 duca-

465 1696 570 1724 torum
596 1691 664 1724 auri
690 1691 842 1725 similium
870 1697 901 1725 et
926 1692 1079 1725 iuliorum
1114 1693 1204 1735 quin—

464 1744 569 1777 decim
595 1749 743 1777 monetae
770 1745 972 1787 praedictae;
992 1755 1028 1777 ac
1045 1745 1084 1778 ad
1107 1745 1202 1778 alium

464 1802 495 1830 et
521 1797 618 1830 aliam
642 1797 860 1840 magistralem
893 1803 1112 1841 nuncupatam
1145 1809 1202 1831 se-

464 1850 557 1893 ptimi
583 1861 600 1883 a
624 1851 765 1883 cantoris
782 1851 951 1894 praedicti,
974 1851 1040 1894 qui,
1060 1852 1134 1884 dum
1154 1851 1200 1884 illi

462 1913 523 1946 pro
550 1910 693 1948 tempore
719 1909 841 1944 vacant,
859 1904 979 1937 clerico
1000 1915 1054 1937 seu
1072 1905 1203 1949 presby-

464 1960 532 1990 tero
566 1957 599 1989 in
626 1957 792 1999 theologia
818 1958 989 2000 magistro,
1019 1959 1067 1991 vel
1094 1959 1200 1991 forsan

464 2009 651 2052 licentiato⁷
677 2011 715 2043 ab
741 2010 949 2044 universitate
983 2010 1079 2044 studii
1105 2021 1202 2054 gene-

463 2063 540 2096 ralis
559 2062 818 2104 Colimbriensis‚
836 2063 867 2096 in
885 2074 1044 2097 concursu
1064 2064 1203 2107 desuper

464 2115 625 2157 habendo,
646 2117 860 2160 approbando
886 2122 918 2149 et
942 2117 1154 2159 nominando,
1172 2122 1203 2150 et

465 2169 504 2201 ab
530 2169 646 2202 eodem
670 2169 790 2202 Ioanne
827 2175 858 2202 et
882 2180 941 2213 pro
969 2175 1112 2214 tempore
1138 2170 1202 2202 exi-

464 2227 571 2255 stente
596 2222 812 2265 portugalliae
835 2227 867 2255 ct
884 2223 1108 2265 Algarbiorum
1127 2234 1202 2265 rege

465 2275 716 2318 praesentando,
734 2276 900 2309 ordinaria
917 2277 1104 2309 auctoritate
1130 2287 1203 2310 con-

466 2328 541 2361 ferri
567 2333 808 2362 consueverunt
832 2333 863 2362 et
881 2329 1011 2369 debent,
1030 2334 1062 2362 ct
1079 2330 1117 2362 dc
1138 2329 1204 2372 qui-

465 2381 525 2414 hus
551 2392 608 2426 pro
635 2387 781 2425 tempore
807 2382 928 2425 provisi
955 2393 1067 2415 novam
1091 2393 1203 2415 corum

465 2435 686 2478 provisionem
704 2446 720 2467 a
734 2435 815 2468 Sede
828 2434 1013 2478 Apostolica
1028 2435 1202 2478 impetrare

466 2494 496 2520 et
529 2489 599 2521 iura
629 2488 779 2522 Gamerae
817 2488 1022 2531 Apostolicae
1072 2494 1103 2520 et
1133 2488 1202 2521 aliis

465 2546 641 2585 propterca
677 2542 784 2576 debita
820 2543 1004 2585 persolvere
1034 2547 1201 2583 tenentur,

1045 212 1227 236 BULLARIUM
1251 211 1336 235 ROMA
1342 212 1407 235 NUM

1244 260 1432 293 ducatorum
1465 260 1532 293 auri
1567 260 1719 294 similium
1760 265 1791 294 et
1824 260 1978 294 iuliornm

1244 314 1354 346 decem
1380 319 1529 347 monetae
1554 315 1755 358 praedictae;
1776 320 1803 348 et
1823 314 1860 348 ad
1884 315 1979 348 alium

1244 372 1275 399 ct
1299 367 1393 399 aliam
1420 368 1521 400 octavi
1549 379 1564 400 a
1584 368 1741 411 praedicti
1760 369 1885 409 decani,
1904 378 1981 411 quo-

1245 431 1314 453 rum
1347 427 1571 455 sexcentorum
1598 426 1668 456 octo
1695 422 1886 455 ducatorum
1912 422 1979 455 auri

1245 472 1419 514 similiunn
1447 484 1481 506 ac
1507 475 1546 507 ad
1572 474 1670 507 alium
1697 479 1728 507 et
1752 474 1844 506 aliam
1878 473 1979 507 octavi

1244 538 1260 559 a
1287 527 1361 559 dicti
1388 527 1555 570 cantoris,
1581 538 1719 570 quorum
1756 532 1979 560 sexcentorum

1245 579 1458 622 quadraginta
1490 590 1543 613 sex
1578 580 1767 613 ducatorum
1794 581 1862 613 auri
1887 579 1978 612 simi-

1245 633 1321 665 lium
1349 638 1378 665 et
1397 632 1549 665 iuliornm
1568 634 1711 677 quinque
1730 639 1878 666 monetae
1893 643 1980 677 prae-

1246 685 1361 726 dictae;
1384 697 1419 719 ac
1441 687 1479 719 ad
1506 687 1604 720 alium
1623 691 1653 719 ct
1669 688 1762 720 aliam
1782 687 1979 720 doctoralem

1245 746 1459 783 nuncupatam
1498 740 1575 773 noni
1612 740 1651 772 ab
1678 740 1822 773 eiusdem
1850 740 1978 780 decani,

1246 792 1311 835 qui,
1330 804 1387 835 pro
1416 798 1561 835 tempore
1587 804 1715 837 quoque
1741 799 1897 834 vacanteS,
1914 794 1980 826 cle-

1245 845 1311 878 rico
1349 857 1406 878 seu
1442 846 1635 889 presbytero
1672 847 1702 878 in
1729 846 1799 880 iure
1825 846 1980 879 canonico

1245 908 1300 930 seu
1326 898 1434 930 forsan
1461 898 1545 931 civili
1572 899 1709 939 doctori,
1735 905 1788 932 aut
1813 899 1917 932 sorsan
1944 899 1982 932 li-

1246 950 1399 991 centiato,
1419 952 1457 983 ab
1475 951 1684 985 universitate
1709 952 1873 995 praedicta
1898 951 1982 984 simi-

1246 1002 1318 1035 liter
1350 1003 1563 1046 approbando
1590 1008 1619 1038 et
1643 1004 1861 1044 nominando,
1887 1009 1918 1037 et
1942 1003 1980 1036 ab

1246 1055 1361 1088 eodem
1388 1055 1508 1088 Ioanne
1526 1061 1557 1089 et
1574 1067 1633 1099 pro
1653 1062 1797 1100 tempore
1823 1057 1981 1090 existente

1245 1108 1460 1151 Portugalliae
1486 1115 1517 1142 et
1542 1110 1768 1152 Algarbiorum
1793 1121 1868 1153 rege
1888 1121 1980 1153 prae-

1246 1161 1330 1194 dicto
1357 1162 1449 1194 etiam
1475 1163 1723 1205 praesentando,
1745 1163 1910 1195 ordinaria
1930 1173 1981 1196 au-

1245 1215 1393 1248 ctoritate
1412 1215 1577 1258 praedicta
1593 1216 1742 1248 similiter
1755 1217 1893 1249 conferri
1912 1226 1982 1250 con-

1246 1273 1419 1300 sueverunt
1445 1273 1476 1300 et
1501 1269 1630 1308 debent,
1656 1274 1687 1301 ct
1713 1269 1757 1301 de
1779 1269 1896 1312 quibus
1921 1279 1981 1312 pro

1248 1326 1392 1364 tempore
1417 1321 1539 1364 provisi
1566 1321 1686 1364 pariter
1709 1332 1823 1355 novam
1850 1321 1981 1355 illorum

1247 1375 1465 1417 provisionem
1492 1386 1508 1407 a
1534 1374 1615 1407 dicta
1641 1375 1722 1408 Sede
1748 1375 1920 1418 impetrare
1946 1386 1982 1408 ac

1246 1427 1315 1459 iura
1337 1427 1441 1460 eidem
1459 1427 1610 1460 Gamerae
1630 1428 1835 1471 Apostolicae
1858 1434 1889 1461 et
1909 1428 1981 1461 aliis

1245 1485 1279 1512 ut
1304 1480 1486 1523 praefertur
1522 1480 1631 1513 debita
1656 1481 1844 1523 persolvere
1871 1486 1983 1514 tenen-

1248 1537 1316 1571 tur,
1343 1544 1379 1565 ac
1406 1543 1540 1576 quorum
1566 1539 1792 1566 sexcentorum
1828 1539 1901 1567 octo
1927 1534 1984 1566 du-

1246 1591 1389 1618 catorum
1415 1585 1485 1617 auri
1511 1585 1680 1626 similium;
1707 1597 1742 1619 ac
1767 1587 1805 1619 ad
1831 1587 1927 1620 alium
1953 1592 1984 1620 et

1246 1639 1338 1671 aliam
1366 1639 1547 1672 duodecimi
1585 1639 1623 1672 ab
1649 1640 1793 1673 eiusdem
1819 1640 1982 1680 cantoris,

1246 1703 1383 1735 quorum
1409 1692 1692 1735 septingentorum
1726 1697 1866 1736 quatuor
1891 1694 1984 1726 duca·

1248 1750 1353 1778 torum
1381 1745 1450 1778 auri
1469 1745 1623 1778 similium
1648 1751 1679 1778 et
1699 1745 1854 1778 iuliornm
1873 1746 1983 1779 decem

1246 1803 1395 1831 monetae
1420 1799 1624 1841 praedictae;
1652 1810 1686 1832 ac
1711 1800 1751 1832 ad
1776 1799 1874 1832 alium
1900 1806 1932 1833 et
1956 1811 1984 1833 a-

1245 1851 1320 1884 liam
1359 1851 1563 1884 tertiidecimi
1598 1863 1615 1884 a
1649 1852 1761 1885 decani
1798 1853 1980 1896 praedicti,

1246 1916 1384 1948 quorum
1416 1910 1643 1939 sexcentorum
1678 1905 1828 1939 undecim
1854 1907 1984 1940 ducato-

1244 1968 1315 1991 rum
1341 1957 1409 1990 auri
1442 1957 1593 1991 similium
1619 1964 1649 1991 ct
1675 1958 1825 1992 iuliornm
1861 1958 1983 2002 septem

1245 2017 1395 2044 monetae
1407 2012 1590 2054 praedictae
1613 2022 1684 2045 cum
1703 2011 1836 2045 dimidio
1853 2011 1984 2045 alterius

1245 2064 1313 2097 iulii
1340 2064 1470 2104 similis,
1491 2075 1527 2097 ac
1553 2065 1590 2098 ad
1609 2064 1704 2098 alium
1727 2070 1759 2098 et
1779 2065 1872 2098 aliam
1894 2075 1984 2108 quar-

1247 2116 1385 2149 tidecimi
1425 2117 1463 2149 al]
1501 2117 1645 2150 eiusdem
1683 2118 1821 2158 decani,
1847 2127 1985 2161 quorum

1246 2170 1501 2212 quingentorum
1526 2177 1557 2203 et
1581 2171 1757 2213 nonaginta
1776 2176 1912 2214 quatuor
1929 2171 1985 2204 du-

1245 2227 1389 2255 catorum
1408 2223 1475 2255 auri
1501 2222 1652 2255 similium
1673 2228 1704 2256 et
1721 2223 1872 2256 iuliornm
1892 2223 1985 2266 quin-

1246 2275 1348 2308 decim
1373 2280 1522 2308 monetae
1543 2276 1745 2319 praedictac;
1766 2287 1801 2309 ac
1826 2276 1863 2309 ad
1886 2277 1985 2310 alium

1246 2333 1275 2361 et
1300 2329 1393 2361 aliam
1420 2329 1644 2373 quintidecimi
1674 2341 1690 2363 a
1717 2330 1790 2363 dicti
1817 2329 1982 2371 cantoris,

1246 2392 1382 2424 quorum
1421 2382 1703 2425 septingentorum
1743 2382 1854 2426 viginti
1889 2382 1984 2415 trium

1247 2435 1437 2468 ducatorum
1474 2436 1543 2467 auri
1581 2436 1732 2469 similium
1768 2441 1798 2469 et
1830 2435 1983 2468 iuliornm

1247 2494 1371 2531 septem
1398 2493 1549 2521 monetae
1576 2489 1762 2532 praedictae
1793 2499 1864 2522 eum
1890 2488 1983 2522 dimi-

1246 2541 1299 2574 dio
1318 2541 1450 2575 alterius
1466 2541 1534 2574 iulii
1553 2542 1679 2583 similis,
1701 2553 1840 2585 quorum
1859 2541 1984 2575 medie-

466 2605 502 2630 ac
541 2606 679 2639 quorum
720 2600 947 2631 sexcentorum
982 2595 1095 2640 viginti
1131 2600 1202 2630 octo
1245 2599 1350 2637 tatem,
1377 2605 1433 2629 scu
1458 2595 1549 2629 euius
1575 2594 1740 2629 dimidiam
1763 2595 1982 2640 praebendam

2200 835 2212 1183 Ι

2221 1012 2232 1342 ⁴

2224 1580 2232 1893 l
