2232 3178
244 222 294 248 An.
315 221 342 249 C.
363 220 431 248 ¹735

476 210 518 243 98
1016 216 1198 242 numanum
1223 214 1381 240 nomnen

438 270 497 303 lias
533 270 607 302 dicti
645 269 741 302 officii
779 268 951 301 vicariatus
983 267 1174 308 facultates,

438 324 462 355 si
489 335 571 367 quae
604 328 724 363 essent,
749 333 808 366 pro
842 322 1001 365 expressis
1034 322 1176 361 liabens,

439 377 616 410 antedictas
653 376 750 409 officii
782 375 954 408 vicariatus
990 375 1175 408 huiusmodi

439 430 682 463 concessionem
717 434 749 461 ct
780 429 1032 472 assignationem
1066 433 1174 469 motu,

437 484 571 516 seientia
609 489 639 516 et.
678 483 845 526 potestatis
884 483 1089 526 plenitudine
1130 482 1173 514 si-

438 538 568 570 milibus
600 536 838 569 confirmaverit
868 541 900 569 et
931 536 1177 580 approbaverit,

438 592 608 634 ipsumque
627 589 805 623 Fabritium
824 590 1021 623 cardinalem
1036 590 1068 622 in
1083 600 1175 622 suum

438 650 469 677 ct
494 643 586 676 Urbis
613 654 649 675 ac
682 643 913 676 suburbiorum
950 648 980 676 et
1017 643 1178 676 districtus

437 699 659 741 praefatorum
679 697 842 736 ricarium,
861 707 991 730 necnon
1012 697 1177 730 Romanae

436 751 550 784 Curiae
587 750 725 783 iudicem
763 750 961 783 ordinarium
999 751 1105 784 denuo
1130 762 1178 784 as-

436 804 631 848 sumpserit,
660 803 868 836 constituerit
893 809 925 836 et
956 804 1175 846 deputaverit,

436 868 565 896 curam,
599 856 744 899 regimen
780 861 811 888 et
846 856 1176 895 administrationem,

436 911 639 954 liberumque
659 909 847 943 exercitium
874 909 969 942 officii
991 909 1176 942 huiusmodi

436 965 482 998 ei¹
502 963 647 1008 plenarie
666 963 897 996 committendo
924 974 996 996 cum
1017 968 1176 1006 potestate

437 1016 545 1050 omnia
570 1025 600 1050 et
625 1016 754 1058 singula
775 1015 929 1057 faciendi,
948 1015 1097 1058 gerendi,
1117 1015 1178 1048 dis-

435 1069 599 1113 ponendi,
627 1069 816 1108 ordinandi,
844 1068 1019 1101 mandandi
1046 1074 1078 1101 et
1106 1079 1178 1101 exe-

436 1123 573 1167 fluendi,
600 1133 682 1166 quae
714 1122 751 1154 ad
784 1121 971 1155 huiusmodi
1007 1121 1177 1154 vicariatus

436 1176 576 1209 officium
602 1176 641 1208 de
665 1177 734 1209 iure
752 1202 759 1216 ,
786 1176 889 1219 stylo,
924 1174 1176 1215 consuetudine,

436 1236 491 1263 aut
515 1230 592 1262 alias
618 1229 864 1273 quomodolibet
881 1228 1047 1272 pertinere
1066 1228 1177 1271 digno-

435 1284 626 1323 scebantur,
659 1289 691 1316 et
726 1293 809 1326 quae
841 1293 954 1315 omnes
980 1281 1033 1315 alii
1068 1281 1176 1314 vicarii

435 1336 546 1377 Urbis,
580 1337 713 1379 eiusque
740 1335 971 1369 suburbiorum
1006 1340 1038 1367 et
1072 1335 1177 1368 distri-

436 1397 517 1431 ctus,
538 1391 576 1423 rte
603 1390 681 1429 iure,
702 1390 784 1433 stylo
810 1394 841 1422 et
861 1388 1108 1428 consuetudine,
1127 1389 1176 1421 vcl

436 1444 498 1477 alio
524 1453 726 1486 quocumque
752 1442 849 1475 modo
876 1447 907 1475 et
933 1442 1023 1475 titulo
1050 1441 1176 1481 dicere,

436 1498 562 1536 facere,
598 1496 775 1535 ordinare,
802 1495 957 1528 mandare
994 1500 1026 1528 et
1062 1495 1177 1538 exequi

435 1554 614 1594 potuerant
638 1555 669 1581 et
694 1548 870 1587 debebant,
890 1559 925 1581 ac
952 1548 1049 1581 etiam
1068 1548 1177 1591 vigore

435 1603 579 1637 omnium
606 1608 637 1636 et
663 1612 941 1645 quorumcumque
966 1601 1176 1642 indultorum,

436 1657 624 1689 facultatum
652 1660 684 1687 et
708 1654 952 1698 privilegiorum
983 1665 1041 1698 per
1077 1655 1178 1688 felicis

436 1709 670 1743 recordationis
692 1708 824 1741 Paulum
842 1708 878 1747 ll,
900 1708 1099 1741 Clementem
1118 1709 1177 1749 vlt,

436 1763 567 1795 Paulum
594 1762 652 1801 Ill,
681 1761 794 1794 Iulium
820 1761 895 1794 item
922 1762 960 1794 III
981 1789 989 1801 ,
1015 1762 1105 1794 Pium
1131 1762 1177 1802 IV,

437 1816 525 1849 Pium
551 1815 588 1855 V,
615 1813 816 1848 Clementem
842 1814 923 1855 VIII,
949 1815 1096 1858 aliosque
1116 1815 1174 1848 1³0⁴

435 1880 549 1902 manos
563 1868 733 1901 Pontifices
752 1868 1022 1911 praedecessores
1036 1873 1178 1908 nostros,

437 1928 513 1955 tunc
527 1933 609 1962 suos,
625 1931 851 1954 concessorum
871 1926 944 1953 ante
965 1921 1087 1954 litteras
1106 1922 1177 1965 piae

436 1976 611 2008 memoriae
637 1974 724 2007 Pauli
752 1974 856 2017 Papae
881 1975 904 2006 V
929 1974 1024 2007 etiam
1049 1976 1178 2018 praede-

436 2028 578 2062 cessoris
604 2027 716 2067 nostri,
736 2033 811 2060 tunc
836 2027 895 2066 sui,
915 2028 975 2060 sub
1001 2028 1107 2060 datum
1128 2029 1179 2061 ka-

435 2082 549 2115 lendas
582 2081 686 2113 martii
726 2091 810 2113 anno
847 2081 1084 2113 Incarnationis
1122 2082 1179 2114 do-

437 2136 573 2168 minicae
599 2144 696 2168 uncxi
715 2145 812 2177 super
830 2134 1060 2168 reformatione
1079 2135 1178 2167 tribu-

436 2188 556 2221 nalium
577 2188 669 2220 Urbis
688 2187 798 2227 editas,
817 2198 888 2219 cum
907 2188 1177 2221 declarationibus

438 2247 544 2274 tamen
570 2246 602 2274 et
625 2240 912 2273 reformationibus
950 2241 1109 2273 contentis
1146 2242 1176 2274 in

437 2294 549 2328 litteris
585 2293 739 2337 praedicti
778 2293 864 2326 Pauli
896 2293 1000 2336 Papae
1027 2293 1049 2324 V
1074 2294 1177 2337 (iuxta

438 2358 533 2391 cpias,
560 2352 591 2380 et
616 2346 796 2389 respective
822 2347 860 2379 ad
888 2357 959 2379 eum
997 2351 1112 2380 statum
1146 2348 1176 2380 in

438 2413 501 2444 quo
529 2406 621 2434 erant
646 2406 721 2433 ante
748 2400 875 2433 easdem
901 2400 1025 2433 litteras
1041 2401 1176 2443 praefati

439 2454 526 2486 Pauli
554 2453 584 2494 V,
612 2453 706 2486 etiam
735 2453 837 2486 felicis
870 2453 1104 2486 recordationis
1129 2454 1177 2486 In-

438 2507 610 2540 nocentius
636 2507 720 2550 Papa
740 2506 805 2546 XII,
823 2506 971 2539 similiter
988 2507 1178 2550 praedeces-

440 2570 494 2593 sor
519 2564 638 2601 noster,
658 2565 732 2592 tune
758 2559 833 2592 dicti
852 2559 1032 2592 innocentii
1051 2559 1125 2600 XIII,
1144 2559 1176 2592 in

474 2622 487 2649 1
509 2621 578 2650 Edit.
600 2622 683 2649 Main.
705 2621 770 2658 legit
789 2623 828 2650 vel
847 2630 894 2659 pro
915 2622 942 2650 ez'
961 2623 999 2657 (n.
1017 2621 1065 2657 τ.).

1220 265 1287 298 suis
1314 265 1431 298 litteris
1455 275 1554 309 super
1577 265 1806 309 suppressione
1822 291 1830 306 ,
1856 264 1961 299 aboli-

1222 319 1308 352 tione
1335 324 1367 352 ct
1391 318 1605 362 abrogatione
1632 319 1838 353 tribunalium
1864 324 1895 352 et
1918 319 1962 351 iu-

1221 372 1329 405 dicum
1354 372 1447 405 Urbis
1466 383 1502 405 ex
1521 371 1698 415 privilegiis
1714 372 1961 406 constitutorum

1222 425 1316 458 editis
1341 430 1371 458 et
1396 425 1555 469 expeditis
1580 435 1617 458 xv
1642 426 1797 459 kalendas
1819 425 1961 458 octobris

1220 489 1305 512 anno
1331 479 1474 512 eiusdem
1508 478 1742 511 lucarnationis
1779 477 1961 512 dominicae

1220 542 1370 574 amcxcu,
1390 533 1568 572 facultates,
1586 531 1752 575 privilegia
1778 537 1809 565 et
1826 531 1960 570 indulta,

1221 586 1338 618 vicario
1364 596 1423 629 pro
1451 591 1594 628 tempore
1612 584 1761 618 existenti
1780 584 1884 618 dictae
1903 584 1961 618 Ur-

1220 639 1270 672 bis
1296 639 1428 682 eiusque
1455 639 1619 671 districtus
1644 649 1704 681 per
1735 638 1898 681 praefatos
1931 644 1963 671 et

1220 693 1300 726 alios
1326 693 1421 725 etiam
1449 692 1646 736 posteriores
1672 692 1833 725 Romanos
1859 691 1963 725 Ponti-

1221 746 1296 779 fiees
1322 756 1484 786 concessa,
1506 746 1538 778 in
1564 745 1769 778 iudicialibus
1797 745 1962 778 dumtaxat

1221 799 1349 832 reduxit
1373 810 1429 832 seu
1460 799 1684 842 reformavit),
1712 809 1791 842 quas
1828 797 1960 842 quidem

1221 852 1469 886 constitutiones
1510 853 1803 896 praedecessorum
1849 851 1960 885 huius-

1221 906 1308 939 modi
1328 932 1335 948 ,
1362 906 1532 949 omniaque
1557 911 1589 939 et
1613 906 1741 949 singula
1765 905 1904 947 indulta,
1921 905 1963 939 fa·

1221 961 1356 993 cultates
1381 964 1412 992 et
1446 959 1616 1002 privilegia
1640 965 1673 991 ut
1702 959 1885 1002 praefertur
1908 960 1959 993 ol·

1221 1013 1295 1046 ficio
1334 1013 1504 1047 vicariatus
1546 1013 1729 1046 huiusmodi
1767 1017 1798 1046 et
1835 1012 1961 1046 vicariis

1220 1066 1375 1110 praefatis
1402 1065 1433 1098 in
1459 1065 1666 1099 iudicialibus
1692 1075 1860 1106 concessa,
1879 1065 1963 1098 etad

1221 1124 1336 1152 statum
1370 1119 1551 1162 praefatum
1585 1119 1733 1159 redacta,
1761 1128 1895 1162 quarum
1932 1122 1963 1151 et

1222 1172 1375 1216 quorum¹
1403 1177 1532 1206 tenores
1557 1172 1644 1205 idem
1663 1172 1870 1205 Innocentius
1894 1171 1961 1204 XIII

1221 1226 1453 1270 praedecessor
1477 1236 1537 1269 pro
1568 1227 1665 1269 plene
1700 1231 1731 1258 et
1764 1225 1962 1258 sufficienter

1221 1279 1380 1322 expressis
1406 1284 1438 1312 et
1461 1278 1591 1311 insertis
1618 1279 1742 1311 liabens
1759 1304 1767 1318 ,
1794 1279 1898 1311 salvas
1930 1283 1964 1311 et

1221 1333 1306 1365 salva
1331 1342 1426 1371 esse,
1452 1342 1488 1364 ac
1513 1332 1544 1364 in
1572 1342 1631 1364 suo
1655 1330 1816 1364 firmitatis
1840 1331 1960 1364 robore

1221 1395 1415 1429 permanere
1441 1385 1627 1425 declaravit,
1651 1384 1752 1418 voluit
1776 1389 1808 1417 et
1831 1383 1963 1417 manda-

1222 1440 1283 1479 vit,
1304 1450 1431 1472 necnon
1452 1438 1540 1472 illas³
1557 1444 1589 1472 et
1602 1439 1667 1479 illa,
1682 1449 1742 1482 pro
1760 1438 1879 1482 potiori
1894 1449 1963 1471 cau-

1223 1494 1284 1526 tela
1301 1519 1308 1532 ‚
1335 1492 1512 1536 apostolica
1538 1491 1732 1525 auctoritate
1758 1492 1962 1536 approbave-

1223 1545 1288 1586 rit,
1315 1545 1555 1578 confirmaverit
1585 1550 1617 1578 et
1647 1545 1869 1586 innovaverit,
1902 1545 1963 1578 eis-

1223 1599 1359 1641 demque
1378 1597 1483 1630 modis
1501 1603 1532 1630 et
1550 1597 1672 1637 formis,
1691 1597 1808 1641 quibus
1828 1597 1867 1630 ab
1885 1597 1963 1641 ipsis

1223 1651 1532 1695 praedecessoribus
1558 1652 1624 1684 suis
1650 1656 1854 1692 emanarunt,
1881 1651 1964 1684 simi-

1222 1705 1307 1738 libus
1332 1704 1521 1738 auctoritate
1546 1710 1578 1738 et
1605 1710 1714 1738 tenore
1735 1705 1774 1738 de
1792 1715 1874 1738 novo
1892 1714 1964 1748 per-

1224 1764 1319 1801 petuo
1355 1758 1552 1791 concesserit
1578 1763 1610 1790 et
1641 1758 1837 1798 indulserit,
1864 1757 1963 1790 firmis

1223 1823 1353 1857 quoque
1379 1818 1411 1845 et
1427 1812 1549 1845 illaesis
1567 1812 1811 1844 remanentibus
1829 1811 1900 1844 aliis
1917 1811 1964 1843 in-

1222 1866 1321 1898 dultis
1339 1893 1346 1906 ‚
1372 1865 1549 1908 privilegiis
1575 1870 1607 1897 et
1639 1864 1844 1897 facultatibus
1880 1863 1964 1897 iudi-

1222 1919 1314 1952 cialia
1340 1930 1404 1951 non
1424 1918 1672 1962 respicientibus
1687 1919 1791 1951 eidem
1811 1928 1869 1961 pro
1888 1923 1964 1950 tem-

1223 1983 1301 2015 pore
1319 1971 1468 2005 existenti
1487 1971 1605 2004 vieario
1624 1977 1655 2004 et
1672 1971 1842 2004 vicariatus
1857 1970 1963 2004 officio

1223 2025 1494 2069 quandocumque
1520 2024 1615 2057 etiam
1641 2029 1714 2067 post
1731 2023 1847 2056 dictam
1865 2024 1964 2056 resor-

1222 2079 1399 2112 mationem
1431 2078 1565 2120 praefati
1600 2078 1686 2111 Pauli
1718 2078 1740 2110 V
1773 2078 1964 2121 praedeces-

1223 2133 1304 2166 soris
1330 2133 1494 2166 concessis
1520 2139 1550 2165 et
1575 2131 1760 2165 reformatis
1782 2136 1815 2164 et
1832 2141 1965 2175 quomo-

1224 2187 1349 2220 dolibet
1367 2186 1652 2230 competentibus;
1671 2186 1842 2228 ipsumque
1857 2184 1964 2218 Fabri-

1224 2241 1303 2272 tium
1321 2240 1517 2273 cardinalem
1539 2239 1570 2271 in
1597 2239 1741 2282 praefata
1768 2238 1851 2271 Urbe
1876 2238 1962 2271 eius-

1223 2304 1287 2337 que
1316 2292 1480 2325 suburbiis
1508 2297 1538 2325 et
1569 2292 1716 2325 districtu
1749 2291 1905 2325 vicarium
1930 2291 1962 2325 in

1221 2347 1411 2391 praemissis
1426 2352 1457 2380 et
1477 2346 1560 2379 cirea
1578 2347 1773 2390 praemissa,
1789 2357 1845 2379 seu
1862 2347 1964 2390 quod-

1222 2399 1326 2433 tib0t²
1354 2400 1522 2443 ipsorum,
1551 2404 1790 2443 competentem
1823 2399 1964 2432 iudicem

1258 2490 1267 2515 1
1292 2489 1421 2523 Legerem
1441 2496 1545 2515 earum
1565 2491 1590 2516 et
1610 2496 1711 2515 eorum
1730 2490 1770 2521 (R.
1786 2490 1835 2521 T.).

1255 2534 1272 2560 2
1288 2534 1354 2560 Male
1370 2533 1395 2560 iu
1412 2534 1463 2560 loc.
1481 2532 1577 2568 parali.
1595 2536 1660 2559 tom.
1677 2539 1732 2559 xxu
1743 2554 1752 2567 ,
1768 2541 1828 2567 pag.
1846 2531 1879 2560 83
1895 2532 1910 2558 b
1925 2531 1964 2559 le-

1220 2578 1309 2613 gimus
1324 2586 1355 2604 ex
1372 2577 1446 2604 Main
1457 2599 1461 2605 .
1474 2577 1552 2605 alias
1568 2585 1618 2613 pro
1635 2577 1700 2604 illas
1715 2579 1753 2612 (R.
1769 2577 1818 2610 T.)-

1255 2622 1271 2650 3
1292 2622 1361 2650 Edit.
1383 2622 1463 2650 Μαίη.
1484 2621 1551 2658 legit
1570 2621 1697 2658 quolibet
1714 2622 1754 2657 (n.
1770 2621 1821 2659 τ.).

1965 216 2017 245 An.
2039 215 2069 245 C.
2087 216 2154 247 1735
