2232 3178
235 232 284 258 An.
305 231 333 258 C.
353 231 419 258 ¹73ss

286 663 418 683 Confirmatvo

237 690 357 710 huiusmodi
384 690 418 710 de·

237 719 297 737 creti,

267 1832 364 1853 Eius-lem
374 1838 421 1853 eon·

240 1859 362 1879 firmationis
389 1860 422 1880 fii·-

240 1888 308 1907 initas.

470 221 531 254 *104

430 280 573 310 curatoris
596 280 741 318 generalis
764 287 851 318 super
873 277 1032 317 expositis,
1056 275 1171 307 censuit

431 326 669 363 rescribendum,
694 329 779 365 prout
808 324 970 363 praesentis
998 323 1106 353 decreti
1130 324 1171 352 vi-

430 382 499 411 gore
523 373 648 411 benigue
668 371 824 408 rescribit,
845 380 896 409 pro
920 370 1118 409 prohibitione
1141 369 1170 399 in

431 422 560 451 futurum
583 420 710 459 capitulo
733 419 861 457 generali
895 418 1073 448 concedendi
1106 427 1172 456 gra-

430 468 484 497 dus
508 467 692 496 honorarius.
718 466 847 503 Romae,
870 465 917 495 die
941 474 987 495 xV1
1009 464 1171 494 decembris

430 522 595 544 aroccxxxv.
615 531 647 533 ——
672 512 754 542 Card.
774 513 957 542 anxcrscrs
973 511 1168 541 anssssmxrs.

430 560 459 590 C.
484 559 723 598 archiepiscopus
744 557 1001 592 Chalcedonensis,
1025 561 1129 587 secret.

511 605 578 635 Loco
594 607 611 642 †
627 605 725 643 siyilli.

474 652 489 695 ἓ
513 651 544 685 3.
566 651 642 685 Cum
668 657 787 692 autem,
808 651 890 684 sicut
907 651 1010 684 dictus
1028 651 1171 694 Alphen-

430 716 484 737 sus
521 704 616 737 nobis
652 704 790 737 subinde
826 704 944 748 exponi
982 704 1072 744 fecit,
1099 704 1170 747 ipse

431 758 596 790 decretum
623 757 820 797 huiusmodi,
840 768 904 800 quo
924 756 1046 789 firmius
1065 756 1171 789 subsi-

430 816 501 850 stat,
526 810 729 854 apostolicae
754 810 1015 843 confirmationis
1040 815 1170 843 nostrae

430 864 611 906 patrocinio
637 864 828 897 communiri
860 874 1067 907 summopere
1088 863 1171 896 desi-

430 917 535 950 deret:
553 927 621 958 nes,
640 917 815 961 specialem
834 917 896 961 ipsi
913 917 1081 961 Alphonso
1099 926 1169 958 gra-

430 971 506 1003 tiam
526 971 631 1004 sacere
650 972 810 1011 volentes,
832 976 862 1003 et
886 981 904 1004 a
930 970 1097 1014 quibusvis
1118 980 1171 1002 ex-

429 1024 747 1061 communicationis,
769 1023 993 1067 suspensionis
1013 1028 1045 1056 et
1070 1023 1170 1055 inter-

429 1077 522 1117 dicti,
548 1077 685 1121 aliisque
717 1076 947 1110 ecclesiasticis
983 1076 1170 1116 sententiis,

430 1130 576 1164 censuris
602 1136 633 1163 et
659 1130 787 1174 poeuis,
813 1141 830 1163 a
863 1130 932 1163 iure
964 1131 1014 1163 vel
1045 1129 1085 1162 ab
1111 1130 1169 1162 ho-

429 1185 528 1224 mine,
553 1184 666 1228 quavis
691 1184 863 1217 occasione
888 1184 937 1217 vel
963 1185 1059 1216 causa
1083 1183 1168 1224 latis,

429 1237 453 1270 si
480 1237 598 1281 quibus
624 1236 829 1280 quomolibet
853 1236 1029 1269 innodatus
1053 1236 1169 1277 existit,

430 1291 469 1324 ad
495 1291 644 1324 effectum
670 1291 886 1335 praesentium
905 1290 1070 1323 dumtaxat
1094 1301 1171 1323 con-

431 1345 643 1389 sequendum,
663 1345 775 1377 harum
800 1343 884 1377 serie
911 1343 1115 1377 absolventes
1141 1349 1171 1376 et

431 1400 615 1432 absolutum
650 1399 718 1431 sore
751 1403 937 1437 censentes,
963 1397 1171 1441 supplicatio-

432 1453 526 1485 nibus
552 1452 622 1485 eius
648 1451 778 1484 nomine
799 1451 893 1484 nobis
910 1461 1008 1495 super
1029 1451 1091 1484 hoc
1116 1451 1171 1483 hu-

432 1506 553 1539 militer
592 1504 751 1548 porrectis
792 1504 959 1543 inclinati,
1006 1504 1171 1536 decretum

433 1559 656 1603 praesentium
691 1557 922 1590 confirmamus
956 1562 986 1590 et
1013 1557 1173 1600 approba-

434 1622 515 1651 mus,
543 1611 654 1653 illique
680 1610 876 1643 inviolabilis
898 1610 1095 1652 apostolicae
1121 1609 1173 1641 fir-

433 1665 553 1697 mitatis
586 1665 684 1697 robur
720 1663 907 1696 adiicimus:
941 1663 1028 1695 salva
1067 1668 1172 1696 tamen

434 1728 566 1761 semper
591 1717 622 1750 in
645 1716 829 1760 praemissis
847 1716 1038 1749 auctoritate
1057 1726 1174 1748 memo-

433 1778 520 1804 ratae
545 1770 814 1814 Congregationis
839 1770 1065 1802 cardinalium.

477 1826 491 1868 ἓ
516 1825 548 1858 4.
575 1825 804 1863 DeceruenteS,
831 1825 962 1856 easdem
982 1829 1175 1867 praesentes

433 1878 556 1912 litteras
570 1887 700 1921 semper
714 1877 832 1915 tirmas,
847 1877 969 1909 validas
985 1882 1016 1910 et
1029 1877 1175 1910 efficaces

434 1932 570 1965 existere
606 1936 638 1963 et
674 1930 757 1970 sore,
784 1940 926 1973 suosque
951 1931 1118 1973 plenarios
1145 1938 1176 1964 et

434 1986 580 2029 integros
606 1983 739 2017 effectus
765 1983 876 2016 sortiri
903 1983 1121 2025 etobtinere‚
1141 1996 1176 2018 ac

434 2039 520 2076 illis,
547 2038 585 2070 ad
623 2047 704 2080 quos
741 2041 866 2080 spectat
889 2042 920 2069 et
945 2047 1005 2080 pro
1032 2043 1176 2081 tempore

434 2093 607 2136 spectabit,
630 2091 661 2123 in
680 2090 832 2123 omnibus
848 2095 879 2123 et
903 2101 961 2133 per
985 2091 1092 2123 omnia
1109 2092 1177 2134 ple-

434 2145 567 2178 nissime
593 2143 780 2185 suffragari,
806 2148 838 2175 et
862 2142 902 2175 ab
927 2143 973 2175 eis
999 2144 1177 2186 respective

435 2197 667 2231 inviolabiliter
698 2196 875 2235 observari,
901 2196 1013 2239 sicque
1031 2196 1062 2228 in
1082 2207 1176 2239 prae-

435 2251 542 2284 missis
569 2261 628 2294 per
651 2260 875 2294 quoscumque
900 2249 1024 2282 iudices
1048 2250 1178 2283 ordina-

435 2306 501 2339 rios
547 2310 578 2338 et
626 2305 796 2346 delegatos
814 2329 822 2343 ‚
871 2304 967 2336 etiam
1008 2314 1176 2336 causarum

437 2358 548 2402 palatii
575 2357 747 2402 apostolici
774 2357 957 2396 auditores,
985 2355 1122 2390 iudicari
1148 2361 1179 2390 et

436 2411 563 2444 definiri
591 2410 723 2450 debere,
754 2420 790 2442 ac
818 2409 947 2441 irritum
974 2413 1006 2441 et
1030 2408 1126 2443 inane
1151 2409 1176 2442 si

436 2475 529 2498 secus
554 2475 655 2508 super
677 2463 727 2496 his
753 2474 770 2496 a
789 2473 964 2506 quoquam,
990 2462 1100 2506 quavis
1125 2473 1179 2495 au-

437 2517 602 2559 ctoritate,
630 2517 776 2551 scienter
799 2517 850 2550 vel
876 2516 1077 2559 ignoranter,
1102 2526 1179 2550 con-

440 2571 551 2614 tigerit
574 2570 741 2604 attentari.

482 2625 497 2668 g
522 2624 553 2657 5.
580 2623 651 2657 Non
668 2621 876 2657 obstantibus
893 2621 1179 2656 constitutionibus

1020 227 1200 252 BULLAHIUM
1226 227 1380 252 ROMANUM

1214 281 1245 309 et
1270 276 1529 309 ordinationibus
1547 277 1746 320 apostolicis,
1764 286 1800 310 ac
1824 277 1954 310 Ordinis

1215 335 1246 362 et
1280 328 1550 372 Congregationis
1583 330 1818 373 praefatorum,
1858 331 1954 364 etiam

1215 381 1407 422 iuramento,
1424 382 1671 415 confirmatione
1697 383 1884 425 apostolica,
1902 385 1952 417 vel

1215 435 1326 479 quavis
1352 435 1503 468 firmitate
1528 436 1591 468 alia
1617 436 1798 476 roboratiS,
1827 437 1954 470 statutis

1215 494 1246 521 et
1271 488 1583 528 consuetudinibus,
1609 488 1786 531 privilegiis
1812 500 1954 533 quoque,

1215 541 1349 575 indultis
1367 547 1398 574 et
1425 541 1541 574 litteris
1566 541 1752 584 apostolicis
1778 543 1809 575 in
1829 548 1956 575 contra-

1215 595 1296 628 rium
1326 595 1578 638 praemissorum
1603 595 1849 638 quomodolibet
1876 604 1954 628 con·-

1215 649 1326 690 cessis,
1348 649 1549 682 confirmatis
1574 654 1604 681 et
1629 648 1810 688 innovatis;
1838 648 1955 692 quibus

1214 701 1364 735 omnibus
1403 707 1434 734 et
1473 702 1633 744 singulis,
1662 701 1791 734 illorum
1825 706 1955 734 tenores

1214 755 1441 798 praesentibus
1468 765 1528 798 pro
1563 755 1663 798 plene
1696 759 1728 786 et
1758 753 1956 787 sufficienter

1214 808 1378 851 expressis
1400 818 1437 840 ac
1457 808 1495 841 ad
1519 808 1652 840 verbum
1675 806 1806 840 insertis
1833 807 1957 840 haben-

1216 866 1274 901 tos,
1301 861 1366 894 illis
1392 860 1471 894 alias
1497 861 1527 893 in
1565 871 1622 893 suo
1659 861 1776 894 robore
1807 871 1956 904 perman-

1214 914 1313 954 suris,
1343 914 1381 946 ad
1410 913 1665 957 praemissorum
1695 912 1863 954 effectum,
1896 913 1956 946 hac

1215 966 1281 1000 vice
1314 967 1492 1005 dumtaxat,
1519 966 1708 1010 specialiter
1738 972 1768 1000 et
1803 977 1956 1010 expresse

1214 1021 1431 1063 derogamus,
1465 1019 1645 1063 ceterisque
1677 1019 1849 1053 contrariis
1885 1020 1956 1064 qni-

1214 1075 1427 1118 buscumque.

1258 1127 1371 1160 Datum
1397 1126 1536 1166 Romae,
1561 1125 1645 1169 apud
1677 1125 1709 1158 S.
1736 1125 1867 1159 Mariam
1893 1126 1955 1160 Ma-

1214 1181 1338 1220 iorem,
1369 1179 1428 1212 sub
1460 1179 1583 1212 annulo
1614 1178 1809 1219 piscatoris,
1844 1178 1896 1212 die
1926 1189 1955 1212 lx

1214 1233 1353 1266 ianuarii
1388 1242 1585 1271 iinccxxxw,
1611 1231 1824 1276 pontificatus
1854 1232 1957 1266 nostri

1213 1298 1299 1321 anno
1316 1297 1359 1320 vi.

1250 1345 1311 1372 Dat.
1332 1344 1377 1371 die
1396 1343 1413 1370 9
1433 1342 1548 1370 ianuarii
1571 1342 1648 1375 ¹736,
1668 1342 1764 1378 pontif.
1786 1351 1856 1370 anno
1872 1349 1909 1370 vt.

1508 1393 1543 1426 F.
1571 1393 1657 1426 card.
1683 1393 1866 1427 Orivssmus.

1511 1528 1655 1563 CLXXlI.

1219 1600 1430 1642 Confirmatio
1454 1599 1582 1643 aliquot
1606 1608 1765 1632 novarum
1801 1598 1957 1631 constitu-

1263 1654 1387 1686 tionum
1413 1656 1440 1685 el
1465 1651 1710 1684 ordinationum
1742 1650 1778 1683 in
1813 1649 1958 1693 capitulo

1261 1705 1410 1750 qenerali
1427 1704 1562 1738 Ordinis
1581 1704 1724 1747 fratrum
1741 1702 1958 1736 Bethlehemi·

1264 1765 1369 1793 tarum
1393 1759 1429 1791 in
1453 1757 1561 1792 Indiis
1587 1756 1846 1791 occidentalibus
1870 1765 1959 1788 anno

1262 1822 1405 1847 nnccxxx
1423 1812 1459 1844 in
1475 1811 1606 1844 civitate
1619 1809 1789 1843 Meoeicand
1806 1808 1959 1842 celebrato

1261 1876 1334 1910 pro*
1351 1864 1440 1908 felici
1474 1863 1634 1907 reqimine
1657 1862 1799 1895 eiusdem
1825 1861 1960 1896 Ordinis

1264 1919 1440 1952 editarum.

1426 1982 1561 2009 Clemens
1583 1981 1662 2014 Papa
1680 1980 1750 2012 xn,

1332 2029 1369 2054 ad
1388 2028 1573 2061 perpetuam
1592 2025 1638 2052 rei
1657 2024 1845 2052 memoriam.

1264 2089 1385 2122 Crediti
1403 2087 1497 2121 nobis
1515 2087 1650 2120 caelitus
1668 2086 1864 2120 sacrosancti
1886 2097 1958 2131 apo-

1222 2144 1357 2176 stolatus
1375 2141 1470 2175 officii
1490 2140 1572 2174 ratio
1591 2140 1702 2183 exigit,
1724 2145 1757 2172 ut
1781 2139 1857 2180 illis,
1877 2150 1959 2183 quae

1221 2207 1280 2240 pro
1299 2195 1384 2228 felici
1403 2193 1630 2236 religiosorum
1655 2192 1810 2226 Ordinnm
1829 2191 1885 2225 ad¹
1910 2203 1960 2226 ex-

1222 2249 1360 2283 ercenda
1384 2247 1581 2281 christianae
1605 2246 1736 2291 pietatis
1761 2252 1857 2290 atque
1883 2246 1960 2280 cha-

1222 2303 1324 2336 ritatis
1349 2301 1540 2346 praesertim
1566 2311 1642 2344 erga
1662 2305 1815 2343 aegrotos
1833 2304 1865 2333 et
1884 2310 1961 2333 con-

1222 2358 1421 2390 valescentes
1447 2365 1555 2399 opera,
1574 2354 1628 2399 pie
1653 2359 1833 2398 sancteque
1857 2353 1891 2387 in
1906 2353 1962 2387 Ec-

1222 2410 1321 2444 etesia
1338 2409 1393 2442 Dei
1413 2408 1632 2442 institutorum
1649 2406 1809 2451 regimine
1834 2411 1865 2440 et
1888 2417 1961 2451 pro-

1222 2473 1335 2506 gressu
1352 2461 1490 2506 provide
1508 2461 1683 2495 constituta
1700 2465 1795 2504 atque
1813 2459 1962 2493 ordinata

1222 2526 1292 2550 esse
1317 2519 1508 2556 noscuntur,
1535 2525 1600 2558 quo
1636 2513 1729 2546 firma
1764 2523 1893 2556 semper
1924 2518 1962 2546 ac

1222 2569 1345 2603 illibata
1364 2569 1550 2612 persistant,
1568 2566 1740 2611 apostolici
1760 2565 1957 2609 muniminis,

1257 2631 1268 2657 1
1293 2629 1443 2666 Praeposit.
1464 2629 1503 2657 ad
1522 2637 1572 2658 nos
1591 2628 1716 2657 addimus
1734 2627 1774 2664 (R.
1790 2628 1840 2662 τ.)-

1965 230 2012 256 Αη.
2035 230 2063 256 C.
2083 231 2149 259 1736

1997 2090 2137 2113 Prooemium.
