2232 3178
219 247 268 273 An.
286 246 315 273 c.
333 246 402 273 1735
449 235 491 269 40

414 294 499 327 ricae
527 293 678 336 regiones
705 292 857 324 dilatatus
884 289 935 328 sit,
961 299 1088 331 gravem
1105 287 1153 321 in-

414 347 677 380 commoditatem
705 344 825 383 allbrat,
856 354 890 375 ac
923 342 1075 385 superior
1100 352 1154 385 ge-

414 400 535 433 neralis
572 399 700 432 Ordinis
725 395 910 429 huiusmodi
935 395 1152 428 visitationem

415 461 503 482 suam
538 449 568 481 in
608 447 747 480 triennio
785 444 954 489 praedicto
990 445 1153 487 complere

414 508 571 545 nequeas,
611 500 808 543 cupiantque
845 503 1021 541 propterea
1055 496 1152 529 iidem

415 561 615 598 exponentes
653 558 839 596 opportune
865 551 896 584 in
923 550 1110 594 praemissis
1136 561 1153 583 a

414 609 510 641 nobis
536 606 700 650 provideri
728 611 759 639 et
783 610 818 637 ut
842 604 923 636 insra
948 603 1129 646 indulgeri:

248 675 402 696 ‹thum-saiwi
458 661 472 704 ς
497 661 528 693 02.
548 660 620 700 Nos,
641 659 726 702 ipsos
741 662 940 701 exponentes
958 655 1152 700 specialibus

221 703 341 749 {ss'i'ssiiiii-'im
377 702 578 747 ‘iiisavoribus
604 718 635 745 et
668 711 777 754 gratiis
817 709 970 754 prosequi
1007 709 1152 742 volentes

221 758 353 782 ''⁴''¹'“¹''⁰¹⁰‘
415 772 445 799 ct
485 776 595 799 eorum
638 765 822 807 singulares
857 772 1013 807 personas
1043 773 1059 794 a
1085 761 1153 804 qui-

414 819 532 859 busvis,
558 823 633 858 etc„
660 822 842 857 censentes,
861 813 1153 859 supplicationibus

415 883 527 906 eorum
554 871 685 904 nomine
711 870 805 902 nobis
831 879 929 912 super
962 868 1024 900 boc
1050 866 1153 899 bumi-

414 926 490 959 liter
510 924 670 968 porrectis
688 922 842 961 inclinati,
862 922 900 954 de
919 920 1152 954 venerabilium

416 976 548 1008 fratrum
574 979 760 1007 nostrornm
786 972 868 1005 S.R.
884 971 917 1004 E.
938 969 1154 1003 cardinalium

414 1027 554 1070 negotiis
572 1032 602 1060 et
615 1024 905 1059 consultationibus
924 1023 1153 1066 episcoporum

417 1087 448 1114 et
473 1080 671 1123 regularium
697 1077 974 1122 praepositorum,
1003 1076 1056 1120 qui
1084 1087 1152 1109 rem

414 1134 557 1178 undique
582 1137 706 1167 mature
734 1132 977 1171 discusserunt,
1004 1130 1152 1170 consilio,

416 1195 451 1222 ut
476 1190 515 1222 de
542 1194 650 1222 cetero
677 1186 883 1231 (praedictas
905 1184 1154 1219 constitutiones

417 1242 563 1275 eiusdem
596 1252 667 1285 cap.
701 1250 732 1274 1v
758 1241 818 1273 hac
854 1239 885 1272 in
919 1243 1012 1282 parte
1049 1238 1153 1270 resor-

417 1296 566 1338 mantes)
593 1295 770 1337 capitulum
808 1294 961 1336 generale
998 1291 1153 1335 praedicti

416 1349 546 1383 Ordinis
573 1347 776 1391 hospitalarii
804 1346 952 1390 quolibet
977 1344 1154 1383 sexennio,

417 1414 434 1435 a
450 1403 597 1445 proximo
617 1401 723 1434 futuro
742 1399 885 1443 capitulo
906 1398 1050 1441 generali
1069 1397 1154 1441 quod

419 1466 505 1488 anno
527 1454 675 1498 proxime
694 1459 832 1486 venturo
851 1452 1081 1485 celebrandum
1108 1456 1153 1483 est

419 1508 620 1551 incipiendo,
646 1512 743 1550 atque
769 1506 812 1539 ita
849 1506 887 1538 de
926 1504 1082 1538 sexennio
1122 1504 1154 1537 in

418 1560 609 1594 sexennium
637 1558 858 1593 continuando
884 1558 1081 1598 celebretur,
1103 1568 1157 1590 au-

419 1615 567 1648 ctoritate
590 1612 779 1656 apostoliea,
793 1617 906 1645 tenore
924 1612 1155 1654 praesentium,

418 1668 589 1701 statuimus
614 1672 645 1700 et
678 1666 888 1699 ordinamus:
924 1666 1010 1697 salva
1049 1670 1156 1698 tamen

418 1731 548 1764 semper
565 1720 596 1753 in
611 1718 798 1763 praemissis
809 1718 999 1752 auctoritate
1015 1717 1156 1760 Congre-

418 1774 558 1818 gationis
576 1773 765 1807 eorumdem
790 1771 1014 1805 cardinalium.

461 1829 475 1871 ἓ
499 1828 531 1862 3.
558 1827 787 1865 Decernentes,
816 1824 943 1858 easdem
966 1829 1157 1868 praesentes

417 1882 541 1915 litteras
566 1890 696 1924 semper
717 1878 835 1918 firmas,
860 1878 983 1911 validas
1009 1883 1040 1910 et
1057 1877 1158 1911 effica-

418 1935 467 1968 cia
496 1934 633 1967 existere
659 1939 691 1965 et
715 1933 800 1972 sore,
833 1942 974 1974 suosque
995 1930 1158 1974 plenarios

418 1993 450 2022 et
474 1988 619 2031 integros
651 1986 781 2020 effectus
806 1985 914 2018 sortiri
941 1990 973 2018 et
997 1985 1155 2025 obtinere,

418 2054 455 2075 ac
480 2041 555 2081 inis,
574 2040 612 2073 ad
638 2050 718 2083 quos
745 2043 869 2082 spectat
895 2043 926 2071 et
950 2037 1108 2081 spectabit
1126 2038 1157 2070 in

418 2096 574 2134 futurum,
602 2093 633 2126 in
652 2092 803 2126 omnibus
830 2097 862 2124 et
885 2101 944 2135 per
969 2091 1077 2124 omnia
1094 2092 1158 2134 ple-

418 2148 549 2181 nissime
575 2145 762 2188 suffragari,
789 2149 820 2177 et
845 2144 883 2177 ab
909 2144 954 2177 eis
979 2145 1159 2187 respective

418 2199 650 2234 inviolabiliter
676 2197 864 2237 observari,
888 2197 999 2240 sicque
1018 2197 1049 2229 in
1067 2207 1160 2240 prae-

419 2253 525 2287 missis
549 2263 608 2296 per
633 2261 856 2295 quoscumque
881 2250 1004 2283 iudices
1030 2251 1159 2283 ordina-

420 2307 485 2340 rios
510 2311 542 2339 et
568 2305 758 2347 delegatOS,
786 2304 882 2336 etiam
913 2313 1078 2336 causarum
1104 2314 1160 2347 pa-

419 2360 487 2393 latii
514 2358 687 2403 apostolici
705 2357 882 2397 auditores,
906 2356 1041 2389 iudicari
1059 2362 1090 2389 et
1107 2357 1160 2389 de-

421 2412 548 2446 desiniri
575 2412 717 2450 debere,
744 2422 781 2443 ae
805 2409 931 2442 irritum
958 2413 989 2442 et
1014 2409 1109 2443 inane
1135 2409 1159 2442 si

421 2477 514 2499 secus
540 2475 640 2509 super
665 2464 714 2497 liis
732 2474 749 2496 a
770 2473 944 2507 quoquam,
971 2463 1083 2506 quavis
1108 2473 1161 2495 au-

422 2519 580 2558 ctoritate,
599 2518 738 2551 scienter
758 2518 807 2550 vel
833 2517 1043 2559 ignoranter„
1059 2516 1161 2549 conti-

423 2572 506 2616 gerit
531 2571 695 2605 attentari.

466 2626 480 2669 g
503 2625 534 2658 4.
561 2624 629 2658 tlon
656 2623 860 2659 obstantibus
894 2621 1097 2668 praemissis,
1125 2632 1161 2656 ac

286 1838 407 1868 Praesentis

235 1869 392 1886 constitutionis

221 1892 232 1912 si
239 1895 319 1913 sinnas.

255 2619 413 2639 (leidrat-iorum

226 2645 344 2671 derrgatio.

1001 238 1178 263 ttt'LLAnltJM
1206 237 1356 262 nOMANUM

1943 234 1993 259 An.
2012 232 2040 259 C.
2064 231 2131 259 1735

1197 284 1480 320 constitutionibus
1513 289 1544 317 et
1577 283 1833 317 ordinationibus
1862 293 1938 326 apo-

1196 338 1333 378 stolicis,
1353 347 1483 371 necnon
1510 336 1585 369 dicti
1611 336 1750 374 Ordinis,
1770 336 1866 368 etiam
1891 335 1938 367 iu-

1197 396 1364 430 ramento,
1391 390 1638 423 confirmatione
1664 390 1858 432 apostolica,
1889 389 1937 421 vel

1197 444 1308 488 quavis
1334 443 1482 476 firmitate
1508 441 1570 475 alia
1599 441 1780 481 roboratis,
1813 441 1939 474 statutis

1197 502 1229 530 et
1253 495 1560 534 consuetudinibus,
1588 494 1766 537 privilegiis
1794 504 1936 537 quoque,

1198 549 1332 582 indultis
1370 553 1402 580 et
1435 547 1553 580 litteris
1579 546 1764 590 apostolicis
1798 547 1828 579 in
1863 558 1938 580 con-

1198 602 1333 635 trarium
1383 600 1636 644 praemissorum
1692 599 1941 643 quomodolibet

1196 653 1372 694 concessis,
1398 653 1594 686 confirmatis
1620 657 1651 686 et
1676 652 1849 692 innovatis;
1867 652 1940 695 qui-

1196 709 1256 740 bus
1281 706 1430 741 omnibus
1450 710 1480 740 et
1497 706 1643 749 singulis,
1663 705 1793 738 illorum
1812 710 1940 738 tenores

1197 760 1424 804 praesentibus
1457 769 1516 803 pro
1548 759 1644 802 plene
1678 764 1708 791 et
1741 757 1940 790 sufficienter

1197 813 1358 856 expressis
1384 817 1416 845 et
1440 812 1478 844 ad
1504 812 1639 845 verbum
1665 811 1797 844 insertis
1818 810 1940 843 hahen-

1199 871 1256 906 tes,
1274 865 1338 898 illis
1360 862 1436 898 alias
1462 865 1494 897 in
1521 875 1580 898 suo
1607 865 1726 897 robore
1750 873 1941 906 permansu-

1198 920 1265 960 ris,
1291 919 1351 952 liac
1386 918 1455 951 vice
1492 918 1672 957 dumtaxat,
1701 916 1885 960 specialiter
1910 921 1941 949 et

1198 982 1350 1015 expresse
1377 971 1590 1013 derogamus3
1610 969 1790 1013 ceterisque
1817 974 1941 1003 eontra-

1198 1025 1253 1058 riis
1279 1025 1548 1068 quibuscumque.

1241 1079 1256 1123 ἓ
1292 1078 1323 1111 5.
1350 1078 1503 1112 Volumus
1541 1082 1648 1111 autem
1686 1083 1719 1110 ut
1754 1077 2135 1132 earumdemdaangarffigmis

1198 1132 1380 1166 litterarum
1416 1131 1644 1174 transumptiS,
1672 1141 1728 1164 seu
1768 1130 1937 1174 exempliS,
2093 1125 2099 1131 ”

1199 1185 1295 1217 etiam
1322 1184 1503 1227 impressis,
1531 1194 1626 1216 manu
1660 1183 1796 1216 alicuius
1821 1182 1940 1216 notarii

1199 1238 1321 1281 publici
1349 1236 1559 1280 subscriptis,
1586 1240 1617 1270 et
1642 1236 1751 1279 sigillo
1776 1246 1939 1280 personae

1199 1291 1230 1323 in
1250 1290 1406 1333 dignitate
1425 1290 1645 1323 ecclesiastica
1664 1289 1857 1323 constitutae
1875 1300 1941 1322 mu-

1199 1344 1285 1384 nnis,
1316 1343 1428 1376 eadem
1458 1353 1591 1386 prorsus
1625 1342 1704 1375 sides
1738 1341 1859 1385 ubique
1885 1342 1941 1375 lia-

1199 1397 1333 1435 beatur,
1364 1406 1448 1438 quae
1472 1394 1702 1439 praesentibus
1734 1394 1812 1438 ipsis
1839 1395 1940 1428 habe-

1200 1454 1289 1483 retur
1314 1449 1341 1481 si
1363 1449 1469 1482 forent
1493 1448 1658 1481 exhibitae
1683 1449 1734 1481 vel
1760 1453 1924 1481 ostensae.

1243 1501 1355 1534 Datum
1382 1501 1518 1540 Romae,
1538 1501 1624 1544 apud
1644 1501 1675 1533 S.
1695 1500 1825 1533 Mariam
1846 1500 1942 1534 Maio-

1201 1565 1277 1595 rem,
1296 1554 1354 1588 sub
1372 1555 1493 1588 annulo
1508 1553 1691 1593 Piscatoris,
1712 1553 1763 1587 die
1782 1564 1812 1587 ix
1830 1554 1941 1597 aprilis

1200 1618 1381 1649 Mncexxxv‚
1398 1607 1610 1651 pontificatus
1635 1607 1741 1640 nostri
1767 1618 1852 1641 anno
1873 1618 1904 1641 v.

1237 1669 1296 1696 Dat.
1318 1669 1362 1696 die
1382 1669 1399 1696 9
1419 1669 1513 1705 aprilis
1533 1668 1612 1703 1735,
1635 1668 1736 1704 pontif.
1759 1677 1831 1696 anno
1851 1676 1878 1695 v.

1493 1722 1527 1755 F.
1552 1722 1639 1755 card.
1667 1721 1853 1756 otiviznws.

1520 1874 1617 1907 CLIV.

1204 1954 1415 1998 Confirmatio
1454 1954 1573 1987 decreti
1608 1954 1877 1997 Conqreyaeiom‘s
1907 1953 1945 1986 de

1247 2009 1468 2053 Propayancld
1493 2007 1575 2041 Fide
1598 2018 1695 2050 super
1727 2007 1946 2040 intitulatione

1246 2062 1443 2095 cadaverum
1482 2060 1770 2093 missionariorum
1811 2059 1944 2102 repula-

1246 2117 1336 2149 rium
1360 2116 1396 2148 in
1420 2114 1608 2157 infidelium
1626 2113 1777 2156 partibus
1808 2113 1946 2146 existen-

1249 2170 1343 2203 tium.

1417 2240 1548 2267 Clemens
1569 2239 1649 2272 Papa
1668 2238 1732 2271 ΧΠ,

1345 2286 1379 2312 ad
1401 2284 1535 2311 futuram
1554 2283 1600 2310 rei
1621 2281 1805 2310 memoriam.

1248 2357 1262 2400 ,ξ
1288 2356 1319 2390 t.
1346 2356 1456 2400 Nuper
1481 2366 1498 2388 a
1522 2354 1783 2397 Congregatione
1813 2363 1946 2387 venera·
1959 2358 2144 2411 gqgggentffi‘ssogg

1204 2411 1317 2444 biliam
1344 2410 1479 2443 fratrum
1505 2412 1695 2442 nostrorum
1720 2406 1751 2440 S.
1769 2407 1805 2440 R.
1822 2406 1856 2439 E.
1878 2416 1947 2440 car·
1963 2411 2146 2437 Propuandafi·

1963 2439 1988 2458 de
2001 2443 2064 2464 super
2076 2440 2145 2458 tumu-

1206 2463 1363 2497 dinalium
1403 2462 1544 2505 negotiis
1580 2459 1812 2504 Propagandae
1854 2458 2148 2512 Fideissffi⁰¹¹ssnffigggj

1205 2516 1466 2561 praepositorum
1491 2525 1588 2559 super
1613 2513 1826 2547 tumulatione
1855 2511 2044 2545 cada-riorum·

1205 2579 1318 2602 verum
1350 2567 1633 2602 missionariorum
1658 2566 1815 2600 Ordinum
1853 2574 1946 2607 regu-

1206 2622 1320 2656 larium
1347 2622 1379 2655 in
1404 2621 1553 2667 partibus
1578 2620 1688 2666 Syriae
1713 2624 1744 2652 et
1763 2617 1945 2652 Palestinae
