2232 3178
34 213 83 242 An.
97 210 127 239 G.
148 208 215 237 1738

843 204 984 230 CLEMENS
1010 204 1054 229 ΧΠ
1077 205 1128 229 Pr.

260 263 329 286 xxn.
352 254 522 285 immediate
543 254 619 286 seria
640 263 676 293 11,
701 254 809 285 familia
833 254 961 284 ministri

220 303 365 343 generalis
388 303 438 342 qui
461 303 562 342 spirat,
585 303 659 333 albis
681 304 833 343 nigrisque
861 303 962 341 globu-

220 354 256 383 lis
277 357 327 382 aut
349 352 458 391 lapillis
479 353 650 392 assumptis,
674 352 763 390 eligat
793 352 828 381 ad
858 361 962 381 sexen-

220 402 301 431 nium
325 404 545 441 procuratorem
568 401 736 438 generalem
759 400 877 431 Ordinis
910 410 961 439 pro

220 450 351 481 Romana
372 448 461 479 Curia,
489 457 523 478 ex
556 451 609 478 sua
632 449 741 478 familia
764 452 958 487 assumptum,

220 497 266 528 cui
301 501 395 527 totum
428 496 612 536 capitulum,
637 502 792 536 antequam
826 497 959 534 finiatur,

220 547 289 577 dare
315 545 463 576 tenebitur
485 545 602 576 Ordinis
624 546 792 575 mandatum
815 546 961 583 generalis

220 604 379 635 procurac,
397 598 425 624 et
446 594 584 624 similiter
605 595 693 632 eligat
710 594 889 624 chronistam
914 604 962 632 ge-

220 643 349 673 neralem
382 652 435 682 pro
468 644 521 672 sua.
554 643 676 672 familia.
711 643 819 672 Deinde
851 643 960 672 familia

220 692 348 722 ministri
365 691 509 730 generalis
532 691 629 727 electi,
654 691 787 730 praeside
809 691 961 730 superiore

220 741 270 781 qui
293 741 404 780 spirat,
428 740 565 770 similiter
589 745 617 770 et
639 750 677 770 ex
700 743 754 770 sua
777 741 888 770 familia
911 741 962 771 eli-

219 794 267 828 gat
288 793 507 829 procuratorem
529 789 696 827 generalem
730 789 858 819 familiae
891 798 961 824 suae

220 848 272 878 pro
303 839 383 868 illius
415 838 544 876 negociis
573 839 603 868 in
626 838 760 868 Romana
782 838 869 869 Curia
895 847 962 868 exe-

220 887 357 927 quendiS‚
381 887 431 926 qui
454 887 542 917 etiam
566 891 633 917 ante
657 887 745 917 finem
767 887 889 926 capituli
912 887 962 917 da-

220 936 263 967 bit
279 945 364 966 suum
381 936 550 966 mandatum
567 945 720 975 procurae,
738 946 803 966 cum
821 938 962 976 expressa

220 985 429 1026 prohibitione,
453 984 507 1014 sub
531 989 686 1024 praecepto
709 985 841 1024 formali,
866 995 902 1015 ne
930 985 960 1014 in

220 1033 425 1064 communibus
457 1033 588 1072 negociis
619 1034 772 1072 religionis
805 1043 836 1064 se
864 1034 961 1072 immi:

219 1087 318 1121 sceat,
341 1092 395 1113 nec
427 1082 515 1113 verbo
548 1087 598 1112 aut
631 1083 740 1122 scripto
762 1093 778 1113 a
800 1092 831 1113 se
853 1087 903 1113 aut
926 1082 960 1112 ab

220 1132 285 1162 aliis
308 1141 378 1162 suae
401 1132 528 1162 familiae
543 1132 770 1170 cognominetur
786 1137 961 1172 procurator

219 1182 365 1221 generalis
381 1181 520 1219 Ordinis;
545 1186 573 1211 et
597 1186 744 1221 postremo
766 1182 855 1221 eligat
877 1182 961 1213 chro-

219 1231 325 1261 nistam
347 1231 514 1269 generalem
537 1240 589 1269 pro
611 1231 724 1260 familia
747 1233 811 1261 sua.

260 1290 340 1311 xxm.
363 1280 393 1311 Si
414 1280 504 1310 suerit
526 1279 623 1318 aliqua
647 1280 750 1310 domus
780 1284 861 1310 extra
894 1289 961 1319 pro-

219 1330 369 1366 vinciam,
403 1334 519 1369 praeter
551 1329 643 1358 dictas
675 1330 704 1358 S.
736 1328 830 1359 Caroli
863 1333 891 1358 et
925 1329 960 1358 de

218 1378 420 1419 Propaganda,
438 1381 466 1407 et
488 1377 622 1407 minister
642 1377 722 1406 illius
738 1378 879 1407 maiorem
895 1387 960 1417 par—

219 1433 277 1460 tem
299 1426 419 1458 triennii
442 1431 505 1466 post
527 1434 609 1456 suam
632 1426 807 1456 electionem
825 1427 961 1466 expleve-

218 1477 270 1513 rit,
293 1475 402 1507 familia
424 1475 486 1513 illa,
510 1474 545 1503 ad
567 1483 653 1513 quam
674 1474 777 1504 domus
800 1477 958 1514 pertineat,

218 1526 387 1556 ministrum
410 1523 499 1562 eligat
519 1523 550 1552 in
579 1523 680 1553 eodem
715 1524 841 1562 capitulo
873 1533 960 1562 gene-

218 1574 273 1606 rali
296 1574 331 1604 ad
354 1573 526 1609 triennium,
547 1571 614 1611 quia
631 1575 741 1611 postea,
760 1572 842 1601 sinito
868 1573 959 1602 trien-

218 1624 267 1654 nio
295 1622 377 1662 (nisi
400 1621 437 1651 sit
460 1620 622 1660 capitulum
655 1620 888 1659 intermedium)
924 1621 957 1650 ad

218 1671 418 1704 definitorium
435 1670 562 1700 familiae
578 1679 630 1709 pro
646 1670 703 1700 alio
720 1670 847 1700 triennio
866 1680 959 1709 usque

218 1722 254 1753 ad
290 1720 450 1760 capitulum
486 1719 622 1757 generale
659 1719 818 1758 pertinebit
854 1719 958 1749 electio

218 1770 349 1802 omnium
372 1768 421 1808 qui
449 1777 501 1808 per
524 1768 685 1807 capitulum
715 1769 851 1806 generale
873 1768 958 1799 electi

218 1821 336 1851 fuerant
351 1819 386 1849 ad
410 1817 580 1848 triennium.
604 1816 684 1852 Quod
702 1817 725 1847 si
742 1818 851 1847 familia
867 1817 957 1847 intra-

218 1870 346 1909 Hispana
369 1866 485 1907 quando
508 1866 533 1896 ei
556 1867 707 1906 competit,
726 1867 888 1905 capitulum
911 1876 959 1904 ge-

218 1917 318 1949 nerale
352 1914 583 1953 intermedium,
620 1915 693 1944 illud
723 1915 871 1945 celebrare
900 1925 958 1945 non

219 1967 322 2008 possit,
359 1965 439 1996 illius
471 1964 670 1994 delinitorium
702 1965 838 2002 generale
870 1964 958 2003 eligat

218 2017 388 2048 ministrum
410 2014 503 2044 nostri
533 2017 694 2043 conventus
716 2014 831 2043 romani
854 2015 884 2043 S.
907 2014 957 2043 Ca-

218 2066 274 2097 roli
297 2065 332 2095 ad
353 2073 479 2103 sequens
501 2062 673 2092 triennium.
698 2062 732 2092 Et
758 2062 896 2092 similiter
916 2062 958 2092 sa-

218 2115 309 2154 milia,
324 2122 398 2154 quae
421 2112 602 2152 praedictum
625 2111 786 2151 capitulum
809 2111 957 2142 celebrare

218 2164 276 2195 iam
310 2164 438 2193 instante
470 2165 600 2200 tempore
633 2166 758 2200 nequeat
790 2171 840 2200 per
873 2171 957 2191 sunm

219 2212 416 2244 definitorium
440 2210 586 2249 generale,
604 2211 691 2248 eligat
710 2211 877 2241 ministrum
900 2211 958 2241 col-

219 2262 289 2301 legii
307 2261 399 2292 nostri
422 2261 457 2290 de
480 2260 671 2299 Propaganda
693 2260 763 2290 Fide
793 2261 827 2291 ad
857 2261 958 2290 imme-

219 2312 332 2342 diatum
356 2310 528 2341 triennium.

260 2370 336 2391 xxiv.
362 2360 525 2390 Electiones
555 2358 758 2388 ministrorum
792 2359 897 2389 horum
928 2359 957 2389 in

219 2410 346 2451 capitulo
362 2409 492 2447 generali
510 2412 646 2448 poterunt
661 2408 725 2438 fieri
741 2409 803 2438 sine
816 2409 958 2439 scrutinio

220 2469 255 2491 ex
274 2458 410 2491 omnibus
433 2458 520 2497 aptis,
544 2457 623 2497 quia,
648 2458 805 2497 propositis
827 2458 958 2497 quinque

220 2519 255 2541 ex
274 2509 348 2549 aptis
363 2518 378 2538 3
397 2507 564 2538 delinitorio
588 2507 767 2546 provinciae,
785 2516 817 2536 ex
835 2517 890 2547 qua
907 2508 959 2537 eli-

220 2558 330 2598 gendus
345 2557 454 2588 assumi
471 2556 591 2595 debeat,
609 2556 717 2586 familia
734 2556 763 2586 in
782 2566 815 2586 eo
831 2557 958 2596 capitulo

221 2607 328 2647 eligere
347 2606 453 2646 poterit
475 2614 561 2646 quem
584 2605 758 2636 iudicaverit
779 2606 956 2645 eligendum.

307 2665 387 2694 Buzl.
407 2664 492 2693 Rom.
511 2679 545 2684 -
570 2664 632 2695 Vol.
651 2664 754 2693 XXIV.
885 2664 919 2692 56

1642 192 1702 227 441

1044 262 1110 283 xxv.
1134 252 1241 283 Finitis
1275 252 1469 283 electionibus
1490 276 1497 290 ,
1532 255 1748 291 prosequantur

1004 303 1149 332 sessiones
1173 302 1354 331 necessariae
1377 301 1411 331 ad
1433 301 1577 339 agendum
1594 300 1628 330 de
1648 300 1747 330 obser-

1005 353 1113 389 vantia,
1129 360 1296 391 progressu,
1315 351 1448 390 bonoque
1465 350 1612 380 communi
1630 355 1747 380 nostrae

1003 400 1177 438 religionis,
1201 405 1229 429 et
1251 405 1318 429 ante
1341 400 1437 429 omnia
1467 409 1499 429 ac
1528 399 1684 438 praecipue
1711 398 1747 428 de

1004 449 1067 478 eius
1090 449 1244 485 instituto,
1268 449 1471 488 redemptione
1494 449 1632 478 nimirum
1656 448 1747 487 capti-

1005 506 1126 531 vorum2
1151 502 1178 526 et
1201 497 1236 526 ab
1258 497 1321 536 ipso
1344 502 1404 527 toto
1427 497 1556 536 capitulo
1573 497 1747 526 confirmen-

1004 550 1052 575 tur
1075 550 1231 585 praecepta
1254 546 1284 575 in
1308 546 1352 575 1115
1376 546 1638 576 constitutionibus
1654 546 1747 585 impo-

1003 595 1069 624 sita.
1089 594 1199 629 Quibus
1216 595 1373 631 conclusis,
1393 595 1553 634 capitulum
1571 604 1622 634 per
1637 599 1746 624 secreta

1003 643 1140 681 suffragia
1164 644 1253 681 eligat
1276 649 1338 673 octo
1363 654 1399 673 ex
1423 644 1565 673 ministris
1582 644 1748 683 provincia-

1004 692 1080 722 libus
1102 692 1265 721 actualibus
1287 696 1315 721 et
1337 693 1480 722 ministris
1497 702 1534 722 ex
1550 692 1685 722 domibus
1700 701 1747 721 ca-

1005 740 1199 779 pitularibus,
1223 740 1257 770 ad
1280 741 1333 770 hoc
1357 744 1387 769 ut
1412 741 1525 780 priores
1548 745 1674 780 quatuor
1701 740 1747 770 vel

1004 789 1133 828 quinque
1169 793 1348 819 concurrant
1381 789 1469 819 simul
1492 799 1556 819 cun]
1586 789 1747 818 definitori-

1003 837 1057 867 bus
1079 837 1266 875 generalibus
1288 837 1406 868 Ordinis
1428 842 1455 867 et
1487 838 1615 867 familiae
1645 838 1748 876 (sicut

1005 887 1145 926 praecipit
1167 887 1294 925 regula)
1319 887 1353 916 ad
1377 887 1589 916 correctionem
1618 886 1663 916 vel
1696 886 1746 916 dc-

1005 935 1179 974 positionem
1202 936 1361 974 superioris
1384 935 1529 973 generalis
1551 934 1667 965 Ordinis
1686 959 1692 972 ‚
1722 934 1746 964 si

1004 984 1033 1013 in
1056 984 1105 1014 illo
1128 985 1268 1014 sexennio
1285 994 1357 1023 opus
1373 984 1471 1014 suerit.
1492 984 1608 1023 Reliqui
1626 993 1693 1013 vero
1710 983 1746 1013 ad

1004 1033 1058 1063 hoc
1080 1033 1222 1072 deputati,
1240 1033 1320 1063 iuxta
1338 1033 1471 1063 ordinem
1494 1043 1563 1063 suae
1580 1033 1744 1069 electionis,

1004 1082 1160 1112 succedant
1184 1083 1297 1122 primis,
1314 1083 1338 1112 si
1360 1091 1394 1112 ex
1417 1083 1482 1113 istis
1506 1082 1612 1122 aliquis
1634 1082 1747 1112 desece-

1003 1132 1065 1169 rit,
1089 1132 1192 1161 mortis
1212 1154 1219 1168 ,
1244 1136 1293 1162 aut
1315 1131 1546 1162 renunciationis
1564 1154 1570 1168 ‚
1605 1135 1655 1161 aut
1688 1131 1747 1160 alia

1003 1180 1107 1219 quavis
1131 1182 1229 1210 causa.

1043 1238 1121 1259 xxvi.
1145 1229 1267 1269 insuper
1290 1230 1367 1259 idem
1391 1229 1551 1269 capitulum
1574 1229 1661 1267 eligat
1693 1238 1747 1259 sex

1003 1283 1100 1318 patres
1113 1288 1146 1308 ex
1160 1278 1344 1316 gravioribus
1357 1278 1522 1317 religionis,
1536 1287 1660 1317 quorum
1678 1288 1747 1308 con-

1003 1327 1068 1357 silio
1091 1332 1119 1357 et
1141 1337 1262 1357 assensu
1286 1327 1421 1367 superior
1447 1327 1594 1365 generalis
1614 1327 1746 1366 (quando

1003 1385 1087 1405 casus
1110 1376 1287 1414 occurrerit)
1312 1376 1409 1405 eiiciat
1431 1375 1466 1405 ab
1490 1375 1597 1406 Ordine
1619 1376 1746 1414 aliquem

1006 1425 1051 1454 vel
1067 1425 1190 1464 aliquos,
1208 1425 1353 1454 instructo
1370 1434 1522 1464 processu,
1536 1429 1563 1454 et
1580 1425 1664 1464 plene
1681 1434 1747 1464 pro-

1003 1473 1079 1503 batis
1111 1474 1207 1504 causis
1240 1473 1443 1513 expulsionis,
1478 1473 1560 1503 iuxta
1594 1473 1746 1503 decretum

1003 1532 1102 1553 sacrae
1125 1522 1365 1561 Congregationis
1387 1522 1520 1552 Concilii.
1545 1522 1579 1552 Et
1596 1526 1747 1561 praeterea

1003 1571 1092 1610 eligat
1122 1582 1237 1611 quoque
1261 1571 1420 1611 capitulum
1454 1571 1488 1601 ad
1521 1571 1655 1601 eumdem
1678 1571 1746 1601 effe-

1003 1625 1081 1650 ctum
1104 1621 1177 1651 alios
1200 1625 1325 1660 quatuor
1348 1621 1391 1651 vel
1426 1630 1479 1650 sex
1513 1625 1610 1660 patres
1643 1620 1748 1650 subro-

1003 1670 1111 1708 gandos
1141 1670 1243 1700 ordine
1266 1679 1336 1699 snae
1359 1669 1510 1699 electionis
1538 1669 1568 1698 in
1601 1669 1746 1699 desectum

1003 1719 1128 1749 alicuius
1150 1719 1194 1749 vel
1217 1720 1382 1758 aliquorum
1405 1728 1442 1748 ex
1466 1727 1516 1748 sex
1537 1718 1616 1758 prius
1633 1719 1744 1748 electis.

1044 1777 1131 1798 xxvii.
1155 1768 1265 1797 Deinde
1299 1768 1446 1807 quaelibet
1481 1768 1590 1797 familia
1624 1768 1746 1797 seorsim

1003 1817 1136 1855 designet
1158 1826 1192 1846 ex
1216 1816 1345 1855 qualibet
1368 1816 1519 1856 provincia
1541 1817 1594 1845 sua
1611 1816 1682 1846 duas
1698 1816 1747 1846 do-

1003 1876 1065 1896 mos
1094 1866 1271 1905 capitulares
1287 1891 1294 1904 ‚
1317 1866 1360 1906 [ut
1384 1866 1494 1896 dictum
1518 1871 1560 1896 est
1583 1866 1596 1905 ἓ
1619 1866 1637 1895 4
1660 1866 1747 1896 liuius

1003 1915 1107 1955 capitis
1126 1939 1133 1953 ,
1157 1924 1239 1945 num.
1264 1925 1271 1945 1
1290 1939 1297 1952 ,
1322 1919 1353 1945 ut
1376 1915 1504 1945 ministri
1526 1915 1643 1944 illarum
1676 1916 1747 1946 socii

1003 1965 1061 1995 sint
1083 1965 1118 1995 ad
1134 1965 1295 2004 capitulum
1319 1966 1449 2004 saturum
1473 1964 1608 2003 generale
1630 1964 1747 1996 Ordinis

1004 2014 1047 2044 vel
1072 2014 1196 2043 familiae
1220 2014 1302 2043 iuxta
1325 2014 1415 2044 (licta.

1042 2072 1140 2093 xxvln.
1163 2063 1274 2098 Quibus
1291 2063 1483 2093 electionibus
1499 2063 1594 2100 sactis,
1613 2063 1747 2101 legantur

1003 2122 1100 2142 coram
1123 2113 1253 2152 capitulo
1276 2112 1393 2142 decreta
1416 2116 1533 2142 sanctae
1555 2122 1693 2142 romanae
1719 2117 1748 2143 et

1003 2162 1148 2201 generalis
1170 2162 1395 2202 Inquisitionis‚
1420 2167 1448 2192 et
1476 2172 1593 2202 praeses
1626 2163 1748 2202 capituli

1004 2212 1136 2241 hortetur
1159 2212 1194 2241 ad
1216 2212 1334 2241 illorum
1357 2211 1488 2241 strictam
1508 2211 1702 2241 obcdiontiain
1719 2216 1747 2242 et

1002 2260 1230 2291 observantiam.
1260 2260 1364 2291 Postea
1397 2261 1534 2299 legantur
1564 2269 1662 2290 coram
1695 2270 1746 2290 suo

1001 2310 1167 2340 delinitorio
1190 2310 1327 2349 epistolae
1351 2309 1457 2339 missae
1489 2309 1523 2338 ad
1559 2309 1718 2348 capitulum
1737 2334 1744 2348 ‚

1002 2365 1054 2397 ut,
1079 2360 1103 2390 si
1125 2360 1290 2389 delinitorio
1313 2360 1406 2389 visum
1430 2359 1516 2388 suerit
1531 2382 1538 2396 ‚
1563 2368 1661 2388 coram
1686 2363 1744 2388 toto

1002 2409 1129 2448 capitulo
1145 2414 1230 2439 notae
1248 2409 1334 2438 fiant:
1351 2408 1535 2438 decernimus
1557 2411 1651 2436 autem
1668 2408 1745 2446 quod

1002 2468 1055 2488 nec
1083 2468 1200 2498 praeses
1233 2457 1352 2497 capituli
1384 2466 1437 2487 nec
1469 2455 1639 2495 capitularis
1670 2456 1745 2486 alius

1003 2511 1119 2547 praeter
1141 2507 1303 2545 assignatos
1327 2506 1417 2545 possit
1440 2505 1535 2544 legere
1559 2508 1608 2534 aut
1631 2504 1745 2544 aperire

1004 2556 1170 2586 huiusmodi
1194 2555 1343 2594 epistolas.

1043 2615 1119 2636 xxix.
1143 2605 1193 2635 llis
1215 2604 1352 2636 omnibus
1375 2604 1512 2644 peractis,
1537 2602 1745 2635 603ῑί111ιοί11]-

1753 202 1806 230 An.
1822 201 1850 229 C.
1873 201 1942 230 ¹738
