2232 3178
278 258 329 283 An.
350 257 379 285 c,
400 258 466 283 trac
517 248 577 281 182

312 1000 373 1020 Volo<
399 1003 455 1021 trau.

270 1030 360 1052 aunuum
368 1033 408 1048 utu.

470 305 570 347 cifica,
589 316 742 349 expressa
760 309 791 337 ct
810 303 987 342 individua,
1005 314 1041 336 ac
1055 303 1094 336 de
1111 301 1210 335 verbo

469 358 508 391 ad
533 358 674 399 verbum,
692 368 756 390 non
776 363 880 390 autem
908 367 966 400 per
983 357 1142 389 clausulas
1160 365 1211 397 ge-

470 412 597 444 nerales
622 411 707 443 idem
745 410 982 452 importantes‚
1008 409 1130 442 mentio
1154 418 1208 441 seu

468 463 602 506 quaevis
621 463 682 495 alia
708 462 874 505 expressio
900 461 1063 500 habenda,
1083 466 1136 494 aut
1153 461 1211 493 ali-

468 526 532 557 qua
557 515 718 557 exquisita
752 516 853 546 forma
887 515 925 546 ad
960 514 1022 546 hoc
1054 513 1210 546 servanda

468 569 563 606 foret,
582 567 710 599 illorum
732 567 877 599 omnium
897 572 928 599 et
948 567 1148 608 singulorum
1168 570 1210 598 te-

467 630 561 653 nores
594 620 820 663 praesentibus
854 630 912 663 pro
944 621 1042 663 plene
1068 625 1098 651 et
1122 619 1210 651 suffi-

468 674 594 706 cienter
620 673 796 715 expressis,
813 678 843 705 ct
860 673 897 705 ad
919 673 1051 705 verbum
1078 672 1209 704 insertis

467 726 638 766 habentes,
659 725 722 758 illis
747 726 827 758 alias
853 725 884 758 in
911 736 969 758 suo
996 726 1116 758 robore
1135 735 1208 767 per-

467 780 625 812 mansuris
646 807 652 820 ,
691 779 729 812 ad
770 779 1023 823 praemissorum
1063 778 1208 812 ess'cctum

467 833 648 872 dumtaxat,
667 832 853 875 specialiter
871 838 902 865 et
919 842 1070 876 expresse
1089 842 1124 864 ac
1144 831 1209 874 ple-

466 885 599 918 nissime
614 885 824 928 derogamus;
841 885 1021 928 ceterisque
1039 884 1209 918 contrariis

467 938 739 981 quibuscumque.

511 991 525 1034 ἓ
542 991 573 1024 7.
593 991 747 1024 Volumus
773 997 880 1023 autem
899 996 933 1023 ut
954 990 1098 1034 ipsorum
1116 1000 1210 1033 prae-

466 1044 606 1077 sentium
646 1044 828 1077 litterarum
870 1044 1080 1086 transumptis
1100 1070 1107 1083 ,
1151 1053 1207 1075 seu

466 1096 637 1140 exemplis,
656 1097 751 1129 etiam
766 1096 944 1139 impressis,
958 1107 1053 1129 manu
1073 1095 1208 1129 alicuius

466 1150 584 1183 notarii
620 1150 741 1193 publici
779 1149 970 1193 subscriptis
987 1177 994 1189 ‚
1029 1155 1060 1182 et
1098 1149 1207 1191 sigillo

465 1213 627 1246 personae
653 1203 684 1235 in
711 1203 935 1236 ecclesiastica
953 1203 1108 1245 dignitate
1131 1212 1208 1235 con-

465 1256 597 1290 stitutae
629 1256 762 1289 munitis
778 1284 785 1296 ,
812 1257 924 1290 eadem
959 1266 1092 1299 prorsus
1126 1255 1206 1288 tides

465 1310 587 1353 ubique
605 1310 746 1342 locorum
763 1314 826 1342 tam
846 1309 878 1342 in
896 1309 1016 1342 iudicio
1042 1319 1137 1352 (piam
1156 1319 1207 1341 ex-

466 1367 515 1395 tra
533 1362 739 1401 adhibeatur,
767 1372 850 1405 quae
868 1362 1098 1405 praesentibus
1116 1361 1207 1394 adhi-

466 1416 601 1448 beretur
619 1416 645 1448 si
661 1415 766 1448 forent
784 1415 948 1448 exhibitae
970 1416 1019 1448 vel
1042 1420 1203 1448 ostensae.

510 1468 623 1500 Datum
650 1468 784 1508 Romae,
804 1469 889 1511 apud
914 1468 945 1501 S.
966 1467 1095 1500 Mariam
1112 1467 1207 1500 Maio-

466 1531 554 1560 rem,
584 1521 644 1553 sub
676 1522 797 1554 annulo
830 1521 1021 1560 piscatoris,
1056 1521 1107 1553 dic
1133 1531 1206 1553 xxVI

466 1574 573 1606 martii
612 1583 791 1607 mcccxxxvi
808 1601 815 1614 ‚
849 1573 1056 1617 pontificatus
1101 1574 1206 1606 nostri

466 1637 553 1659 anno
571 1637 615 1659 Vl.

501 1687 561 1714 Dat.
583 1688 626 1715 die
646 1688 680 1714 26
700 1688 792 1714 martii
815 1688 892 1721 1736,
914 1688 1012 1724 pontif.
1035 1696 1107 1715 anno
1126 1695 1163 1715 vr.

819 1741 853 1774 F.
874 1742 959 1774 card.
979 1741 1161 1775 Omvmuus.

754 1907 923 1941 CLXXVII.

468 1995 678 2038 Confirmatio
704 1995 823 2028 decreti
856 1996 1120 2040 Couqreyationis
1144 1997 1209 2040 epi—

509 2059 674 2092 scoporum
705 2054 733 2082 et
758 2049 982 2093 reyularium,
1008 2060 1071 2093 quo
1097 2049 1207 2083 decla-

509 2105 605 2134 ratur
630 2101 724 2134 licere
754 2102 915 2142 fratribus
952 2101 1086 2135 Ordinis
1111 2102 1209 2135 Mini-

512 2165 638 2188 morum
651 2155 758 2187 sancti
774 2154 945 2187 Francisci
958 2155 995 2188 de
1009 2155 1119 2188 Paula
1135 2156 1208 2190 Con-

508 2207 709 2250 qreqationis
734 2206 935 2250 Hispanicae
961 2208 1144 2250 promoveri
1168 2208 1209 2241 ad

511 2261 659 2293 tauream
695 2260 888 2293 doctoralem
925 2265 954 2293 et
983 2262 1208 2304 uiayisterium

510 2315 547 2347 in
582 2314 724 2357 publicis
759 2313 1047 2353 universitatibus,
1074 2315 1110 2346 iu
1135 2325 1205 2347 eum

509 2368 606 2409 finem
620 2367 794 2399 dumtaxat
818 2371 854 2399 ut
879 2366 1048 2399 cathedras
1066 2367 1208 2399 obtinere

510 2425 538 2453 et
563 2429 707 2452 excercere
726 2418 866 2459 valeant,
886 2420 934 2452 ita
961 2423 1067 2451 tamen
1091 2424 1127 2452 ut
1152 2420 1208 2452 ltu-

510 2473 653 2506 iusmodi
677 2473 856 2516 assumptio
876 2482 931 2505 seu
953 2473 1113 2515 promotio
1138 2473 1208 2505 nul-

511 2527 580 2559 lum
602 2526 732 2570 penitus
763 2525 904 2568 aradum
938 2535 1036 2568 meque
1074 2525 1208 2558 titulum

510 2590 565 2612 seu
587 2580 852 2624 praerogativam
880 2579 912 2612 in
933 2578 1056 2613 Ordine
1079 2579 1208 2622 praedi-

509 2637 556 2668 cto
582 2633 726 2674 inducat,
745 2633 798 2666 sed
816 2634 902 2666 circa
927 2632 1116 2667 huiusmodi
1131 2643 1207 2676 qra-

1064 252 1243 277 BELLA-mlum
1270 251 1377 275 ROMA&
1384 251 1425 275 ΠΜ

1298 299 1401 332 dicum
1416 299 1633 332 exclusionem
1652 302 1758 332 exacte
1774 302 1897 331 servent
1914 308 1997 342 quae

2000 250 2051 275 An*
2075 249 2188 278 &1736

1295 363 1354 396 per
1370 353 1614 386 constitutiones
1641 352 1743 395 ipsius
1758 351 1892 386 Ordinis
1907 361 1996 396 prae-

1997 403 2009 414 2

1297 407 1498 439 scribuntur.

1467 495 1603 522 clemens
1624 494 1702 527 Papa
1720 495 1784 527 XII,

1396 541 1432 566 ad
1455 538 1590 566 futuram
1611 539 1655 566 rei
1676 539 1860 566 memoriam.

1298 619 1312 662 ξ
1337 619 1369 652 1.
1396 619 1504 662 Nuper
1540 629 1599 662 pro
1624 624 1715 662 parte
1741 619 1934 653 dilectorum
1961 619 1996 652 fi-

1254 672 1370 705 liorum
1397 672 1532 704 fratrum
1558 671 1685 705 Ordinis
1711 672 1811 705 sancti
1830 673 1993 706 Francisci

1256 724 1294 756 de
1310 724 1408 756 Paula
1427 724 1631 757 lllinimorum
1648 730 1904 768 nuncupatorum
1922 735 1996 768 pro-

1254 776 1433 810 vinciarum
1471 777 1645 820 Hispaniae
1684 777 1778 810 nobis
1820 778 1993 821 exposito,

1254 829 1349 872 quod,
1376 830 1415 862 ad
1442 830 1504 862 hoc
1521 835 1554 861 ut
1572 830 1643 872 quis
1662 830 1699 863 ad
1719 829 1865 873 publicas
1884 830 1995 863 cathe-

1254 882 1328 914 dras
1359 881 1601 915 universitatum
1636 883 1816 916 studiorum
1850 893 1991 926 genera-

1253 936 1331 968 lium
1370 936 1403 968 in
1445 937 1556 969 eadem
1597 936 1752 980 Hispania
1788 937 1992 970 existentium

1253 998 1446 1021 concurrere
1471 990 1597 1029 valcat,
1625 994 1754 1032 oportet
1780 988 1875 1022 eum¹
1900 989 1992 1033 prius

1253 1040 1431 1081 magisterii
1470 1040 1605 1082 gradum
1637 1041 1671 1073 in
1704 1041 1813 1085 aliqua
1839 1053 1875 1074 ex
1902 1043 1994 1075 dictis

1252 1093 1519 1126 universitatibus
1544 1096 1751 1137 suscepissc;
1777 1096 1890 1128 fratres
1915 1106 1994 1129 vero

1252 1145 1411 1188 praedicti
1448 1147 1569 1188 gradus
1601 1147 1779 1189 magisterii
1806 1148 1993 1182 huiusmodi

1253 1198 1425 1241 incapaces
1462 1200 1598 1231 eatenus
1633 1201 1770 1243 reputati
1808 1201 1933 1234 fuerant
1957 1212 1993 1235 ex

1252 1251 1358 1284 verbis
1391 1252 1521 1294 regulae
1547 1252 1647 1295 ipsius
1673 1253 1704 1286 S.
1728 1253 1904 1294 Francisci,
1931 1255 1993 1288 ibi:

1254 1303 1378 1347 Ubique
1411 1308 1517 1337 tamen
1550 1305 1732 1338 observetur
1763 1307 1849 1350 quod
1880 1307 1993 1340 nullus

1251 1356 1292 1388 ad
1320 1357 1506 1399 maqisterii
1528 1368 1580 1390 seu
1606 1358 1713 1391 alium
1741 1360 1879 1403 qradum
1903 1371 1994 1393 assu-

1250 1413 1380 1450 matur;
1406 1410 1545 1454 indeque
1571 1411 1690 1444 sactum
1711 1418 1779 1445 erat
1797 1418 1831 1446 ut
1855 1413 1936 1447 nulli
1955 1424 1992 1447 ex

1253 1463 1403 1496 tratribus
1425 1464 1599 1507 praedictis
1617 1470 1767 1508 patuerat
1792 1466 1896 1499 aditus
1916 1477 1992 1500 con-

1251 1515 1402 1548 currendi
1418 1517 1456 1549 ad
1468 1517 1649 1559 praedictas
1664 1519 1843 1559 cathedras,
1853 1519 1884 1552 in
1895 1530 1992 1563 grave

1252 1569 1482 1602 detrimentum
1509 1575 1573 1602 tum
1592 1571 1775 1604 studiorum
1800 1572 1991 1613 litterarum,

1254 1627 1318 1654 tum
1344 1622 1560 1665 plurimorum
1578 1625 1805 1666 religiosorum
1832 1626 1992 1659 habilium

1252 1676 1290 1707 ad
1306 1675 1488 1709 istiusmodi
1504 1677 1676 1710 cathedras
1691 1678 1893 1719 obtinendas,
1909 1690 1992 1722 quae

1252 1739 1318 1761 non
1351 1729 1512 1762 modicum
1547 1730 1646 1763 decus
1674 1736 1706 1763 et
1736 1731 1910 1764 utilitatem
1940 1742 1994 1765 su-

1253 1782 1405 1825 pradictis
1431 1783 1605 1826 provinciis
1626 1785 1781 1817 allaturae
1807 1785 1933 1817 forent:
1961 1791 1993 1818 et

1253 1835 1285 1867 in
1310 1836 1423 1868 eadem
1451 1836 1653 1879 expositione
1679 1837 1863 1878 subiuncto,
1890 1839 1991 1882 quod,

1253 1888 1440 1931 diligentius
1476 1891 1649 1933 perpensis
1691 1891 1848 1924 enarratis
1885 1891 1992 1924 verbis

1253 1941 1394 1983 regulae,
1421 1943 1606 1975 luculenter
1631 1949 1819 1986 appareret,
1851 1949 1992 1977 mentem

1252 1995 1395 2028 eiusdem
1422 1997 1521 2028 sancti
1544 1996 1707 2029 Francisci
1731 1996 1837 2037 tuisse,
1855 1997 1894 2030 ad
1914 1997 1993 2030 reti-

1253 2048 1391 2081 nendam
1428 2048 1460 2080 in
1500 2048 1585 2082 dicto
1612 2048 1730 2082 Ordine
1756 2049 1990 2090 humilitatem,

1251 2101 1428 2144 prohibere
1455 2101 1618 2134 dumtaxat
1651 2102 1717 2135 suis
1751 2103 1890 2136 alumnis
1917 2114 1993 2147 pro-

1252 2154 1376 2186 moveri
1402 2154 1439 2186 ad
1467 2154 1690 2196 magisterium
1715 2165 1751 2188 ac
1775 2155 1873 2199 potiri
1908 2156 1993 2190 intra

1253 2207 1373 2240 dictum
1392 2207 1545 2240 Ordinem
1563 2208 1601 2240 iis
1620 2209 1855 2252 praerogativis
1873 2210 1991 2253 quibus

1253 2261 1395 2302 magistri
1428 2260 1566 2293 allorum
1602 2260 1757 2294 Ordinum
1791 2262 1990 2304 regularium

1252 2313 1462 2352 fruebantur,
1489 2324 1561 2346 cum
1599 2313 1772 2347 verisimile
1809 2325 1874 2347 non
1907 2321 1993 2348 esset

1252 2366 1413 2409 religiosis
1439 2367 1504 2400 suis
1529 2372 1637 2400 vetare
1670 2368 1809 2401 voluisse
1839 2379 1993 2412 progres-

1252 2430 1321 2452 sum
1348 2420 1380 2452 in
1403 2420 1582 2453 litterarum
1602 2421 1718 2453 studiis
1745 2431 1781 2453 ac
1798 2431 1990 2455 concursum

1252 2472 1290 2505 ad
1305 2472 1450 2515 publicas
1467 2473 1638 2505 cathedras
1653 2473 1842 2506 huiusmodi
1860 2478 1896 2506 ut
1912 2475 1991 2508 alios

1251 2525 1409 2558 docerent
1434 2530 1466 2558 et
1490 2527 1703 2567 instruerent;
1724 2526 1821 2567 unde,
1846 2526 1872 2559 si
1898 2537 1989 2560 verus

1251 2589 1364 2611 sensus
1401 2579 1583 2622 praedictae
1621 2580 1755 2622 regulae
1791 2580 1990 2613 retineretur

1291 2642 1299 2667 t
1322 2640 1388 2668 Male
1405 2641 1448 2668 ed.
1466 2641 1543 2668 Main.
1562 2641 1627 2676 legit
1646 2649 1711 2668 cum
1731 2649 1780 2676 pro
1801 2648 1864 2669 eum
1886 2643 1921 2676 (R.
1938 2642 1988 2677 Τ.).

2066 629 2188 650 Provincia·

2006 655 2111 684 Rispauae
2152 662 2186 682 μυ.

2006 683 2058 702 uuo.
