2232 3178
290 219 325 243 An
355 216 470 244 01739
517 208 580 241 592

482 266 602 306 silium,
616 275 809 299 consensum
827 265 1071 308 praestiterunt,
1089 268 1120 296 et
1136 263 1223 297 illius

481 325 590 364 partes
615 323 788 357 scetantur,
818 318 936 359 fovent,
958 321 1098 357 tuentur,
1118 321 1224 349 aucto-

481 373 575 405 ritate
601 370 833 414 omnipotentis
858 370 914 403 Dei
933 369 1223 403 excommunicavi—

481 435 569 464 mus,
596 423 958 463 auatliematizavimus,
987 428 1083 466 atque
1110 423 1149 455 ab
1176 433 1223 455 ec-

481 479 602 511 clesiae
619 476 847 510 communione
863 482 1064 519 segregatos,
1082 485 1118 508 ac
1134 486 1224 519 pror-

481 542 533 563 sus
558 530 784 563 schismaticos
811 530 981 562 habendos
1019 534 1050 561 ct
1076 528 1223 561 vitandos

482 593 553 616 csse
579 582 828 622 constituimus,
853 581 1030 614 indiximus
1064 585 1096 614 et
1121 581 1225 613 decla-

482 635 630 668 ravimus.

316 700 471 730 i13s÷=n=01mvu
526 687 586 731 §3
602 688 786 720 Mandamus
802 692 988 731 propterea,
1010 687 1223 729 districteque

289 729 707 775 ?:.¹..'213‘.²11‘.':';..ff¹.2;³.{imai-dicimus
744 740 851 773 eidem
887 741 983 773 Petro
1009 739 1138 780 Ioanni⁷
1164 739 1223 771 sub

288 785 470 827 {11:5213321.Zl.52.¹¹¹'
482 796 590 837 poena
605 794 945 827 excommunicationis
964 794 1034 837 ipso
1052 793 1135 826 sacto
1153 792 1222 825 sine

482 848 545 881 alia
564 847 785 880 declaratione
804 847 1032 886 incurrendae,
1051 856 1090 879 ne
1108 846 1224 879 audeat

482 898 743 933 iurisdictionem
769 900 868 933 ullam
893 904 948 932 aut
968 909 1026 942 pro
1044 898 1223 930 animarum

482 953 641 996 regimine
663 953 887 986 auctoritatem
906 952 966 985 sibi
984 962 1151 995 arrogare,
1174 953 1222 985 vel

482 1016 540 1049 pro
566 1006 781 1049 suscipiendis
816 1005 986 1039 ordinibus
1021 1005 1223 1039 dimissorias

482 1060 606 1093 litteras
625 1060 714 1100 dare,
733 1064 890 1103 pastores,
910 1059 1144 1099 missiouarios‚
1166 1059 1224 1091 mi-

483 1114 616 1154 nistros,
639 1113 868 1152 deservitores,
889 1117 942 1144 aut
960 1112 1051 1152 alios,
1069 1122 1224 1154 quocum-

484 1176 546 1209 que
571 1165 703 1199 nomine
723 1171 965 1209 nuncupentur,
986 1166 1025 1198 ad
1046 1165 1222 1198 animarum

484 1230 595 1252 curam
618 1224 649 1252 et
665 1224 943 1252 sacramentorum
969 1219 1224 1252 administratio-

483 1283 566 1311 nem,
587 1273 700 1316 quovis
714 1273 809 1306 etiam
827 1272 1029 1306 necessitatis
1047 1277 1222 1316 praetextu,

482 1325 680 1359 constituere
705 1336 741 1358 ac
766 1326 932 1369 deputare.

527 1379 597 1422 §le
626 1378 727 1412 Simul
764 1389 895 1423 quoque
928 1380 1032 1422 palam
1066 1379 1223 1412 edicimus

484 1437 514 1465 et
539 1433 753 1472 declaramus,
771 1443 885 1466 omnes
912 1437 943 1465 et
967 1432 1110 1475 singulas
1135 1438 1223 1466 ante-

484 1485 645 1518 dictorum
680 1485 863 1518 officiorum
900 1485 1125 1529 deputationes
1162 1496 1222 1529 pro

483 1538 662 1571 animarum
677 1539 848 1581 regimine,
864 1549 1067 1582 quocumque
1082 1539 1221 1579 nomine,

482 1591 544 1624 iam
570 1591 669 1624 factas
695 1596 749 1624 aut
774 1591 911 1624 sortasse
937 1591 1124 1631 faciendas,
1149 1602 1221 1624 cum

483 1643 634 1677 omnibus
658 1644 734 1677 inde
759 1644 904 1688 sequutis
921 1670 928 1684 ,
957 1654 1091 1687 prorsus
1116 1644 1222 1677 irritas

483 1708 574 1739 esse,
607 1698 793 1740 nulliusque
830 1698 960 1731 roboris
992 1708 1027 1731 ac
1052 1698 1219 1731 momenti.

481 1752 606 1784 Rursus
632 1751 738 1784 eidem
760 1752 856 1785 Petro
874 1752 985 1785 Ioanni
1004 1751 1223 1794 praecipimus

482 1810 579 1848 atque
606 1804 802 1844 inhibemus,
821 1815 871 1843 ne,
890 1805 949 1837 sub
972 1805 1069 1837 simili
1096 1815 1223 1838 excom-

481 1858 711 1891 municationis
729 1860 843 1901 poena,
862 1859 980 1891 audeat
1001 1858 1222 1902 episcopalem

482 1911 750 1951 iurisdictionem,
770 1922 864 1954 quam
882 1911 1031 1955 profecto
1056 1922 1222 1955 nunquam

481 1965 617 2008 adeptus
643 1970 699 2005 est,
725 1975 889 1998 exercere.

316 2030 344 2050 Ab
362 2036 386 2049 eo
406 2030 472 2051 sacris
528 2018 542 2061 ἓ
567 2019 598 2050 5.
626 2017 683 2056 Qui
709 2029 786 2051 vero
812 2028 872 2061 per
901 2018 1001 2061 ipsius
1026 2018 1151 2051 litteras
1177 2018 1223 2051 di-

289 2059 651 2113 L'L'ilfl'tsslssl'iflmissorias
678 2071 776 2104 fuerit
801 2071 1029 2105 ecclesiasticis
1054 2072 1223 2105 ordinibus

289 2110 652 2164 larunt'⁰¹³¹¹⁰'‘¹¹'initiatus,
677 2124 803 2157 noverit
839 2124 1064 2167 suspensionis
1093 2124 1223 2158 vinculo

484 2189 518 2212 se
540 2178 742 2218 obstrictum,
759 2183 855 2222 atque
874 2178 1106 2221 irregularitati
1131 2189 1224 2222 prae-

486 2237 575 2264 terea
604 2232 801 2272 obnoxium,
827 2232 852 2264 si
889 2237 1056 2275 susceptos
1093 2231 1223 2265 ordines

485 2285 678 2318 exercuerit.

528 2339 543 2382 g
568 2338 598 2372 6.
618 2337 715 2371 Vobis
741 2343 857 2379 autem,
875 2338 984 2372 dilecti
1009 2338 1079 2380 filii,
1102 2344 1133 2372 et
1154 2340 1224 2383 qui-

484 2393 687 2435 buscumque
714 2393 786 2425 aliis
812 2392 907 2425 etiam
933 2393 1109 2436 episcopali
1129 2399 1161 2426 et
1178 2404 1225 2426 ar-

485 2446 723 2490 chiepiscopali
739 2445 893 2489 dignitate
908 2446 1110 2489 fulgentibus
1125 2448 1225 2480 omni-

484 2510 527 2533 no
554 2510 589 2532 ac
616 2500 731 2533 sedulo
756 2499 967 2542 iniungimus,
993 2504 1224 2544 vetamusque,

312 1391 472 1418 Episcopalcm·

305 1426 328 1439 ue
339 1418 397 1439 adire
411 1424 472 1439 iuris-

304 1447 414 1466 inionem.

316 2347 366 2368 llum
380 2354 405 2367 eo
416 2348 473 2369 nullo

289 2375 351 2394 tituil«)
381 2381 473 2396 coutimu-

289 2402 409 2422 nirandum,

1060 214 1245 239 BULLARIUM
1271 215 1430 239 ROMANUM

2006 217 2055 243 An.
2077 218 2106 244 C.
2132 216 2196 245 ¹739

1267 263 1371 297 beatis
1398 270 1430 297 et
1454 265 1651 308 agnoscatis,
1678 275 1757 299 neve
1783 276 1854 298 cum
1880 266 2004 304 eodem,

1266 317 1332 350 ullo
1358 322 1461 360 pacto,
1488 318 1679 361 praesertim
1706 318 1736 351 in
1764 317 1891 358 divinis,
1917 329 2006 352 com-

1267 371 1446 412 municetis,
1464 376 1519 404 aut
1543 372 1582 404 ab
1608 372 1692 415 ipso,
1721 377 1775 404 aut
1798 372 1837 404 ab
1856 372 1927 405 aliis
1947 383 2005 415 per

1268 423 1373 466 ipsum
1400 435 1572 468 perperam
1599 425 1781 469 deputatis,
1807 430 2006 458 sacramenta

1268 482 1322 509 aut
1347 477 1478 510 ordines
1504 477 1663 521 accipere,
1679 479 1729 511 vel
1754 479 1822 511 ullo
1842 477 1939 511 modo
1956 477 2004 510 illi

1267 534 1320 561 aut
1344 530 1409 563 illis
1435 541 1549 573 parere
1567 530 1724 570 audeatis,
1744 530 1841 563 immo
1860 529 2005 569 eosdem,

1268 588 1433 626 tamquam
1465 584 1612 623 alienos,
1638 584 1773 616 Sanctae
1798 583 1871 616 Sedi
1897 587 2007 616 contu-

1267 646 1381 676 maces,
1401 637 1622 681 mandatisque
1640 637 1825 680 apostolicis
1842 636 2007 679 refragan-

1269 695 1334 730 teS,
1361 690 1500 723 aversari
1527 695 1557 723 et
1582 690 1682 722 vitare
1708 689 1936 733 praecipimus.

1311 743 1326 785 ἓ
1352 743 1382 775 7.
1410 743 1592 783 Praeterea,
1614 743 1671 775 sub
1696 742 1812 786 poenis
1838 741 2005 775 canonicis
2039 751 2196 775 veniamne„

1267 800 1362 839 atque
1388 796 1483 829 etiam
1501 796 1735 839 indignationis
1753 801 1890 835 nostrae,
1909 778 2197 832 inter-ffffiffsffuiacissi]

1268 849 1403 882 dicimus
1425 860 1460 882 ac
1479 859 1591 883 severe
1617 849 1830 892 prohibemus
1855 831 2196 881 omnihusil‘ffitffffillfes'.¹²

1267 901 1521 945 cuiuscumque⁴
1548 902 1729 936 catholicae
1754 902 1917 935 Ecclesiae
1950 911 2003 934 ar-

1267 955 1485 998 chiepiscopis
1503 961 1534 988 et
1558 954 1730 998 episcopis,
1748 966 1789 988 ne
1807 954 2006 987 antedictum

1267 1008 1396 1041 Petrum
1415 1008 1578 1048 loannem,
1597 1008 1714 1041 frustra
1732 1009 1883 1047 electum,
1901 1007 2006 1040 archi-

1268 1061 1458 1104 episcopum
1480 1071 1670 1094 consecrare
1696 1061 1847 1094 audeant.
1871 1060 1926 1093 Cui
1951 1070 2007 1103 pa-

1268 1113 1348 1146 riter
1366 1114 1424 1146 sub
1443 1113 1565 1146 eisdem
1584 1113 1697 1156 poenis
1718 1113 1889 1146 indicimus
1910 1117 2006 1156 atque

1266 1167 1476 1211 imperamus,
1503 1178 1543 1200 ne
1569 1178 1603 1200 se
1629 1178 1645 1200 a
1671 1167 1899 1210 qualicumque
1927 1167 2007 1200 anti-

1267 1221 1341 1253 stite
1357 1220 1612 1254 consecrandum
1627 1220 1793 1264 praebeat,
1813 1225 1925 1264 utpote
1943 1220 2007 1253 ina-

1267 1274 1352 1307 niter
1377 1279 1408 1306 et
1433 1274 1524 1306 nullo
1549 1278 1643 1316 pacto
1669 1273 1943 1317 archiepiscopali
1964 1273 2007 1306 di-

1267 1327 1390 1370 gnitate
1424 1328 1602 1367 donatum3
1630 1337 1692 1370 qua
1723 1336 1800 1359 sane
1833 1326 1946 1359 illicita
1971 1336 2008 1360 ac

1267 1380 1391 1413 nefaria
1416 1379 1665 1413 consecratione
1685 1385 1730 1413 tot
1755 1379 1896 1422 reliquas
1921 1379 2007 1412 subi-

1266 1439 1316 1466 ret
1350 1433 1524 1467 cauonicas
1556 1443 1701 1476 poenas,
1728 1438 1760 1466 et
1790 1433 2007 1467 nihilominus

1266 1487 1305 1520 ab
1331 1486 1418 1520 omni
1455 1486 1594 1530 suscepti
1629 1486 1827 1530 episcopalis
1861 1486 2006 1520 eiusdem

1266 1540 1394 1573 Ordinis
1419 1539 1573 1572 exercitio
1599 1549 1778 1583 suspensus
1803 1545 1959 1573 maneret.

1310 1594 1324 1637 ξ
1345 1593 1376 1626 8.
1400 1593 1520 1636 ltaque,
1541 1593 1648 1628 dilecti
1667 1592 1733 1633 filii,
1753 1593 1905 1626 mandata
1923 1593 2161 1646 haeccaffifflaasuo
2170 1599 2213 1631 aar..

1267 1652 1379 1680 nostra
1404 1647 1435 1679 in
1454 1646 1571 1689 spiritu
1588 1646 1728 1679 filiorum
1754 1646 1938 1689 adoptionis
1954 1657 2004 1680 ac·
2088 1647 2091 1649 ⁴
2136 1639 2142 1647 ⁵

1266 1700 1433 1744 cipientes,
1452 1700 1490 1732 iis
1509 1699 1708 1742 exequendis
1734 1705 1848 1733 navate
1865 1700 2007 1733 libenter

1266 1763 1414 1796 operam,
1437 1762 1473 1785 ac
1499 1753 1625 1785 fortiter
1650 1752 1788 1785 aversati
1814 1758 1940 1785 versuta
1963 1752 2006 1785 sa-

1266 1806 1443 1839 ctiosorum
1468 1804 1609 1848 ingenia,
1628 1805 1744 1848 quibus
1769 1805 1852 1838 nibil
1877 1805 2006 1838 suavius

1266 1865 1315 1892 est
1339 1859 1496 1892 seditioso
1515 1859 1652 1891 tumultu
1682 1859 1939 1902 perturbataque
1957 1869 2008 1891 re-

1266 1912 1412 1955 ligione,
1440 1912 1549 1945 debita
1582 1911 1677 1944 simul
1709 1911 1896 1945 obedientia
1926 1923 2004 1956 pro-

1266 1965 1394 2009 sequuti
1412 1975 1597 2008 supremum
1618 1964 1884 2008 patremfamilias
1910 1966 2007 1999 unice

1266 2018 1520 2063 prospicientem
1536 2024 1663 2051 vestrae
1682 2018 1840 2060 felicitati,
1858 2018 1932 2052 date
1950 2019 2007 2053 do-

1267 2079 1451 2106 cumentum
1481 2071 1565 2105 filios
1582 2072 1662 2105 lucis
1687 2082 1743 2105 vos
1769 2082 1853 2113 esse,
1873 2082 1933 2106 nec
1950 2073 2007 2106 ha-

1266 2127 1344 2159 bere
1371 2135 1442 2158 cum
1461 2125 1499 2158 iis
1523 2135 1591 2157 rem
1608 2126 1702 2165 velle,
1724 2126 2006 2168 consuetudinem,

1266 2179 1477 2218 societatem,
1511 2178 1564 2221 qui
1601 2178 1770 2211 ambulant
1804 2178 1836 2211 iu
1872 2179 2006 2222 regione

1267 2233 1401 2266 umbrae
1433 2233 1567 2272 mortis,
1592 2243 1644 2273 ac,
1669 2238 1799 2276 praeter
1823 2233 2006 2276 pestilentis

1268 2287 1433 2320 doctrinae
1459 2286 1629 2326 tenebras,
1656 2286 1773 2329 quibus
1798 2286 2004 2327 obruuntur,

1268 2341 1306 2373 ea
1337 2339 1477 2382 denique
1511 2339 1629 2372 mentis
1665 2339 1819 2372 caecitate
1856 2339 2006 2373 laborare

1267 2393 1448 2436 incipiunt,
1475 2397 1510 2425 ut
1541 2393 1665 2435 priscos
1689 2402 1754 2426 non
1779 2393 1874 2425 unius
1899 2397 2006 2426 sectae

1267 2445 1451 2479 haereticos
1491 2444 1629 2485 imitati,
1662 2444 1728 2477 ficti
1763 2445 2005 2489 archiepiscopi

1267 2509 1390 2532 nomen
1415 2499 1448 2531 in
1473 2508 1548 2531 suos
1574 2497 1728 2532 inducere
1753 2498 2003 2542 aggrediantur;

484 2564 525 2587 ne
562 2557 857 2597 praemonstratum
900 2552 1030 2586 Petrum
1071 2553 1224 2586 Ioannem
1267 2558 1381 2587 contra
1404 2562 1482 2586 vero
1500 2562 1572 2585 cuin
1591 2551 1679 2586 fideli
1705 2561 1803 2595 grege
1828 2551 2004 2593 coniuncti,

485 2617 544 2652 pro
564 2617 638 2640 vero
653 2605 881 2640 Ultraiectensi
901 2605 1148 2650 archiepiscopo
1170 2607 1223 2641 ha-

1303 2616 1316 2643 1
1337 2615 1450 2644 Videtur
1469 2615 1614 2652 legendum
1634 2615 1858 2651 quibuscumque
1877 2616 1915 2651 (u.
1932 2615 1980 2646 T.).
