2232 3178
292 210 339 235 An.
358 210 388 236 c.
409 209 476 236 1738
522 199 586 233 :27⁵2

321 2019 466 2041 Praesentium

283 2047 400 2077 tit-terarum
432 2048 467 2068 tir-

283 2076 353 2095 milas.

483 258 648 298 dinamus,
677 268 803 290 necnon
822 257 989 300 perpetuis
1013 257 1125 289 suturis
1147 263 1224 289 tem-

481 311 615 354 poribus
642 311 798 343 moderno
826 315 857 342 et
883 320 942 352 pro
977 315 1120 352 tempore
1160 310 1223 342 exi-

482 363 638 395 stentibus
664 363 766 395 dietae
789 362 925 395 civitatis
952 362 1223 405 gubernatoribus

482 415 563 448 dicia
590 415 779 448 auctoritate
806 425 863 458 per
889 420 1077 458 praesentes
1102 415 1223 458 pracci-

480 469 584 510 pimus
616 473 646 500 et
683 468 900 507 mandamus,
941 473 975 500 ut
1010 468 1221 501 bannimenta

481 522 645 564 praedicta
670 532 706 555 ac
732 532 954 565 (piascumque
985 522 1062 554 alias
1098 522 1220 555 ordina-

482 575 586 608 tiones
613 579 644 607 et
674 575 922 608 constitutiones
960 576 1129 618 generales
1165 585 1222 618 per

479 629 601 662 Statum
623 634 769 662 nostrum
787 630 1044 663 Ecclesiastieum
1063 629 1220 662 hactenus

479 682 565 715 edita
589 687 620 716 et
643 682 830 726 publicata,
857 693 912 715 seu
939 683 969 715 in
996 687 1161 726 posterum
1190 693 1221 715 e-

480 735 585 768 denda
610 741 640 767 et
665 735 877 778 publicanda,
905 735 934 767 in
958 735 1084 768 civitate
1111 735 1222 768 liuius-

479 787 564 820 modi
590 788 749 831 publicari
776 794 948 831 nequcant,
975 788 1144 831 minusque
1168 788 1221 821 illa

480 846 511 873 et
538 841 604 873 illas
631 841 758 874 debitae
785 841 966 874 executioni
994 841 1138 874 mandari
1168 852 1220 873 cu-

479 898 551 925 rent
576 899 607 926 et
633 894 764 933 saciant,
791 894 852 926 nisi
880 894 1001 927 eisdem
1027 894 1221 927 bannimen-

480 946 540 986 tis,
566 947 826 979 ordinationibus
866 953 897 980 et
932 948 1219 980 constitutionibus

480 1010 632 1043 expresse
657 1000 767 1033 civitas
799 1001 965 1043 praedicta
994 1002 1220 1034 Beneventana

478 1053 600 1085 monita
626 1053 736 1093 suerit,
763 1063 798 1086 ac
824 1053 863 1086 de
890 1053 1020 1087 illorum
1046 1054 1220 1087 observan-

481 1105 521 1138 tia
547 1110 579 1138 et
604 1105 825 1149 publicatione
852 1106 884 1139 in
911 1106 993 1139 dieta
1019 1107 1141 1139 civitate
1167 1118 1219 1140 ex-

478 1169 592 1202 pressa
617 1159 669 1191 siat
694 1159 814 1193 mentio
836 1187 842 1199 ,
870 1171 926 1193 seu
957 1160 1070 1193 iisdem
1104 1161 1219 1203 guber-

479 1211 670 1252 natoribus,
697 1213 888 1245 officialibus
922 1218 953 1245 et
985 1213 1153 1249 ministris,
1187 1226 1219 1246 a-

479 1264 596 1308 liisque
623 1265 881 1309 quibuscumque
907 1266 946 1298 de
965 1266 1170 1298 observantia
1188 1271 1219 1299 et

478 1318 700 1360 publicatione
741 1319 917 1362 praedictis
960 1330 1017 1362 pcr
1056 1319 1217 1362 peculiare

478 1371 662 1404 mandatum
685 1377 831 1404 nostrum
852 1377 882 1404 et
900 1372 1034 1404 Romani
1055 1372 1216 1404 Pontificis

477 1434 535 1467 pro
562 1429 709 1468 tempore
728 1425 893 1458 existentis
914 1424 1118 1465 notificatum
1138 1425 1217 1458 itaut

479 1488 706 1521 quaecumque
732 1478 916 1511 huiusmodi
954 1479 986 1510 in
1019 1478 1216 1511 contrarium

478 1531 576 1564 huius
595 1536 726 1564 nostrae
745 1531 973 1564 declarationis
996 1537 1027 1564 et
1043 1532 1216 1565 sanctionis

479 1584 636 1617 hactenus
662 1585 844 1628 proposita,
871 1584 1035 1627 publicata
1069 1590 1099 1617 et
1132 1596 1218 1617 man-

479 1637 574 1678 data,
613 1637 676 1670 sive
714 1637 744 1669 in
785 1643 952 1680 posterum
988 1638 1214 1680 proponenda,

478 1691 674 1735 publicanda
689 1696 720 1724 et
734 1691 916 1723 mandanda
934 1702 949 1723 a
962 1690 1216 1734 quibuscumque

478 1745 589 1788 quavis
623 1744 812 1777 auctoritate
845 1749 1095 1787 praeterquam
1133 1744 1217 1787 quod

476 1798 691 1841 praemissum
709 1802 769 1838 est,
786 1798 893 1830 omnia
908 1802 938 1830 et
955 1798 1080 1840 singula
1096 1798 1217 1831 nullius

477 1851 605 1884 roboris
639 1861 675 1884 ac
706 1851 885 1891 momenti,
912 1850 1020 1892 irrita,
1048 1861 1083 1883 ac
1107 1852 1216 1890 nulla,

478 1909 509 1938 et
535 1909 695 1947 tamquam
715 1914 779 1937 non
804 1904 983 1948 proposita,
1009 1904 1170 1947 publicata
1189 1905 1219 1936 et

477 1957 630 1990 mandata
655 1967 725 1990 esse
750 1962 782 1989 et
806 1957 876 1990 sore
903 1957 1137 1999 intelligantur.

520 2011 535 2054 ἓ
560 2010 592 2044 3.
620 2010 850 2050 Decernentes‚
878 2010 1006 2044 easdem
1033 2015 1218 2053 praesentes

478 2063 601 2097 litteras
627 2068 658 2097 et
682 2063 714 2095 in
742 2063 787 2097 eis
813 2068 968 2096 contenta
994 2073 1217 2106 quaecumque

478 2127 608 2160 semper
633 2116 750 2155 firmas,
776 2116 898 2149 validas
925 2120 954 2148 et
980 2116 1123 2148 efficaces
1153 2115 1218 2148 exi-

477 2176 562 2204 stere
589 2175 619 2203 et
645 2170 737 2211 sore,
764 2180 905 2213 suosque
932 2170 1095 2212 plenarios
1119 2173 1150 2202 et
1174 2169 1219 2201 in-

479 2229 588 2267 tegros
613 2223 745 2257 effectus
771 2223 879 2257 sortiri
917 2228 949 2256 et
983 2223 1155 2265 obtinere,
1181 2234 1218 2256 ae

476 2276 562 2317 illis,
587 2277 626 2309 ad
652 2287 733 2320 quos
760 2281 885 2320 spectat
916 2281 946 2309 et
975 2286 1034 2319 pro
1071 2281 1217 2319 tempore

478 2330 748 2374 quandocumque
785 2329 968 2373 spectabit,
1006 2329 1037 2362 in
1068 2329 1217 2362 omnibus

478 2388 510 2416 et
549 2394 607 2426 per
646 2384 755 2417 omnia
795 2383 985 2426 plenissime
1032 2381 1216 2425 suffragari,

478 2437 588 2480 sieque
618 2438 650 2469 in
683 2436 868 2480 praemissis
904 2446 963 2480 pcr
997 2445 1217 2479 quoscumque

478 2489 600 2523 iudices
625 2490 810 2523 ordinarios
835 2494 867 2523 et
892 2489 1055 2531 delegatos
1077 2515 1084 2529 ‚
1122 2488 1216 2520 etiam

479 2553 645 2577 causarum
682 2543 795 2588 palatii
831 2542 1000 2586 apostolici
1026 2542 1216 2582 auditores,

478 2607 514 2632 ac
537 2597 569 2633 S.
594 2598 631 2630 R.
657 2597 693 2631 E.
721 2597 918 2640 cardinales,
947 2596 1042 2630 etiam
1059 2595 1097 2630 de
1116 2596 1217 2629 latere

1071 207 1254 232 BULLARIUM
1277 207 1435 232 Romnum

2015 206 2063 233 An.
2084 206 2112 234 C.
2129 207 2195 236 ¹738*

1268 257 1413 298 legatos,
1442 256 1575 289 iudicari
1601 261 1632 289 et
1656 256 1780 288 definiri
1806 255 1939 295 debere,
1968 265 2003 287 ae

1267 308 1394 341 irritum
1422 314 1453 342 et
1477 309 1570 342 inane
1596 309 1620 341 si
1653 319 1745 342 secus
1774 319 1872 352 super
1902 308 1955 340 bis
1988 318 2004 341 a

1267 373 1450 406 quoquam,
1476 362 1584 405 quavis
1621 362 1832 402 auctoritate,
1866 361 2004 395 scienter

1267 416 1315 448 vel
1346 416 1545 458 ignoranter,
1571 415 1743 457 contigerit
1764 415 1924 448 attentari.
2194 452 2195 455 Ἴ

1310 469 1323 511 ξ
1348 469 1380 501 4,
1410 468 1479 501 Non
1513 468 1717 501 obstantibus
1745 469 1855 500 nostra
1880 471 1910 501 et
1934 467 2004 501 Cle·
2015 457 2195 529 d.?.t',}¹.'.{.³0‘³⁰¹““¹3

1265 522 1380 555 mentis
1417 521 1696 565 praedecessori&
1722 521 1857 565 aliisque
1890 521 2004 555 consti·
2125 519 2129 525 ’

1266 575 1442 608 tutionibus
1473 580 1503 608 et
1534 575 1791 608 ordinationibus
1809 575 2001 618 apostolicis,

1265 638 1391 660 necnon
1429 627 1576 661 omnibus
1613 632 1643 660 et
1676 627 1811 670 singulis
1852 638 1932 671 quae
1970 628 2003 660 in
2194 637 2209 667 ,Α

1266 680 1341 713 dicti
1369 680 1486 713 Urbani
1512 680 1776 723 praedecessoris
1793 680 1910 713 litteris
1928 691 2004 713 con·

1265 744 1354 766 cessa
1376 740 1450 766 sunt
1471 744 1535 767 non
1563 734 1708 774 obstare,
1729 733 1909 777 ceterisque
1927 744 2003 767 con-

1267 787 1371 819 trariis
1397 788 1665 830 quibuscumque.

1310 841 1421 873 Datum
1448 841 1580 881 Romae,
1601 841 1684 884 apud
1711 841 1741 874 S.
1762 841 1890 874 Mariam
1907 841 2002 874 Maio-

1265 903 1342 933 rem,
1363 894 1422 925 sub
1448 895 1568 927 annulo
1586 894 1767 934 piscatoris,
1787 894 1838 927 die
1864 905 1900 927 111
1925 894 2000 927 maii

1264 956 1477 987 unccxxxviu,
1492 946 1697 990 pontificatus
1712 947 1815 980 nostri
1831 957 1916 980 anno
1929 957 1999 981 vui.

1301 1007 1357 1034 liat.
1379 994 1422 1034 die
1443 1008 1458 1035 3
1479 1007 1539 1035 maii
1563 1008 1639 1042 1738,
1660 1008 1756 1044 pontif.
1777 1016 1848 1036 anuo
1869 1015 1922 1036 vul.
2194 1018 2196 1032 t

1546 1151 1712 1185 CCXXXII.

1264 1220 1473 1263 Confirmatio
1507 1222 1641 1255 duorum
1674 1223 1830 1256 Brevium
1864 1223 2000 1257 Benedi-

1306 1276 1349 1306 cti
1371 1275 1482 1316 XIII,
1516 1286 1638 1308 necnon
1662 1277 1901 1309 nonnullarum
1929 1287 2000 1310 con-

1306 1329 1494 1361 ventionum
1524 1330 1606 1362 inter
1642 1330 1830 1372 provincias
1870 1329 2001 1363 Galliae

1303 1385 1331 1413 el
1356 1382 1535 1414 Romanam
1571 1383 1839 1425 Cmmreqatiom‘s
1872 1383 2000 1425 clerieo-

1303 1444 1377 1466 rum
1401 1435 1623 1468 saecularium
1649 1435 1820 1469 Doctrinae
1846 1436 2001 1470 Christia-

1303 1499 1363 1522 nae
1387 1490 1559 1522 initorum.

1471 1569 1606 1596 Clemens
1627 1569 1705 1601 Papa
1724 1569 1788 1601 XII,

1401 1616 1437 1640 ad
1459 1614 1594 1640 futuram
1614 1613 1660 1640 rei
1680 1614 1864 1640 memoriam.

2190 1682 2195 1701 l

2192 1836 2212 1915 :t

2206 2044 2211 2071 .

1303 1684 1344 1717 Ex
1372 1685 1517 1718 iniuncto
1535 1685 1629 1717 nobis
1648 1686 1781 1718 caelitus
1796 1684 1997 1728 apostolicae
2036 1695 2173 1719 rrooammm.

1261 1738 1423 1772 servitutis
1449 1749 1604 1778 munere,
1632 1738 1704 1778 illa,
1731 1749 1813 1782 quae
1839 1749 1856 1771 a
1881 1738 1999 1771 Roma-

1262 1792 1310 1824 nis
1332 1791 1539 1825 Pontificibus
1555 1791 1859 1834 praedecessoribus
1877 1791 1997 1824 nostris

1262 1856 1320 1889 pro
1358 1845 1442 1878 felici
1480 1856 1705 1888 prosperoque
1742 1844 1999 1878 christifidelium

1262 1899 1376 1932 divinis
1409 1898 1571 1942 obsequiis
1607 1899 1666 1931 sub
1702 1898 1791 1930 suavi
1830 1897 1998 1940 religionis

1261 1953 1337 1995 iugo
1367 1953 1626 1994 mancipatorum
1655 1956 1736 1984 statu
1762 1951 1997 1991 conservando,

1261 2006 1455 2049 illorumque
1480 2005 1635 2047 religiosa
1660 2004 1767 2048 quiete
1786 2004 1922 2037 firmiter
1938 2009 1999 2037 sta-

1260 2059 1420 2099 bilienda,
1449 2058 1501 2101 pie
1526 2058 1727 2101 prevideque
1752 2068 1918 2091 emanasse
1943 2068 1999 2091 110-

1261 2118 1405 2153 scuntur,
1424 2117 1459 2145 ut
1475 2111 1620 2145 solidiori
1647 2112 1767 2144 robore
1792 2115 1994 2154 perennent,

1261 2165 1430 2209 apostolici
1461 2165 1646 2198 muniminis
1676 2165 1776 2198 nostri
1808 2165 1992 2208 praesidio,

1260 2230 1330 2252 cum
1356 2219 1386 2251 id
1420 2229 1437 2251 a
1469 2218 1563 2251 nobis
1587 2220 1721 2261 petitur,
1753 2218 1894 2251 libenter
1918 2228 1996 2251 con-

1260 2272 1449 2305 stabilimus.
2160 2278 2161 2281 ’
2188 2267 2210 2309 ζ·

1303 2327 1317 2369 g
1342 2326 1373 2358 21.
1400 2326 1566 2359 Emanavit
1586 2335 1690 2369 nuper
1708 2336 1724 2358 a
1738 2325 1995 2368 Congregatione
2047 2321 2210 2372 ῦονινειιῑῐοζ,

2031 2354 2162 2383 particular-le
2188 2367 2192 2387 5

1260 2379 1446 2423 particulari
1487 2379 1721 2412 nonnullorum
1762 2378 2232 2436 venerabiliumgpfflssirtosgggss¹3·

1261 2433 1393 2465 fratrum
1412 2437 1599 2465 nostrorum
1617 2431 1648 2464 S.
1665 2432 1698 2464 R.
1716 2431 1749 2464 E.
1772 2430 1994 2469 cardinalium,
2006 2434 2181 2484 ffiffimfflgffl
2204 2468 2207 2471 ¹
2222 2437 2232 2479 ΙΙ

1260 2496 1377 2529 nempe
1395 2485 1557 2518 Francisci
1572 2485 1756 2525 Barberini,
1771 2484 1906 2527 Georgei
1923 2484 1994 2528 Spi-
2007 2490 2034 2511 cti
2048 2488 2101 2511 >4¹¹¹-
2228 2487 2232 2491 '

1259 2541 1353 2572 nulac
1371 2566 1377 2579 ,
1404 2538 1540 2572 Leandri
1561 2538 1696 2579 pertiae,
1717 2538 1848 2571 Antonii
1867 2537 1994 2571 Xaverii

1259 2592 1389 2633 Gentili‚
1403 2592 1436 2624 in
1454 2593 1560 2625 locum
1577 2592 1681 2625 bonae
1695 2591 1867 2625 memoriae
1881 2589 1995 2633 Curtii,
