2232 3178
248 213 294 240 «n.
313 213 342 239 c.
366 212 433 239 ¹735
479 203 520 236 ⁰28

281 1011 342 1031 Fides
367 1014 423 1032 trau·

241 1041 376 1064 sumptorum.

275 2281 415 2303 Prooemium.

437 272 508 294 sum
534 261 759 304 extirpatione,
779 270 813 293 ac
838 263 968 292 sanctae
993 256 1103 290 matris
1124 255 1176 287 Ec·

438 314 553 347 clesiae
580 314 793 353 exaltatione,
819 312 888 355 pias
912 311 950 343 ad
977 310 1078 342 Deum
1103 318 1176 351 pre-

437 377 487 400 ces
500 367 679 406 ell'uderint,
690 365 877 409 plenariam,
893 363 1087 397 monialibus
1099 371 1175 394 vero

436 420 610 464 supradicti
626 418 761 458 Ordinis,
780 428 816 450 ac
834 417 905 449 aliis
923 416 953 448 in
974 425 1083 448 earum
1103 424 1176 457 quo·

436 473 516 506 libet
552 471 751 506 monasterio
778 480 863 503 nunc
889 474 919 502 et
943 479 1001 511 pro
1028 472 1175 509 tempore

437 526 638 568 degentibus,
657 535 731 557 vere
746 523 867 567 pariter
883 520 1126 565 poenitentibus
1145 525 1176 552 et

437 579 607 618 confessis,
627 588 661 610 ac
680 579 768 609 sacra
789 575 1018 609 communione
1037 573 1174 612 resectis,

437 643 520 675 quae
546 642 634 664 suam
661 631 840 673 respective
866 627 1035 662 ecclesiam
1062 637 1174 669 supra-

437 685 520 718 dicto
547 685 628 717 sesto
654 683 865 722 visitaverint,
883 686 915 714 et
937 686 968 713 ut
992 680 1175 724 praefertur

435 737 618 777 oraverint,
644 736 820 780 plenariam
858 734 1006 767 similiter
1030 732 1174 766 omnium

435 796 644 835 peccatorum
670 799 801 822 suorum
827 786 1061 830 indulgentiam
1079 791 1112 818 et
1128 795 1176 818 re-

434 845 622 877 missionem
638 843 893 876 misericorditer
907 842 938 874 in
953 840 1089 874 Domino
1104 850 1177 873 con-

435 898 589 931 cedimus.
619 897 844 930 Praesentibus
869 895 1033 939 perpetuis
1059 894 1173 926 suturis

435 952 637 994 temporibus
661 950 814 983 valituris.

478 1004 537 1048 §2
551 1004 703 1037 Volumus
719 1009 823 1036 autem
842 1008 877 1035 ut
891 1001 1113 1046 praesentium
1128 1000 1175 1034 lit-

434 1063 576 1091 terarum
596 1056 807 1099 transumptis
823 1066 879 1089 seu
897 1055 1064 1098 exempliS,
1081 1054 1173 1086 etiarn

433 1110 611 1154 impressis,
630 1120 726 1143 manu
752 1109 885 1142 alicuius
910 1107 1027 1141 notarii
1053 1106 1175 1150 publici

435 1163 639 1207 subscriptis,
658 1169 690 1196 et
707 1162 815 1205 sigillo
841 1171 1001 1205 personae
1019 1160 1052 1193 in
1074 1160 1176 1192 eccle-

434 1217 563 1249 siastica
599 1215 755 1258 dignitate
788 1215 982 1248 constitutae
1018 1212 1172 1252 munitis,

435 1270 548 1302 eadem
581 1279 712 1312 prorsus
745 1268 823 1301 fides
852 1267 1064 1306 adhibeatur,
1093 1275 1174 1308 quae

435 1323 646 1355 adhiberetur
663 1321 740 1364 ipsis
767 1319 993 1363 praesentibus
1018 1319 1043 1352 si
1070 1319 1177 1351 forent

435 1375 573 1408 exibitae
599 1375 648 1407 vel
673 1380 834 1407 ostensae.

478 1429 592 1461 Datum
618 1429 746 1469 Romae,
772 1428 857 1471 apud
882 1427 911 1460 S.
929 1426 1059 1459 Mariam
1078 1425 1173 1459 Maio-

435 1493 514 1522 rem,
533 1482 592 1515 sub
617 1483 738 1515 annulo
764 1481 958 1521 Piscatoris,
980 1481 1032 1513 die
1052 1490 1104 1513 xiv
1132 1479 1176 1511 ia-

434 1536 538 1569 nuarii
581 1545 750 1569 nnccxxxv
765 1561 773 1575 ,
822 1533 1027 1577 pontificatus
1072 1533 1174 1566 nostri

435 1598 521 1621 anno
545 1598 576 1622 v.

469 1651 526 1679 Dat·
547 1651 591 1679 die
613 1652 644 1679 14
663 1651 781 1679 ianuarii
803 1650 880 1684 1735,
901 1649 1000 1686 pontif.
1016 1657 1085 1676 anno
1105 1655 1131 1675 v.

726 1705 759 1738 F.
785 1705 875 1739 eard.
902 1703 1085 1739 OLIVERIUS.

772 1855 843 1889 CLI.

439 1928 558 1963 Contra
595 1926 775 1961 homicidas
813 1937 850 1959 ac
882 1925 1056 1968 deferentes
1087 1934 1179 1957 arma

479 1981 647 2025 prohibita
673 1981 709 2014 in
742 1980 833 2013 almci
873 1979 954 2012 Urbe.
992 1983 1020 2012 et
1052 1978 1178 2022 reliquo

482 2036 578 2069 Statu
602 2035 835 2069 Ecclesiastico.

641 2115 773 2143 Clemens
794 2115 955 2149 episcopus
969 2135 977 2149 ,

628 2167 735 2187 servus
755 2166 910 2187 servorum
929 2159 991 2191 Dei,

559 2205 596 2233 ad
615 2208 794 2239 perpetuam
813 2205 858 2233 rei
876 2204 1060 2232 memoriam.

485 2276 520 2309 ln
545 2287 696 2320 supremo
722 2276 863 2310 iustitiae
888 2276 981 2316 solio,
999 2275 1123 2309 meritis
1144 2274 1182 2307 li-

443 2335 493 2363 cet
516 2330 716 2373 imparibus,
741 2340 800 2373 per
832 2328 1030 2362 ineffabilem
1055 2329 1181 2362 divinae

443 2383 624 2426 sapientiae
649 2388 746 2426 atque
771 2382 924 2415 bonitatis
951 2382 1181 2415 abundantiam

445 2437 621 2477 constituti,
641 2436 766 2469 tametsi
785 2436 932 2469 subditos
957 2440 1083 2468 nostros
1107 2436 1184 2468 cha-

445 2490 549 2523 ritatis
573 2490 680 2533 potius
702 2489 830 2522 vinculo
849 2498 944 2532 quam
964 2488 1073 2531 legum
1095 2498 1184 2521 seve-

1021 206 1204 231 BULLARIUM
1228 204 1384 228 ROMANUM

1219 254 1249 285 in
1277 253 1444 296 temporali
1469 252 1499 286 S.
1521 252 1557 285 R.
1578 252 1612 285 E.
1641 252 1781 293 ditione,
1804 262 1839 285 ac
1860 251 1957 285 etiam

1220 308 1251 338 in
1277 307 1337 339 hac
1363 307 1445 339 alma
1463 306 1548 338 Urbe
1569 307 1682 338 nostra
1708 310 1876 349 patrantur
1900 305 1959 338 ho-

1220 360 1367 397 micidia,
1399 370 1435 392 ae
1470 365 1728 392 succrescentem
1762 360 1793 392 in
1820 359 1887 393 dies
1916 359 1959 391 vi-

1221 423 1328 446 rorum
1367 412 1560 454 sanguinum
1602 411 1849 453 immanitatem,
1885 413 1956 455 qui,

1219 465 1415 509 posthabitis
1448 464 1643 507 gravissimis
1670 465 1957 507 praedeeessorum

1219 524 1402 552 nostrorum
1425 518 1657 558 sanctionibus,
1679 529 1714 551 ac
1735 519 1838 551 omnis
1859 519 1958 551 divini

1219 572 1417 615 humanique
1443 572 1520 605 iuris
1539 572 1636 615 plane
1657 571 1759 612 obliti,
1778 572 1958 615 quinimmo

1217 627 1267 658 vel
1293 625 1368 657 seris
1401 625 1481 669 ipsis
1513 625 1753 664 animantibus,
1781 631 1891 668 utpote
1926 626 1958 658 in

1218 689 1318 721 genus
1336 689 1427 711 suum
1448 678 1580 712 minime
1598 678 1828 718 saevientibus,
1845 679 1959 711 crude-

1219 732 1333 771 liores,
1361 732 1488 775 passim,
1515 732 1678 765 levissima
1696 732 1791 765 etiarn
1813 732 1959 775 quando-

1219 796 1280 828 que
1296 786 1334 818 de
1349 787 1452 825 causa,
1472 785 1654 828 proximum
1673 796 1765 818 suum
1780 785 1960 829 depascun-

1220 843 1287 878 tur,
1318 838 1454 881 eiusque
1483 848 1598 871 eruore
1632 839 1724 881 quasi
1759 844 1862 871 musto
1895 839 1959 872 ine-

1218 891 1372 931 briantur,
1393 891 1510 924 nedum
1536 891 1729 934 corporibus
1756 897 1893 924 mortem
1912 891 1959 923 in-

1219 944 1370 983 serentes,
1390 943 1446 976 sed
1464 953 1528 976 non
1548 954 1622 976 raro
1643 944 1811 976 animabus
1829 955 1958 987 quoque

1219 996 1455 1039 pretiosissimo
1474 996 1595 1029 domini
1616 1002 1647 1030 et
1668 997 1835 1029 salvatoris
1857 997 1958 1030 nostri

1218 1050 1289 1082 lesu
1315 1048 1433 1082 Christi
1460 1049 1617 1091 sanguine
1643 1049 1819 1093 redemptis
1837 1050 1878 1092 (si
1897 1060 1960 1083 non

1219 1103 1283 1135 sint
1307 1103 1404 1135 armis
1431 1100 1656 1146 spiritualibus
1689 1102 1797 1135 divina
1829 1113 1961 1146 pracve-

1219 1156 1328 1190 niente
1355 1156 1458 1199 gratia
1488 1156 1656 1199 munitae)
1683 1162 1849 1189 aeternam
1886 1167 1959 1199 per-

1220 1209 1376 1242 ditionem
1401 1214 1626 1252 procurantes,
1644 1209 1801 1251 cogimur,
1820 1209 1895 1241 licet
1914 1209 1961 1241 in-

1219 1263 1284 1303 viti,
1301 1273 1383 1296 nova
1408 1262 1632 1305 validioraque
1648 1272 1806 1305 quaerere
1822 1267 1854 1294 et
1872 1262 1961 1294 adhi-

1219 1316 1296 1349 bere
1328 1316 1472 1349 remedia
1489 1342 1496 1354 ,
1524 1315 1641 1357 quibus
1680 1320 1742 1347 tam
1769 1315 1898 1348 exitiale
1924 1325 1960 1348 ac

1220 1368 1412 1402 detestabile
1433 1368 1590 1410 flagitium
1617 1368 1655 1400 de
1681 1368 1794 1401 eadem
1820 1367 1905 1400 Urbe
1924 1378 1960 1400 ac

1220 1422 1337 1454 sinibus
1362 1422 1532 1454 universae
1558 1421 1690 1454 ditionis
1715 1421 1889 1464 praefatae,
1907 1431 1962 1453 cu-

1219 1476 1267 1509 ius
1291 1475 1466 1518 peculiaris
1502 1485 1580 1508 cura
1616 1485 1652 1507 ac
1687 1476 1787 1508 tutela
1823 1475 1917 1508 nobis
1943 1485 1961 1507 a

1219 1528 1355 1562 Domino
1371 1528 1543 1561 commissa
1558 1533 1618 1568 est,
1634 1528 1847 1571 propulsetur
1862 1532 1960 1570 atque

1219 1581 1473 1621 exterminetur,
1491 1591 1544 1614 eas
1562 1580 1595 1613 in
1616 1580 1730 1624 primis
1756 1581 1897 1613 ineundo
1917 1591 1963 1613 ra-

1219 1635 1343 1674 tiones,
1368 1645 1427 1677 per
1453 1644 1532 1678 quas
1558 1633 1662 1666 omnis
1684 1644 1758 1677 spes
1785 1643 1820 1665 ae
1845 1632 1963 1666 fiducia

1219 1687 1431 1731 impunitatis,
1448 1697 1531 1730 quae
1546 1686 1699 1720 illecebra
1713 1686 1871 1729 peccandi
1886 1696 1962 1729 per-

1219 1750 1316 1783 saepe
1341 1750 1411 1773 esse
1437 1741 1529 1779 solet,
1546 1739 1814 1782 delinquentibus
1841 1739 1962 1772 adima-

1221 1799 1281 1834 tur,
1307 1800 1362 1833 ut,
1389 1803 1469 1836 quos
1494 1803 1511 1825 a
1537 1798 1600 1825 tam
1624 1792 1723 1826 atroci
1753 1794 1876 1825 scelere
1901 1802 1962 1826 nec

1221 1847 1277 1880 Dei
1303 1848 1410 1888 timor,
1437 1857 1544 1890 neque
1570 1847 1713 1879 humana
1737 1847 1960 1887 necessitudo,

1221 1911 1282 1934 nec
1307 1901 1449 1934 fraterna
1476 1900 1619 1932 charitas
1645 1899 1815 1940 retrahit¹,
1845 1909 1965 1943 poena-

1222 1964 1292 1987 rum
1316 1953 1543 1997 temporalium
1564 1952 1624 1986 sibi
1646 1963 1852 1996 quocumque
1873 1963 1964 1996 prae-

1222 2009 1311 2042 cluso
1340 2007 1458 2050 effugio
1483 2017 1519 2039 ac
1545 2006 1700 2039 evadendi
1732 2005 1821 2038 aditu
1851 2016 1965 2039 neees-

1223 2061 1308 2094 sario
1330 2059 1574 2093 subeundarum
1599 2058 1773 2092 formidine
1798 2058 1962 2097 deterriti,

1225 2114 1355 2147 tandem
1377 2114 1417 2146 ab
1439 2111 1635 2146 effundendo
1660 2111 1797 2155 proximi
1819 2111 1869 2144 sui
1890 2121 1964 2144 san-

1224 2167 1321 2210 guine
1346 2176 1462 2199 manus
1488 2165 1685 2199 abstineant.

1267 2221 1283 2264 ἓ
1307 2220 1339 2253 t.
1366 2220 1447 2253 Hinc
1472 2224 1520 2253 est
1545 2219 1632 2263 quod
1659 2229 1718 2252 nos
1734 2246 1741 2260 ‚
1766 2229 1833 2252 non
1858 2219 1964 2252 minus

1225 2285 1261 2307 ex
1287 2274 1432 2307 iniuncto
1464 2273 1557 2306 nobis
1593 2272 1744 2305 divinitus
1769 2272 1966 2316 apostolieae

1225 2326 1455 2361 sollicitudinis
1489 2337 1651 2367 munere,
1685 2337 1781 2370 quam
1815 2326 1965 2370 publicae

1226 2380 1468 2424 tranquillitatis
1487 2391 1524 2414 ac
1549 2380 1732 2413 securitatis
1749 2380 1869 2420 studio,
1885 2380 1967 2412 mul·

1226 2441 1395 2478 torumque
1421 2434 1459 2467 ad
1477 2444 1536 2467 nos
1561 2433 1740 2467 identidem
1759 2434 1875 2467 delatis
1894 2443 1966 2476 que-

1227 2487 1372 2522 rimoniis
1399 2487 1524 2521 excitati
1545 2513 1551 2528 ‚
1576 2493 1649 2530 post
1673 2492 1843 2527 maturam,
1869 2496 1966 2529 quam

446 2544 540 2576 ritate
558 2543 589 2576 in
608 2543 714 2576 officio
728 2542 893 2577 continere
911 2552 1040 2585 semper
1057 2547 1184 2585 optave-
1227 2551 1325 2585 super
1349 2543 1386 2574 ea
1409 2552 1444 2575 re
1470 2551 1542 2574 eum
1576 2541 1741 2574 nonnullis
1774 2551 1811 2574 ex
1836 2549 1966 2573 venera-

446 2596 558 2639 rimu2,
578 2595 819 2632 considerantes
841 2601 947 2631 tamen
971 2595 1082 2630 crebra
1102 2605 1183 2639 quae

1264 2606 1275 2631 1
1298 2604 1365 2633 Mate
1381 2604 1446 2635 edit.
1467 2603 1549 2634 Main.
1571 2603 1638 2640 legit
1656 2603 1769 2634 retrahi
1789 2604 1829 2638 (a.
1844 2603 1896 2640 in).

1968 203 2017 229 An.
2034 201 2063 229 C.
2087 202 2154 231 1735

2002 2225 2063 2246 Malis
2078 2230 2103 2246 ex
2120 2225 2160 2247 hu-

1977 2252 2065 2272 iusmodi
2090 2257 2160 2273 armo-

1977 2284 2021 2299 rum
2052 2278 2160 2299 delatione

1982 2305 2156 2331 provenientibus

1976 2334 1998 2352 ut
2013 2333 2151 2356 occurratur,
