<?xml version="1.0" encoding="UTF-8"?>
<!DOCTYPE html PUBLIC "-//W3C//DTD XHTML 1.0 Transitional//EN"
    "http://www.w3.org/TR/xhtml1/DTD/xhtml1-transitional.dtd">
<html xmlns="http://www.w3.org/1999/xhtml" xml:lang="en" lang="en">
 <head>
  <title>
</title>
<meta http-equiv="Content-Type" content="text/html;charset=utf-8" />
  <meta name='ocr-system' content='tesseract 3.04.00' />
  <meta name='ocr-capabilities' content='ocr_page ocr_carea ocr_par ocr_line ocrx_word'/>
</head>
<body>
  <div class='ocr_page' id='page_1' title='image "./bullarumdiplomat24cath_0484.png"; bbox 0 0 2232 3178; ppageno 0'>
   <div class='ocr_carea' id='block_1_1' title="bbox 2185 0 2232 155">
    <p class='ocr_par' dir='ltr' id='par_1_1' title="bbox 2185 0 2232 144">
     <span class='ocr_line' id='line_1_1' title="bbox 2185 0 2188 15; baseline 0 0"><span class='ocrx_word' id='word_1_1' title='bbox 2185 0 2188 15; x_wconf 80' lang='lat' dir='ltr'>l</span> 
     </span>
     <span class='ocr_line' id='line_1_2' title="bbox 2187 0 2232 144; baseline 0 0"><span class='ocrx_word' id='word_1_2' title='bbox 2187 0 2232 144; x_wconf 50' lang='grc' dir='ltr'>η</span> 
     </span>
     <span class='ocr_line' id='line_1_3' title="bbox 2187 84 2192 99; baseline 0 0"><span class='ocrx_word' id='word_1_3' title='bbox 2187 84 2192 99; x_wconf 68' lang='lat' dir='ltr'>&#39;l</span> 
     </span>
    </p>

    <p class='ocr_par' dir='ltr' id='par_1_2' title="bbox 2192 146 2193 155">
     <span class='ocr_line' id='line_1_4' title="bbox 2192 146 2193 155; baseline 0 0"><span class='ocrx_word' id='word_1_4' title='bbox 2192 146 2193 155; x_wconf 84' lang='lat' dir='ltr'>t</span> 
     </span>
    </p>
   </div>
   <div class='ocr_carea' id='block_1_2' title="bbox 279 230 2178 272">
    <p class='ocr_par' dir='ltr' id='par_1_3' title="bbox 279 230 2178 272">
     <span class='ocr_line' id='line_1_5' title="bbox 279 230 2178 272; baseline -0.004 -2"><span class='ocrx_word' id='word_1_5' title='bbox 279 244 328 272; x_wconf 77' lang='grc' dir='ltr'>Αη,</span> <span class='ocrx_word' id='word_1_6' title='bbox 347 243 377 271; x_wconf 85' lang='lat' dir='ltr'>c.</span> <span class='ocrx_word' id='word_1_7' title='bbox 400 241 469 270; x_wconf 74' lang='lat'>¹738</span> <span class='ocrx_word' id='word_1_8' title='bbox 519 230 583 265; x_wconf 81' lang='grc'>450</span> <span class='ocrx_word' id='word_1_9' title='bbox 2000 232 2050 260; x_wconf 73' lang='lat' dir='ltr'>An.</span> <span class='ocrx_word' id='word_1_10' title='bbox 2065 232 2093 261; x_wconf 91' lang='lat' dir='ltr'>c.</span> <span class='ocrx_word' id='word_1_11' title='bbox 2116 233 2178 266; x_wconf 71' lang='lat'>¹⁷³⁸</span> 
     </span>
    </p>
   </div>
   <div class='ocr_carea' id='block_1_3' title="bbox 473 284 1216 325">
    <p class='ocr_par' dir='ltr' id='par_1_4' title="bbox 473 284 1216 325">
     <span class='ocr_line' id='line_1_6' title="bbox 473 284 1216 325; baseline -0.011 -5"><span class='ocrx_word' id='word_1_12' title='bbox 473 290 552 320; x_wconf 88' lang='lat' dir='ltr'>tierit</span> <span class='ocrx_word' id='word_1_13' title='bbox 573 288 608 319; x_wconf 91' lang='lat' dir='ltr'>ad</span> <span class='ocrx_word' id='word_1_14' title='bbox 630 287 799 318; x_wconf 73' lang='lat' dir='ltr'>instantiam</span> <span class='ocrx_word' id='word_1_15' title='bbox 823 285 916 325; x_wconf 86' lang='lat' dir='ltr'>ipsius</span> <span class='ocrx_word' id='word_1_16' title='bbox 944 284 1105 324; x_wconf 88' lang='lat' dir='ltr'>superioris</span> <span class='ocrx_word' id='word_1_17' title='bbox 1128 292 1216 322; x_wconf 84' lang='lat' dir='ltr'>gene-</span> 
     </span>
    </p>
   </div>
   <div class='ocr_carea' id='block_1_4' title="bbox 1062 234 1426 259">
    <p class='ocr_par' dir='ltr' id='par_1_5' title="bbox 1062 234 1426 259">
     <span class='ocr_line' id='line_1_7' title="bbox 1062 234 1426 259; baseline -0.005 0"><span class='ocrx_word' id='word_1_18' title='bbox 1062 235 1244 259; x_wconf 79' lang='lat' dir='ltr'>BULLARIUM</span> <span class='ocrx_word' id='word_1_19' title='bbox 1269 234 1426 258; x_wconf 72' lang='lat' dir='ltr'><strong>ROMANUM</strong></span> 
     </span>
    </p>
   </div>
   <div class='ocr_carea' id='block_1_5' title="bbox 473 333 1244 2656">
    <p class='ocr_par' dir='ltr' id='par_1_6' title="bbox 473 333 1220 811">
     <span class='ocr_line' id='line_1_8' title="bbox 473 333 1217 375; baseline -0.008 -7"><span class='ocrx_word' id='word_1_20' title='bbox 473 339 554 375; x_wconf 89' lang='lat' dir='ltr'>ralis,</span> <span class='ocrx_word' id='word_1_21' title='bbox 579 346 664 367; x_wconf 85' lang='lat' dir='ltr'>causa</span> <span class='ocrx_word' id='word_1_22' title='bbox 688 340 716 365; x_wconf 90' lang='lat' dir='ltr'>et</span> <span class='ocrx_word' id='word_1_23' title='bbox 735 344 889 375; x_wconf 78' lang='lat' dir='ltr'>processus</span> <span class='ocrx_word' id='word_1_24' title='bbox 905 334 1076 363; x_wconf 75' lang='lat' dir='ltr'>instituatur</span> <span class='ocrx_word' id='word_1_25' title='bbox 1095 333 1217 362; x_wconf 85' lang='lat' dir='ltr'>authen·</span> 
     </span>
     <span class='ocr_line' id='line_1_9' title="bbox 474 381 1216 421; baseline -0.009 -5"><span class='ocrx_word' id='word_1_26' title='bbox 474 388 530 417; x_wconf 88' lang='lat' dir='ltr'>tice</span> <span class='ocrx_word' id='word_1_27' title='bbox 553 390 580 415; x_wconf 91' lang='lat' dir='ltr'>et</span> <span class='ocrx_word' id='word_1_28' title='bbox 602 384 760 414; x_wconf 82' lang='lat' dir='ltr'>summarie</span> <span class='ocrx_word' id='word_1_29' title='bbox 783 388 906 420; x_wconf 89' lang='lat' dir='ltr'>tantum,</span> <span class='ocrx_word' id='word_1_30' title='bbox 931 386 963 412; x_wconf 91' lang='lat' dir='ltr'>ut</span> <span class='ocrx_word' id='word_1_31' title='bbox 979 382 1034 421; x_wconf 87' lang='lat' dir='ltr'>ipsi</span> <span class='ocrx_word' id='word_1_32' title='bbox 1057 381 1216 419; x_wconf 83' lang='lat' dir='ltr'>Congrega-</span> 
     </span>
     <span class='ocr_line' id='line_1_10' title="bbox 476 430 1218 465; baseline -0.008 -1"><span class='ocrx_word' id='word_1_33' title='bbox 476 435 547 465; x_wconf 90' lang='lat' dir='ltr'>tioni</span> <span class='ocrx_word' id='word_1_34' title='bbox 571 437 706 464; x_wconf 85' lang='lat' dir='ltr'>constent</span> <span class='ocrx_word' id='word_1_35' title='bbox 744 433 848 462; x_wconf 87' lang='lat' dir='ltr'>merita</span> <span class='ocrx_word' id='word_1_36' title='bbox 887 440 1005 465; x_wconf 86' lang='lat' dir='ltr'>causae,</span> <span class='ocrx_word' id='word_1_37' title='bbox 1031 434 1060 460; x_wconf 81' lang='lat' dir='ltr'>ct</span> <span class='ocrx_word' id='word_1_38' title='bbox 1092 430 1115 459; x_wconf 89' lang='lat' dir='ltr'>si</span> <span class='ocrx_word' id='word_1_39' title='bbox 1150 430 1218 458; x_wconf 84' lang='lat' dir='ltr'>velit</span> 
     </span>
     <span class='ocr_line' id='line_1_11' title="bbox 475 478 1218 521; baseline -0.008 -8"><span class='ocrx_word' id='word_1_40' title='bbox 475 483 574 513; x_wconf 81' lang='lat' dir='ltr'>iubeat</span> <span class='ocrx_word' id='word_1_41' title='bbox 597 482 689 521; x_wconf 94' lang='lat' dir='ltr'>ipsam</span> <span class='ocrx_word' id='word_1_42' title='bbox 713 481 747 510; x_wconf 90' lang='lat' dir='ltr'>ad</span> <span class='ocrx_word' id='word_1_43' title='bbox 779 480 971 510; x_wconf 89' lang='lat' dir='ltr'>summarium</span> <span class='ocrx_word' id='word_1_44' title='bbox 998 478 1112 508; x_wconf 82' lang='lat' dir='ltr'>reduci.</span> <span class='ocrx_word' id='word_1_45' title='bbox 1136 480 1218 508; x_wconf 80' lang='lat' dir='ltr'>Post-</span> 
     </span>
     <span class='ocr_line' id='line_1_12' title="bbox 476 527 1218 572; baseline -0.008 -11"><span class='ocrx_word' id='word_1_46' title='bbox 476 541 562 572; x_wconf 88' lang='lat' dir='ltr'>quam</span> <span class='ocrx_word' id='word_1_47' title='bbox 587 540 654 560; x_wconf 86' lang='lat' dir='ltr'>vero</span> <span class='ocrx_word' id='word_1_48' title='bbox 678 530 814 559; x_wconf 90' lang='lat' dir='ltr'>minister</span> <span class='ocrx_word' id='word_1_49' title='bbox 836 528 981 567; x_wconf 85' lang='lat' dir='ltr'>generalis</span> <span class='ocrx_word' id='word_1_50' title='bbox 1004 537 1019 556; x_wconf 90' lang='lat' dir='ltr'>a</span> <span class='ocrx_word' id='word_1_51' title='bbox 1042 537 1094 557; x_wconf 90' lang='lat' dir='ltr'>suo</span> <span class='ocrx_word' id='word_1_52' title='bbox 1123 527 1218 556; x_wconf 76' lang='lat' dir='ltr'>officio</span> 
     </span>
     <span class='ocr_line' id='line_1_13' title="bbox 478 576 1219 618; baseline -0.008 -7"><span class='ocrx_word' id='word_1_53' title='bbox 478 581 564 611; x_wconf 88' lang='lat' dir='ltr'>suerit</span> <span class='ocrx_word' id='word_1_54' title='bbox 597 584 726 615; x_wconf 87' lang='lat' dir='ltr'>amotus,</span> <span class='ocrx_word' id='word_1_55' title='bbox 761 579 873 618; x_wconf 85' lang='lat' dir='ltr'>primus</span> <span class='ocrx_word' id='word_1_56' title='bbox 905 577 1042 607; x_wconf 80' lang='lat' dir='ltr'>definitor</span> <span class='ocrx_word' id='word_1_57' title='bbox 1074 576 1219 615; x_wconf 82' lang='lat' dir='ltr'>generalis</span> 
     </span>
     <span class='ocr_line' id='line_1_14' title="bbox 478 627 1220 667; baseline -0.009 -7"><span class='ocrx_word' id='word_1_58' title='bbox 478 631 623 667; x_wconf 78' lang='lat' dir='ltr'>integram</span> <span class='ocrx_word' id='word_1_59' title='bbox 647 638 727 658; x_wconf 88' lang='lat' dir='ltr'>suam</span> <span class='ocrx_word' id='word_1_60' title='bbox 746 627 885 657; x_wconf 83' lang='lat' dir='ltr'>familiam</span> <span class='ocrx_word' id='word_1_61' title='bbox 904 629 1055 662; x_wconf 73' lang='lat' dir='ltr'>convocet,</span> <span class='ocrx_word' id='word_1_62' title='bbox 1072 629 1103 654; x_wconf 94' lang='lat' dir='ltr'>ut</span> <span class='ocrx_word' id='word_1_63' title='bbox 1122 634 1220 664; x_wconf 84' lang='lat' dir='ltr'>quam-</span> 
     </span>
     <span class='ocr_line' id='line_1_15' title="bbox 479 673 1219 718; baseline -0.009 -10"><span class='ocrx_word' id='word_1_64' title='bbox 479 679 605 718; x_wconf 82' lang='lat' dir='ltr'>primum</span> <span class='ocrx_word' id='word_1_65' title='bbox 623 677 650 707; x_wconf 93' lang='lat' dir='ltr'>in</span> <span class='ocrx_word' id='word_1_66' title='bbox 672 677 768 711; x_wconf 83' lang='lat' dir='ltr'>domo,</span> <span class='ocrx_word' id='word_1_67' title='bbox 793 675 821 704; x_wconf 93' lang='lat' dir='ltr'>in</span> <span class='ocrx_word' id='word_1_68' title='bbox 845 684 901 714; x_wconf 88' lang='lat' dir='ltr'>qua</span> <span class='ocrx_word' id='word_1_69' title='bbox 925 675 1019 704; x_wconf 88' lang='lat' dir='ltr'>suerat</span> <span class='ocrx_word' id='word_1_70' title='bbox 1041 673 1219 703; x_wconf 78' lang='lat' dir='ltr'>celebratum</span> 
     </span>
     <span class='ocr_line' id='line_1_16' title="bbox 479 722 1219 766; baseline -0.009 -10"><span class='ocrx_word' id='word_1_71' title='bbox 479 727 639 766; x_wconf 90' lang='lat' dir='ltr'>capitulum</span> <span class='ocrx_word' id='word_1_72' title='bbox 656 724 791 763; x_wconf 79' lang='lat' dir='ltr'>generale</span> <span class='ocrx_word' id='word_1_73' title='bbox 808 723 939 760; x_wconf 80' lang='lat' dir='ltr'>Ordinis,</span> <span class='ocrx_word' id='word_1_74' title='bbox 953 722 1078 752; x_wconf 85' lang='lat' dir='ltr'>vicarius</span> <span class='ocrx_word' id='word_1_75' title='bbox 1099 730 1219 759; x_wconf 79' lang='lat' dir='ltr'>genera-</span> 
     </span>
     <span class='ocr_line' id='line_1_17' title="bbox 479 769 1220 811; baseline -0.011 -6"><span class='ocrx_word' id='word_1_76' title='bbox 479 776 515 806; x_wconf 90' lang='lat' dir='ltr'>lis</span> <span class='ocrx_word' id='word_1_77' title='bbox 532 775 642 805; x_wconf 88' lang='lat' dir='ltr'>electus</span> <span class='ocrx_word' id='word_1_78' title='bbox 658 774 707 811; x_wconf 87' lang='lat' dir='ltr'>sit,</span> <span class='ocrx_word' id='word_1_79' title='bbox 732 777 764 802; x_wconf 89' lang='lat' dir='ltr'>ut</span> <span class='ocrx_word' id='word_1_80' title='bbox 786 772 911 802; x_wconf 84' lang='lat' dir='ltr'>habetur</span> <span class='ocrx_word' id='word_1_81' title='bbox 927 771 940 809; x_wconf 67' lang='grc' dir='ltr'><strong>ξ</strong></span> <span class='ocrx_word' id='word_1_82' title='bbox 956 779 984 800; x_wconf 84' lang='lat' dir='ltr'>ix</span> <span class='ocrx_word' id='word_1_83' title='bbox 1002 770 1091 799; x_wconf 86' lang='lat' dir='ltr'>huius</span> <span class='ocrx_word' id='word_1_84' title='bbox 1107 769 1220 808; x_wconf 78' lang='lat' dir='ltr'>capitis,</span> 
     </span>
    </p>

    <p class='ocr_par' dir='ltr' id='par_1_7' title="bbox 480 817 1229 1443">
     <span class='ocr_line' id='line_1_18' title="bbox 520 817 1222 860; baseline -0.01 -7"><span class='ocrx_word' id='word_1_85' title='bbox 520 833 568 853; x_wconf 84' lang='lat' dir='ltr'>xx.</span> <span class='ocrx_word' id='word_1_86' title='bbox 593 822 623 852; x_wconf 89' lang='lat' dir='ltr'>Si</span> <span class='ocrx_word' id='word_1_87' title='bbox 646 826 743 851; x_wconf 87' lang='lat' dir='ltr'>autem</span> <span class='ocrx_word' id='word_1_88' title='bbox 767 820 903 860; x_wconf 84' lang='lat' dir='ltr'>superior</span> <span class='ocrx_word' id='word_1_89' title='bbox 931 818 1077 858; x_wconf 81' lang='lat' dir='ltr'>generalis</span> <span class='ocrx_word' id='word_1_90' title='bbox 1100 817 1222 847; x_wconf 88' lang='lat' dir='ltr'>alterius</span> 
     </span>
     <span class='ocr_line' id='line_1_19' title="bbox 481 866 1221 905; baseline -0.009 -3"><span class='ocrx_word' id='word_1_91' title='bbox 481 872 609 903; x_wconf 79' lang='lat' dir='ltr'>familiae</span> <span class='ocrx_word' id='word_1_92' title='bbox 633 870 668 900; x_wconf 90' lang='lat' dir='ltr'>ob</span> <span class='ocrx_word' id='word_1_93' title='bbox 692 870 805 899; x_wconf 83' lang='lat' dir='ltr'>similes</span> <span class='ocrx_word' id='word_1_94' title='bbox 821 878 923 898; x_wconf 80' lang='lat' dir='ltr'>causas</span> <span class='ocrx_word' id='word_1_95' title='bbox 939 867 1046 905; x_wconf 77' lang='lat' dir='ltr'>corrigi</span> <span class='ocrx_word' id='word_1_96' title='bbox 1069 866 1221 902; x_wconf 81' lang='lat' dir='ltr'>meruerit,</span> 
     </span>
     <span class='ocr_line' id='line_1_20' title="bbox 481 915 1223 952; baseline -0.011 0"><span class='ocrx_word' id='word_1_97' title='bbox 481 922 508 952; x_wconf 85' lang='lat' dir='ltr'>id</span> <span class='ocrx_word' id='word_1_98' title='bbox 532 922 582 951; x_wconf 85' lang='lat' dir='ltr'>fiat</span> <span class='ocrx_word' id='word_1_99' title='bbox 604 930 618 950; x_wconf 89' lang='lat' dir='ltr'>a</span> <span class='ocrx_word' id='word_1_100' title='bbox 641 929 694 949; x_wconf 90' lang='lat' dir='ltr'>suo</span> <span class='ocrx_word' id='word_1_101' title='bbox 718 918 885 948; x_wconf 76' lang='lat' dir='ltr'>delinitorio</span> <span class='ocrx_word' id='word_1_102' title='bbox 908 917 996 947; x_wconf 88' lang='lat' dir='ltr'>etiam</span> <span class='ocrx_word' id='word_1_103' title='bbox 1020 915 1173 946; x_wconf 85' lang='lat' dir='ltr'>humiliter</span> <span class='ocrx_word' id='word_1_104' title='bbox 1190 925 1223 945; x_wconf 90' lang='lat' dir='ltr'>ac</span> 
     </span>
     <span class='ocr_line' id='line_1_21' title="bbox 480 965 1221 1007; baseline -0.008 -7"><span class='ocrx_word' id='word_1_105' title='bbox 480 974 662 1007; x_wconf 76' lang='lat' dir='ltr'>reverenter,</span> <span class='ocrx_word' id='word_1_106' title='bbox 686 973 714 998; x_wconf 85' lang='lat' dir='ltr'>et</span> <span class='ocrx_word' id='word_1_107' title='bbox 737 971 892 997; x_wconf 89' lang='lat' dir='ltr'>moneatur</span> <span class='ocrx_word' id='word_1_108' title='bbox 915 966 959 996; x_wconf 90' lang='lat' dir='ltr'>bis</span> <span class='ocrx_word' id='word_1_109' title='bbox 984 970 1016 996; x_wconf 90' lang='lat' dir='ltr'>ut</span> <span class='ocrx_word' id='word_1_110' title='bbox 1039 965 1221 995; x_wconf 79' lang='lat' dir='ltr'>emendetur.</span> 
     </span>
     <span class='ocr_line' id='line_1_22' title="bbox 482 1013 1223 1052; baseline -0.009 -3"><span class='ocrx_word' id='word_1_111' title='bbox 482 1019 512 1049; x_wconf 86' lang='lat' dir='ltr'>Si</span> <span class='ocrx_word' id='word_1_112' title='bbox 536 1027 603 1048; x_wconf 90' lang='lat' dir='ltr'>vero</span> <span class='ocrx_word' id='word_1_113' title='bbox 638 1026 695 1047; x_wconf 92' lang='lat' dir='ltr'>non</span> <span class='ocrx_word' id='word_1_114' title='bbox 720 1025 750 1045; x_wconf 90' lang='lat' dir='ltr'>se</span> <span class='ocrx_word' id='word_1_115' title='bbox 773 1014 998 1052; x_wconf 81' lang='lat' dir='ltr'>emendaverit,</span> <span class='ocrx_word' id='word_1_116' title='bbox 1023 1013 1223 1043; x_wconf 84' lang='lat' dir='ltr'>definitorium</span> 
     </span>
     <span class='ocr_line' id='line_1_23' title="bbox 483 1063 1225 1107; baseline -0.008 -10"><span class='ocrx_word' id='word_1_117' title='bbox 483 1068 580 1107; x_wconf 89' lang='lat' dir='ltr'>ipsum</span> <span class='ocrx_word' id='word_1_118' title='bbox 604 1066 759 1105; x_wconf 87' lang='lat' dir='ltr'>culparum</span> <span class='ocrx_word' id='word_1_119' title='bbox 783 1064 878 1103; x_wconf 87' lang='lat' dir='ltr'>capita</span> <span class='ocrx_word' id='word_1_120' title='bbox 902 1067 930 1093; x_wconf 90' lang='lat' dir='ltr'>et</span> <span class='ocrx_word' id='word_1_121' title='bbox 953 1063 1169 1093; x_wconf 87' lang='lat' dir='ltr'>attestationem</span> <span class='ocrx_word' id='word_1_122' title='bbox 1194 1063 1225 1092; x_wconf 91' lang='lat' dir='ltr'>il-</span> 
     </span>
     <span class='ocr_line' id='line_1_24' title="bbox 483 1109 1225 1149; baseline -0.008 -4"><span class='ocrx_word' id='word_1_123' title='bbox 483 1116 576 1145; x_wconf 78' lang='lat' dir='ltr'>larum</span> <span class='ocrx_word' id='word_1_124' title='bbox 601 1114 698 1144; x_wconf 90' lang='lat' dir='ltr'>mittat</span> <span class='ocrx_word' id='word_1_125' title='bbox 729 1113 762 1142; x_wconf 85' lang='lat' dir='ltr'>ad</span> <span class='ocrx_word' id='word_1_126' title='bbox 788 1111 989 1142; x_wconf 81' lang='lat' dir='ltr'>delinitorium</span> <span class='ocrx_word' id='word_1_127' title='bbox 1014 1111 1151 1149; x_wconf 84' lang='lat' dir='ltr'>generale</span> <span class='ocrx_word' id='word_1_128' title='bbox 1173 1109 1225 1140; x_wconf 94' lang='lat' dir='ltr'>Or-</span> 
     </span>
     <span class='ocr_line' id='line_1_25' title="bbox 484 1159 1226 1198; baseline -0.008 -4"><span class='ocrx_word' id='word_1_129' title='bbox 484 1165 571 1197; x_wconf 85' lang='lat' dir='ltr'>dinis,</span> <span class='ocrx_word' id='word_1_130' title='bbox 596 1167 628 1192; x_wconf 86' lang='lat' dir='ltr'>ut</span> <span class='ocrx_word' id='word_1_131' title='bbox 651 1163 830 1198; x_wconf 78' lang='lat' dir='ltr'>instruatur3</span> <span class='ocrx_word' id='word_1_132' title='bbox 856 1165 894 1198; x_wconf 88' lang='lat' dir='ltr'>et,</span> <span class='ocrx_word' id='word_1_133' title='bbox 913 1160 936 1190; x_wconf 89' lang='lat' dir='ltr'>si</span> <span class='ocrx_word' id='word_1_134' title='bbox 960 1160 1002 1189; x_wconf 92' lang='lat' dir='ltr'>illi</span> <span class='ocrx_word' id='word_1_135' title='bbox 1027 1160 1121 1189; x_wconf 92' lang='lat' dir='ltr'>visum</span> <span class='ocrx_word' id='word_1_136' title='bbox 1138 1159 1226 1189; x_wconf 89' lang='lat' dir='ltr'>suerit</span> 
     </span>
     <span class='ocr_line' id='line_1_26' title="bbox 484 1208 1227 1248; baseline -0.008 -5"><span class='ocrx_word' id='word_1_137' title='bbox 484 1223 519 1243; x_wconf 80' lang='lat' dir='ltr'>ex</span> <span class='ocrx_word' id='word_1_138' title='bbox 536 1211 649 1242; x_wconf 87' lang='lat' dir='ltr'>meritis</span> <span class='ocrx_word' id='word_1_139' title='bbox 666 1219 780 1247; x_wconf 83' lang='lat' dir='ltr'>causae,</span> <span class='ocrx_word' id='word_1_140' title='bbox 799 1210 842 1239; x_wconf 90' lang='lat' dir='ltr'>vel</span> <span class='ocrx_word' id='word_1_141' title='bbox 863 1209 923 1248; x_wconf 89' lang='lat' dir='ltr'>illi,</span> <span class='ocrx_word' id='word_1_142' title='bbox 942 1209 1022 1238; x_wconf 88' lang='lat' dir='ltr'>illius</span> <span class='ocrx_word' id='word_1_143' title='bbox 1038 1208 1143 1238; x_wconf 87' lang='lat' dir='ltr'>honori</span> <span class='ocrx_word' id='word_1_144' title='bbox 1161 1217 1227 1237; x_wconf 90' lang='lat' dir='ltr'>con-</span> 
     </span>
     <span class='ocr_line' id='line_1_27' title="bbox 485 1256 1226 1297; baseline -0.008 -6"><span class='ocrx_word' id='word_1_145' title='bbox 485 1261 620 1297; x_wconf 80' lang='lat' dir='ltr'>sulendo,</span> <span class='ocrx_word' id='word_1_146' title='bbox 649 1260 749 1290; x_wconf 83' lang='lat' dir='ltr'>iubeat</span> <span class='ocrx_word' id='word_1_147' title='bbox 777 1258 872 1289; x_wconf 82' lang='lat' dir='ltr'>officio</span> <span class='ocrx_word' id='word_1_148' title='bbox 895 1258 1016 1296; x_wconf 83' lang='lat' dir='ltr'>cedere,</span> <span class='ocrx_word' id='word_1_149' title='bbox 1041 1257 1100 1291; x_wconf 85' lang='lat' dir='ltr'>vel,</span> <span class='ocrx_word' id='word_1_150' title='bbox 1126 1257 1149 1286; x_wconf 84' lang='lat' dir='ltr'>si</span> <span class='ocrx_word' id='word_1_151' title='bbox 1173 1256 1226 1286; x_wconf 90' lang='lat' dir='ltr'>hoc</span> 
     </span>
     <span class='ocr_line' id='line_1_28' title="bbox 486 1306 1227 1347; baseline -0.008 -7"><span class='ocrx_word' id='word_1_152' title='bbox 486 1312 582 1341; x_wconf 82' lang='lat' dir='ltr'>facere</span> <span class='ocrx_word' id='word_1_153' title='bbox 604 1309 744 1345; x_wconf 87' lang='lat' dir='ltr'>noluerit,</span> <span class='ocrx_word' id='word_1_154' title='bbox 763 1308 858 1347; x_wconf 87' lang='lat' dir='ltr'>ipsum</span> <span class='ocrx_word' id='word_1_155' title='bbox 878 1307 1015 1346; x_wconf 76' lang='lat' dir='ltr'>deponat;</span> <span class='ocrx_word' id='word_1_156' title='bbox 1039 1306 1067 1335; x_wconf 92' lang='lat' dir='ltr'>in</span> <span class='ocrx_word' id='word_1_157' title='bbox 1085 1315 1141 1345; x_wconf 90' lang='lat' dir='ltr'>quo</span> <span class='ocrx_word' id='word_1_158' title='bbox 1158 1315 1227 1335; x_wconf 88' lang='lat' dir='ltr'>casu</span> 
     </span>
     <span class='ocr_line' id='line_1_29' title="bbox 486 1355 1229 1396; baseline -0.008 -7"><span class='ocrx_word' id='word_1_159' title='bbox 486 1359 620 1389; x_wconf 79' lang='lat' dir='ltr'>minister</span> <span class='ocrx_word' id='word_1_160' title='bbox 642 1357 789 1396; x_wconf 86' lang='lat' dir='ltr'>generalis</span> <span class='ocrx_word' id='word_1_161' title='bbox 812 1356 920 1394; x_wconf 82' lang='lat' dir='ltr'>eligere</span> <span class='ocrx_word' id='word_1_162' title='bbox 944 1355 1049 1394; x_wconf 86' lang='lat' dir='ltr'>poterit</span> <span class='ocrx_word' id='word_1_163' title='bbox 1072 1355 1229 1384; x_wconf 84' lang='lat' dir='ltr'>vice-com-</span> 
     </span>
     <span class='ocr_line' id='line_1_30' title="bbox 488 1405 933 1443; baseline -0.009 -6"><span class='ocrx_word' id='word_1_164' title='bbox 488 1407 668 1443; x_wconf 79' lang='lat' dir='ltr'>missarium,</span> <span class='ocrx_word' id='word_1_165' title='bbox 693 1410 723 1436; x_wconf 92' lang='lat' dir='ltr'>ut</span> <span class='ocrx_word' id='word_1_166' title='bbox 745 1405 856 1436; x_wconf 92' lang='lat' dir='ltr'>dictum</span> <span class='ocrx_word' id='word_1_167' title='bbox 880 1408 933 1434; x_wconf 88' lang='lat' dir='ltr'>est.</span> 
     </span>
    </p>

    <p class='ocr_par' dir='ltr' id='par_1_8' title="bbox 488 1451 1237 2119">
     <span class='ocr_line' id='line_1_31' title="bbox 527 1451 1229 1493; baseline -0.009 -7"><span class='ocrx_word' id='word_1_168' title='bbox 527 1466 588 1486; x_wconf 77' lang='lat' dir='ltr'>xxi.</span> <span class='ocrx_word' id='word_1_169' title='bbox 612 1455 719 1486; x_wconf 89' lang='lat' dir='ltr'>Omnes</span> <span class='ocrx_word' id='word_1_170' title='bbox 742 1462 918 1493; x_wconf 82' lang='lat' dir='ltr'>processus,</span> <span class='ocrx_word' id='word_1_171' title='bbox 941 1457 973 1482; x_wconf 93' lang='lat' dir='ltr'>ut</span> <span class='ocrx_word' id='word_1_172' title='bbox 1006 1461 1109 1482; x_wconf 89' lang='lat' dir='ltr'>causae</span> <span class='ocrx_word' id='word_1_173' title='bbox 1132 1451 1229 1480; x_wconf 89' lang='lat' dir='ltr'>crimi-</span> 
     </span>
     <span class='ocr_line' id='line_1_32' title="bbox 488 1499 1230 1543; baseline -0.009 -8"><span class='ocrx_word' id='word_1_174' title='bbox 488 1506 581 1543; x_wconf 89' lang='lat' dir='ltr'>nales,</span> <span class='ocrx_word' id='word_1_175' title='bbox 598 1503 801 1534; x_wconf 75' lang='lat' dir='ltr'>custodiantur</span> <span class='ocrx_word' id='word_1_176' title='bbox 824 1502 853 1531; x_wconf 91' lang='lat' dir='ltr'>in</span> <span class='ocrx_word' id='word_1_177' title='bbox 878 1501 1006 1531; x_wconf 75' lang='lat' dir='ltr'>archivio</span> <span class='ocrx_word' id='word_1_178' title='bbox 1029 1500 1159 1539; x_wconf 83' lang='lat' dir='ltr'>generali</span> <span class='ocrx_word' id='word_1_179' title='bbox 1179 1499 1230 1530; x_wconf 90' lang='lat' dir='ltr'>Or-</span> 
     </span>
     <span class='ocr_line' id='line_1_33' title="bbox 489 1549 1231 1591; baseline -0.009 -7"><span class='ocrx_word' id='word_1_180' title='bbox 489 1554 584 1591; x_wconf 85' lang='lat' dir='ltr'>dinis,</span> <span class='ocrx_word' id='word_1_181' title='bbox 609 1557 636 1582; x_wconf 90' lang='lat' dir='ltr'>et</span> <span class='ocrx_word' id='word_1_182' title='bbox 664 1555 760 1591; x_wconf 86' lang='lat' dir='ltr'>patres</span> <span class='ocrx_word' id='word_1_183' title='bbox 784 1550 980 1590; x_wconf 78' lang='lat' dir='ltr'>provinciales</span> <span class='ocrx_word' id='word_1_184' title='bbox 1003 1554 1031 1580; x_wconf 88' lang='lat' dir='ltr'>et</span> <span class='ocrx_word' id='word_1_185' title='bbox 1064 1549 1231 1578; x_wconf 73' lang='lat' dir='ltr'>visitatores</span> 
     </span>
     <span class='ocr_line' id='line_1_34' title="bbox 489 1598 1231 1634; baseline -0.009 -1"><span class='ocrx_word' id='word_1_186' title='bbox 489 1602 642 1633; x_wconf 81' lang='lat' dir='ltr'>remittant</span> <span class='ocrx_word' id='word_1_187' title='bbox 664 1600 757 1630; x_wconf 87' lang='lat' dir='ltr'>dictas</span> <span class='ocrx_word' id='word_1_188' title='bbox 780 1608 882 1629; x_wconf 86' lang='lat' dir='ltr'>causas</span> <span class='ocrx_word' id='word_1_189' title='bbox 911 1598 968 1628; x_wconf 91' lang='lat' dir='ltr'>iam</span> <span class='ocrx_word' id='word_1_190' title='bbox 1002 1598 1165 1634; x_wconf 88' lang='lat' dir='ltr'>absolutas,</span> <span class='ocrx_word' id='word_1_191' title='bbox 1199 1601 1231 1627; x_wconf 86' lang='lat' dir='ltr'>ut</span> 
     </span>
     <span class='ocr_line' id='line_1_35' title="bbox 489 1647 1229 1688; baseline -0.008 -7"><span class='ocrx_word' id='word_1_192' title='bbox 489 1652 518 1681; x_wconf 93' lang='lat' dir='ltr'>in</span> <span class='ocrx_word' id='word_1_193' title='bbox 556 1649 686 1680; x_wconf 83' lang='lat' dir='ltr'>archivio</span> <span class='ocrx_word' id='word_1_194' title='bbox 719 1651 917 1688; x_wconf 83' lang='lat' dir='ltr'>reponantur:</span> <span class='ocrx_word' id='word_1_195' title='bbox 941 1647 999 1676; x_wconf 90' lang='lat' dir='ltr'>imo</span> <span class='ocrx_word' id='word_1_196' title='bbox 1022 1651 1051 1676; x_wconf 83' lang='lat' dir='ltr'>et</span> <span class='ocrx_word' id='word_1_197' title='bbox 1074 1647 1159 1676; x_wconf 88' lang='lat' dir='ltr'>etiam</span> <span class='ocrx_word' id='word_1_198' title='bbox 1184 1655 1229 1675; x_wconf 84' lang='lat' dir='ltr'>re-</span> 
     </span>
     <span class='ocr_line' id='line_1_36' title="bbox 490 1694 1232 1737; baseline -0.007 -8"><span class='ocrx_word' id='word_1_199' title='bbox 490 1701 607 1730; x_wconf 85' lang='lat' dir='ltr'>mittant</span> <span class='ocrx_word' id='word_1_200' title='bbox 639 1699 772 1737; x_wconf 87' lang='lat' dir='ltr'>inceptas</span> <span class='ocrx_word' id='word_1_201' title='bbox 794 1700 822 1727; x_wconf 90' lang='lat' dir='ltr'>et</span> <span class='ocrx_word' id='word_1_202' title='bbox 844 1696 972 1725; x_wconf 90' lang='lat' dir='ltr'>nondum</span> <span class='ocrx_word' id='word_1_203' title='bbox 1008 1696 1117 1732; x_wconf 55' lang='lat' dir='ltr'>finium,</span> <span class='ocrx_word' id='word_1_204' title='bbox 1149 1695 1175 1724; x_wconf 93' lang='lat' dir='ltr'>si</span> <span class='ocrx_word' id='word_1_205' title='bbox 1198 1694 1232 1724; x_wconf 91' lang='lat' dir='ltr'>ab</span> 
     </span>
     <span class='ocr_line' id='line_1_37' title="bbox 489 1743 1233 1788; baseline -0.009 -9"><span class='ocrx_word' id='word_1_206' title='bbox 489 1749 560 1788; x_wconf 91' lang='lat' dir='ltr'>ipsis</span> <span class='ocrx_word' id='word_1_207' title='bbox 578 1746 773 1777; x_wconf 81' lang='lat' dir='ltr'>absolvendae</span> <span class='ocrx_word' id='word_1_208' title='bbox 790 1755 846 1775; x_wconf 91' lang='lat' dir='ltr'>non</span> <span class='ocrx_word' id='word_1_209' title='bbox 863 1749 946 1781; x_wconf 79' lang='lat' dir='ltr'>sunt3</span> <span class='ocrx_word' id='word_1_210' title='bbox 971 1744 1107 1784; x_wconf 84' lang='lat' dir='ltr'>idemque</span> <span class='ocrx_word' id='word_1_211' title='bbox 1126 1743 1233 1773; x_wconf 86' lang='lat' dir='ltr'>saciant</span> 
     </span>
     <span class='ocr_line' id='line_1_38' title="bbox 491 1792 1234 1837; baseline -0.007 -11"><span class='ocrx_word' id='word_1_212' title='bbox 491 1802 588 1837; x_wconf 85' lang='lat' dir='ltr'>patres</span> <span class='ocrx_word' id='word_1_213' title='bbox 611 1795 738 1825; x_wconf 88' lang='lat' dir='ltr'>ministri</span> <span class='ocrx_word' id='word_1_214' title='bbox 761 1795 795 1824; x_wconf 91' lang='lat' dir='ltr'>de</span> <span class='ocrx_word' id='word_1_215' title='bbox 819 1794 913 1823; x_wconf 85' lang='lat' dir='ltr'>causis</span> <span class='ocrx_word' id='word_1_216' title='bbox 936 1793 971 1822; x_wconf 82' lang='lat' dir='ltr'>al]</span> <span class='ocrx_word' id='word_1_217' title='bbox 994 1793 1066 1832; x_wconf 87' lang='lat' dir='ltr'>ipsis</span> <span class='ocrx_word' id='word_1_218' title='bbox 1090 1792 1234 1822; x_wconf 88' lang='lat' dir='ltr'>inchoatis</span> 
     </span>
     <span class='ocr_line' id='line_1_39' title="bbox 491 1841 1234 1882; baseline -0.009 -6"><span class='ocrx_word' id='word_1_219' title='bbox 491 1850 519 1876; x_wconf 87' lang='lat' dir='ltr'>et</span> <span class='ocrx_word' id='word_1_220' title='bbox 551 1844 702 1882; x_wconf 80' lang='lat' dir='ltr'>formatis,</span> <span class='ocrx_word' id='word_1_221' title='bbox 738 1843 782 1873; x_wconf 89' lang='lat' dir='ltr'>vel</span> <span class='ocrx_word' id='word_1_222' title='bbox 818 1843 883 1872; x_wconf 90' lang='lat' dir='ltr'>illas</span> <span class='ocrx_word' id='word_1_223' title='bbox 918 1841 1071 1872; x_wconf 85' lang='lat' dir='ltr'>remittant</span> <span class='ocrx_word' id='word_1_224' title='bbox 1092 1841 1125 1870; x_wconf 86' lang='lat' dir='ltr'>ad</span> <span class='ocrx_word' id='word_1_225' title='bbox 1149 1850 1234 1870; x_wconf 89' lang='lat' dir='ltr'>suum</span> 
     </span>
     <span class='ocr_line' id='line_1_40' title="bbox 493 1890 1234 1934; baseline -0.007 -11"><span class='ocrx_word' id='word_1_226' title='bbox 493 1893 702 1934; x_wconf 85' lang='lat' dir='ltr'>provincialem</span> <span class='ocrx_word' id='word_1_227' title='bbox 727 1896 758 1922; x_wconf 93' lang='lat' dir='ltr'>ut</span> <span class='ocrx_word' id='word_1_228' title='bbox 782 1891 817 1921; x_wconf 88' lang='lat' dir='ltr'>de</span> <span class='ocrx_word' id='word_1_229' title='bbox 840 1891 899 1920; x_wconf 88' lang='lat' dir='ltr'>illis</span> <span class='ocrx_word' id='word_1_230' title='bbox 921 1890 1040 1920; x_wconf 87' lang='lat' dir='ltr'>iudicet.</span> <span class='ocrx_word' id='word_1_231' title='bbox 1064 1890 1126 1925; x_wconf 88' lang='lat' dir='ltr'>Quo</span> <span class='ocrx_word' id='word_1_232' title='bbox 1148 1890 1234 1925; x_wconf 83' lang='lat' dir='ltr'>sacto,</span> 
     </span>
     <span class='ocr_line' id='line_1_41' title="bbox 493 1939 1237 1982; baseline -0.008 -9"><span class='ocrx_word' id='word_1_233' title='bbox 493 1944 556 1982; x_wconf 87' lang='lat' dir='ltr'>ipse</span> <span class='ocrx_word' id='word_1_234' title='bbox 579 1952 628 1972; x_wconf 85' lang='lat' dir='ltr'>eas</span> <span class='ocrx_word' id='word_1_235' title='bbox 651 1941 748 1971; x_wconf 90' lang='lat' dir='ltr'>mittat</span> <span class='ocrx_word' id='word_1_236' title='bbox 771 1940 805 1969; x_wconf 88' lang='lat' dir='ltr'>ad</span> <span class='ocrx_word' id='word_1_237' title='bbox 829 1939 1009 1979; x_wconf 85' lang='lat' dir='ltr'>praedictum</span> <span class='ocrx_word' id='word_1_238' title='bbox 1032 1939 1168 1977; x_wconf 79' lang='lat' dir='ltr'>generale</span> <span class='ocrx_word' id='word_1_239' title='bbox 1191 1947 1237 1968; x_wconf 90' lang='lat' dir='ltr'>ar-</span> 
     </span>
     <span class='ocr_line' id='line_1_42' title="bbox 493 1987 1235 2028; baseline -0.007 -7"><span class='ocrx_word' id='word_1_240' title='bbox 493 1991 634 2025; x_wconf 86' lang='lat' dir='ltr'>chivium,</span> <span class='ocrx_word' id='word_1_241' title='bbox 670 1990 700 2020; x_wconf 90' lang='lat' dir='ltr'>in</span> <span class='ocrx_word' id='word_1_242' title='bbox 733 1998 790 2028; x_wconf 89' lang='lat' dir='ltr'>quo</span> <span class='ocrx_word' id='word_1_243' title='bbox 822 1991 1034 2018; x_wconf 89' lang='lat' dir='ltr'>conserventur</span> <span class='ocrx_word' id='word_1_244' title='bbox 1064 1987 1117 2017; x_wconf 88' lang='lat' dir='ltr'>sub</span> <span class='ocrx_word' id='word_1_245' title='bbox 1150 1987 1235 2023; x_wconf 89' lang='lat' dir='ltr'>clavi,</span> 
     </span>
     <span class='ocr_line' id='line_1_43' title="bbox 494 2035 1237 2080; baseline -0.008 -10"><span class='ocrx_word' id='word_1_246' title='bbox 494 2049 568 2080; x_wconf 85' lang='lat' dir='ltr'>quae</span> <span class='ocrx_word' id='word_1_247' title='bbox 591 2039 666 2078; x_wconf 85' lang='lat' dir='ltr'>apud</span> <span class='ocrx_word' id='word_1_248' title='bbox 699 2037 881 2077; x_wconf 79' lang='lat' dir='ltr'>superiorein</span> <span class='ocrx_word' id='word_1_249' title='bbox 915 2036 1083 2075; x_wconf 82' lang='lat' dir='ltr'>generalem</span> <span class='ocrx_word' id='word_1_250' title='bbox 1107 2035 1151 2065; x_wconf 89' lang='lat' dir='ltr'>vel</span> <span class='ocrx_word' id='word_1_251' title='bbox 1173 2035 1237 2065; x_wconf 91' lang='lat' dir='ltr'>eius</span> 
     </span>
     <span class='ocr_line' id='line_1_44' title="bbox 495 2087 758 2119; baseline -0.015 0"><span class='ocrx_word' id='word_1_252' title='bbox 495 2088 686 2119; x_wconf 80' lang='lat' dir='ltr'>secretarium</span> <span class='ocrx_word' id='word_1_253' title='bbox 710 2087 758 2116; x_wconf 86' lang='lat' dir='ltr'>sit.</span> 
     </span>
    </p>

    <p class='ocr_par' dir='ltr' id='par_1_9' title="bbox 496 2132 1244 2656">
     <span class='ocr_line' id='line_1_45' title="bbox 536 2132 1239 2173; baseline -0.006 -6"><span class='ocrx_word' id='word_1_254' title='bbox 536 2145 606 2167; x_wconf 82' lang='lat' dir='ltr'>xxlt.</span> <span class='ocrx_word' id='word_1_255' title='bbox 630 2137 664 2166; x_wconf 88' lang='lat' dir='ltr'>Et</span> <span class='ocrx_word' id='word_1_256' title='bbox 686 2145 722 2165; x_wconf 90' lang='lat' dir='ltr'>ne</span> <span class='ocrx_word' id='word_1_257' title='bbox 745 2135 871 2165; x_wconf 88' lang='lat' dir='ltr'>decursu</span> <span class='ocrx_word' id='word_1_258' title='bbox 894 2133 1033 2173; x_wconf 88' lang='lat' dir='ltr'>temporis</span> <span class='ocrx_word' id='word_1_259' title='bbox 1065 2133 1133 2163; x_wconf 91' lang='lat' dir='ltr'>libri</span> <span class='ocrx_word' id='word_1_260' title='bbox 1155 2132 1239 2164; x_wconf 89' lang='lat' dir='ltr'>Ordi-</span> 
     </span>
     <span class='ocr_line' id='line_1_46' title="bbox 496 2182 1239 2224; baseline -0.007 -8"><span class='ocrx_word' id='word_1_261' title='bbox 496 2187 559 2224; x_wconf 91' lang='lat' dir='ltr'>nis,</span> <span class='ocrx_word' id='word_1_262' title='bbox 584 2185 699 2222; x_wconf 86' lang='lat' dir='ltr'>Bullae,</span> <span class='ocrx_word' id='word_1_263' title='bbox 723 2184 848 2217; x_wconf 84' lang='lat' dir='ltr'>Brevia,</span> <span class='ocrx_word' id='word_1_264' title='bbox 873 2182 1042 2222; x_wconf 79' lang='lat' dir='ltr'>privilegia,</span> <span class='ocrx_word' id='word_1_265' title='bbox 1067 2186 1239 2221; x_wconf 84' lang='lat' dir='ltr'>ceteraeque</span> 
     </span>
     <span class='ocr_line' id='line_1_47' title="bbox 497 2231 1238 2274; baseline -0.008 -9"><span class='ocrx_word' id='word_1_266' title='bbox 497 2235 658 2274; x_wconf 84' lang='lat' dir='ltr'>scripturae</span> <span class='ocrx_word' id='word_1_267' title='bbox 680 2233 888 2272; x_wconf 80' lang='lat' dir='ltr'>deperdantur,</span> <span class='ocrx_word' id='word_1_268' title='bbox 907 2231 1094 2261; x_wconf 89' lang='lat' dir='ltr'>decernimus</span> <span class='ocrx_word' id='word_1_269' title='bbox 1116 2231 1192 2269; x_wconf 89' lang='lat' dir='ltr'>quod</span> <span class='ocrx_word' id='word_1_270' title='bbox 1210 2231 1238 2259; x_wconf 93' lang='lat' dir='ltr'>in</span> 
     </span>
     <span class='ocr_line' id='line_1_48' title="bbox 497 2279 1239 2314; baseline -0.009 0"><span class='ocrx_word' id='word_1_271' title='bbox 497 2287 597 2314; x_wconf 85' lang='lat' dir='ltr'>nostro</span> <span class='ocrx_word' id='word_1_272' title='bbox 631 2285 777 2312; x_wconf 87' lang='lat' dir='ltr'>conventu</span> <span class='ocrx_word' id='word_1_273' title='bbox 811 2280 970 2310; x_wconf 86' lang='lat' dir='ltr'>Matritensi</span> <span class='ocrx_word' id='word_1_274' title='bbox 1003 2280 1040 2309; x_wconf 88' lang='lat' dir='ltr'>sit</span> <span class='ocrx_word' id='word_1_275' title='bbox 1077 2279 1239 2308; x_wconf 84' lang='lat' dir='ltr'>archivium</span> 
     </span>
     <span class='ocr_line' id='line_1_49' title="bbox 498 2329 1240 2372; baseline -0.007 -10"><span class='ocrx_word' id='word_1_276' title='bbox 498 2332 656 2372; x_wconf 83' lang='lat' dir='ltr'>generale,</span> <span class='ocrx_word' id='word_1_277' title='bbox 690 2331 719 2360; x_wconf 93' lang='lat' dir='ltr'>in</span> <span class='ocrx_word' id='word_1_278' title='bbox 752 2330 836 2360; x_wconf 90' lang='lat' dir='ltr'>cuius</span> <span class='ocrx_word' id='word_1_279' title='bbox 868 2333 950 2369; x_wconf 80' lang='lat' dir='ltr'>parte</span> <span class='ocrx_word' id='word_1_280' title='bbox 986 2330 1121 2368; x_wconf 68' lang='lat' dir='ltr'>separata</span> <span class='ocrx_word' id='word_1_281' title='bbox 1144 2329 1240 2358; x_wconf 86' lang='lat' dir='ltr'>omnia</span> 
     </span>
     <span class='ocr_line' id='line_1_50' title="bbox 499 2377 1241 2421; baseline -0.005 -11"><span class='ocrx_word' id='word_1_282' title='bbox 499 2380 645 2421; x_wconf 87' lang='lat' dir='ltr'>praedicta</span> <span class='ocrx_word' id='word_1_283' title='bbox 678 2383 860 2418; x_wconf 86' lang='lat' dir='ltr'>reponantur</span> <span class='ocrx_word' id='word_1_284' title='bbox 894 2382 923 2407; x_wconf 91' lang='lat' dir='ltr'>et</span> <span class='ocrx_word' id='word_1_285' title='bbox 951 2377 1156 2407; x_wconf 81' lang='lat' dir='ltr'>custodiantur</span> <span class='ocrx_word' id='word_1_286' title='bbox 1187 2377 1241 2407; x_wconf 86' lang='lat' dir='ltr'>sub</span> 
     </span>
     <span class='ocr_line' id='line_1_51' title="bbox 499 2426 1241 2466; baseline -0.005 -7"><span class='ocrx_word' id='word_1_287' title='bbox 499 2429 612 2459; x_wconf 86' lang='lat' dir='ltr'>duabus</span> <span class='ocrx_word' id='word_1_288' title='bbox 649 2427 801 2466; x_wconf 88' lang='lat' dir='ltr'>clavibus,</span> <span class='ocrx_word' id='word_1_289' title='bbox 836 2436 959 2466; x_wconf 87' lang='lat' dir='ltr'>quarum</span> <span class='ocrx_word' id='word_1_290' title='bbox 992 2426 1081 2455; x_wconf 89' lang='lat' dir='ltr'>altera</span> <span class='ocrx_word' id='word_1_291' title='bbox 1105 2426 1142 2455; x_wconf 93' lang='lat' dir='ltr'>sit</span> <span class='ocrx_word' id='word_1_292' title='bbox 1164 2426 1241 2465; x_wconf 86' lang='lat' dir='ltr'>apud</span> 
     </span>
     <span class='ocr_line' id='line_1_52' title="bbox 501 2474 1242 2518; baseline -0.004 -11"><span class='ocrx_word' id='word_1_293' title='bbox 501 2483 612 2518; x_wconf 89' lang='lat' dir='ltr'>patrem</span> <span class='ocrx_word' id='word_1_294' title='bbox 636 2476 820 2516; x_wconf 88' lang='lat' dir='ltr'>superiorem</span> <span class='ocrx_word' id='word_1_295' title='bbox 849 2475 1027 2514; x_wconf 81' lang='lat' dir='ltr'>generalem,</span> <span class='ocrx_word' id='word_1_296' title='bbox 1056 2474 1144 2504; x_wconf 86' lang='lat' dir='ltr'>altera</span> <span class='ocrx_word' id='word_1_297' title='bbox 1174 2484 1242 2504; x_wconf 86' lang='lat' dir='ltr'>vero</span> 
     </span>
     <span class='ocr_line' id='line_1_53' title="bbox 500 2524 1240 2567; baseline -0.007 -10"><span class='ocrx_word' id='word_1_298' title='bbox 500 2527 576 2567; x_wconf 90' lang='lat' dir='ltr'>apud</span> <span class='ocrx_word' id='word_1_299' title='bbox 600 2536 690 2556; x_wconf 88' lang='lat' dir='ltr'>unum</span> <span class='ocrx_word' id='word_1_300' title='bbox 724 2535 758 2555; x_wconf 82' lang='lat' dir='ltr'>ex</span> <span class='ocrx_word' id='word_1_301' title='bbox 792 2524 995 2555; x_wconf 79' lang='lat' dir='ltr'>definitoribus</span> <span class='ocrx_word' id='word_1_302' title='bbox 1028 2524 1240 2561; x_wconf 75' lang='lat' dir='ltr'>designandum</span> 
     </span>
     <span class='ocr_line' id='line_1_54' title="bbox 500 2573 1243 2606; baseline -0.007 0"><span class='ocrx_word' id='word_1_303' title='bbox 500 2586 514 2606; x_wconf 91' lang='lat' dir='ltr'>a</span> <span class='ocrx_word' id='word_1_304' title='bbox 536 2575 714 2606; x_wconf 86' lang='lat' dir='ltr'>definitorio.</span> <span class='ocrx_word' id='word_1_305' title='bbox 737 2575 772 2605; x_wconf 88' lang='lat' dir='ltr'>Et</span> <span class='ocrx_word' id='word_1_306' title='bbox 794 2574 932 2605; x_wconf 85' lang='lat' dir='ltr'>similiter</span> <span class='ocrx_word' id='word_1_307' title='bbox 953 2574 988 2604; x_wconf 84' lang='lat' dir='ltr'>ad</span> <span class='ocrx_word' id='word_1_308' title='bbox 1012 2573 1145 2603; x_wconf 83' lang='lat' dir='ltr'>eumdem</span> <span class='ocrx_word' id='word_1_309' title='bbox 1175 2573 1243 2602; x_wconf 77' lang='lat' dir='ltr'>effe-</span> 
     </span>
     <span class='ocr_line' id='line_1_55' title="bbox 500 2622 1244 2656; baseline -0.005 0"><span class='ocrx_word' id='word_1_310' title='bbox 500 2630 579 2656; x_wconf 88' lang='lat' dir='ltr'>ctum</span> <span class='ocrx_word' id='word_1_311' title='bbox 602 2626 632 2656; x_wconf 92' lang='lat' dir='ltr'>in</span> <span class='ocrx_word' id='word_1_312' title='bbox 666 2629 811 2656; x_wconf 86' lang='lat' dir='ltr'>conventu</span> <span class='ocrx_word' id='word_1_313' title='bbox 847 2628 948 2655; x_wconf 84' lang='lat' dir='ltr'>nostro</span> <span class='ocrx_word' id='word_1_314' title='bbox 970 2623 999 2654; x_wconf 87' lang='lat' dir='ltr'>S.</span> <span class='ocrx_word' id='word_1_315' title='bbox 1024 2622 1117 2654; x_wconf 84' lang='lat' dir='ltr'>Caroli</span> <span class='ocrx_word' id='word_1_316' title='bbox 1141 2622 1244 2653; x_wconf 79' lang='lat' dir='ltr'>Curiae</span> 
     </span>
    </p>
   </div>
   <div class='ocr_carea' id='block_1_6' title="bbox 1237 298 1268 2634">
    <p class='ocr_par' dir='ltr' id='par_1_10' title="bbox 1237 298 1268 2634">
     <span class='ocr_line' id='line_1_56' title="bbox 1237 298 1268 2634; baseline 0 0"><span class='ocrx_word' id='word_1_317' title='bbox 1237 298 1268 2634; x_wconf 95' lang='lat' dir='ltr'> </span> 
     </span>
    </p>
   </div>
   <div class='ocr_carea' id='block_1_7' title="bbox 1258 281 2042 1925">
    <p class='ocr_par' dir='ltr' id='par_1_11' title="bbox 1258 281 1998 468">
     <span class='ocr_line' id='line_1_57' title="bbox 1258 281 1996 320; baseline -0.004 -7"><span class='ocrx_word' id='word_1_318' title='bbox 1258 283 1408 313; x_wconf 81' lang='lat' dir='ltr'>Romanae</span> <span class='ocrx_word' id='word_1_319' title='bbox 1442 282 1479 312; x_wconf 89' lang='lat' dir='ltr'>sit</span> <span class='ocrx_word' id='word_1_320' title='bbox 1512 282 1591 312; x_wconf 85' lang='lat' dir='ltr'>aliud</span> <span class='ocrx_word' id='word_1_321' title='bbox 1623 281 1808 320; x_wconf 87' lang='lat' dir='ltr'>archivium,</span> <span class='ocrx_word' id='word_1_322' title='bbox 1832 281 1915 312; x_wconf 89' lang='lat' dir='ltr'>cuius</span> <span class='ocrx_word' id='word_1_323' title='bbox 1937 281 1996 311; x_wconf 85' lang='lat' dir='ltr'>cla·</span> 
     </span>
     <span class='ocr_line' id='line_1_58' title="bbox 1260 331 1997 371; baseline -0.001 -10"><span class='ocrx_word' id='word_1_324' title='bbox 1260 341 1309 362; x_wconf 92' lang='lat' dir='ltr'>ves</span> <span class='ocrx_word' id='word_1_325' title='bbox 1332 331 1457 361; x_wconf 83' lang='lat' dir='ltr'>habeant</span> <span class='ocrx_word' id='word_1_326' title='bbox 1478 336 1562 371; x_wconf 87' lang='lat' dir='ltr'>pater</span> <span class='ocrx_word' id='word_1_327' title='bbox 1598 331 1731 361; x_wconf 89' lang='lat' dir='ltr'>minister</span> <span class='ocrx_word' id='word_1_328' title='bbox 1766 335 1793 361; x_wconf 91' lang='lat' dir='ltr'>et</span> <span class='ocrx_word' id='word_1_329' title='bbox 1825 334 1997 371; x_wconf 86' lang='lat' dir='ltr'>procurator</span> 
     </span>
     <span class='ocr_line' id='line_1_59' title="bbox 1260 379 1998 419; baseline -0.003 -9"><span class='ocrx_word' id='word_1_330' title='bbox 1260 381 1404 419; x_wconf 86' lang='lat' dir='ltr'>generalis</span> <span class='ocrx_word' id='word_1_331' title='bbox 1428 381 1505 410; x_wconf 87' lang='lat' dir='ltr'>illius</span> <span class='ocrx_word' id='word_1_332' title='bbox 1528 380 1629 410; x_wconf 89' lang='lat' dir='ltr'>Curiae</span> <span class='ocrx_word' id='word_1_333' title='bbox 1653 384 1819 419; x_wconf 85' lang='lat' dir='ltr'>assumptus</span> <span class='ocrx_word' id='word_1_334' title='bbox 1835 389 1869 409; x_wconf 83' lang='lat' dir='ltr'>ex</span> <span class='ocrx_word' id='word_1_335' title='bbox 1885 379 1998 409; x_wconf 62' lang='lat' dir='ltr'>familia</span> 
     </span>
     <span class='ocr_line' id='line_1_60' title="bbox 1261 429 1996 468; baseline -0.001 -9"><span class='ocrx_word' id='word_1_336' title='bbox 1261 430 1495 468; x_wconf 70' lang='lat' dir='ltr'>intra-Hispana,</span> <span class='ocrx_word' id='word_1_337' title='bbox 1512 430 1572 459; x_wconf 91' lang='lat' dir='ltr'>sive</span> <span class='ocrx_word' id='word_1_338' title='bbox 1590 429 1766 467; x_wconf 89' lang='lat' dir='ltr'>sitOrdinis,</span> <span class='ocrx_word' id='word_1_339' title='bbox 1781 429 1841 459; x_wconf 92' lang='lat' dir='ltr'>sive</span> <span class='ocrx_word' id='word_1_340' title='bbox 1858 429 1996 459; x_wconf 82' lang='lat' dir='ltr'>familiae.</span> 
     </span>
    </p>

    <p class='ocr_par' dir='ltr' id='par_1_12' title="bbox 1262 478 2017 1825">
     <span class='ocr_line' id='line_1_61' title="bbox 1303 478 1999 518; baseline -0.001 -10"><span class='ocrx_word' id='word_1_341' title='bbox 1303 487 1382 508; x_wconf 83' lang='lat' dir='ltr'>xxiii.</span> <span class='ocrx_word' id='word_1_342' title='bbox 1407 478 1563 508; x_wconf 82' lang='lat' dir='ltr'>Deficiente</span> <span class='ocrx_word' id='word_1_343' title='bbox 1595 483 1692 508; x_wconf 81' lang='lat' dir='ltr'>autem</span> <span class='ocrx_word' id='word_1_344' title='bbox 1728 478 1878 518; x_wconf 87' lang='lat' dir='ltr'>superiore</span> <span class='ocrx_word' id='word_1_345' title='bbox 1913 487 1999 516; x_wconf 84' lang='lat' dir='ltr'>gene-</span> 
     </span>
     <span class='ocr_line' id='line_1_62' title="bbox 1262 526 2000 565; baseline -0.003 -8"><span class='ocrx_word' id='word_1_346' title='bbox 1262 528 1327 565; x_wconf 89' lang='lat' dir='ltr'>rali,</span> <span class='ocrx_word' id='word_1_347' title='bbox 1351 532 1379 557; x_wconf 89' lang='lat' dir='ltr'>et</span> <span class='ocrx_word' id='word_1_348' title='bbox 1402 527 1537 557; x_wconf 90' lang='lat' dir='ltr'>omnibus</span> <span class='ocrx_word' id='word_1_349' title='bbox 1552 527 1769 564; x_wconf 78' lang='lat' dir='ltr'>definitoribus,</span> <span class='ocrx_word' id='word_1_350' title='bbox 1787 526 1883 556; x_wconf 88' lang='lat' dir='ltr'>claves</span> <span class='ocrx_word' id='word_1_351' title='bbox 1905 526 2000 556; x_wconf 86' lang='lat' dir='ltr'>archi-</span> 
     </span>
     <span class='ocr_line' id='line_1_63' title="bbox 1263 576 2000 616; baseline -0.001 -11"><span class='ocrx_word' id='word_1_352' title='bbox 1263 577 1300 606; x_wconf 90' lang='lat' dir='ltr'>vii</span> <span class='ocrx_word' id='word_1_353' title='bbox 1324 576 1501 606; x_wconf 80' lang='lat' dir='ltr'>Matritensis</span> <span class='ocrx_word' id='word_1_354' title='bbox 1524 581 1611 607; x_wconf 89' lang='lat' dir='ltr'>erunt</span> <span class='ocrx_word' id='word_1_355' title='bbox 1639 576 1714 616; x_wconf 91' lang='lat' dir='ltr'>apud</span> <span class='ocrx_word' id='word_1_356' title='bbox 1743 576 1910 606; x_wconf 84' lang='lat' dir='ltr'>ministrum</span> <span class='ocrx_word' id='word_1_357' title='bbox 1934 584 2000 604; x_wconf 92' lang='lat' dir='ltr'>con-</span> 
     </span>
     <span class='ocr_line' id='line_1_64' title="bbox 1264 625 2002 665; baseline 0 -10"><span class='ocrx_word' id='word_1_358' title='bbox 1264 629 1366 656; x_wconf 79' lang='lat' dir='ltr'>ventus</span> <span class='ocrx_word' id='word_1_359' title='bbox 1400 630 1427 656; x_wconf 90' lang='lat' dir='ltr'>et</span> <span class='ocrx_word' id='word_1_360' title='bbox 1460 631 1678 665; x_wconf 70' lang='lat' dir='ltr'>procuratorem</span> <span class='ocrx_word' id='word_1_361' title='bbox 1710 625 1877 664; x_wconf 82' lang='lat' dir='ltr'>generalem</span> <span class='ocrx_word' id='word_1_362' title='bbox 1900 625 2002 656; x_wconf 84' lang='lat' dir='ltr'>Curiae</span> 
     </span>
     <span class='ocr_line' id='line_1_65' title="bbox 1264 673 2003 713; baseline 0 -9"><span class='ocrx_word' id='word_1_363' title='bbox 1264 675 1382 713; x_wconf 80' lang='lat' dir='ltr'>Regiae.</span> <span class='ocrx_word' id='word_1_364' title='bbox 1407 674 1500 705; x_wconf 88' lang='lat' dir='ltr'>Clavis</span> <span class='ocrx_word' id='word_1_365' title='bbox 1529 675 1651 704; x_wconf 87' lang='lat' dir='ltr'>archivii</span> <span class='ocrx_word' id='word_1_366' title='bbox 1683 674 1818 710; x_wconf 85' lang='lat' dir='ltr'>romani,</span> <span class='ocrx_word' id='word_1_367' title='bbox 1842 683 1915 713; x_wconf 89' lang='lat' dir='ltr'>quae</span> <span class='ocrx_word' id='word_1_368' title='bbox 1947 673 2003 705; x_wconf 84' lang='lat' dir='ltr'>erit</span> 
     </span>
     <span class='ocr_line' id='line_1_66' title="bbox 1265 721 2004 762; baseline -0.001 -10"><span class='ocrx_word' id='word_1_369' title='bbox 1265 723 1339 762; x_wconf 85' lang='lat' dir='ltr'>apud</span> <span class='ocrx_word' id='word_1_370' title='bbox 1363 723 1530 752; x_wconf 87' lang='lat' dir='ltr'>ministrum</span> <span class='ocrx_word' id='word_1_371' title='bbox 1553 727 1712 753; x_wconf 87' lang='lat' dir='ltr'>conventus</span> <span class='ocrx_word' id='word_1_372' title='bbox 1730 723 1759 753; x_wconf 85' lang='lat' dir='ltr'>S.</span> <span class='ocrx_word' id='word_1_373' title='bbox 1780 721 1885 758; x_wconf 86' lang='lat' dir='ltr'>Caroli,</span> <span class='ocrx_word' id='word_1_374' title='bbox 1902 722 1925 752; x_wconf 86' lang='lat' dir='ltr'>si</span> <span class='ocrx_word' id='word_1_375' title='bbox 1942 721 2004 761; x_wconf 85' lang='lat' dir='ltr'>ipse</span> 
     </span>
     <span class='ocr_line' id='line_1_67' title="bbox 1266 770 2003 810; baseline -0.001 -10"><span class='ocrx_word' id='word_1_376' title='bbox 1266 771 1400 801; x_wconf 82' lang='lat' dir='ltr'>minister</span> <span class='ocrx_word' id='word_1_377' title='bbox 1433 771 1520 801; x_wconf 83' lang='lat' dir='ltr'>fuerit</span> <span class='ocrx_word' id='word_1_378' title='bbox 1553 775 1723 810; x_wconf 88' lang='lat' dir='ltr'>procurator</span> <span class='ocrx_word' id='word_1_379' title='bbox 1745 770 1910 808; x_wconf 85' lang='lat' dir='ltr'>generalis,</span> <span class='ocrx_word' id='word_1_380' title='bbox 1940 778 2003 799; x_wconf 88' lang='lat' dir='ltr'>eam</span> 
     </span>
     <span class='ocr_line' id='line_1_68' title="bbox 1267 818 2005 858; baseline 0 -10"><span class='ocrx_word' id='word_1_381' title='bbox 1267 819 1373 849; x_wconf 85' lang='lat' dir='ltr'>habere</span> <span class='ocrx_word' id='word_1_382' title='bbox 1397 819 1482 849; x_wconf 69' lang='lat' dir='ltr'>debet</span> <span class='ocrx_word' id='word_1_383' title='bbox 1505 829 1539 849; x_wconf 79' lang='lat' dir='ltr'>ex</span> <span class='ocrx_word' id='word_1_384' title='bbox 1559 819 1765 849; x_wconf 82' lang='lat' dir='ltr'>commissione</span> <span class='ocrx_word' id='word_1_385' title='bbox 1781 818 1942 858; x_wconf 89' lang='lat' dir='ltr'>superioris</span> <span class='ocrx_word' id='word_1_386' title='bbox 1957 827 2005 856; x_wconf 87' lang='lat' dir='ltr'>ge-</span> 
     </span>
     <span class='ocr_line' id='line_1_69' title="bbox 1267 865 2005 907; baseline -0.004 -9"><span class='ocrx_word' id='word_1_387' title='bbox 1267 868 1375 898; x_wconf 88' lang='lat' dir='ltr'>neralis</span> <span class='ocrx_word' id='word_1_388' title='bbox 1408 869 1596 898; x_wconf 76' lang='lat' dir='ltr'>consiliarius</span> <span class='ocrx_word' id='word_1_389' title='bbox 1629 867 1788 907; x_wconf 87' lang='lat' dir='ltr'>antiquior.</span> <span class='ocrx_word' id='word_1_390' title='bbox 1812 867 1849 896; x_wconf 83' lang='lat' dir='ltr'>At</span> <span class='ocrx_word' id='word_1_391' title='bbox 1880 875 1948 897; x_wconf 89' lang='lat' dir='ltr'>vero</span> <span class='ocrx_word' id='word_1_392' title='bbox 1981 865 2005 896; x_wconf 88' lang='lat' dir='ltr'>si</span> 
     </span>
     <span class='ocr_line' id='line_1_70' title="bbox 1269 915 2006 956; baseline -0.003 -10"><span class='ocrx_word' id='word_1_393' title='bbox 1269 921 1439 956; x_wconf 86' lang='lat' dir='ltr'>procurator</span> <span class='ocrx_word' id='word_1_394' title='bbox 1471 917 1618 955; x_wconf 86' lang='lat' dir='ltr'>generalis</span> <span class='ocrx_word' id='word_1_395' title='bbox 1647 916 1764 947; x_wconf 88' lang='lat' dir='ltr'>Ordinis</span> <span class='ocrx_word' id='word_1_396' title='bbox 1797 920 1846 946; x_wconf 84' lang='lat' dir='ltr'>aut</span> <span class='ocrx_word' id='word_1_397' title='bbox 1881 915 2006 945; x_wconf 84' lang='lat' dir='ltr'>familiae</span> 
     </span>
     <span class='ocr_line' id='line_1_71' title="bbox 1268 963 2007 1003; baseline -0.001 -9"><span class='ocrx_word' id='word_1_398' title='bbox 1268 965 1307 994; x_wconf 88' lang='lat' dir='ltr'>ibi</span> <span class='ocrx_word' id='word_1_399' title='bbox 1331 970 1538 1003; x_wconf 84' lang='lat' dir='ltr'>commoretur,</span> <span class='ocrx_word' id='word_1_400' title='bbox 1556 970 1584 995; x_wconf 90' lang='lat' dir='ltr'>et</span> <span class='ocrx_word' id='word_1_401' title='bbox 1598 965 1787 995; x_wconf 84' lang='lat' dir='ltr'>residentiam</span> <span class='ocrx_word' id='word_1_402' title='bbox 1810 963 2007 993; x_wconf 84' lang='lat' dir='ltr'>habeatintra</span> 
     </span>
     <span class='ocr_line' id='line_1_72' title="bbox 1269 1013 2007 1052; baseline -0.005 -7"><span class='ocrx_word' id='word_1_403' title='bbox 1269 1014 1396 1050; x_wconf 85' lang='lat' dir='ltr'>Urbem,</span> <span class='ocrx_word' id='word_1_404' title='bbox 1421 1019 1452 1045; x_wconf 92' lang='lat' dir='ltr'>ut</span> <span class='ocrx_word' id='word_1_405' title='bbox 1485 1019 1582 1045; x_wconf 86' lang='lat' dir='ltr'>tamen</span> <span class='ocrx_word' id='word_1_406' title='bbox 1615 1018 1698 1052; x_wconf 80' lang='lat' dir='ltr'>egeat</span> <span class='ocrx_word' id='word_1_407' title='bbox 1726 1013 1856 1043; x_wconf 84' lang='lat' dir='ltr'>archivio</span> <span class='ocrx_word' id='word_1_408' title='bbox 1887 1021 2007 1042; x_wconf 87' lang='lat' dir='ltr'>romano</span> 
     </span>
     <span class='ocr_line' id='line_1_73' title="bbox 1269 1060 2005 1102; baseline -0.005 -9"><span class='ocrx_word' id='word_1_409' title='bbox 1269 1064 1302 1093; x_wconf 87' lang='lat' dir='ltr'>ad</span> <span class='ocrx_word' id='word_1_410' title='bbox 1342 1073 1392 1093; x_wconf 88' lang='lat' dir='ltr'>sua</span> <span class='ocrx_word' id='word_1_411' title='bbox 1426 1064 1587 1102; x_wconf 86' lang='lat' dir='ltr'>respective</span> <span class='ocrx_word' id='word_1_412' title='bbox 1626 1062 1744 1101; x_wconf 80' lang='lat' dir='ltr'>negocia</span> <span class='ocrx_word' id='word_1_413' title='bbox 1782 1060 2005 1100; x_wconf 84' lang='lat' dir='ltr'>pertractanda,</span> 
     </span>
     <span class='ocr_line' id='line_1_74' title="bbox 1269 1109 2009 1149; baseline -0.004 -7"><span class='ocrx_word' id='word_1_414' title='bbox 1269 1122 1326 1142; x_wconf 89' lang='lat' dir='ltr'>non</span> <span class='ocrx_word' id='word_1_415' title='bbox 1354 1113 1446 1142; x_wconf 89' lang='lat' dir='ltr'>solum</span> <span class='ocrx_word' id='word_1_416' title='bbox 1477 1111 1640 1142; x_wconf 90' lang='lat' dir='ltr'>archivium</span> <span class='ocrx_word' id='word_1_417' title='bbox 1669 1110 1798 1149; x_wconf 86' lang='lat' dir='ltr'>ingredi,</span> <span class='ocrx_word' id='word_1_418' title='bbox 1821 1109 1870 1139; x_wconf 86' lang='lat' dir='ltr'>sed</span> <span class='ocrx_word' id='word_1_419' title='bbox 1897 1113 1926 1139; x_wconf 90' lang='lat' dir='ltr'>et</span> <span class='ocrx_word' id='word_1_420' title='bbox 1951 1109 2009 1139; x_wconf 86' lang='lat' dir='ltr'>cla-</span> 
     </span>
     <span class='ocr_line' id='line_1_75' title="bbox 1271 1158 2010 1197; baseline -0.005 -6"><span class='ocrx_word' id='word_1_421' title='bbox 1271 1162 1358 1191; x_wconf 85' lang='lat' dir='ltr'>variis</span> <span class='ocrx_word' id='word_1_422' title='bbox 1391 1160 1643 1191; x_wconf 85' lang='lat' dir='ltr'>consentientibus</span> <span class='ocrx_word' id='word_1_423' title='bbox 1671 1159 1824 1190; x_wconf 86' lang='lat' dir='ltr'>extrahere</span> <span class='ocrx_word' id='word_1_424' title='bbox 1847 1158 1953 1197; x_wconf 84' lang='lat' dir='ltr'>poterit</span> <span class='ocrx_word' id='word_1_425' title='bbox 1981 1161 2010 1187; x_wconf 86' lang='lat' dir='ltr'>et</span> 
     </span>
     <span class='ocr_line' id='line_1_76' title="bbox 1271 1208 2010 1247; baseline -0.005 -7"><span class='ocrx_word' id='word_1_426' title='bbox 1271 1219 1369 1240; x_wconf 87' lang='lat' dir='ltr'>secum</span> <span class='ocrx_word' id='word_1_427' title='bbox 1410 1210 1523 1239; x_wconf 81' lang='lat' dir='ltr'>deferre</span> <span class='ocrx_word' id='word_1_428' title='bbox 1559 1210 1755 1239; x_wconf 87' lang='lat' dir='ltr'>instrumenta</span> <span class='ocrx_word' id='word_1_429' title='bbox 1791 1208 1888 1247; x_wconf 85' lang='lat' dir='ltr'>aliqua</span> <span class='ocrx_word' id='word_1_430' title='bbox 1903 1231 1910 1245; x_wconf 92' lang='lat'>‚</span> <span class='ocrx_word' id='word_1_431' title='bbox 1943 1215 2010 1237; x_wconf 91' lang='lat' dir='ltr'>cum</span> 
     </span>
     <span class='ocr_line' id='line_1_77' title="bbox 1271 1256 2011 1297; baseline -0.004 -8"><span class='ocrx_word' id='word_1_432' title='bbox 1271 1259 1450 1297; x_wconf 83' lang='lat' dir='ltr'>obligatione</span> <span class='ocrx_word' id='word_1_433' title='bbox 1472 1269 1486 1288; x_wconf 92' lang='lat' dir='ltr'>a</span> <span class='ocrx_word' id='word_1_434' title='bbox 1517 1268 1547 1288; x_wconf 88' lang='lat' dir='ltr'>se</span> <span class='ocrx_word' id='word_1_435' title='bbox 1570 1258 1739 1297; x_wconf 63' lang='lat' dir='ltr'>subscripta</span> <span class='ocrx_word' id='word_1_436' title='bbox 1766 1256 1866 1287; x_wconf 87' lang='lat' dir='ltr'>eadem</span> <span class='ocrx_word' id='word_1_437' title='bbox 1893 1256 2011 1286; x_wconf 86' lang='lat' dir='ltr'>restitu-</span> 
     </span>
     <span class='ocr_line' id='line_1_78' title="bbox 1271 1304 2011 1346; baseline -0.005 -8"><span class='ocrx_word' id='word_1_438' title='bbox 1271 1308 1337 1338; x_wconf 86' lang='lat' dir='ltr'>endi</span> <span class='ocrx_word' id='word_1_439' title='bbox 1362 1308 1436 1338; x_wconf 90' lang='lat' dir='ltr'>intra</span> <span class='ocrx_word' id='word_1_440' title='bbox 1450 1307 1537 1337; x_wconf 91' lang='lat' dir='ltr'>breve</span> <span class='ocrx_word' id='word_1_441' title='bbox 1555 1311 1681 1346; x_wconf 58' lang='lat' dir='ltr'>tempus,</span> <span class='ocrx_word' id='word_1_442' title='bbox 1700 1315 1787 1345; x_wconf 89' lang='lat' dir='ltr'>quam</span> <span class='ocrx_word' id='word_1_443' title='bbox 1803 1304 2011 1343; x_wconf 82' lang='lat' dir='ltr'>obligationem</span> 
     </span>
     <span class='ocr_line' id='line_1_79' title="bbox 1274 1353 2013 1397; baseline -0.005 -11"><span class='ocrx_word' id='word_1_444' title='bbox 1274 1357 1328 1397; x_wconf 84' lang='lat' dir='ltr'>ipsi</span> <span class='ocrx_word' id='word_1_445' title='bbox 1352 1357 1471 1386; x_wconf 78' lang='lat' dir='ltr'>clavarii</span> <span class='ocrx_word' id='word_1_446' title='bbox 1495 1364 1612 1386; x_wconf 87' lang='lat' dir='ltr'>servare</span> <span class='ocrx_word' id='word_1_447' title='bbox 1635 1355 1751 1391; x_wconf 80' lang='lat' dir='ltr'>debent3</span> <span class='ocrx_word' id='word_1_448' title='bbox 1772 1358 1800 1384; x_wconf 89' lang='lat' dir='ltr'>et</span> <span class='ocrx_word' id='word_1_449' title='bbox 1818 1353 2013 1393; x_wconf 87' lang='lat' dir='ltr'>praecipimus</span> 
     </span>
     <span class='ocr_line' id='line_1_80' title="bbox 1274 1402 2013 1441; baseline -0.005 -5"><span class='ocrx_word' id='word_1_450' title='bbox 1274 1407 1302 1436; x_wconf 91' lang='lat' dir='ltr'>in</span> <span class='ocrx_word' id='word_1_451' title='bbox 1326 1406 1433 1435; x_wconf 87' lang='lat' dir='ltr'>virtute</span> <span class='ocrx_word' id='word_1_452' title='bbox 1456 1409 1574 1435; x_wconf 88' lang='lat' dir='ltr'>sanctae</span> <span class='ocrx_word' id='word_1_453' title='bbox 1597 1403 1782 1434; x_wconf 80' lang='lat' dir='ltr'>obedientiae</span> <span class='ocrx_word' id='word_1_454' title='bbox 1805 1407 1833 1433; x_wconf 92' lang='lat' dir='ltr'>et</span> <span class='ocrx_word' id='word_1_455' title='bbox 1854 1402 1907 1432; x_wconf 92' lang='lat' dir='ltr'>sub</span> <span class='ocrx_word' id='word_1_456' title='bbox 1930 1411 2013 1441; x_wconf 86' lang='lat' dir='ltr'>prae-</span> 
     </span>
     <span class='ocr_line' id='line_1_81' title="bbox 1274 1450 2014 1492; baseline -0.005 -8"><span class='ocrx_word' id='word_1_457' title='bbox 1274 1458 1356 1492; x_wconf 81' lang='lat' dir='ltr'>cepto</span> <span class='ocrx_word' id='word_1_458' title='bbox 1380 1453 1495 1483; x_wconf 82' lang='lat' dir='ltr'>formali</span> <span class='ocrx_word' id='word_1_459' title='bbox 1519 1457 1575 1482; x_wconf 91' lang='lat' dir='ltr'>tam</span> <span class='ocrx_word' id='word_1_460' title='bbox 1598 1451 1732 1481; x_wconf 86' lang='lat' dir='ltr'>clavariis</span> <span class='ocrx_word' id='word_1_461' title='bbox 1762 1450 2014 1481; x_wconf 85' lang='lat' dir='ltr'>consentientibus</span> 
     </span>
     <span class='ocr_line' id='line_1_82' title="bbox 1275 1498 2013 1542; baseline -0.004 -11"><span class='ocrx_word' id='word_1_462' title='bbox 1275 1512 1360 1542; x_wconf 89' lang='lat' dir='ltr'>quam</span> <span class='ocrx_word' id='word_1_463' title='bbox 1386 1501 1543 1541; x_wconf 88' lang='lat' dir='ltr'>praedictis</span> <span class='ocrx_word' id='word_1_464' title='bbox 1566 1500 1805 1540; x_wconf 84' lang='lat' dir='ltr'>procuratoribus</span> <span class='ocrx_word' id='word_1_465' title='bbox 1827 1498 2013 1538; x_wconf 86' lang='lat' dir='ltr'>generalibus</span> 
     </span>
     <span class='ocr_line' id='line_1_83' title="bbox 1275 1547 2015 1586; baseline -0.004 -6"><span class='ocrx_word' id='word_1_466' title='bbox 1275 1550 1500 1580; x_wconf 80' lang='lat' dir='ltr'>extrahentibus</span> <span class='ocrx_word' id='word_1_467' title='bbox 1533 1549 1748 1586; x_wconf 85' lang='lat' dir='ltr'>instrumenta,</span> <span class='ocrx_word' id='word_1_468' title='bbox 1771 1553 1803 1578; x_wconf 90' lang='lat' dir='ltr'>ut</span> <span class='ocrx_word' id='word_1_469' title='bbox 1835 1557 1867 1578; x_wconf 85' lang='lat' dir='ltr'>ea</span> <span class='ocrx_word' id='word_1_470' title='bbox 1899 1547 2015 1578; x_wconf 89' lang='lat' dir='ltr'>restitui</span> 
     </span>
     <span class='ocr_line' id='line_1_84' title="bbox 1276 1596 2014 1638; baseline -0.005 -8"><span class='ocrx_word' id='word_1_471' title='bbox 1276 1605 1389 1637; x_wconf 81' lang='lat' dir='ltr'>curent,</span> <span class='ocrx_word' id='word_1_472' title='bbox 1409 1599 1463 1629; x_wconf 90' lang='lat' dir='ltr'>sub</span> <span class='ocrx_word' id='word_1_473' title='bbox 1488 1600 1581 1638; x_wconf 61' lang='lat' dir='ltr'>poenit</span> <span class='ocrx_word' id='word_1_474' title='bbox 1604 1597 1793 1638; x_wconf 80' lang='lat' dir='ltr'>privationis¹</span> <span class='ocrx_word' id='word_1_475' title='bbox 1815 1597 1851 1626; x_wconf 86' lang='lat' dir='ltr'>ad</span> <span class='ocrx_word' id='word_1_476' title='bbox 1873 1596 2014 1626; x_wconf 86' lang='lat' dir='ltr'>ulteriora</span> 
     </span>
     <span class='ocr_line' id='line_1_85' title="bbox 1276 1645 2015 1679; baseline -0.007 0"><span class='ocrx_word' id='word_1_477' title='bbox 1276 1648 1394 1679; x_wconf 87' lang='lat' dir='ltr'>Ordinis</span> <span class='ocrx_word' id='word_1_478' title='bbox 1424 1648 1516 1678; x_wconf 83' lang='lat' dir='ltr'>officia</span> <span class='ocrx_word' id='word_1_479' title='bbox 1548 1657 1604 1677; x_wconf 90' lang='lat' dir='ltr'>non</span> <span class='ocrx_word' id='word_1_480' title='bbox 1634 1646 1802 1677; x_wconf 86' lang='lat' dir='ltr'>restituenti</span> <span class='ocrx_word' id='word_1_481' title='bbox 1833 1650 1860 1676; x_wconf 90' lang='lat' dir='ltr'>et</span> <span class='ocrx_word' id='word_1_482' title='bbox 1888 1645 2015 1675; x_wconf 82' lang='lat' dir='ltr'>clavario</span> 
     </span>
     <span class='ocr_line' id='line_1_86' title="bbox 1277 1694 2015 1736; baseline -0.003 -10"><span class='ocrx_word' id='word_1_483' title='bbox 1277 1697 1442 1735; x_wconf 77' lang='lat' dir='ltr'>omitte-nti,</span> <span class='ocrx_word' id='word_1_484' title='bbox 1468 1705 1520 1736; x_wconf 90' lang='lat' dir='ltr'>pro</span> <span class='ocrx_word' id='word_1_485' title='bbox 1544 1705 1612 1726; x_wconf 79' lang='lat' dir='ltr'>casu</span> <span class='ocrx_word' id='word_1_486' title='bbox 1636 1704 1693 1726; x_wconf 92' lang='lat' dir='ltr'>non</span> <span class='ocrx_word' id='word_1_487' title='bbox 1716 1694 1928 1731; x_wconf 86' lang='lat' dir='ltr'>restitutionis,</span> <span class='ocrx_word' id='word_1_488' title='bbox 1956 1703 2015 1724; x_wconf 91' lang='lat' dir='ltr'>non</span> 
     </span>
     <span class='ocr_line' id='line_1_87' title="bbox 1279 1741 2017 1783; baseline -0.004 -8"><span class='ocrx_word' id='word_1_489' title='bbox 1279 1746 1409 1776; x_wconf 87' lang='lat' dir='ltr'>monenti</span> <span class='ocrx_word' id='word_1_490' title='bbox 1439 1745 1606 1775; x_wconf 87' lang='lat' dir='ltr'>ministrum</span> <span class='ocrx_word' id='word_1_491' title='bbox 1631 1744 1799 1783; x_wconf 82' lang='lat' dir='ltr'>generalem</span> <span class='ocrx_word' id='word_1_492' title='bbox 1821 1747 1853 1773; x_wconf 92' lang='lat' dir='ltr'>ut</span> <span class='ocrx_word' id='word_1_493' title='bbox 1874 1751 1906 1773; x_wconf 83' lang='lat' dir='ltr'>ea</span> <span class='ocrx_word' id='word_1_494' title='bbox 1932 1741 2017 1773; x_wconf 91' lang='lat' dir='ltr'>resti-</span> 
     </span>
     <span class='ocr_line' id='line_1_88' title="bbox 1279 1795 1443 1825; baseline -0.012 0"><span class='ocrx_word' id='word_1_495' title='bbox 1279 1795 1320 1825; x_wconf 92' lang='lat' dir='ltr'>tui</span> <span class='ocrx_word' id='word_1_496' title='bbox 1344 1795 1443 1824; x_wconf 86' lang='lat' dir='ltr'>saciat.</span> 
     </span>
    </p>

    <p class='ocr_par' dir='ltr' id='par_1_13' title="bbox 1279 1840 2042 1925">
     <span class='ocr_line' id='line_1_89' title="bbox 1318 1840 2019 1881; baseline -0.004 -9"><span class='ocrx_word' id='word_1_497' title='bbox 1318 1852 1337 1872; x_wconf 87' lang='lat'>1.</span> <span class='ocrx_word' id='word_1_498' title='bbox 1361 1842 1506 1872; x_wconf 86' lang='lat' dir='ltr'>Privative</span> <span class='ocrx_word' id='word_1_499' title='bbox 1529 1841 1656 1881; x_wconf 88' lang='lat' dir='ltr'>pertinet</span> <span class='ocrx_word' id='word_1_500' title='bbox 1687 1840 1722 1870; x_wconf 87' lang='lat' dir='ltr'>ad</span> <span class='ocrx_word' id='word_1_501' title='bbox 1744 1840 1942 1870; x_wconf 81' lang='lat' dir='ltr'>definitorium</span> <span class='ocrx_word' id='word_1_502' title='bbox 1970 1848 2019 1878; x_wconf 84' lang='lat' dir='ltr'>ge-</span> 
     </span>
     <span class='ocr_line' id='line_1_90' title="bbox 1279 1888 2042 1925; baseline -0.005 -4"><span class='ocrx_word' id='word_1_503' title='bbox 1279 1891 1379 1921; x_wconf 84' lang='lat' dir='ltr'>nerale</span> <span class='ocrx_word' id='word_1_504' title='bbox 1402 1890 1518 1921; x_wconf 86' lang='lat' dir='ltr'>Ordinis</span> <span class='ocrx_word' id='word_1_505' title='bbox 1542 1899 1632 1920; x_wconf 88' lang='lat' dir='ltr'>novas</span> <span class='ocrx_word' id='word_1_506' title='bbox 1654 1893 1851 1919; x_wconf 85' lang='lat' dir='ltr'>conventuum</span> <span class='ocrx_word' id='word_1_507' title='bbox 1873 1888 2042 1925; x_wconf 64' lang='lat' dir='ltr'>fundatio-1,</span> 
     </span>
    </p>
   </div>
   <div class='ocr_carea' id='block_1_8' title="bbox 1281 1987 2027 2662">
    <p class='ocr_par' dir='ltr' id='par_1_14' title="bbox 1281 1987 2027 2662">
     <span class='ocr_line' id='line_1_91' title="bbox 1281 1987 2023 2026; baseline -0.004 -7"><span class='ocrx_word' id='word_1_508' title='bbox 1281 1989 1508 2019; x_wconf 88' lang='lat' dir='ltr'>constitutiones</span> <span class='ocrx_word' id='word_1_509' title='bbox 1524 1988 1721 2025; x_wconf 84' lang='lat' dir='ltr'>occurrentia,</span> <span class='ocrx_word' id='word_1_510' title='bbox 1745 1987 1914 2026; x_wconf 85' lang='lat' dir='ltr'>dispensare</span> <span class='ocrx_word' id='word_1_511' title='bbox 1927 1987 1956 2016; x_wconf 91' lang='lat' dir='ltr'>in</span> <span class='ocrx_word' id='word_1_512' title='bbox 1968 1987 2023 2016; x_wconf 84' lang='lat' dir='ltr'>eis-</span> 
     </span>
     <span class='ocr_line' id='line_1_92' title="bbox 1281 2035 2023 2068; baseline -0.004 0"><span class='ocrx_word' id='word_1_513' title='bbox 1281 2039 1344 2068; x_wconf 91' lang='lat' dir='ltr'>dem</span> <span class='ocrx_word' id='word_1_514' title='bbox 1380 2037 1637 2068; x_wconf 86' lang='lat' dir='ltr'>constitutionibus</span> <span class='ocrx_word' id='word_1_515' title='bbox 1659 2037 1693 2067; x_wconf 87' lang='lat' dir='ltr'>ad</span> <span class='ocrx_word' id='word_1_516' title='bbox 1716 2037 1881 2067; x_wconf 87' lang='lat' dir='ltr'>universale</span> <span class='ocrx_word' id='word_1_517' title='bbox 1903 2035 2023 2066; x_wconf 86' lang='lat' dir='ltr'>Ordinis</span> 
     </span>
     <span class='ocr_line' id='line_1_93' title="bbox 1283 2085 2022 2126; baseline -0.004 -9"><span class='ocrx_word' id='word_1_518' title='bbox 1283 2087 1414 2126; x_wconf 82' lang='lat' dir='ltr'>regimen</span> <span class='ocrx_word' id='word_1_519' title='bbox 1438 2096 1494 2116; x_wconf 91' lang='lat' dir='ltr'>non</span> <span class='ocrx_word' id='word_1_520' title='bbox 1518 2085 1730 2125; x_wconf 87' lang='lat' dir='ltr'>spectantibus,</span> <span class='ocrx_word' id='word_1_521' title='bbox 1748 2085 1824 2125; x_wconf 88' lang='lat' dir='ltr'>quod</span> <span class='ocrx_word' id='word_1_522' title='bbox 1841 2089 1937 2115; x_wconf 88' lang='lat' dir='ltr'>tamen</span> <span class='ocrx_word' id='word_1_523' title='bbox 1956 2093 2022 2114; x_wconf 87' lang='lat' dir='ltr'>raro</span> 
     </span>
     <span class='ocr_line' id='line_1_94' title="bbox 1283 2133 2023 2171; baseline -0.004 -6"><span class='ocrx_word' id='word_1_524' title='bbox 1283 2136 1332 2165; x_wconf 79' lang='lat' dir='ltr'>tiat</span> <span class='ocrx_word' id='word_1_525' title='bbox 1366 2140 1393 2165; x_wconf 90' lang='lat' dir='ltr'>et</span> <span class='ocrx_word' id='word_1_526' title='bbox 1423 2134 1677 2164; x_wconf 88' lang='lat' dir='ltr'>consentientibus</span> <span class='ocrx_word' id='word_1_527' title='bbox 1706 2133 1842 2163; x_wconf 92' lang='lat' dir='ltr'>omnibus</span> <span class='ocrx_word' id='word_1_528' title='bbox 1874 2133 2023 2171; x_wconf 80' lang='lat' dir='ltr'>suffragiis</span> 
     </span>
     <span class='ocr_line' id='line_1_95' title="bbox 1283 2183 2024 2224; baseline -0.003 -10"><span class='ocrx_word' id='word_1_529' title='bbox 1283 2189 1398 2224; x_wconf 83' lang='lat' dir='ltr'>praeter</span> <span class='ocrx_word' id='word_1_530' title='bbox 1431 2193 1542 2222; x_wconf 86' lang='lat' dir='ltr'>unum,</span> <span class='ocrx_word' id='word_1_531' title='bbox 1580 2183 1736 2213; x_wconf 88' lang='lat' dir='ltr'>dummodo</span> <span class='ocrx_word' id='word_1_532' title='bbox 1772 2192 1830 2213; x_wconf 89' lang='lat' dir='ltr'>non</span> <span class='ocrx_word' id='word_1_533' title='bbox 1864 2183 1923 2213; x_wconf 90' lang='lat' dir='ltr'>sint</span> <span class='ocrx_word' id='word_1_534' title='bbox 1956 2191 2024 2212; x_wconf 90' lang='lat' dir='ltr'>con-</span> 
     </span>
     <span class='ocr_line' id='line_1_96' title="bbox 1284 2231 2023 2271; baseline -0.001 -10"><span class='ocrx_word' id='word_1_535' title='bbox 1284 2233 1416 2262; x_wconf 84' lang='lat' dir='ltr'>firmatae</span> <span class='ocrx_word' id='word_1_536' title='bbox 1449 2242 1463 2262; x_wconf 84' lang='lat' dir='ltr'>a</span> <span class='ocrx_word' id='word_1_537' title='bbox 1496 2232 1569 2263; x_wconf 84' lang='lat' dir='ltr'>Sede</span> <span class='ocrx_word' id='word_1_538' title='bbox 1602 2232 1787 2270; x_wconf 71' lang='lat' dir='ltr'>Apostolica3</span> <span class='ocrx_word' id='word_1_539' title='bbox 1816 2236 1903 2271; x_wconf 87' lang='lat' dir='ltr'>atque</span> <span class='ocrx_word' id='word_1_540' title='bbox 1936 2231 2023 2261; x_wconf 88' lang='lat' dir='ltr'>etiam</span> 
     </span>
     <span class='ocr_line' id='line_1_97' title="bbox 1284 2279 2025 2321; baseline -0.003 -10"><span class='ocrx_word' id='word_1_541' title='bbox 1284 2281 1410 2321; x_wconf 87' lang='lat' dir='ltr'>pertinet</span> <span class='ocrx_word' id='word_1_542' title='bbox 1442 2281 1476 2310; x_wconf 93' lang='lat' dir='ltr'>ad</span> <span class='ocrx_word' id='word_1_543' title='bbox 1510 2281 1604 2320; x_wconf 84' lang='lat' dir='ltr'>ipsum</span> <span class='ocrx_word' id='word_1_544' title='bbox 1639 2281 1810 2320; x_wconf 80' lang='lat' dir='ltr'>dispensare</span> <span class='ocrx_word' id='word_1_545' title='bbox 1846 2280 1876 2310; x_wconf 94' lang='lat' dir='ltr'>in</span> <span class='ocrx_word' id='word_1_546' title='bbox 1909 2279 2025 2310; x_wconf 86' lang='lat' dir='ltr'>statutis</span> 
     </span>
     <span class='ocr_line' id='line_1_98' title="bbox 1284 2327 2025 2368; baseline -0.003 -9"><span class='ocrx_word' id='word_1_547' title='bbox 1284 2339 1334 2359; x_wconf 79' lang='lat' dir='ltr'>scu</span> <span class='ocrx_word' id='word_1_548' title='bbox 1358 2330 1484 2359; x_wconf 91' lang='lat' dir='ltr'>decretis</span> <span class='ocrx_word' id='word_1_549' title='bbox 1512 2330 1631 2368; x_wconf 86' lang='lat' dir='ltr'>capituli</span> <span class='ocrx_word' id='word_1_550' title='bbox 1662 2329 1808 2368; x_wconf 87' lang='lat' dir='ltr'>generalis</span> <span class='ocrx_word' id='word_1_551' title='bbox 1830 2328 1958 2359; x_wconf 79' lang='lat' dir='ltr'>OrdiniS.</span> <span class='ocrx_word' id='word_1_552' title='bbox 1982 2327 2025 2358; x_wconf 83' lang='lat' dir='ltr'>Ad</span> 
     </span>
     <span class='ocr_line' id='line_1_99' title="bbox 1285 2377 2027 2418; baseline -0.003 -10"><span class='ocrx_word' id='word_1_553' title='bbox 1285 2379 1379 2418; x_wconf 84' lang='lat' dir='ltr'>ipsum</span> <span class='ocrx_word' id='word_1_554' title='bbox 1406 2389 1522 2418; x_wconf 84' lang='lat' dir='ltr'>quoque</span> <span class='ocrx_word' id='word_1_555' title='bbox 1545 2380 1672 2418; x_wconf 87' lang='lat' dir='ltr'>pertinet</span> <span class='ocrx_word' id='word_1_556' title='bbox 1694 2378 1847 2408; x_wconf 88' lang='lat' dir='ltr'>admittere</span> <span class='ocrx_word' id='word_1_557' title='bbox 1872 2377 2027 2407; x_wconf 87' lang='lat' dir='ltr'>renuncia-</span> 
     </span>
     <span class='ocr_line' id='line_1_100' title="bbox 1287 2426 2027 2467; baseline -0.001 -10"><span class='ocrx_word' id='word_1_558' title='bbox 1287 2429 1392 2457; x_wconf 89' lang='lat' dir='ltr'>tionem</span> <span class='ocrx_word' id='word_1_559' title='bbox 1417 2429 1507 2467; x_wconf 78' lang='lat' dir='ltr'>patris</span> <span class='ocrx_word' id='word_1_560' title='bbox 1531 2428 1657 2457; x_wconf 89' lang='lat' dir='ltr'>ministri</span> <span class='ocrx_word' id='word_1_561' title='bbox 1680 2427 1837 2466; x_wconf 77' lang='lat' dir='ltr'>generaliS,</span> <span class='ocrx_word' id='word_1_562' title='bbox 1861 2427 1884 2456; x_wconf 90' lang='lat' dir='ltr'>si</span> <span class='ocrx_word' id='word_1_563' title='bbox 1908 2426 2027 2456; x_wconf 88' lang='lat' dir='ltr'>actuali-</span> 
     </span>
     <span class='ocr_line' id='line_1_101' title="bbox 1288 2474 2026 2514; baseline -0.001 -9"><span class='ocrx_word' id='word_1_564' title='bbox 1288 2480 1331 2505; x_wconf 89' lang='lat' dir='ltr'>ter</span> <span class='ocrx_word' id='word_1_565' title='bbox 1355 2482 1423 2506; x_wconf 89' lang='lat' dir='ltr'>tunc</span> <span class='ocrx_word' id='word_1_566' title='bbox 1448 2486 1504 2505; x_wconf 90' lang='lat' dir='ltr'>non</span> <span class='ocrx_word' id='word_1_567' title='bbox 1526 2475 1693 2506; x_wconf 81' lang='lat' dir='ltr'>celebretur</span> <span class='ocrx_word' id='word_1_568' title='bbox 1709 2475 1870 2514; x_wconf 88' lang='lat' dir='ltr'>capitulum</span> <span class='ocrx_word' id='word_1_569' title='bbox 1890 2474 2026 2513; x_wconf 84' lang='lat' dir='ltr'>generale</span> 
     </span>
     <span class='ocr_line' id='line_1_102' title="bbox 1286 2523 2026 2561; baseline -0.003 -7"><span class='ocrx_word' id='word_1_570' title='bbox 1286 2524 1425 2561; x_wconf 83' lang='lat' dir='ltr'>Ordinis3</span> <span class='ocrx_word' id='word_1_571' title='bbox 1464 2525 1514 2554; x_wconf 84' lang='lat' dir='ltr'>sed</span> <span class='ocrx_word' id='word_1_572' title='bbox 1548 2525 1582 2554; x_wconf 80' lang='lat' dir='ltr'>ad</span> <span class='ocrx_word' id='word_1_573' title='bbox 1617 2523 1786 2554; x_wconf 89' lang='lat' dir='ltr'>huiusmodi</span> <span class='ocrx_word' id='word_1_574' title='bbox 1818 2523 2026 2553; x_wconf 88' lang='lat' dir='ltr'>admissionem</span> 
     </span>
     <span class='ocr_line' id='line_1_103' title="bbox 1288 2571 2027 2611; baseline -0.001 -9"><span class='ocrx_word' id='word_1_575' title='bbox 1288 2573 1384 2603; x_wconf 87' lang='lat' dir='ltr'>omnia</span> <span class='ocrx_word' id='word_1_576' title='bbox 1409 2573 1548 2611; x_wconf 73' lang='lat' dir='ltr'>suffragia</span> <span class='ocrx_word' id='word_1_577' title='bbox 1571 2582 1748 2603; x_wconf 87' lang='lat' dir='ltr'>concurrere</span> <span class='ocrx_word' id='word_1_578' title='bbox 1771 2572 1917 2602; x_wconf 91' lang='lat' dir='ltr'>volumus.</span> <span class='ocrx_word' id='word_1_579' title='bbox 1942 2571 2027 2601; x_wconf 83' lang='lat' dir='ltr'>Prae—</span> 
     </span>
     <span class='ocr_line' id='line_1_104' title="bbox 1326 2624 1974 2662; baseline -0.002 -8"><span class='ocrx_word' id='word_1_580' title='bbox 1326 2629 1333 2654; x_wconf 85' lang='lat' dir='ltr'>t</span> <span class='ocrx_word' id='word_1_581' title='bbox 1359 2626 1470 2654; x_wconf 65' lang='lat' dir='ltr'>videtur</span> <span class='ocrx_word' id='word_1_582' title='bbox 1490 2626 1583 2654; x_wconf 86' lang='lat' dir='ltr'>deesse</span> <span class='ocrx_word' id='word_1_583' title='bbox 1605 2629 1631 2655; x_wconf 78' lang='lat' dir='ltr'>el</span> <span class='ocrx_word' id='word_1_584' title='bbox 1651 2626 1846 2656; x_wconf 71' lang='lat' dir='ltr'>inhabilitatis</span> <span class='ocrx_word' id='word_1_585' title='bbox 1865 2626 1904 2661; x_wconf 79' lang='lat' dir='ltr'>(R.</span> <span class='ocrx_word' id='word_1_586' title='bbox 1924 2624 1974 2662; x_wconf 76' lang='grc' dir='ltr'>Τ,).</span> 
     </span>
    </p>
   </div>
   <div class='ocr_carea' id='block_1_9' title="bbox 2045 1874 2214 1928">
    <p class='ocr_par' dir='ltr' id='par_1_15' title="bbox 2045 1874 2214 1928">
     <span class='ocr_line' id='line_1_105' title="bbox 2056 1874 2214 1906; baseline 0.019 -7"><span class='ocrx_word' id='word_1_587' title='bbox 2056 1877 2086 1899; x_wconf 74' lang='lat' dir='ltr'>De</span> <span class='ocrx_word' id='word_1_588' title='bbox 2097 1881 2201 1906; x_wconf 75' lang='lat' dir='ltr'>spectant-i·</span> <span class='ocrx_word' id='word_1_589' title='bbox 2213 1874 2214 1877; x_wconf 16' lang='grc' dir='ltr'><strong>Ἴ</strong></span> 
     </span>
     <span class='ocr_line' id='line_1_106' title="bbox 2045 1906 2214 1928; baseline 0.012 -2"><span class='ocrx_word' id='word_1_590' title='bbox 2045 1911 2068 1926; x_wconf 80' lang='lat' dir='ltr'>us</span> <span class='ocrx_word' id='word_1_591' title='bbox 2079 1906 2104 1926; x_wconf 86' lang='lat' dir='ltr'>ad</span> <span class='ocrx_word' id='word_1_592' title='bbox 2115 1906 2202 1928; x_wconf 75' lang='lat' dir='ltr'>dottntto·</span> <span class='ocrx_word' id='word_1_593' title='bbox 2213 1913 2214 1919; x_wconf 65' lang='lat'>¹</span> 
     </span>
    </p>
   </div>
   <div class='ocr_carea' id='block_1_10' title="bbox 1279 1932 2193 1978">
    <p class='ocr_par' dir='ltr' id='par_1_16' title="bbox 1279 1932 2193 1978">
     <span class='ocr_line' id='line_1_107' title="bbox 1279 1932 2193 1978; baseline -0.004 -8"><span class='ocrx_word' id='word_1_594' title='bbox 1279 1950 1330 1971; x_wconf 89' lang='lat' dir='ltr'>nes</span> <span class='ocrx_word' id='word_1_595' title='bbox 1347 1940 1513 1978; x_wconf 88' lang='lat' dir='ltr'>admittere,</span> <span class='ocrx_word' id='word_1_596' title='bbox 1537 1939 1684 1969; x_wconf 86' lang='lat' dir='ltr'>declarare</span> <span class='ocrx_word' id='word_1_597' title='bbox 1706 1938 1793 1968; x_wconf 88' lang='lat' dir='ltr'>dubia</span> <span class='ocrx_word' id='word_1_598' title='bbox 1815 1947 1882 1976; x_wconf 84' lang='lat' dir='ltr'>erga</span> <span class='ocrx_word' id='word_1_599' title='bbox 1905 1932 2083 1967; x_wconf 78' lang='lat' dir='ltr'>nostrasrium</span> <span class='ocrx_word' id='word_1_600' title='bbox 2097 1934 2193 1959; x_wconf 70' lang='lat' dir='ltr'>generate.</span> 
     </span>
    </p>
   </div>
  </div>
 </body>
</html>
