2232 3178
37 187 85 212 Λη.
101 184 130 211 C.
154 185 221 211 ¹740

858 185 1000 209 CLEMENS
1025 186 1067 209 ΧΗ
1094 186 1142 209 ΓΡ.

230 241 336 272 vesque
365 231 420 262 sibi
449 233 491 262 vel
516 233 622 263 vicario
657 233 741 263 tradi.
766 232 920 263 Discursus
942 238 969 263 et

229 281 397 320 vagationes
420 282 628 312 monachorum
653 283 778 312 maxime
802 283 968 319 iuniorum,

229 335 405 371 compescat.
424 331 519 370 Iurgia
543 336 571 362 et
593 333 797 362 contentiones
820 332 897 362 inter
919 341 970 361 eos

229 384 308 410 ortas
323 385 488 420 componat.
507 381 563 411 Nec
580 382 728 420 permittat
747 382 774 410 in
793 381 970 411 monasterio

229 438 291 460 csse
308 438 386 460 arma
405 430 448 459 vel
465 429 657 460 instrumenta
679 430 799 464 musica,
817 434 866 459 aut
881 429 971 459 libros

229 487 331 508 vanos

269 537 308 557 rx.
329 527 501 558 Ordinarias
524 532 636 558 tantum
661 528 856 567 poenitentias
878 527 972 557 delin-

229 575 388 614 quentibus
411 576 560 615 imponere
583 576 680 613 debet,
695 585 768 615 quae
785 576 813 605 in
831 576 973 605 constitu-

231 623 362 653 tionibus
384 625 581 663 praescriptae
608 629 687 654 sunt.
712 624 850 662 Delegare
873 629 971 654 autem

230 672 338 711 poterit
361 673 482 711 vicario,
500 677 530 702 ut
553 683 600 702 eas
624 673 686 712 ipse
709 672 902 712 praescribat,
927 673 971 702 vel

230 721 287 759 legi
310 721 338 751 in
362 722 516 751 refectorio
539 722 712 761 praecipiat.

271 780 297 799 x.
316 769 346 799 ln
366 770 412 808 iis,
431 779 504 809 quae
527 770 561 800 ad
585 770 707 808 victum,
724 769 872 807 vestitum,
893 770 972 800 babi-

231 818 370 848 tationem
393 822 421 847 ct
444 818 499 847 alia
515 818 679 848 necessaria
698 818 858 857 pertinent,
876 822 970 856 curet,

231 871 273 904 ut,
287 866 420 906 quamvis
434 866 470 896 sit
490 866 518 896 in
532 876 589 906 quo
607 867 698 896 virtus
712 871 740 897 et
759 867 802 897 sui
817 867 971 905 abnegatio

231 915 382 954 probetur,
414 925 470 944 non
493 915 569 946 desit
592 920 688 945 tamen
710 926 766 955 quo
790 920 973 946 sustentetur

231 968 348 1002 natura,
363 963 460 993 habita
479 964 590 994 ratione
604 974 794 1003 personarum
812 965 972 995 secundum

231 1013 333 1043 Deum.
356 1013 542 1051 AEgrotorum
573 1013 715 1043 habeatur
749 1023 818 1043 cura
849 1023 970 1051 magna,

232 1067 290 1091 tam
324 1062 354 1091 in
387 1062 482 1091 victus
514 1062 644 1099 ratione,
669 1071 755 1101 quam
789 1062 818 1092 in
855 1063 970 1092 ceteris.

232 1110 368 1149 Hospites
385 1115 444 1140 tum
469 1111 633 1141 saeculares
656 1116 715 1141 tum
740 1111 868 1149 religiosi
892 1111 973 1140 beni-

233 1169 289 1196 gne
322 1159 522 1198 suscipiantur
553 1164 581 1189 et
614 1164 843 1198 pertractentur.
868 1160 896 1189 Si
927 1159 973 1189 cui

233 1207 402 1246 particulari
426 1208 575 1248 quidpiam
605 1208 639 1237 ad
672 1213 772 1247 potum
803 1209 845 1238 vel
876 1208 973 1238 eibum

233 1257 383 1296 pertinens
402 1257 437 1286 ab
460 1261 580 1287 externo
603 1257 701 1296 atiquo
724 1257 868 1295 mittatur,
893 1257 921 1287 id
943 1258 973 1287 in

233 1315 418 1336 communem
433 1315 519 1347 psum
536 1306 698 1344 accipiatur
721 1311 750 1336 et
772 1307 972 1345 dispensetur.

274 1364 312 1384 xi.
342 1355 510 1394 Depositum
544 1355 684 1394 pecuniae
718 1356 831 1385 nullum
856 1365 974 1394 prorsus

233 1403 383 1441 admittat3
404 1403 528 1433 aliarum
553 1413 619 1434 vero
642 1413 741 1434 rerum
767 1404 883 1434 nonnisi
907 1414 975 1434 cau-

235 1452 367 1490 tissime,
398 1452 554 1482 dummodo
586 1453 649 1482 sine
679 1454 785 1491 magna
815 1453 974 1483 offensione

232 1501 261 1530 id
285 1501 386 1539 negari
409 1511 465 1530 non
490 1501 591 1540 possit.

274 1559 324 1580 x11.
342 1549 419 1579 Lites
437 1550 601 1587 fugiendae,
619 1560 672 1580 nec
689 1551 789 1588 ullam,
808 1551 974 1580 inconsulto

234 1598 338 1628 abbate
361 1599 489 1636 generali
513 1603 562 1628 aut
587 1599 770 1638 provinciae,
795 1599 854 1634 vel,
879 1599 902 1628 si
926 1599 975 1628 ab-

234 1652 331 1677 sentes
353 1647 462 1677 fuerint
488 1651 516 1676 et
542 1652 643 1685 urgeat
676 1647 851 1685 necessitas,
875 1648 977 1677 incon-

235 1697 313 1726 sulta.
334 1698 545 1726 monachorum
569 1698 807 1735 congregatione,
832 1697 974 1735 intentet,

235 1750 286 1775 aut
307 1746 467 1775 intentatae
490 1746 676 1784 respondeat.

275 1803 335 1824 xm.
360 1794 389 1823 Si
412 1794 560 1824 faciendae
589 1795 648 1824 sint
676 1803 823 1833 expensae
845 1799 977 1824 extraor-

235 1843 382 1880 dinariae,
409 1843 452 1872 vel
476 1843 587 1874 fabrica
621 1844 717 1882 magni
751 1844 908 1882 momenti,
932 1844 976 1874 vel

237 1891 448 1921 monasterium
480 1901 547 1921 aere
581 1892 676 1921 alieno
708 1892 887 1930 gravandum
921 1897 975 1930 est,

236 1939 338 1970 habita,
371 1940 452 1979 prius
485 1941 697 1970 monachorum
731 1941 976 1980 congregatione,

236 1982 397 2028 eorumque
428 1989 533 2028 potiori
563 1994 644 2029 parte
666 1993 833 2028 annuente,
858 1999 919 2020 rem
942 1991 977 2020 ad

236 2036 370 2067 abbatem
392 2038 559 2076 generalem
583 2037 705 2068 deserat.

278 2094 334 2115 xw.
359 2085 418 2115 Etsi
449 2086 600 2125 proprium
630 2086 743 2117 abbatis
772 2086 900 2116 osticium
934 2091 979 2117 est

237 2135 448 2164 monasterium
465 2134 519 2164 sibi
537 2136 725 2165 commissum
748 2136 904 2175 diligenter
927 2146 979 2175 gu-

237 2183 381 2220 bernare,
410 2193 504 2223 neque
530 2184 553 2213 is
580 2189 697 2223 propter
727 2185 806 2215 aliud
829 2186 977 2225 quidpiam

237 2232 306 2263 huic
329 2233 441 2262 muneri
461 2232 561 2262 deesse
580 2233 683 2270 debet3
701 2233 724 2262 si
748 2234 864 2273 quando
881 2238 978 2264 tamen

239 2290 288 2320 per
311 2281 399 2310 oflicii
422 2281 466 2310 sui
490 2281 709 2320 occupationem
734 2282 844 2320 licebit,
862 2284 980 2312 concio-

237 2329 316 2367 nari,
338 2334 366 2359 et
388 2330 588 2359 consessiones
611 2330 712 2360 audire
736 2331 854 2370 poterit.

278 2387 325 2408 xv.
349 2378 418 2407 Tam
445 2378 534 2408 abbas
562 2388 648 2418 quam
679 2388 779 2409 omnes
808 2380 856 2409 alii
886 2389 980 2410 sacer-

237 2428 319 2458 dotes
347 2427 503 2466 aliquando
532 2427 608 2457 intra
639 2437 748 2458 annum
779 2429 907 2458 osticium
936 2431 979 2460 vel

238 2477 334 2507 officia
357 2486 456 2506 eorum
480 2477 529 2516 qui
553 2478 731 2507 monasterio
757 2477 922 2508 inserviunt
944 2479 979 2509 ad

239 2530 354 2565 tempus
371 2525 489 2564 aliquod
512 2525 646 2561 obibunt,
663 2526 698 2556 ad
724 2527 896 2557 exercitium
914 2528 979 2559 reli-

238 2575 336 2614 giosae
359 2574 532 2605 humilitatis
554 2578 582 2605 ct
604 2575 846 2606 mortificationis.

1655 177 1714 210 (3:31

1052 243 1072 264 1.
1094 234 1228 264 vicarius
1250 234 1370 273 eligitur
1393 234 1428 264 ab
1445 234 1548 265 abbate
1573 235 1755 273 monasterii,

1013 282 1134 322 eiusque
1157 282 1286 313 osticium
1311 283 1419 313 tamdiu
1443 284 1539 321 durat,
1558 283 1696 323 quamdiu
1717 284 1757 313 os-

991 352 993 362 .
1014 331 1111 361 licium
1134 331 1266 368 abbatis3
1291 341 1344 362 nec
1366 332 1401 362 ab
1424 342 1457 362 eo
1480 334 1623 362 removeri
1651 333 1755 369 debet,

1014 379 1069 409 nisi
1094 380 1129 409 de
1152 389 1297 410 consensu
1331 382 1567 419 congregationis
1602 382 1757 411 monacho-

1014 437 1092 457 rum.
1127 429 1196 458 Eius
1229 434 1327 459 autem
1364 430 1445 459 locus
1477 430 1515 460 sit
1548 431 1660 470 primus
1693 435 1758 469 post

1014 476 1167 515 abbatem,
1192 481 1219 507 et
1242 482 1304 517 post
1328 487 1377 507 eos
1399 478 1448 517 qui
1471 478 1585 508 abbatis
1612 478 1757 517 generalis

1015 525 1059 554 vel
1084 525 1315 563 hegumenorum
1339 526 1435 556 oslicio
1458 527 1550 556 suncti
1574 531 1652 556 sunt.

1055 582 1084 602 11.
1103 573 1207 603 Munus
1224 575 1414 613 praecipuum
1433 575 1533 604 vicarii
1556 580 1600 605 est
1622 575 1755 605 abbatem

1016 621 1116 651 iurare
1132 621 1161 651 in
1178 622 1214 651 iis
1231 632 1304 661 quae
1327 623 1356 651 in
1380 632 1488 660 genere
1512 624 1554 652 vel
1577 623 1606 653 in
1631 624 1757 662 particu—

1015 670 1069 699 lari
1093 671 1119 699 ei
1150 671 1384 707 commendabit3
1408 682 1461 701 nec
1485 673 1684 711 dispensandi,
1709 678 1759 702 aut

1016 719 1168 757 mutandi,
1193 724 1242 749 aut
1279 720 1437 759 quidquam
1474 721 1619 759 faciendi,
1642 722 1698 751 nisi
1721 732 1757 752 ex

1015 768 1144 797 ciusdem
1168 769 1360 807 praescripto,
1384 769 1552 799 facultatem
1576 770 1702 800 habebit.

1055 826 1096 846 111.
1121 816 1248 846 Absente
1271 817 1376 847 abbate
1400 818 1497 847 omnia
1522 818 1616 848 facere
1640 819 1757 858 poterit,

1015 874 1090 904 quae
1107 865 1168 905 ipse
1182 865 1272 895 abbas
1284 866 1444 896 secundum
1462 867 1603 906 regulam,
1618 868 1760 898 constitu-

1017 914 1111 944 tiones
1135 919 1163 944 et
1187 915 1415 945 consuetudines
1435 915 1610 955 approbatas
1632 916 1676 946 sui
1701 926 1760 946 mo-

1016 963 1151 993 nasterii.
1176 963 1206 992 Si
1240 972 1310 993 vero
1344 963 1455 1003 aliquid
1490 965 1757 995 extraordinarium

1015 1012 1173 1048 acciderit,
1208 1012 1283 1048 quod
1315 1012 1385 1042 adeo
1415 1017 1517 1050 urgeat
1549 1018 1580 1043 ut
1607 1015 1759 1044 commode

1016 1060 1104 1090 abbas
1127 1062 1275 1100 expectari
1294 1066 1431 1100 nequeat,
1449 1062 1476 1091 id
1499 1063 1636 1102 expedire
1652 1063 1761 1101 poterit

1017 1109 1144 1138 vicarius
1179 1109 1289 1139 auditis
1326 1111 1544 1140 consultoribus
1559 1135 1567 1148 ,
1602 1113 1760 1150 statimque

1017 1159 1150 1188 redeunti
1174 1158 1272 1188 abbati
1295 1159 1413 1189 reserat.
1439 1159 1596 1189 Praesente
1619 1169 1687 1189 vero
1709 1161 1759 1190 ab·

1017 1206 1103 1244 bate,
1128 1208 1163 1236 ea
1189 1212 1300 1237 tantum
1324 1208 1527 1238 iurisdictione
1556 1213 1663 1247 utetur,
1687 1219 1761 1248 quae

1017 1256 1073 1285 sibi
1096 1256 1184 1286 suerit
1207 1256 1375 1286 commissa.

1057 1313 1095 1334 iv.
1120 1304 1268 1335 Ot'ficiales
1291 1306 1405 1344 visitet,
1427 1307 1541 1345 quoties
1564 1317 1636 1346 opus
1659 1308 1760 1346 suerit,

1019 1352 1201 1383 observando
1218 1355 1363 1392 quomodo
1379 1365 1465 1385 suum
1489 1356 1614 1395 quisque
1632 1356 1761 1386 osticium

1018 1407 1195 1442 exequatur.
1213 1403 1394 1443 Frequenter
1410 1405 1498 1434 etiam
1517 1405 1601 1436 adeat
1624 1406 1711 1436 cellas
1734 1410 1762 1436 et

1018 1452 1074 1481 alia
1098 1452 1158 1481 loca
1183 1454 1370 1491 monasterii,
1396 1458 1426 1484 ut
1449 1455 1554 1484 domus
1577 1455 1684 1485 munda
1707 1456 1761 1494 sit,

1018 1504 1046 1530 et
1069 1501 1166 1530 omnia
1189 1501 1297 1541 ubique
1320 1502 1459 1532 decenter
1475 1503 1535 1532 suis
1550 1503 1623 1533 locis
1645 1513 1762 1543 compo-

1019 1549 1085 1586 sita,
1110 1559 1143 1579 ac
1167 1551 1342 1588 praesertim
1366 1551 1395 1580 in
1418 1551 1453 1580 iis
1476 1561 1550 1591 quae
1573 1551 1609 1582 ab
1632 1553 1763 1583 externis

1020 1597 1111 1627 villeri
1135 1599 1242 1628 solent.
1268 1599 1406 1629 Noctibus
1429 1601 1555 1638 singulis
1580 1606 1679 1640 portas
1701 1611 1762 1631 mo-

1020 1647 1141 1677 nasterii
1159 1648 1265 1684 videat,
1279 1658 1313 1677 an
1332 1648 1404 1678 bene
1416 1649 1531 1678 clausae
1546 1649 1616 1686 sint,
1631 1653 1659 1679 et
1674 1651 1763 1680 cellas

1020 1696 1228 1725 monachorum
1244 1697 1350 1733 visitet,
1365 1706 1400 1726 ne
1417 1698 1481 1736 quis
1498 1702 1578 1728 extra
1594 1698 1761 1729 cubiculum

1021 1749 1152 1782 vagetur.
1166 1744 1307 1775 Observet
1323 1746 1410 1776 etiam
1427 1746 1540 1784 crebro,
1559 1757 1629 1777 num
1651 1748 1763 1787 aliquid

1019 1793 1094 1823 (lesit
1113 1804 1146 1823 ex
1170 1794 1358 1831 necessariis,
1382 1799 1432 1824 aut
1454 1795 1583 1826 abundet
1600 1797 1761 1833 monacbis,

1021 1850 1180 1880 eorumque
1197 1851 1297 1871 curam
1318 1842 1502 1881 potissimum
1527 1844 1643 1883 babeat,
1660 1845 1709 1884 qui
1733 1846 1762 1875 in

1021 1891 1155 1930 corporis
1187 1892 1258 1920 cura
1288 1891 1431 1921 minorem
1464 1892 1500 1922 de
1533 1902 1563 1922 se
1590 1894 1662 1933 ipsis
1685 1894 1765 1924 solli-

1022 1939 1181 1969 citudinem
1214 1945 1332 1978 gerunt.
1369 1941 1581 1981 Rationemque
1613 1942 1647 1973 de
1676 1943 1763 1973 rebus

1021 1988 1156 2018 omnibus
1174 1989 1355 2026 monasterii,
1372 1999 1446 2030 quas
1464 1990 1578 2027 viderit,
1597 1995 1646 2021 aut
1661 2001 1764 2022 execu—

1023 2042 1068 2067 tus
1090 2038 1187 2075 suerit,
1211 2038 1321 2076 abbati,
1346 2040 1462 2079 quoties
1485 2050 1557 2080 opus
1582 2041 1680 2079 suerit,
1699 2042 1764 2072 red-

1022 2087 1071 2117 dat
1093 2092 1122 2117 et
1145 2089 1262 2118 reserat.
1297 2089 1479 2129 Redigatque
1516 2091 1544 2120 in
1579 2092 1761 2131 memoriam,

1023 2145 1097 2175 quae
1119 2137 1284 2167 necessaria
1303 2138 1479 2168 monasterio
1502 2139 1655 2177 iudicabit,
1681 2144 1710 2170 ut
1729 2140 1763 2170 de

1022 2186 1153 2215 emendis
1176 2185 1264 2216 rebus
1286 2186 1319 2216 ad
1343 2186 1451 2217 victum
1486 2192 1514 2217 et
1546 2188 1681 2218 vestitum
1715 2198 1764 2218 ne-

1022 2235 1171 2272 cessariis,
1195 2239 1223 2264 et
1245 2235 1367 2265 fratrum
1400 2236 1491 2265 nimio
1520 2241 1568 2266 aut
1597 2237 1701 2275 exiguo
1724 2236 1764 2265 la-

1023 2282 1109 2321 bore,
1133 2283 1168 2312 de
1190 2283 1333 2320 sanitate,
1357 2288 1385 2314 et
1407 2285 1562 2314 similibus.

1062 2339 1090 2360 v.
1122 2331 1206 2361 {toris
1239 2332 1375 2362 omnibus
1412 2333 1518 2362 divinis
1551 2334 1703 2364 nocturnis
1735 2339 1764 2364 et

1023 2380 1148 2419 diurnis,
1179 2385 1266 2420 atque
1289 2390 1389 2411 sacrae
1414 2381 1549 2420 liturgiae
1573 2383 1764 2421 personaliter

1022 2429 1149 2466 intersit,
1174 2434 1201 2459 et
1223 2429 1357 2460 observet
1376 2439 1411 2459 an
1436 2440 1536 2460 omnes
1559 2431 1666 2468 adsint,
1684 2436 1764 2462 etan

1022 2478 1068 2508 die
1091 2482 1200 2508 statuto
1227 2478 1262 2508 ad
1290 2479 1502 2509 contessionem
1528 2484 1556 2509 et
1583 2481 1765 2511 communio-

1021 2537 1088 2557 nem
1115 2527 1272 2565 accedant,
1296 2531 1345 2557 aut
1368 2528 1485 2557 missam
1509 2528 1668 2559 celebrent.
1693 2529 1763 2560 Item

1021 2580 1112 2614 notot,
1130 2585 1165 2606 an
1185 2576 1350 2608 constitutis
1367 2577 1446 2608 boris
1469 2577 1498 2608 in
1522 2578 1678 2609 refectorio
1694 2589 1763 2610 con-

1765 185 1803 212 An
1831 187 1857 211 (Ξ.
1883 187 1950 214 1740

1803 248 1854 268 (ἶΑΡ.
1873 248 1916 268 Vll.

1794 274 1824 294 Dc
1843 281 1929 295 §.sarto-
