2232 3178
0 775 1 783 1
34 790 38 794 ⁴
74 764 257 791 nonesuppticat.
271 759 320 788 tus
349 754 449 787 abbas
484 753 647 797 generalis
680 752 910 786 obseivantia²

72 226 122 254 Αη.
138 227 169 255 G.
190 225 258 254 1735

268 274 439 318 gesserint,
465 284 546 318 quos
572 275 610 307 ad
637 274 783 307 abbatias
807 279 841 307 ut
864 274 1010 317 praeser-

269 327 339 361 tur¹
355 333 506 361 vacantes
525 327 733 369 obtinendas,
747 327 1009 371 quibuscumque

268 381 340 414 aliis
377 391 580 424 quacumque
612 381 739 414 ratione
771 381 809 414 ad
843 391 895 414 eas
925 381 1011 424 aspi-

268 434 416 467 rantibus
452 434 583 477 penitus
615 434 750 467 remotis
787 439 819 467 et
855 434 1008 473 exclusis,

268 487 393 530 eligere
426 488 559 520 omnino
592 488 734 520 debeant
758 492 790 519 et
820 489 1010 525 teneantur,

267 540 459 574 auctoritate
491 540 672 584 apostolica
706 545 866 583 perpetuo
900 539 1011 572 statuit

268 600 300 627 et
325 594 513 627 declaravit.

130 658 258 679 Procurator
312 649 326 691 g
351 647 382 680 2.
409 647 486 680 Cum
512 652 638 689 autern,
665 647 750 680 sicut
777 646 889 679 eadem
916 655 1011 689 expo-

75 685 234 757 ἕῗιῗιῖζιῗζῖιὲσ
219 689 342 734 '1³1¹eositio
366 700 595 743 subiungebat,
613 700 716 732 dictus
741 699 878 732 Ioannes
898 698 1010 731 Alber-

75 739 128 758 creti
149 743 187 758 con
205 743 258 757 rma·
940 762 1011 785 con

269 807 443 842 stitutionis
478 807 649 840 memorati
676 806 842 839 Benedicti
877 805 1012 848 praede-

270 860 410 895 cessoris
436 861 469 893 in
494 860 669 893 maximum
692 860 792 903 ipsius
813 859 1010 902 provinciae,

269 916 334 948 imo
371 915 470 948 totius
501 913 766 956 Congregationis
801 922 1010 956 progressum

269 967 417 1007 residet³,
436 967 632 1011 praesertim
651 967 755 1009 quoad
776 966 848 998 illas
863 965 1012 998 nationes

270 1032 405 1054 numero
441 1026 608 1059 carentes,
634 1021 710 1052 dum
743 1019 926 1052 nationales
952 1019 1012 1051 hoc

271 1080 366 1118 pacto
388 1075 526 1107 multum
552 1083 671 1116 operae
697 1078 726 1105 et
752 1073 872 1105 laboris
893 1072 925 1104 in
951 1078 1013 1104 stu-

272 1129 332 1161 diis
351 1133 543 1161 consument
561 1127 599 1160 ad
617 1127 679 1159 hoc
695 1131 729 1158 ut
747 1126 857 1159 idonei
875 1126 1013 1158 reddan-

273 1187 338 1222 tur,
365 1181 403 1214 iis
429 1191 505 1214 vero
527 1180 659 1213 minime
685 1180 920 1219 existentibus,
949 1179 1012 1212 ele-

271 1235 334 1267 ctio
361 1235 456 1268 cadet
488 1235 519 1266 in
545 1244 727 1277 personas,
754 1243 835 1276 quae
862 1232 1010 1274 dignitati

272 1288 424 1321 decorem
441 1293 473 1320 et
492 1287 548 1320 toti
567 1286 814 1329 Congregationi
837 1286 1010 1318 utilitatem

272 1341 427 1375 afferant:
458 1341 553 1374 nobis
586 1345 760 1383 propterea
786 1339 889 1372 dictus
921 1339 1012 1371 loan-

270 1405 329 1429 nes
354 1395 505 1428 Albertus
531 1394 630 1427 abbas
656 1393 818 1436 generalis
844 1392 1013 1425 humiliter

271 1448 447 1493 supplicari
484 1447 558 1481 fecit
591 1453 626 1480 ut
663 1447 695 1479 in
732 1446 920 1489 praemissis
955 1456 1013 1488 op-

272 1508 412 1546 portune
438 1501 609 1545 providere
629 1505 661 1533 et
681 1505 714 1533 ut
732 1500 816 1532 infra
839 1499 1012 1542 indulgere

273 1557 313 1590 de
338 1555 540 1598 benignitate
565 1553 747 1598 apostolica
772 1554 996 1596 dignaremur.

317 1610 332 1653 ἓ
363 1609 395 1643 3.
430 1608 493 1641 Nos
527 1607 645 1650 igitur,
678 1607 828 1640 eumdem
861 1607 1012 1640 loannem

274 1663 443 1696 Albertum
474 1661 625 1694 abbatem
652 1660 839 1703 generalem
865 1660 1014 1703 speciali-

274 1716 333 1748 bus
352 1715 514 1748 savoribus
533 1719 564 1747 et
590 1713 702 1756 gratiis
723 1713 875 1756 prosequi
903 1714 1014 1746 volen-

275 1774 341 1809 tes,
361 1774 392 1802 et
417 1779 434 1801 a
459 1767 626 1812 quibusvis
652 1766 1013 1806 excommunicationis,

274 1822 497 1866 suspensionis
516 1827 548 1855 et
565 1820 739 1861 interdicti,
758 1820 894 1863 aliisque
913 1821 1015 1853 eccle-

274 1876 410 1910 siasticis
444 1875 632 1914 sententiis,
656 1873 804 1907 censuris
829 1878 861 1906 et
884 1872 1015 1917 poenis,

274 1941 292 1964 a
317 1930 386 1963 iure
411 1930 462 1962 vel
480 1928 519 1961 ab
545 1927 690 1968 homine,
711 1926 825 1971 quavis
843 1926 1014 1960 occasione

274 1983 324 2016 vel
341 1984 437 2016 causa
462 1981 547 2022 latis,
564 1981 588 2014 si
616 1980 734 2025 quibus
765 1979 1017 2024 quomodolibet

274 2036 448 2070 innodatus
475 2035 592 2075 existit,
620 2035 660 2067 ad
686 2033 834 2068 effectum
864 2043 1017 2078 praesen-

277 2089 355 2123 tium
378 2089 545 2122 dumtaxat
569 2087 835 2131 consequendum
850 2112 858 2128 ,
898 2086 1015 2120 harum

277 2143 361 2176 serie
379 2143 585 2176 absolventes
603 2147 634 2175 et
658 2141 841 2174 absolutum
859 2140 927 2173 sore
945 2150 1016 2173 cen-

277 2201 394 2238 sentes,
409 2195 594 2229 huiusmodi
612 2193 905 2238 supplicationibus
925 2193 1018 2226 incli-

279 2249 354 2288 nati,
371 2250 602 2292 praeinsertam
619 2249 824 2293 particulam,
843 2259 880 2282 ex
899 2248 1016 2280 eonsti-

280 2301 401 2334 tutione
426 2302 590 2336 Benedicti
615 2302 880 2345 praedecessoris
907 2311 1016 2334 excer-

279 2354 396 2396 ptam⁴,
415 2359 449 2387 ut
465 2355 658 2398 praefertur,
677 2354 867 2388 auctoritate
886 2359 1017 2397 aposto-

279 2407 350 2450 lica,
365 2412 477 2441 tenore
492 2408 726 2451 praesentium,
740 2407 969 2441 confirmamus
984 2411 1016 2440 ct

93 1613 185 1639 Benigno
201 1618 261 1639 prac-

80 1643 122 1661 stat
137 1641 239 1661 clemens.

316 2498 326 2522 1
350 2495 420 2523 Edit.
441 2495 519 2523 Μαίη.
540 2497 607 2532 legit
622 2498 776 2532 profertur
794 2497 832 2532 (R.
846 2497 895 2531 τ.).

313 2542 329 2568 2
345 2541 407 2576 Leg.
424 2542 646 2575 observantiam,
664 2542 704 2569 vel
719 2541 796 2569 aliter
811 2542 907 2577 corrig.
925 2541 1012 2578 (nm).

314 2585 330 2613 3
346 2585 504 2618 Desideret,
521 2586 562 2613 vel
579 2585 656 2613 aliter
673 2586 772 2620 corrig.
789 2586 826 2621 (n.
841 2586 890 2620 T.).

314 2630 331 2659 4
346 2629 416 2658 Edit.
432 2630 516 2660 Main.
534 2630 596 2666 legit
612 2634 760 2665 exceptam
776 2632 816 2667 (u.
833 2631 882 2666 T.).

901 222 1051 249 CLEMENS
1077 224 1124 249 xn
1149 225 1198 250 ΡΡ.

1712 214 1753 247 69
1801 224 1852 248 An.
1875 222 1906 249 c.
1925 223 1990 251 ¹735

1053 275 1280 317 approbamus,
1300 274 1414 317 illique
1436 274 1636 316 apostolicae
1662 271 1795 304 firmita-

1054 327 1093 360 tis
1119 327 1221 360 robur
1247 327 1433 367 adiicirnus,
1459 337 1495 360 ac
1520 327 1607 360 illam
1635 331 1794 369 perpetuo

1054 381 1218 414 observati
1244 382 1448 414 mandamus.

1098 435 1112 477 ς
1137 434 1169 466 4.
1189 435 1421 475 Decetnentes,
1448 435 1578 468 easdem
1600 438 1818 493 praesentesp
1821 441 1856 487 ΞΓ
1847 447 1899 487 saue
1909 448 1942 462 <re

1054 488 1180 520 litteras
1207 498 1336 530 semper
1361 488 1488 528 firmas,
1514 487 1636 520 validas
1662 492 1693 519 et
1727 486 1792 519 effi
1807 498 1874 515 turum
1860 471 1912 515 ⁰2⁹¹*
1931 470 1991 489 '⁰⁰¹¹

1055 552 1145 574 caces
1163 542 1302 574 existere
1322 547 1352 575 et
1370 543 1447 581 sore,
1467 552 1608 585 suosque
1626 540 1792 584 plenarios

1056 600 1087 628 et
1112 596 1256 638 integros
1282 595 1413 629 effectus
1436 595 1543 628 sorti1·i
1571 601 1601 628 et
1626 595 1792 633 obtinere,

1055 659 1090 682 ac
1116 649 1195 687 illis,
1221 649 1259 681 ad
1298 659 1379 691 quos
1413 653 1537 690 spectat
1570 653 1600 680 ct
1629 657 1687 690 pro
1715 652 1794 679 tcm-

1054 712 1134 745 pore
1153 701 1322 744 spectabit,
1348 700 1537 744 plenissime
1559 699 1739 742 suffragari,
1765 703 1796 731 et

1056 756 1094 788 ab
1110 755 1156 787 eis
1172 754 1352 797 respective
1369 753 1599 786 inviolabiliter
1619 752 1794 791 observari,

1056 809 1168 851 sicque
1194 807 1227 839 in
1256 807 1442 850 praemissis
1478 817 1538 849 per
1573 815 1795 849 quoscumque

1055 862 1178 894 iudices
1203 859 1384 893 ordinarios
1418 864 1449 892 et
1482 859 1667 900 delegatos,
1701 858 1797 891 etiam

1056 924 1225 948 causarum
1259 913 1370 956 palatii
1406 912 1577 956 apostolici
1612 911 1796 950 auditores,

1056 967 1188 1000 iudicari
1207 972 1238 999 et
1257 966 1382 999 definiri
1405 965 1535 1005 debere,
1560 975 1596 997 ac
1621 965 1746 997 irritum
1767 969 1798 996 et

1056 1022 1152 1054 inane
1180 1020 1204 1052 si
1233 1029 1324 1052 secus
1352 1029 1449 1061 super
1486 1018 1535 1050 his
1569 1028 1585 1050 a
1617 1027 1795 1060 quoquam,

1056 1073 1166 1118 quavis
1185 1073 1385 1113 auctoritate,
1406 1071 1548 1104 scienter
1572 1072 1619 1103 vel
1645 1070 1797 1112 ignoran-

1057 1133 1116 1167 ter,
1144 1126 1318 1168 contigetit
1341 1124 1503 1157 attentati

1100 1181 1114 1223 Β
1139 1179 1170 1212 5.
1202 1178 1271 1211 Non
1298 1179 1500 1211 obstantibus
1524 1176 1730 1219 praemissis,
1762 1185 1797 1208 ae
1835 1183 1862 1203 o
1857 1190 1888 1203 r
1892 1186 1925 1209 gat
1942 1189 1966 1203 e
1964 1190 1991 1204 ,ψ

1056 1231 1342 1266 constitutionibus
1373 1236 1404 1263 et
1433 1229 1691 1263 otdinationibus
1720 1202 1888 1270 apo·trau

1057 1286 1191 1325 stolicis,
1206 1296 1252 1324 ac,
1268 1290 1426 1327 quatenus
1444 1294 1524 1327 opus
1543 1283 1594 1322 sit,
1612 1282 1796 1325 praedictae
1826 1300 1830 1303 >

1056 1337 1336 1382 Congregationis‚
1351 1337 1489 1380 aliisque
1504 1336 1688 1379 quibusviS,
1702 1334 1797 1367 etiam

1055 1393 1248 1431 iuramento,
1268 1390 1514 1424 confirmatione
1533 1388 1721 1432 apostolica,
1741 1392 1796 1419 aut

1057 1446 1166 1490 quavis
1200 1445 1351 1477 firmitate
1378 1444 1438 1476 alia
1467 1442 1647 1481 roboratis,
1672 1440 1797 1473 statutis

1057 1506 1089 1533 et
1112 1497 1417 1537 consuetudinibus,
1443 1495 1620 1540 privilegiis
1647 1502 1793 1538 quoque,

1056 1553 1192 1586 indultis
1215 1557 1246 1584 et
1274 1551 1390 1584 litteris
1409 1549 1598 1593 apostolicis
1616 1548 1647 1580 in
1666 1551 1794 1580 contra-

1056 1607 1139 1640 rium
1165 1604 1419 1649 praemissorum
1447 1601 1695 1647 quomodolibet
1721 1610 1797 1633 con-

1056 1660 1178 1699 cessis,
1211 1657 1408 1691 conlirmatis
1442 1661 1473 1688 et
1508 1653 1692 1694 innovatis;
1727 1653 1797 1696 qni-

1056 1716 1118 1747 bus
1141 1712 1294 1746 omnibus
1310 1716 1341 1743 et
1357 1708 1501 1752 singulis,
1521 1708 1649 1741 illorum
1668 1713 1799 1739 tenores

1057 1765 1285 1811 praesentibus
1318 1774 1376 1807 pro
1409 1764 1506 1806 plene
1541 1767 1572 1795 et
1597 1760 1799 1793 sufficienter

1058 1819 1218 1864 expressis
1243 1829 1279 1851 ac
1299 1818 1337 1850 ad
1355 1817 1489 1850 verbum
1516 1815 1646 1847 insertis
1671 1813 1798 1846 liaben-

1060 1880 1119 1913 tes,
1142 1872 1206 1905 illis
1240 1871 1319 1904 alias
1351 1871 1384 1903 in
1416 1879 1474 1902 suo
1506 1869 1627 1901 robore
1653 1875 1802 1910 perman-

1059 1927 1152 1966 suris,
1180 1926 1219 1959 ad
1247 1923 1500 1969 praemissorum
1533 1920 1702 1960 ellectum,
1741 1919 1802 1951 hac

1059 1979 1127 2012 vice
1157 1979 1336 2018 dumtaxat,
1371 1975 1557 2019 specialiter
1586 1978 1618 2006 et
1650 1981 1800 2016 expresse

1059 2033 1278 2075 derogamus,
1311 2029 1492 2072 ceterisque
1525 2026 1698 2061 contrariis
1732 2024 1800 2068 qui-

1058 2087 1274 2128 buscumque.

1104 2137 1174 2183 ἓὸ.
1212 2137 1366 2171 Volumus
1402 2140 1509 2168 autem
1547 2138 1582 2166 ut
1614 2130 1799 2167 earumdem

1060 2192 1279 2236 praesentium
1294 2191 1473 2223 litterarum
1489 2186 1710 2230 transumptis,
1724 2183 1797 2217 cte.¹

1104 2246 1216 2278 Datum
1238 2244 1374 2282 Romae,
1396 2242 1481 2285 apud
1503 2241 1534 2274 S.
1553 2239 1682 2273 Mariam
1706 2237 1798 2270 Maio-

1062 2310 1139 2340 rem,
1157 2300 1216 2332 sub
1234 2298 1356 2331 annulo
1375 2295 1559 2335 Piscatoris,
1574 2293 1626 2326 die
1653 2303 1681 2325 iv
1708 2291 1775 2323 iulii
1789 2290 1799 2306 ⁴¹

1060 2362 1240 2392 moccxxxv,
1266 2350 1473 2394 pontificatus
1500 2347 1602 2380 nostri
1626 2354 1711 2378 anno
1740 2352 1782 2376 vt.

1097 2414 1155 2441 Dat.
1177 2413 1220 2440 die
1239 2413 1257 2439 4
1276 2410 1381 2446 augusti
1404 2410 1483 2443 1735,
1505 2407 1600 2443 pontif.
1623 2413 1693 2433 anno
1713 2411 1749 2431 vt.

1414 2463 1448 2496 F.
1469 2462 1555 2496 card.
1576 2460 1756 2493 Omvarucs.

1850 2137 1859 2156 'l
1868 2140 1992 2162 ramumptis

1811 2166 1869 2185 credi
1885 2165 1951 2184 iubet.

1096 2541 1106 2565 ¹
1130 2537 1243 2573 Reliqua
1266 2540 1292 2563 ut
1314 2543 1395 2571 supra
1415 2542 1475 2569 pag.
1498 2532 1531 2559 40
1552 2532 1566 2557 b
1587 2534 1625 2564 (ti.
1642 2531 1692 2560 T).

1093 2583 1108 2610 ‘2
1125 2582 1226 2609 Forsan
1243 2581 1370 2615 (rimasti,
1389 2587 1448 2604 uani
1464 2577 1520 2603 dies
1535 2583 1559 2603 tv
1576 2576 1631 2602 iulii
1649 2574 1798 2610 pertineret

1058 2627 1090 2655 ad
1112 2626 1206 2663 pontis.
1229 2633 1329 2653 anuum
1351 2631 1365 2649 v
1386 2624 1422 2657 (κ.
1439 2622 1486 2656 r).
