2232 3178
29 141 74 167 An.
90 139 117 165 C.
141 139 210 166 1740

39 518 138 539 Concedit
152 517 204 537 Pon-

27 545 73 565 titt—x
91 544 161 569 quoad
179 550 204 564 ea

27 577 78 598 qnae
93 571 142 591 huic
154 577 203 592 con·

25 599 124 619 stitutioui
167 599 204 619 ad·

25 627 93 647 iuncta
107 627 161 645 sunt.

40 1900 97 1924 Quae
113 1905 162 1920 vero
178 1899 204 1920 de

25 1925 124 1946 dilatione
151 1926 205 1946 indi-

25 1957 102 1973 ciorum
121 1954 140 1973 et
157 1958 203 1972 sen-

0 1975 4 1989 ¹
25 1979 88 2000 tentia
131 1982 204 1999 contu-

1 2004 4 2014 *
25 2006 108 2026 mactati
146 2008 202 2029 sunt.

0 2040 4 2051 ι
26 2032 106 2052 reducit
121 2032 147 2052 ad
164 2035 205 2051 ter-

26 2059 90 2078 minos
102 2059 152 2080 iuris
162 2065 204 2079 niu·

1 2078 5 2118 i
25 2085 127 2111 nicipaliS.

1 2137 5 2204 l

5 2723 7 2744 l

838 140 979 165 CLEMENS
1007 141 1053 165 ΧΠ
1078 141 1127 165 ΡΡ.

219 192 283 221 tam
305 187 535 228 terraefirmae,
561 199 657 232 quam
682 189 775 232 regni
802 188 958 230 Corsicae,

218 247 249 274 et
273 241 395 274 insulae
421 240 590 285 Caprariae
617 241 722 275 eidem
749 242 960 286 Reipublicae

217 295 388 335 subiectas,
414 295 444 327 in
471 295 588 338 quibus
614 295 793 329 homicidia
826 305 958 338 quoque

216 348 475 391 frequentissima
500 353 596 388 sunt,
621 349 795 381 extendere
821 354 851 381 ct
887 358 956 380 am-

216 399 318 442 pliare
343 399 383 433 de
408 400 611 443 benignitate
637 400 816 443 apostolica
846 400 959 444 digna-

215 462 342 485 remur:

259 505 273 547 ξ
298 505 351 538 il.
371 505 434 539 Nos
460 505 568 548 igitur,
590 506 678 548 ipsos
705 506 820 538 ducem
847 510 880 538 et
905 516 958 548 gu-

214 558 403 591 bernatores
429 558 627 601 specialibus
652 558 817 591 favoribus
839 564 958 601 etgra-

216 611 266 644 tiis
280 612 433 654 prosequi
447 612 605 652 volentes,
620 622 799 655 eorumque
813 611 958 654 singula-

215 675 266 697 res
291 674 447 708 personas
473 675 489 697 a
512 664 678 708 quibusvis
697 665 958 697 excommunica-

216 718 325 758 tionis,
351 717 576 760 suspensionis
602 722 633 750 et
658 717 845 757 interdicti,
872 718 958 751 aliis-

216 783 278 815 que
303 771 529 805 ecclesiasticis
554 771 735 810 sententiis,
763 771 909 804 censuris
928 777 958 804 et

215 825 343 868 poenis,
357 836 373 857 a
391 826 460 857 iure
481 826 530 857 vel
557 825 596 857 ab
623 825 755 857 homine
776 825 885 868 quavis
905 835 957 858 oc-

215 878 345 911 casione
363 878 410 911 vel
429 879 525 910 causa
542 877 624 916 latis,
644 878 669 909 si
689 878 804 921 quibus
821 889 957 921 quomo-

216 931 342 964 dolibet
365 931 541 964 innodatae
566 931 717 970 existunt,
739 932 778 964 ad
806 930 956 964 effectum

214 984 435 1027 praesentium
467 984 632 1017 dumtaxat
667 985 955 1028 consequendum,

215 1038 331 1070 harum
357 1037 441 1070 serie
477 1037 682 1070 absolventes
724 1043 755 1070 et
791 1039 957 1070 absolutas

216 1091 284 1124 sore
309 1095 498 1130 censentes,
526 1089 714 1123 huiusmodi
746 1091 957 1133 snpplicatio-

215 1145 311 1178 nibus
337 1144 501 1183 inclinati,
530 1149 561 1176 et
594 1144 632 1176 ad
660 1149 721 1176 tam
747 1144 875 1177 exitiale
903 1145 959 1177 lio-

215 1198 420 1231 micidiorum
460 1197 616 1240 flagitium
637 1225 644 1238 ,
693 1204 847 1241 quantum
884 1208 957 1230 cum

215 1251 351 1284 Domino
370 1261 554 1294 possumus,
574 1251 833 1293 propulsandum
852 1256 958 1283 exter-

215 1304 469 1346 minandumque
500 1303 726 1345 advigilantes,
761 1303 958 1346 praedictam

216 1356 482 1391 constitutionem
498 1383 505 1395 ‚
530 1367 588 1398 pro
614 1356 783 1397 universa,
809 1362 842 1389 ut
867 1367 959 1400 prae-

216 1410 372 1449 mittitur,
396 1410 427 1442 ὃ.
456 1409 493 1441 R.
520 1409 556 1442 E.
582 1410 744 1453 praefatae
784 1409 907 1442 ditione
942 1420 959 1442 a

216 1463 311 1497 nobis
337 1464 471 1502 factam,
489 1464 596 1505 quoad
623 1463 823 1505 praeinserta
848 1463 880 1495 in
908 1463 958 1495 liis

216 1516 444 1561 praesentibus
468 1516 595 1555 litteris,
622 1516 814 1559 respective,
837 1516 875 1548 ad
902 1517 958 1549 do-

216 1569 352 1602 minium
378 1573 410 1601 et
434 1568 574 1601 ditiones
599 1569 782 1611 praedictas
815 1569 957 1602 eiusdem

216 1622 437 1666 Reipublicae,
453 1621 630 1665 apostoliea
648 1622 852 1661 auctoritate,
870 1628 958 1656 motu

215 1676 371 1719 proprio,
401 1681 512 1708 tenore
546 1675 786 1718 praesentium,
813 1676 959 1709 extendi-

215 1739 284 1762 mus
310 1734 341 1762 et
366 1728 577 1772 ampliamus,
605 1734 702 1772 atque
735 1729 891 1772 deinceps
926 1740 959 1762 o-

216 1782 326 1815 mnino
352 1792 388 1815 ac
413 1781 621 1815 inviolabiter
648 1782 812 1815 observari
832 1783 959 1826 praeci-

217 1837 323 1880 pimus
348 1841 380 1869 et
404 1836 604 1868 mandamus.

260 1891 275 1934 g
301 1889 354 1922 12.
375 1890 526 1922 Volumus
552 1895 670 1930 tamen,
689 1895 735 1931 ut,
755 1890 836 1923 sicut
854 1891 885 1924 in
904 1902 961 1924 no-

216 1944 282 1976 stra
307 1941 430 1975 ditione
450 1942 680 1983 ecclesiastica,
700 1948 764 1975 tum
783 1943 958 1977 extractus¹

215 1996 247 2028 in
273 1995 339 2029 suis
365 1995 626 2036 defensionibus,
648 2007 731 2039 quae
753 1997 791 2029 ad
815 1998 959 2031 tramites

216 2050 295 2082 iuris
316 2049 366 2082 et²
383 2049 636 2092 apostolicarum
661 2050 905 2084 ordinationum
931 2051 959 2084 ei

216 2107 414 2146 competunt,
442 2102 539 2135 elidat
564 2108 595 2136 et
620 2102 723 2136 diluat
744 2103 872 2144 indicia,
893 2109 958 2137 tum

216 2155 297 2190 sola³
307 2155 488 2190 sententiae
502 2156 742 2190 contumacialis
757 2162 789 2190 et
801 2162 960 2197 actorum,

217 2209 333 2253 quibus
370 2209 424 2242 illa
453 2209 615 2249 fundatur,
649 2209 806 2243 exhibitio
831 2210 871 2243 ad
896 2210 960 2243 hoc

216 2262 357 2296 sufficiat
381 2267 416 2295 ut
440 2261 536 2295 iudex
568 2262 825 2305 ecclesiasticus,
853 2273 889 2296 ex
926 2263 962 2296 il-

218 2316 324 2349 lorum
342 2315 546 2359 inspectione
568 2315 735 2349 dumtaxat
754 2316 864 2359 agnito
883 2327 961 2350 num

255 2407 266 2432 1
289 2405 402 2432 Videtur
422 2404 568 2440 legendum
589 2407 650 2432 tum
670 2405 842 2434 restituatur
861 2409 960 2434 emra-

218 2452 278 2478 clus
296 2450 339 2481 si;
360 2453 387 2475 at
407 2449 527 2485 syntaxis
547 2449 636 2475 adhuc
655 2449 771 2484 implexa
789 2453 829 2488 (n.
841 2453 891 2485 τ.).

257 2494 274 2520 2
293 2493 434 2521 Coniunct.
455 2497 481 2520 et
501 2501 551 2521 nos
571 2493 697 2520 addimus
716 2497 759 2527 (n.
772 2495 821 2527 τ.).

259 2538 275 2568 3
295 2537 362 2566 Male
383 2537 449 2566 edit.
470 2537 551 2566 Main.
573 2537 640 2573 legit
658 2539 736 2566 solae
756 2540 794 2574 (n.
811 2539 861 2575 T.).

1003 190 1163 223 sententia
1188 192 1432 225 contumacialis
1469 192 1610 235 legitime
1647 192 1745 226 iuste-

1003 253 1065 286 que
1092 245 1219 286 prolata
1243 244 1284 277 sit
1308 244 1347 277 ad
1372 245 1509 278 formam
1533 245 1743 278 constitutio-

1002 306 1079 328 num
1104 297 1368 340 apostolicarum‚
1395 297 1612 342 pronunciare
1639 303 1670 331 et
1694 298 1745 331 de-

1001 350 1125 382 clarare
1162 355 1259 393 queat
1295 356 1326 384 et
1362 351 1480 384 debeat
1515 362 1554 383 an
1590 351 1745 384 bannitus

1001 406 1033 434 ct
1057 402 1090 434 in
1107 403 1342 436 contumaciam
1362 404 1532 437 damnatus
1550 404 1745 446 consignan—

1002 454 1060 487 dus
1085 455 1191 488 veniat
1215 466 1276 489 nec
1300 467 1355 496 ne,
1382 463 1448 489 tum
1474 457 1616 500 denique
1641 458 1666 490 si
1693 468 1746 490 ex-

1002 512 1121 540 tractus
1146 508 1178 540 in
1198 509 1265 541 suis
1285 509 1530 542 defensionibus
1547 510 1576 542 ei
1595 510 1632 543 ad
1653 520 1746 553 prae<

1001 560 1155 603 scriptum
1192 561 1433 603 praedictarum
1474 563 1745 595 constitutionum

1001 613 1254 655 apostolicarum
1281 615 1539 657 competentibus
1564 616 1745 649 nullitatem

1001 670 1032 698 ct
1057 665 1246 698 iniustitiam
1277 668 1525 701 continnacialis
1564 668 1744 701 sententiae

1001 718 1185 762 praedictae
1212 721 1401 761 ostenderit,
1424 726 1455 753 et
1472 721 1604 754 sceleris
1627 721 1745 754 indicia

1001 771 1144 812 diluerit,
1171 772 1215 806 ita
1240 773 1362 816 pariter
1394 773 1425 805 in
1459 773 1602 807 dominio
1633 779 1665 807 et
1699 775 1747 807 di-

1002 825 1142 857 tionibus
1179 825 1356 868 praedictis
1395 826 1474 859 haec
1510 826 1618 860 omnia
1652 838 1746 871 prae-

1001 877 1098 910 missa
1123 879 1161 911 ad
1188 879 1441 922 dispositionem
1468 879 1546 912 iuris
1572 884 1604 912 et
1628 885 1747 913 statuta

1000 931 1115 964 localia
1140 931 1277 964 dominii
1305 937 1336 965 et
1361 931 1519 965 ditionum
1556 933 1746 966 huiusmodi

1001 984 1139 1026 intelligi
1166 984 1319 1018 debeant.

1644 133 1708 167 599
1754 145 1802 170 Λιι.
1820 144 1848 171 c.
1872 145 1939 172 1740

1045 1037 1059 1079 ἓ
1084 1036 1139 1070 13.
1159 1037 1203 1069 Ac
1229 1037 1363 1081 insuper
1389 1039 1549 1079 volumus,
1574 1044 1620 1080 ut,
1639 1039 1744 1073 donec
1785 1056 1822 1078 out
1840 1060 1876 1080 pm
1898 1060 1942 1079 ,ψι-

1770 1087 1793 1099 ru
1805 1088 1870 1101 mium
1883 1082 1941 1100 tamt-

1002 1096 1033 1124 et
1059 1102 1228 1134 quousque
1261 1093 1327 1125 sive
1365 1103 1424 1135 per
1460 1104 1518 1126 nos
1553 1093 1641 1137 ipsos
1679 1088 1846 1128 sit*ei1}n¹u...s
1883 1114 1943 1128 auct-

1001 1154 1060 1187 pcr
1096 1144 1259 1178 Romanos
1298 1145 1469 1178 Pontifices
1505 1157 1564 1189 pro
1599 1152 1747 1190 tempore

1002 1197 1175 1230 existentes
1195 1198 1370 1231 declaratio
1388 1199 1573 1233 huiusmodi
1590 1200 1747 1233 sactanon

1001 1251 1122 1291 suerit,
1150 1250 1171 1283 ii
1200 1252 1424 1285 tantummodo
1451 1253 1623 1286 familiares
1649 1259 1679 1286 et
1705 1254 1749 1286 of-

1002 1304 1122 1338 ssciales
1149 1305 1277 1348 excepti
1305 1305 1530 1349 intelligantur
1555 1311 1585 1340 et
1604 1306 1749 1340 habean-

1002 1363 1060 1397 tur,
1088 1369 1168 1401 quos
1204 1359 1243 1392 de
1278 1359 1349 1392 iure
1381 1365 1414 1393 et
1446 1360 1533 1393 iuxta
1569 1366 1749 1394 consuetu-

1002 1411 1111 1444 dinem
1148 1412 1321 1446 cuiuslibet
1357 1413 1419 1446 loci
1458 1423 1558 1457 usque
1593 1414 1631 1447 ad
1664 1414 1749 1447 hanc

1003 1465 1088 1498 diem
1113 1476 1173 1509 pro
1198 1466 1414 1500 familiaribus
1435 1471 1468 1500 et
1484 1467 1677 1500 officialibus
1694 1467 1749 1500 ha-

1002 1519 1087 1552 bitos
1124 1525 1155 1553 et
1192 1520 1364 1563 deputatos
1391 1531 1462 1553 esse
1496 1526 1527 1554 et
1561 1521 1677 1554 haberi
1713 1531 1749 1554 ac

1004 1573 1154 1616 deputari
1181 1573 1309 1606 solitum
1336 1579 1396 1607 est.

1047 1626 1061 1669 ᾗ
1086 1626 1140 1659 Μ.
1169 1626 1397 1667 Decernentes,
1413 1628 1540 1660 easdem
1555 1635 1747 1672 praesentes

1003 1679 1141 1720 litteras,
1170 1685 1201 1712 et
1225 1679 1258 1712 in
1285 1681 1331 1713 eis
1350 1686 1504 1714 contenta
1522 1691 1748 1726 quaecumque

1003 1743 1133 1777 semper
1158 1739 1189 1766 et
1214 1740 1375 1777 perpetuo
1402 1734 1503 1775 firma,
1528 1735 1633 1768 valida
1652 1741 1684 1769 et
1703 1736 1748 1768 es-

1003 1787 1112 1820 ficacia
1137 1787 1275 1820 existere
1303 1793 1333 1820 et
1357 1787 1438 1827 sore,
1466 1798 1607 1832 suosque
1632 1790 1748 1832 plena-

1005 1846 1070 1873 rtos
1097 1845 1128 1873 et
1153 1840 1300 1883 integros
1326 1840 1459 1874 effectus
1484 1841 1591 1874 sortiri
1618 1848 1649 1875 et
1666 1843 1749 1875 obti-

1003 1904 1104 1934 ncre,
1132 1899 1228 1937 atque
1265 1895 1304 1927 ab
1341 1895 1494 1928 omnibus
1532 1901 1563 1928 et
1594 1895 1747 1939 singulis,

1002 1947 1041 1980 ad
1068 1957 1149 1991 quos
1175 1952 1301 1991 spectat
1327 1952 1355 1981 et
1382 1959 1441 1991 pro
1469 1954 1615 1992 tempore
1647 1960 1747 1993 quan-

1004 2000 1189 2044 documque
1215 2001 1392 2044 spectabit,
1418 2001 1612 2045 plenissime
1637 2003 1749 2036 obser-

1003 2054 1087 2094 vari,
1105 2054 1217 2097 sicque
1244 2059 1275 2087 et
1299 2064 1365 2088 non
1386 2055 1482 2088 aliter
1501 2055 1533 2087 in
1560 2056 1749 2098 praemissis

1004 2117 1065 2150 per
1101 2117 1324 2151 quoscumque
1362 2107 1486 2141 iudices
1513 2108 1697 2143 ordinarios
1718 2114 1750 2143 et

1004 2161 1190 2203 delegatos,
1219 2160 1314 2194 etiam
1339 2171 1511 2194 causarum
1537 2162 1648 2205 palatii
1671 2173 1749 2207 apo-

1004 2213 1110 2246 stolici
1137 2212 1314 2254 auditores,
1340 2224 1377 2247 ac
1401 2213 1502 2257 ipsius
1527 2214 1558 2247 S.
1578 2215 1615 2247 R.
1636 2215 1670 2248 E.
1685 2226 1748 2248 car-

1006 2267 1131 2301 dinales
1156 2267 1253 2300 etiam
1280 2267 1318 2300 de
1343 2268 1447 2301 latere
1473 2269 1605 2311 legatos,
1625 2279 1748 2303 eorum·

1006 2321 1147 2364 demque
1191 2321 1405 2355 cardinalium
1447 2321 1722 2365 Congrcgationes
1739 2351 1748 2364 ,

1006 2374 1126 2407 aliosve
1153 2374 1316 2418 quoslibet
1352 2385 1555 2418 quacumque
1590 2376 1750 2419 praeemi-

1007 2427 1118 2460 nentia
1143 2432 1174 2460 et
1198 2431 1359 2470 potestate
1386 2427 1557 2470 fungentes
1579 2433 1610 2461 et
1628 2428 1750 2462 sunctu-

1008 2490 1061 2513 ros
1079 2506 1087 2521 ,
1112 2480 1237 2514 sublata
1262 2481 1307 2513 cis
1333 2486 1365 2514 ct
1390 2491 1502 2514 corum
1523 2481 1658 2515 cuilibet
1675 2493 1749 2525 qna-

1007 2534 1053 2567 vis
1080 2533 1176 2567 aliter
1201 2534 1366 2568 iudicandi
1393 2538 1425 2568 ct
1449 2534 1688 2579 interpretandi
1709 2536 1750 2570 sa-

1759 1135 1828 1160 pienti·
1845 1137 1893 1154 smt.

1788 1638 1908 1658 Clauzulxe.
