2232 3178
72 243 121 271 An.
138 240 167 268 G.
190 240 256 268 ¹738
896 236 1040 261 emimus
1065 236 1112 260 xii
1136 237 1187 260 1³1³.

262 292 321 327 ter,
336 298 372 321 ae
387 287 426 321 de
441 287 541 321 verbo
557 287 595 321 ad
610 287 762 327 verbum,
778 286 860 320 nihil
876 286 1005 330 penitus

262 341 395 381 omisso,
413 342 553 381 insertis,
575 341 735 385 expressis
758 352 793 374 ae
811 339 1004 384 specificatis

261 394 438 434 habentes,
458 394 522 427 illis
548 395 627 427 alias
652 394 684 427 in
710 405 768 427 suo
787 395 905 426 robore
932 403 1004 435 per-

260 447 441 488 mansuris,
467 447 505 479 ad
532 448 783 490 praemissorum
803 446 946 480 omnium
974 451 1004 478 et

259 500 462 541 singulorum
487 500 725 533 validissimum
751 498 916 537 ell'ectum,
944 499 1003 530 liae
1025 513 1026 516 ¹

258 552 327 584 viee
353 553 537 591 dumtaxat,
564 552 721 584 latissime
748 558 780 585 et
813 551 1002 594 plenissime

259 609 290 638 et
310 605 518 644 sufficienter,
542 615 668 637 necnon
689 605 877 647 specialiter
899 610 929 636 et
956 615 1003 636 ex-

258 668 367 701 presse
385 664 473 691 motu
491 658 589 690 simili
613 659 827 699 derogamus,
847 667 882 689 ac
908 658 1002 690 dero-

260 717 368 754 gatum
396 722 468 744 esse
494 716 524 744 et
549 711 674 743 censeri
700 710 924 751 decernimus;
952 721 1002 743 ce-

260 764 405 808 terisque
432 764 603 797 contrariis
629 764 899 807 quibuscumque.

95 831 176 852 poenae
200 835 249 850 eon·
305 817 391 861 §tt
411 817 497 851 Nulli
521 828 600 860 ergo
621 818 756 850 omnino
776 817 947 850 hominnm
968 817 1003 849 li-

69 860 332 906 iitiiiissmiiiiii‘isfflceat
346 871 430 903 hane
447 871 599 914 paginam
620 871 722 904 nostri
743 876 849 903 motus
867 871 1001 913 proprii,

259 924 534 966 reintegrationis,
554 924 809 963 revalidationis‚
825 925 1003 966 derogatio·

259 977 319 1016 nis,
331 977 572 1016 annulladonis,
589 977 749 1017 licentiae,
764 978 1001 1020 impartitionis,

260 1031 490 1070 concessionis,
508 1031 647 1069 indulti,
669 1031 805 1069 decreti,
825 1031 951 1071 statuti,
971 1036 1003 1063 et

259 1084 434 1117 voluntatis
451 1083 643 1126 infringere,
658 1085 707 1116 vel
726 1083 754 1116 ei
774 1094 851 1116 ausu
868 1090 1003 1117 temera-

260 1136 309 1169 rio
328 1137 508 1177 contraire;
537 1137 563 1169 si
582 1137 652 1180 quis
679 1142 785 1169 autem
813 1137 874 1169 lioe
900 1142 1003 1170 atten-

259 1194 327 1222 tare
343 1189 611 1232 praesumpserit,
629 1189 891 1231 indignationem
906 1191 1004 1222 omni-

259 1243 402 1286 potentis
419 1242 475 1275 Dei
497 1253 533 1274 ac
559 1243 728 1275 beatorum
748 1242 832 1275 Petri
858 1249 889 1275 et
915 1243 1003 1276 Pauli

259 1297 485 1340 apostolorum
501 1296 571 1329 eius
585 1307 618 1329 se
638 1297 766 1329 noverit
784 1297 1003 1330 incursurum.

303 1351 416 1383 Datum
438 1351 573 1390 Romae,
595 1351 680 1393 apud
705 1350 736 1384 S.
758 1350 887 1383 Mariam
912 1351 1005 1384 Maio-

258 1413 337 1443 rem,
353 1403 411 1436 sub
437 1414 522 1436 anno
552 1403 788 1436 Incarnationis
822 1403 1002 1437 dominicae

259 1466 484 1497 iinccxxxvni,
507 1466 565 1489 viu
591 1456 662 1489 idus
689 1456 893 1496 decembris,
923 1468 1004 1500 pon-

260 1509 399 1544 tificatus
427 1510 534 1543 nostri
559 1520 644 1543 anno
670 1521 712 1544 ix.

293 1569 355 1595 Dat.
378 1568 422 1596 die
441 1568 458 1594 6
477 1567 632 1595 decembris
654 1568 741 1602 1738,
763 1568 862 1603 pontis.
878 1577 948 1596 anuo
965 1575 1000 1595 ix.

341 1617 408 1646 Laco
431 1619 448 1655 †
471 1617 572 1647 Ballae
594 1627 706 1646 aureae.

556 1764 705 1798 CCXLVI.

260 1845 471 1888 Confirmatio
495 1845 613 1878 decreti
639 1845 907 1888 Conqreqalionz's
939 1845 1006 1888 epi-

302 1909 471 1942 scoporum
504 1903 532 1932 et
564 1899 769 1942 reyularium
804 1899 890 1931 circa
922 1898 1002 1931 reli—

302 1952 407 1993 qi'osos
440 1951 576 1985 Ordinis
607 1952 748 1993 fratrum
781 1951 1005 1984 Eremitarum

302 2005 336 2038 S.
355 2005 536 2047 Auqnstini
549 2005 740 2048 provinciae
757 2004 946 2038 Measicaiiae
962 2004 1005 2037 ad

303 2058 386 2091 alios
412 2057 550 2092 Ordines
575 2058 808 2101 confuyientes.

471 2138 609 2165 Clemens
630 2138 710 2172 Papa
724 2138 793 2169 xn,

378 2184 414 2210 ad
434 2185 612 2217 perpetuam
631 2183 679 2210 rei
697 2183 887 2210 memoriam.

94 2261 122 2282 a:
138 2261 193 2283 sacili
216 2268 250 2283 ro·
305 2253 368 2297 gl.
390 2253 479 2286 Alias
500 2264 558 2296 pro
577 2258 669 2297 parte
690 2253 800 2286 dilecti
831 2254 887 2287 lilii
914 2253 1006 2296 lgna-

69 2287 190 2313 ligiosenirn
223 2289 250 2309 ad
278 2307 283 2312 ,

69 2315 122 2334 anos
160 2307 299 2339 ordinastii
336 2307 461 2340 Padilla
497 2307 607 2340 fratris
644 2317 800 2350 expresse
837 2306 1004 2350 professi,

69 2340 251 2389 ffllffifltffilsstl]
262 2361 295 2393 in
320 2362 411 2394 sacra
435 2361 603 2404 theologia
626 2360 790 2403 magistri,
816 2360 1005 2403 provinciae

69 2393 251 2419 plinacollatiitur.
416 2414 422 2419 .
452 2415 457 2420 .
656 2414 662 2419 .
851 2414 857 2419 -
887 2414 893 2419 -

261 2413 315 2448 SS.
331 2414 476 2447 Nominis
493 2414 564 2447 lesu
583 2413 768 2447 Mexicanae
783 2413 912 2446 Ordinis
930 2413 1006 2446 Ere-

261 2467 411 2500 mitarum
426 2467 528 2500 sancti
544 2467 715 2509 Augustini
733 2467 952 2510 procuratoris
966 2467 1005 2500 ad

262 2521 417 2564 specialia
434 2521 566 2563 negotia
587 2520 688 2561 missi,
706 2520 801 2553 nobis
821 2521 1005 2564 expositum

263 2574 322 2606 suit
338 2602 345 2614 ,
380 2575 467 2618 quod
502 2574 535 2606 in
573 2574 657 2606 dicta
683 2574 849 2617 provincia
885 2574 1005 2607 abusus

262 2628 355 2662 valde
382 2628 610 2662 observantiae
632 2627 777 2670 regulari
796 2627 1005 2671 praeiudicia-

1049 285 1114 324 les,
1150 294 1266 328 nempe
1306 284 1392 327 quod
1425 283 1526 326 aliqui
1563 282 1708 324 religiosi
1747 282 1793 314 in-

1049 338 1149 381 qiiieti
1183 344 1215 370 et
1252 348 1366 380 parum
1400 337 1623 371 observantiae
1659 335 1706 368 sui
1746 335 1793 368 in-

1049 392 1154 424 stituti
1187 396 1348 423 amatores
1386 390 1604 424 obedientiam
1642 399 1793 421 reveren-

1050 444 1190 487 tiamque
1217 455 1252 476 ac
1277 444 1512 476 subiectionem
1541 443 1604 475 suis
1637 442 1791 485 praelatis

1049 498 1176 530 debitas
1203 497 1459 540 parvilacientes,
1479 497 1516 529 ad
1539 496 1697 529 coenobia
1718 495 1794 528 alio-

1049 561 1118 581 rum
1145 549 1300 582 Ordinum
1326 551 1374 582 vel
1408 550 1702 592 Congregationuiii
1740 554 1793 580 aut

1048 603 1290 640 iiistitutoruiii‚
1318 608 1483 645 praetextu
1511 602 1696 634 evadendae
1731 601 1793 633 vio-

1048 655 1167 688 lentiae
1207 661 1238 688 et
1271 655 1445 697 effugiendi
1483 656 1623 697 rigorem
1657 664 1791 687 suornm

1047 709 1264 751 superiorum,
1285 709 1485 750 confugiant,
1507 708 1728 750 irrepserant·‚
1749 713 1791 746 et,

1048 761 1120 794 licet
1134 762 1322 805 superiores
1341 761 1498 804 praedicti
1515 772 1531 793 a
1548 761 1702 803 praelatis
1720 771 1793 793 eon—

1047 820 1219 855 ventuum,
1248 814 1301 847 ubi
1328 814 1488 858 praedicti
1517 814 1662 856 religiosi
1683 814 1793 847 consu-

1049 868 1195 911 sugiunt,
1222 873 1335 911 petant
1370 872 1405 899 ut
1430 867 1595 910 patiantur
1621 867 1706 910 qnod
1735 867 1792 899 ol)-

1047 921 1159 963 ligatio
1184 920 1360 954 obediendi
1386 919 1527 963 propriis
1552 920 1789 963 superioribus,

1048 979 1079 1007 et
1100 985 1132 1007 se
1153 985 1186 1007 se
1206 975 1243 1008 ad
1264 974 1395 1018 propria
1413 974 1571 1007 coenobia
1589 974 1790 1014 restituendi,

1048 1029 1243 1069 intimetur,
1270 1029 1320 1060 vel
1346 1028 1432 1071 quod
1460 1028 1533 1060 illos
1566 1028 1706 1071 propriis
1739 1039 1792 1060 sii-

1048 1081 1234 1124 periorilius
1272 1081 1422 1120 tradant,
1463 1086 1613 1113 neutrum
1651 1081 1792 1113 obtineri

1048 1136 1141 1173 solet,
1168 1139 1384 1177 protestantes
1409 1134 1544 1166 alioruin
1570 1134 1726 1167 Ordinum
1743 1135 1791 1166 vel

1048 1187 1339 1229 congregationum
1365 1193 1419 1219 aut
1443 1187 1664 1219 institutorum
1700 1198 1793 1230 prae-

1048 1241 1115 1280 lati,
1140 1242 1194 1273 ubi
1222 1241 1297 1273 dicti
1324 1241 1468 1283 religiosi
1495 1241 1696 1283 confugiunt,
1724 1252 1793 1274 eos·

1048 1294 1119 1326 (lem
1161 1294 1303 1336 gaudere
1345 1294 1548 1326 immunitate
1586 1294 1724 1336 refugii,
1763 1300 1794 1327 et

1048 1353 1290 1390 consequenter
1319 1358 1335 1379 a
1371 1347 1506 1390 proprio
1545 1348 1691 1390 praelato
1729 1358 1793 1380 non

1048 1412 1142 1444 posse
1169 1400 1294 1433 extralii
1314 1428 1321 1440 ,
1357 1400 1480 1444 requiri
1515 1407 1570 1433 aut
1607 1400 1766 1433 notificari
1786 1428 1793 1441 ‚

1049 1459 1159 1498 utpote
1186 1454 1217 1486 in
1244 1454 1352 1487 alieno
1391 1453 1558 1487 territorio
1596 1454 1793 1494 existentes,

1048 1517 1156 1550 neque
1171 1507 1361 1550 superiores
1377 1507 1514 1540 aliorum
1529 1507 1685 1540 Ordinum
1705 1518 1793 1551 prae-

1049 1561 1208 1593 dictorum
1235 1560 1357 1593 debere
1385 1560 1487 1593 dictos
1514 1560 1689 1603 religiosos
1716 1572 1793 1594 eon-

1048 1613 1209 1655 sugientes
1243 1614 1390 1646 tradere:
1417 1619 1448 1646 et
1484 1613 1516 1645 in
1553 1614 1666 1646 eadem
1693 1624 1792 1657 expo-

1048 1666 1165 1699 sitione
1196 1666 1370 1699 subiuncto
1405 1667 1493 1709 quod
1531 1666 1669 1699 dilectus
1696 1667 1793 1699 etiam

1049 1719 1133 1752 silius
1161 1719 1339 1752 modernus
1365 1719 1455 1762 prior
1480 1719 1691 1762 provincialis
1718 1730 1792 1762 pro-

1049 1773 1172 1806 vinciae
1198 1778 1228 1806 et
1252 1772 1381 1805 Ordinis
1407 1773 1654 1816 praedictorum
1679 1773 1711 1804 in
1737 1783 1792 1805 an-

1049 1826 1169 1868 gustias
1196 1827 1319 1869 positus
1345 1826 1384 1859 ad
1411 1826 1634 1859 venerabilem
1662 1826 1793 1858 fratrem

1049 1880 1241 1912 modernum
1273 1879 1557 1923 archiepiscopum
1594 1879 1794 1912 lilexicanum

1049 1933 1136 1965 illius
1163 1933 1254 1975 regni
1279 1943 1454 1976 proregem
1479 1942 1645 1965 recursum
1672 1932 1793 1965 hahere

1049 1991 1179 2019 coactus
1205 1987 1326 2026 suerat,
1362 1992 1397 2018 ut
1421 1985 1448 2018 ei
1476 1986 1630 2018 auxilium
1667 1986 1794 2029 regium

1050 2039 1281 2082 impertiretur,
1308 2050 1371 2082 quo
1398 2039 1581 2082 dispersum
1603 2050 1737 2082 gregem
1755 2039 1795 2072 ad

1051 2093 1134 2126 ovile
1160 2093 1284 2136 proprii
1310 2092 1438 2126 Ordinis
1471 2092 1650 2131 reducere,
1676 2097 1707 2124 et
1732 2092 1795 2125 lioc

1051 2152 1173 2180 tantum
1195 2146 1302 2179 medio
1321 2146 1432 2179 relatis
1451 2145 1660 2189 praeiudiciis
1679 2156 1794 2179 occur-

1050 2210 1122 2232 rere
1147 2205 1273 2243 posset3
1300 2210 1374 2233 cum
1393 2205 1498 2232 autem
1524 2199 1655 2232 minime
1682 2200 1792 2240 lateat,

1050 2254 1148 2297 quod,
1167 2253 1193 2286 si
1216 2254 1297 2286 haec
1323 2253 1419 2285 ianua
1444 2253 1515 2285 asili
1538 2257 1591 2286 aut
1609 2252 1725 2295 refugii
1747 2263 1795 2285 re-

1050 2307 1173 2350 ligiosis
1198 2311 1319 2350 pateat,
1343 2305 1485 2339 funditus
1512 2306 1681 2349 disciplina
1702 2316 1795 2348 regu-

1050 2360 1126 2393 laris
1168 2371 1204 2393 ac
1241 2360 1350 2393 debita
1387 2360 1530 2403 propriis
1569 2359 1794 2402 superioribus

1050 2414 1239 2448 obedientia
1264 2419 1436 2453 corruant,
1471 2423 1600 2446 necnon
1626 2413 1730 2455 iurgia
1764 2417 1796 2445 et

1050 2468 1230 2501 discordiae
1272 2467 1357 2500 inter
1391 2466 1576 2509 superiores
1613 2466 1794 2508 respective

1049 2520 1205 2554 Ordinum
1223 2530 1295 2552 eum
1314 2520 1530 2553 saecularium
1549 2518 1703 2551 scandalo
1721 2529 1796 2562 pro-

1050 2575 1101 2607 cul
1128 2574 1227 2606 dubio
1254 2574 1439 2616 pullulent:

1689 224 1753 257 509
1803 232 1853 259 sn.
1874 233 1988 261 (3.1738

1832 2612 1930 2633 liislantia
1943 2618 1991 2638 pro¹

1094 2627 1108 2669 g
1134 2627 1165 2659 ΕΞ.
1194 2627 1295 2660 Porro
1316 2652 1323 2666 ,
1351 2631 1385 2658 ut
1411 2631 1458 2659 tot
1482 2626 1574 2658 malis
1607 2636 1908 2662 occurrere·curatoris
1924 2645 1991 2665 expo-
