2232 3178
53 207 101 233 An.
117 205 147 232 C.
169 204 237 232 1735

863 200 1005 226 CLEMENS
1030 200 1074 224 ΧΠ
1098 200 1149 224 ΡΡ.

246 260 435 295 processuS,
457 249 598 290 remitti,
627 259 683 283 seu
721 259 854 293 quoquo
890 249 989 282 modo

246 304 387 348 gratiose
414 303 601 344 rebanniri,
628 303 808 343 habilitari,
836 314 893 336 seu
917 313 988 336 cum

246 359 293 393 eis
320 358 521 402 dispensari,
555 358 729 401 minusque
755 357 819 390 illis
845 357 989 401 aliquem

245 412 571 446 salvumconductum
597 422 653 444 seu
673 411 811 444 liberum
830 421 990 444 commea-

247 472 314 499 tum
351 466 606 509 (praeterquam
633 474 692 508 pro
727 474 804 496 vero
821 490 828 504 ‚
856 463 933 496 reali
959 468 991 496 et

246 518 429 552 necessario
454 517 587 551 servitio
614 517 767 556 iustitiae,
787 522 818 549 et
836 521 913 550 tunc
930 527 989 559 pro

246 583 284 605 eo
310 573 476 605 dumtaxat
512 576 659 615 tempore
687 570 775 614 quod
802 569 989 603 huiusmodi

246 625 381 659 servitio
408 625 623 668 congrueret)
650 623 783 657 concedi
810 634 869 667 per
893 634 992 667 quos-

246 688 385 722 cumque
411 677 574 711 civitatum
601 683 633 710 et
657 677 804 709 locorum
830 676 990 720 praefato-

246 742 317 764 rum
342 731 586 774 gubernatores,
614 730 856 774 provinciarum
889 735 991 763 recto-

247 796 311 826 res,
339 785 444 818 dictae
471 784 636 817 Romanae
663 784 826 817 Ecclesiae
854 784 885 816 in
913 789 991 817 tem-

246 838 415 882 poralibus
443 837 581 870 vicarios
606 843 637 869 et
663 836 805 869 iustitiae
823 836 989 877 officiales,

247 897 279 924 et
303 901 528 935 quoscumque
554 890 661 931 alios,
686 890 830 933 quamvis
856 890 991 934 speciali

248 948 278 978 et
302 944 468 977 individua
495 943 659 977 mentione
686 944 816 986 dignos,
833 954 870 976 ac
895 943 991 976 etiam

247 998 338 1041 ipsos
357 997 538 1031 cardinales
564 998 603 1030 de
629 998 733 1030 latere
758 998 892 1040 legatos,
912 1007 992 1040 quo-

248 1062 319 1085 rum
346 1056 454 1084 tamen
481 1056 631 1094 respectu
658 1051 775 1084 dictam
801 1061 891 1084 suam
916 1060 993 1084 con-

248 1105 449 1138 stitutionem
485 1105 594 1137 locum
631 1104 754 1137 habere
792 1103 935 1137 decrevit
961 1103 991 1136 in

248 1157 434 1191 homicidiis
470 1157 579 1190 animo
614 1157 728 1190 doloso
754 1162 785 1190 et
810 1157 993 1200 praemedi-

249 1215 315 1244 tato
340 1210 542 1243 commissis:
567 1211 713 1253 quamvis
739 1211 827 1243 nulla
853 1209 992 1242 suboriri

249 1265 351 1308 possit
375 1264 544 1306 dubitatio,
564 1264 640 1308 quin
663 1264 821 1308 praedicti
848 1264 994 1296 cardina-

249 1320 296 1352 les
322 1318 362 1351 de
387 1318 490 1351 latere
515 1317 625 1361 legati,
650 1328 708 1361 pro
736 1328 849 1351 eorum
876 1317 994 1350 eximia

250 1371 406 1415 dignitate
424 1381 460 1403 ac
476 1371 633 1404 laudabili
652 1370 794 1403 iustitiae
813 1371 891 1410 zelo,
911 1381 994 1403 sem-

249 1436 307 1469 per
346 1427 384 1458 ea
420 1436 483 1468 qua
519 1425 657 1458 decebat
697 1424 922 1457 moderatione
959 1434 995 1456 ac

250 1478 401 1522 prudenti
438 1478 730 1522 circumspectione
767 1477 908 1510 antehac
945 1477 994 1510 usi

250 1532 315 1565 sint
347 1532 500 1565 facultate
526 1532 586 1564 sibi
613 1531 659 1564 sic
684 1532 890 1575 praeservata
915 1541 995 1574 quo-

252 1586 314 1619 ties
341 1586 380 1618 de
405 1584 590 1618 homicidiis
608 1585 638 1617 in
660 1585 727 1618 rixa
746 1590 799 1617 aut
824 1584 904 1617 alias
925 1584 994 1617 sine

252 1639 361 1672 animo
381 1639 497 1672 doloso
524 1644 556 1671 et
580 1638 816 1681 praemeditato
847 1638 995 1681 sequutis

253 1697 357 1725 actum
379 1692 454 1732 suit;
478 1697 618 1724 attamen
642 1691 731 1735 (quia
755 1695 996 1734 praeconcepta

252 1756 327 1788 spes
346 1745 462 1778 veniae
481 1745 733 1788 consequendae
751 1754 920 1788 perversos
938 1744 997 1777 ho-

253 1798 357 1831 mines
383 1798 600 1831 animosiores
629 1797 865 1842 pronioresque
890 1797 998 1830 reddit

253 1852 290 1884 ad
318 1852 402 1884 rixas
428 1856 460 1884 et
483 1852 712 1885 contentiones
748 1851 934 1884 excitandas
965 1856 998 1883 et

253 1906 493 1946 confovendas,
529 1916 707 1948 earumque
741 1906 848 1938 calore
880 1905 996 1938 caedes

253 1960 463 2004 patrandas),
490 1970 556 2002 quo
575 1958 772 1992 damnabilis
799 1959 880 1991 haec
906 1969 999 2001 prae-

253 2013 396 2057 sumptio
423 2024 459 2046 ex
487 2023 598 2046 eorum
620 2012 738 2045 animis
763 2012 895 2055 penitus
913 2012 999 2045 evel-

255 2068 349 2107 latur,
365 2076 544 2110 eorumque
563 2065 695 2098 saevitia
723 2065 999 2098 irremissibilium

254 2131 435 2164 poenarum
454 2123 539 2153 metu
558 2124 796 2162 compescatur,
815 2124 999 2152 enarratam

256 2174 524 2208 constitutionem
550 2184 586 2206 ac
612 2172 880 2217 prohibitionem,
903 2183 999 2216 quam

257 2227 342 2260 idem
357 2227 566 2260 Innocentius
576 2227 629 2259 xtl
643 2226 878 2270 praedecessor
893 2226 999 2269 quoad

258 2279 438 2312 cardinales
464 2280 502 2313 de
527 2281 627 2312 latere
653 2280 778 2322 legatos
803 2279 834 2311 in
863 2279 1000 2312 homici-

258 2332 319 2365 diis
338 2332 444 2365 animo
463 2333 577 2366 doloso
596 2337 628 2366 et
642 2332 879 2376 praemeditato
895 2334 998 2366 locum

260 2385 320 2418 sibi
347 2385 509 2419 vindicare
536 2386 643 2426 voluit,
663 2386 745 2418 sicut
769 2385 999 2430 praemittitur,

258 2439 297 2471 ad
325 2439 499 2472 homicidia
526 2439 620 2472 etiam
640 2440 670 2471 in
692 2440 758 2472 rixa
776 2445 808 2473 et
824 2440 893 2473 sine
911 2449 1001 2483 prae-

260 2491 473 2525 meditatione
509 2492 679 2526 commissa
715 2503 774 2536 per
809 2499 999 2536 praesentes

259 2547 462 2580 extendimus
487 2551 519 2579 et
544 2546 751 2590 ampliamus,
778 2547 859 2580 itaut
884 2547 923 2581 de
949 2557 1000 2581 ce-

260 2605 327 2633 tero
354 2610 417 2633 non
449 2600 543 2633 liceat
569 2601 689 2633 eisdem
715 2601 934 2635 cardinalibus
961 2602 999 2635 de

1033 248 1133 282 latere
1159 248 1286 292 legatis,
1314 258 1420 292 neque
1447 247 1543 281 etiam
1566 248 1645 290 ipsis
1672 246 1775 280 cardi-

1033 301 1156 335 nalium
1171 301 1502 345 Congregationibus,
1519 301 1590 334 sine
1613 307 1725 334 nostro
1744 306 1776 333 et

1033 355 1172 388 Romani
1198 355 1362 388 Pontilicis
1387 366 1446 398 pro
1464 360 1609 397 tempore
1637 353 1776 386 existen-

1035 408 1073 441 tis
1098 408 1234 451 speciali
1253 408 1419 449 mandato,
1439 407 1623 452 inquisitos,
1642 417 1777 450 proces-

1033 467 1119 494 satos
1146 466 1177 494 et
1202 461 1436 494 condemnatos
1469 466 1525 494 aut
1554 460 1706 494 bannitos
1739 471 1774 493 ex

1033 516 1130 548 causa
1154 516 1202 548 vel
1228 515 1399 548 occasione
1422 514 1592 548 homicidii
1619 513 1718 547 etiam
1744 514 1776 547 in

1034 568 1101 601 rixa
1127 573 1157 601 et
1178 567 1300 612 absque
1324 567 1620 611 praemeditatione
1645 567 1775 611 patrati,

1035 627 1066 656 et
1083 623 1186 665 gratia
1203 633 1260 655 seu
1278 622 1531 666 compositione,
1549 622 1598 654 vel
1617 632 1676 665 per
1693 622 1776 655 viam

1035 675 1225 708 cassationis
1243 685 1425 718 processus,
1440 675 1620 710 remittere.
1637 686 1691 707 seu
1711 685 1777 718 gra·

1036 729 1118 762 tiose
1143 728 1330 767 rebannire,
1349 727 1531 768 habilitare,
1550 739 1604 761 seu
1631 739 1702 761 cuin
1731 729 1776 762 eis

1037 782 1236 825 dispensare,
1254 792 1359 824 neque
1386 781 1449 814 illis
1475 783 1615 825 aliquem
1641 783 1778 815 salvum-

1036 836 1245 875 conductum,
1262 840 1495 878 praeterquam
1513 845 1573 878 pro
1590 845 1678 875 vero,
1700 835 1777 868 reali

1037 893 1067 922 et
1092 889 1275 921 necessario
1302 887 1433 921 servitio
1459 887 1622 928 iustitiae,
1649 894 1680 921 et
1706 894 1781 921 tunc

1036 953 1096 986 pro
1123 953 1161 975 eo
1189 942 1355 975 dumtaxat
1380 946 1527 985 tempore
1554 942 1642 985 quod
1669 942 1780 975 huius-

1037 996 1124 1029 modi
1150 995 1283 1029 servitio
1309 1000 1483 1038 congruat,
1509 995 1703 1036 concedere,
1732 1001 1780 1028 et-

1037 1049 1128 1083 iamsi
1149 1060 1261 1093 pacem
1287 1050 1326 1082 ab
1354 1049 1550 1082 haeredibus
1575 1050 1623 1082 vel
1649 1060 1781 1082 consan-

1037 1104 1165 1147 guineis
1190 1109 1243 1136 aut
1271 1103 1345 1136 siliis
1371 1103 1515 1136 defuncti
1542 1103 1729 1136 habuerint.

1081 1157 1096 1200 ἓ
1122 1157 1153 1190 5.
1175 1157 1427 1190 venerabilibus
1464 1167 1594 1200 quoque
1628 1157 1781 1190 fratribus

1037 1210 1155 1244 nostris
1193 1210 1450 1253 archiepiscopis
1481 1215 1512 1243 et
1544 1210 1707 1253 episcopis
1746 1221 1782 1244 ac

1038 1263 1167 1297 dilectis
1192 1263 1266 1297 siliis
1291 1265 1440 1296 locorum
1459 1263 1646 1303 Ordinariis,
1670 1264 1701 1296 in
1728 1274 1781 1297 ec-

1037 1317 1222 1351 clesiastica
1247 1316 1368 1350 ditione
1398 1317 1542 1360 praefata
1575 1317 1782 1350 consistenti-

1037 1372 1107 1411 bus,
1133 1371 1164 1403 in
1191 1370 1309 1404 virtute
1334 1376 1462 1403 sanctae
1488 1370 1729 1411 obhedientiae,
1747 1382 1784 1404 ac

1038 1425 1099 1458 sub
1126 1429 1256 1457 nostrae
1275 1424 1411 1457 Romani
1431 1423 1595 1457 Pontificis
1622 1434 1682 1467 pro
1705 1429 1784 1457 tem-

1783 199 1836 225 An.
1854 199 1882 225 C.
1903 199 1970 226 1735

1819 1166 1976 1186 valesia-ncis

1812 1193 1959 1217 superui-ribus

1793 1220 1878 1239 mandat
1894 1235 1899 1243 ,
1951 1224 1976 1239 no

1801 1246 1969 1271 quibuscumque

1794 1272 1905 1292 homicidis
1937 1273 1977 1291 sil-i

1794 1299 1895 1318 subiectis
1915 1299 1978 1318 ultani

1794 1325 1977 1348 habdstatwuem,

1815 1357 1961 1372 remrssronem

1795 1381 1836 1398 etc.
1861 1378 1980 1398 concedant

1795 1408 1843 1425 ante
1883 1406 1978 1430 elapsum

1802 1432 1969 1458 quinquennium

1761 1476 1766 1482 ,
1796 1464 1808 1478 a
1833 1460 1917 1483 patrato
1942 1458 1979 1478 ho·

1039 1488 1119 1521 pore
1155 1477 1306 1511 similiter
1344 1476 1512 1510 existentis
1549 1477 1785 1519 indignationis

1039 1532 1165 1574 poena,
1193 1530 1381 1563 earumdem
1416 1536 1527 1563 tenore
1564 1531 1784 1574 praesentium

1039 1584 1271 1629 praecipimus,
1292 1594 1331 1617 ne
1354 1585 1385 1616 in
1413 1584 1518 1617 causis
1546 1584 1726 1624 homicidii,
1743 1584 1785 1617 si-

1041 1649 1077 1671 ve
1102 1637 1277 1682 qualificati
1303 1642 1335 1670 et
1360 1637 1467 1670 animo
1493 1637 1608 1671 doloso
1635 1642 1667 1670 et
1693 1648 1785 1681 prae-

1040 1692 1206 1732 meditato,
1226 1690 1293 1724 sive
1313 1690 1344 1723 in
1372 1691 1440 1723 rixa
1463 1691 1635 1731 commissi,
1655 1691 1785 1734 quibus-

1040 1755 1180 1788 cumque
1206 1743 1270 1776 reis
1298 1754 1408 1777 eorum
1427 1744 1644 1777 iurisdictioni
1663 1749 1696 1777 et
1712 1745 1784 1778 soro

1041 1799 1150 1842 quavis
1174 1800 1271 1831 causa
1296 1798 1461 1838 subiectis,
1480 1798 1542 1830 iam
1561 1798 1785 1831 condemnatis

1041 1863 1098 1885 seu
1124 1851 1277 1891 bannitis,
1303 1851 1369 1885 sive
1395 1862 1477 1895 quos
1503 1852 1534 1883 in
1560 1852 1701 1884 futurum
1728 1862 1785 1894 per

1042 1916 1154 1939 eorum
1181 1905 1302 1938 curiam
1330 1904 1462 1948 inquiri,
1489 1904 1681 1948 processari,
1711 1915 1785 1937 con-

1042 1959 1189 1993 demnari
1222 1969 1278 1992 seu
1314 1958 1443 1991 banniri
1469 1958 1660 2001 contigerit,
1686 1959 1785 1991 ullam

1042 2012 1192 2046 similiter
1217 2012 1363 2055 gratiam,
1382 2012 1632 2051 absolutionem,
1652 2021 1785 2054 compo-

1043 2067 1203 2106 sitionem,
1230 2066 1442 2099 cassationem
1468 2075 1692 2108 processuum,
1710 2075 1787 2108 poe-

1044 2131 1102 2154 nae
1124 2120 1354 2153 remissionem
1370 2130 1426 2152 seu
1446 2118 1710 2157 moderationem,
1730 2118 1786 2150 ha-

1044 2175 1270 2216 bilitatiouem‚
1289 2173 1565 2217 dispensationem
1591 2178 1623 2206 et
1647 2173 1786 2205 salvum-

1045 2229 1253 2267 conductum,
1277 2227 1455 2260 liberumve
1480 2230 1697 2259 commeatum
1724 2226 1786 2267 (cx-

1044 2287 1139 2325 cepto
1167 2282 1332 2314 dumtaxat
1350 2280 1436 2313 dicto
1456 2279 1534 2313 reali
1554 2285 1584 2312 et
1601 2279 1785 2312 necessario

1045 2335 1186 2368 iustitiae
1205 2333 1337 2367 servitio
1355 2344 1414 2377 pro
1433 2343 1577 2375 congruo
1599 2332 1684 2365 illius
1710 2336 1787 2364 tem-

1045 2387 1137 2430 pore)
1154 2386 1365 2429 imposterum
1384 2384 1619 2427 impertiantur,
1635 2383 1695 2415 nisi
1715 2387 1787 2425 post

1045 2440 1191 2483 elapsum
1211 2449 1228 2471 a
1246 2438 1297 2472 die
1314 2436 1446 2470 admissi
1465 2435 1573 2469 delicti
1601 2435 1786 2478 quinquen-

1045 2493 1152 2533 nium,
1180 2498 1212 2526 et
1248 2497 1321 2524 tuuc
1358 2491 1389 2523 in
1423 2489 1580 2524 eiusmodi
1618 2488 1723 2521 causis
1749 2499 1786 2521 ea

1046 2552 1177 2586 tantum,
1204 2556 1286 2588 quae
1312 2544 1413 2576 stricti
1441 2542 1519 2574 iuris
1544 2542 1691 2575 canonici
1718 2543 1786 2575 sue-

1045 2600 1120 2641 rint,
1142 2603 1364 2643 ex‘equautur:
1386 2596 1599 2629 decernentes
1626 2595 1784 2640 quidquid

1796 1486 1889 1505 intenlio.
