2232 3178
247 213 299 240 An.
315 211 428 239 61131
475 202 516 235 te

439 260 630 303 prodierint,
656 264 691 291 ut
715 269 790 293 sane
809 259 944 301 contigit
962 263 1108 301 tempore
1129 257 1173 289 fe-

439 314 507 346 lis-is
533 313 764 346 recordationis
790 311 1052 355 praedecessoris
1070 310 1172 343 nostri

439 365 650 408 Piilt'‚q=1iin
668 364 899 397 constitutione
912 366 967 396 sua
983 363 1055 396 anni
1072 372 1174 400 anu,

439 430 519 461 quae
538 419 650 461 incipit
671 417 798 451 Dudum
816 417 989 460 siquidem,
1005 417 1075 448 data
1090 416 1172 458 apud

438 473 468 504 S.
497 472 650 509 Marcum,
676 481 706 504 w
733 471 885 503 kalendas
912 475 1072 511 augustas,
1101 479 1174 512 pon-

439 523 573 555 tificatus
605 535 690 556 anno
726 534 782 562 iu,
814 523 934 562 sanxit,
967 523 1173 561 decanatum,

437 582 598 619 tamquam
624 587 689 609 non
712 577 879 609 ferendum
896 585 965 607 cum
985 575 1172 618 episcopatu

436 629 609 668 Perusino,
635 630 672 661 ad
700 640 794 672 quein
820 629 919 661 lulius
944 628 1102 661 Oradinus
1123 639 1175 660 au-

436 682 522 714 ditor
543 682 704 725 antiquior
721 687 848 715 evectus
867 682 978 721 fuerat,
1000 687 1174 724 propterea

436 742 511 768 tunc
537 736 690 777 temporis
716 735 923 767 tribuendum
961 734 1055 767 alteri
1086 733 1174 765 audi-

436 787 494 819 tori
522 787 627 820 minus
663 788 797 832 antiquo
831 789 984 831 magistro
1011 788 1104 820 Petro
1133 787 1172 819 de

436 839 575 880 llubeis;
605 846 750 884 tempore
786 852 862 873 vero
899 841 970 884 piae
996 839 1172 873 memoriae

434 893 693 935 praedecessoris
730 905 859 937 quoque
896 894 999 927 nostri
1036 893 1173 926 Benedi-

434 946 474 977 cti
492 946 569 985 Xlll,
589 946 620 978 in
647 949 741 979 causa
767 947 886 989 agitata
912 947 995 978 inter
1021 947 1172 978 dilectum

434 998 534 1030 tilium
553 1004 698 1031 nostrum
717 999 923 1042 Pompeium,
945 1009 1029 1031 nunc
1043 999 1074 1032 S.
1089 998 1170 1030 RE.

434 1051 630 1084 cardinalem
661 1052 901 1085 Aldrovandum
934 1057 1171 1094 nuncupatum,

433 1109 508 1136 tunc
532 1104 772 1148 antiquiorem,
800 1106 855 1137 sed
889 1105 1172 1148 archiepiscopum

433 1156 741 1191 Neocaesariensem
759 1185 766 1198 ‚
792 1169 827 1191 ae
853 1159 958 1191 bonae
995 1158 1172 1191 memoriae

433 1210 622 1252 magistrum
655 1210 802 1243 Carolum
838 1210 983 1243 Cerrium
1021 1211 1051 1242 in
1085 1211 1172 1244 dicto

433 1263 596 1295 auditorio
620 1263 726 1295 minus
752 1264 937 1307 antiquum,
957 1273 1017 1306 per
1034 1263 1173 1306 Congre—

433 1316 598 1357 gationem
624 1317 853 1360 particularem
876 1317 914 1349 ab
936 1317 1051 1349 eodem
1070 1317 1173 1350 Bene-

435 1369 520 1402 dicto
546 1370 750 1413 deputatam,
778 1371 951 1403 decanatus
972 1370 1171 1402 adiudicatus

434 1426 480 1456 est
509 1423 616 1455 eidem
649 1423 804 1466 Pompeio
842 1422 1022 1462 cardinali,
1059 1428 1171 1466 utpote

256 1483 327 1504 Vtrum
343 1490 421 1504 raum
434 1476 702 1520 archiepiscopali
721 1477 877 1519 dignitate
897 1476 1045 1518 fulgenti:
1065 1477 1173 1509 Altera

238 1512 359 1530 :in-litorum
402 1513 423 1531 et

245 1539 506 1562 0...1<.2==2·=1neo-ve1·0
533 1529 744 1562 dubitationis
770 1531 898 1563 occasio
933 1530 1027 1563 nobis
1056 1541 1171 1574 propo·

239 1569 248 1583 1·

239 1590 250 1609 (Ι

252 1570 283 1583 11111
295 1570 420 1587 ruginosvtm·
451 1582 457 1587 .

255 1590 392 1611 ieiunum.
432 1587 493 1614 Sita
524 1582 604 1615 haec
641 1588 707 1615 est:
734 1583 869 1616 Sanctae
906 1583 1081 1616 memoriae
1117 1584 1170 1616 dc-

430 1645 538 1668 cessor
562 1642 673 1668 noster
698 1636 772 1669 Pius
797 1636 833 1669 lv
859 1637 888 1669 in
914 1636 1167 1677 constitutione,

431 1698 513 1732 quae
540 1689 654 1732 incipit
678 1689 719 1722 Ιη
750 1689 865 1722 throno
890 1690 1061 1729 iustitiae,
1099 1690 1172 1722 data

431 1742 516 1784 apud
541 1741 573 1774 S.
601 1742 752 1781 Marcum,
772 1753 803 1775 vt
825 1743 979 1775 kalendas
997 1742 1170 1782 ianuarias,

431 1794 637 1837 pontificatus
663 1805 746 1827 anno
771 1805 816 1835 111,
843 1795 964 1835 sanxit,
991 1806 1031 1829 ne
1056 1806 1170 1829 causae

431 1847 582 1891 propriae
608 1848 790 1881 auditorum
809 1875 816 1889 ‚
847 1859 998 1881 eorumve
1036 1849 1171 1882 familia-

432 1900 516 1933 rium
543 1906 574 1933 et
599 1901 916 1943 consanguineorum
949 1902 997 1934 vel
1030 1902 1171 1935 affinium

432 1964 534 1997 usque
560 1953 599 1986 ad
624 1954 804 1986 secundum
831 1954 985 1996 gradum,
1012 1954 1099 1987 iuxta
1126 1955 1171 1987 ius

433 2007 625 2040 canonicum
646 2007 914 2050 computandum,
935 2012 1173 2049 cognoscantur

432 2060 466 2092 in
487 2060 590 2093 Rotae
610 2059 788 2100 auditorio,
816 2071 911 2103 quam
937 2066 1049 2103 postea
1067 2061 1172 2104 dispo-

434 2113 584 2146 sitionem
609 2113 681 2156 piae
707 2113 883 2146 memoriae
909 2118 1097 2147 antecessor
1117 2125 1173 2147 no-

434 2171 501 2199 ster
527 2167 642 2200 Paulus
666 2166 688 2198 V
714 2166 916 2199 confirmarit
940 2167 1001 2200 alia
1026 2169 1080 2200 sua
1098 2179 1173 2200 con—

434 2219 599 2252 stitutione
622 2219 667 2251 De
691 2219 922 2262 reformatione
955 2220 1172 2253 tribunalium

436 2272 547 2312 Urbis,
574 2273 606 2305 in
632 2272 726 2305 titulo
750 2271 795 2304 De
819 2273 1024 2305 auditoribus
1049 2274 1168 2315 Rotae,

434 2336 516 2369 quae
541 2325 651 2369 incipit
678 2325 827 2358 Universa·
850 2327 947 2369 (tyri,
982 2327 1055 2359 data
1087 2328 1170 2371 apud

434 2378 465 2410 S.
485 2378 624 2418 Petrum,
646 2378 794 2410 kalendis
821 2379 940 2418 martii,
963 2379 1171 2420 pontificatus

435 2441 520 2463 anno
544 2441 607 2471 vu·‚
631 2431 862 2471 nibilominus,
881 2431 944 2464 boc
969 2431 1099 2465 minime
1117 2433 1172 2465 ob-

435 2489 540 2517 stante
558 2511 565 2524 ,
591 2484 622 2516 in
649 2484 764 2517 eodem
791 2484 890 2517 Rotae
917 2485 1078 2518 auditorio
1104 2496 1172 2518 suc-

437 2547 528 2570 cessu
565 2537 720 2580 temporis
760 2539 875 2571 multas
911 2548 1022 2571 causas
1059 2539 1171 2582 agitari

436 2591 588 2633 contigit,
615 2591 759 2634 quamvis
784 2596 891 2625 essent.
916 2591 955 2625 de
981 2592 1123 2635 exceptis
1141 2592 1171 2624 in

1019 208 1205 234 nuLLAnttJM
1227 207 1382 232 Romnum

1968 207 2018 234 Αη.
2036 207 2064 233 C.
2084 207 2152 235 1734

1216 255 1375 288 iamdictis
1402 261 1644 290 antecessorum
1670 262 1853 290 nostrorum
1883 266 1958 289 eon-

1217 308 1464 342 stitutionibus:
1493 309 1590 353 idque
1617 309 1733 343 factum
1759 320 1830 343 esse
1863 320 1959 352 repe-

1219 361 1299 393 ritur
1321 362 1417 394 etiam
1443 373 1539 405 quum
1566 369 1695 396 sanctae
1714 363 1888 397 memoriae
1908 373 1959 395 an-

1219 419 1397 447 tecessores
1423 415 1523 448 nostri
1550 415 1725 458 Gregorius
1752 416 1803 449 XV
1828 422 1858 449 et
1884 417 1957 450 Ale-

1220 468 1342 500 xander
1367 468 1428 501 Vlll
1456 469 1486 501 in
1514 469 1695 502 minoribus
1726 470 1890 502 constituti
1916 470 1958 503 ei-

1218 519 1288 552 dem
1308 521 1469 554 auditorio
1492 522 1777 554 adscriberentur:
1798 522 1850 564 qui
1869 528 1958 565 post-

1218 574 1358 613 modum,
1379 574 1454 607 licet
1472 575 1508 607 ad
1528 585 1713 617 supremum
1732 575 1865 617 gradum
1881 586 1958 618 pon-

1219 626 1351 659 tificatus
1381 628 1507 667 evecti,
1544 629 1648 671 deque
1680 628 1830 660 iamdicta
1865 628 1958 661 inob-

1218 680 1381 712 servantia
1406 681 1527 723 optime
1553 681 1692 721 conscii,
1730 681 1813 714 nihil
1851 686 1957 714 tamen

1218 738 1328 765 contra
1354 743 1422 765 eam
1449 734 1675 767 decreverunt.

1259 785 1274 827 ξ
1298 785 1330 818 3.
1357 785 1564 829 Quapropter
1590 787 1739 819 hodierni
1767 786 1874 820 dilecti
1899 786 2088 841 filiiaulttutpc
2105 802 2155 818 voro

1217 838 1327 881 palatii
1354 839 1453 872 nostri
1480 839 1645 872 auditores
1671 850 1757 873 nunc
1789 840 1874 873 serio
1907 829 2075 874 co-m'elii'u'd
2100 830 2156 871 ς111ῗῖ

1967 879 2030 895 umuli
2041 876 2066 896 M
2076 879 2097 896 ut
2105 883 2155 897 con·

1194 891 1375 933 'gitantes,
1401 897 1431 924 et
1466 892 1527 924 vim
1564 892 1837 936 dispositionum,
1870 895 2059 926 clau-urrunsa
2088 905 2154 924 smin-

1967 930 2009 948 tnm
2032 930 2058 949 ab
2074 934 2117 953 eis,
2132 933 2154 950 ιιι

1217 946 1360 978 sularum
1387 951 1418 978 et
1444 946 1648 979 decretorum
1676 947 1707 979 in
1743 947 1854 979 relatis
1879 955 2153 1009 con‘ssfflssss'iffil‘sss'a‘ljlss

1217 998 1438 1031 stitutionibus
1458 1000 1642 1042 apostolicis
1659 1005 1901 1040 contentorum,
1921 1010 1957 1032 ac
1968 1011 2032 1055 1111111110
2064 1014 2152 1030 consa,-

1217 1052 1403 1084 eorumdem
1435 1063 1512 1085 usus
1537 1052 1702 1085 discordes
1728 1053 1882 1086 memoria
1907 1063 1957 1085 re·
2035 1050 2040 1055 “

1217 1109 1388 1146 petentes,
1415 1112 1544 1138 sanctae
1578 1106 1755 1139 memoriae
1792 1106 1957 1139 decessori

1216 1163 1326 1190 nostro
1352 1157 1508 1191 Clementi
1535 1159 1573 1191 >21
1598 1159 1853 1202 supplicationes
1884 1169 1958 1191 suas

1215 1217 1448 1252 porrexerunt,
1468 1217 1502 1243 ut
1527 1212 1704 1251 decretum,
1724 1212 1762 1244 ab
1790 1211 1826 1243 iis
1842 1212 1902 1243 hac
1918 1211 1957 1243 de

1217 1274 1251 1296 re
1291 1264 1480 1304 conditum,
1511 1264 1736 1305 confirmaret,
1775 1275 1838 1308 quo
1871 1264 1956 1297 affir-

1216 1317 1364 1349 mabatur
1397 1317 1426 1349 in
1463 1318 1555 1350 dictis
1591 1318 1696 1350 causis
1722 1323 1788 1350 tuto
1821 1317 1956 1361 procedi

1216 1380 1312 1412 posse
1356 1372 1491 1414 utraque
1534 1376 1656 1403 tantum
1693 1376 1784 1413 parte
1821 1381 1956 1404 eonsen-

1217 1423 1332 1456 tiente:
1351 1424 1400 1455 cui
1417 1423 1546 1466 quidem
1561 1424 1790 1467 supplicationi
1809 1423 1957 1457 Clemens

1215 1476 1362 1509 Pontifex
1388 1487 1447 1519 per
1472 1488 1628 1519 organum
1653 1478 1756 1511 bonae
1781 1478 1959 1511 memoriee

1215 1529 1344 1562 loannis
1382 1530 1537 1562 Dominici
1573 1530 1604 1563 S.
1640 1530 1677 1563 R.
1711 1530 1746 1563 E.
1785 1531 1959 1564 cardinalis

1215 1581 1399 1614 Paracciani
1427 1582 1626 1625 nuncupati,
1654 1588 1730 1615 tunc
1755 1583 1802 1615 sui
1840 1584 1960 1616 audito-

1216 1634 1277 1674 ris,
1305 1634 1357 1667 die
1382 1645 1439 1667 xxx
1464 1634 1657 1677 septembris
1683 1635 1758 1668 anni
1784 1645 1896 1669 11116611
1916 1635 1960 1668 ita

1216 1687 1411 1730 rescripsit:
1441 1688 1555 1727 Quoad
1582 1689 1713 1721 tertium
1739 1688 1813 1731 (ubi
1833 1689 1960 1722 scilicet

1215 1740 1254 1773 de
1281 1740 1343 1773 hoc
1361 1742 1531 1784 agebatur)
1551 1741 1685 1774 dubitur
1701 1741 1856 1775 resolutio
1870 1747 1959 1785 post-

1214 1804 1311 1836 quam
1335 1795 1502 1827 maturius
1527 1796 1753 1827 eccaminatum
1778 1795 1879 1837 suerit
1903 1795 1960 1828 du-

1216 1847 1318 1879 bium.
1344 1847 1483 1880 Interim
1509 1848 1671 1881 Sanctitas
1706 1848 1773 1882 Sua
1809 1849 1958 1892 permisit

1214 1900 1339 1932 servari
1362 1900 1508 1933 solitum.

1259 1953 1273 1996 ἓ
1297 1953 1329 1987 4.
1356 1953 1418 1987 Sed
1440 1954 1649 1987 nibilominus
1665 1955 1770 1988 adbuc
1789 1960 1955 1988 crescente
1968 1959 2152 2007 aanlnnimilisslss}

1215 2007 1412 2049 litigantium
1425 2008 1556 2045 malitia,
1572 2009 1757 2051 complures
1776 2019 1813 2041 ex
1834 2008 1873 2041 iis
1889 2018 1955 2041 non
1967 2013 2086 2039 opiniones.

1219 2061 1323 2093 solum
1354 2061 1386 2093 in
1406 2062 1507 2094 causis
1525 2067 1597 2104 post
1614 2062 1803 2104 praestitum
1821 2071 1957 2095 consen-

1217 2123 1286 2145 sum
1308 2113 1465 2157 exceptiS‚
1492 2114 1547 2146 sed
1576 2114 1671 2146 etiam
1699 2119 1771 2157 post
1792 2115 1893 2147 editas
1915 2116 1954 2147 al)

1220 2166 1290 2209 ipso
1316 2177 1484 2199 causarum
1510 2167 1669 2200 auditorio
1696 2167 1899 2207 decisiones,
1925 2172 1958 2200 et

1217 2219 1300 2252 forte
1341 2219 1436 2252 etiam
1464 2220 1606 2262 prolatas
1633 2219 1663 2252 in
1701 2220 1804 2263 primo
1829 2220 1955 2260 reditu,

1216 2283 1311 2316 quem
1337 2273 1434 2316 vulgo
1463 2277 1591 2305 turnum
1616 2274 1798 2316 appellant,
1826 2279 1957 2306 senten-

1216 2326 1295 2365 tias,
1322 2325 1384 2358 alio
1412 2325 1577 2358 declinare
1602 2326 1802 2358 studuerunt.

1259 2379 1273 2422 5
1298 2379 1327 2411 5.
1352 2378 1477 2421 Quare,
1503 2385 1537 2411 ut
1562 2384 1624 2411 tam
1648 2379 1769 2412 absona
1794 2390 1812 2412 a
1843 2384 1953 2412 nostro
1965 2385 2152 2412 Rerriusauon-

1215 2433 1393 2472 auditorio,
1421 2432 1452 2464 in
1477 2443 1571 2465 unam
1597 2432 1750 2465 iustitiam
1768 2443 1844 2475 erga
1861 2412 2151 2486 qtios-giiiljfg'ffsbffiss:

1215 2486 1294 2519 libet
1319 2485 1531 2519 exercendam
1559 2486 1709 2528 religiose
1740 2479 1970 2527 incumbentis
1994 2482 1996 2485 ’
2059 2481 2064 2490 ’

1216 2549 1283 2578 nos,
1297 2539 1378 2572 votis
1399 2539 1585 2572 eorumdem
1604 2539 1794 2572 dilectorum
1813 2538 1952 2572 filiorum

1216 2592 1482 2633 obsecundantes,
1509 2592 1640 2636 provida
1666 2594 1741 2626 cura
1758 2602 1951 2633 arceremus,
