2232 3178
35 209 84 236 Αη.
101 207 130 235 C.
153 206 220 234 1740

33 375 85 397 Data
101 373 212 393 methodus

33 400 154 423 extrahendi
166 405 213 419 reos

33 414 279 457 010‹·01mmuni.qui
319 415 465 448 eiusdem
502 417 668 450 Benedicti
705 415 965 459 praedecessoris

0 1746 1 1750 ,
31 1700 212 1752 μὴέἱῗὲἳὲἓέἑὲ
457 1744 462 1749 .
697 1745 702 1750 .

0 1767 1 1770 ¹
31 1744 317 1801 ssssffiffjss{³}„⁶022‡gu¹05
351 1745 536 1788 praedictos
571 1750 633 1778 tam
662 1747 762 1779 laicos
792 1757 888 1789 quam
914 1757 963 1780 ec-

32 1808 151 1829 tumaciam.

67 2334 212 2357 Diversimode

34 2362 135 2387 agendum
147 2363 167 2383 in
180 2369 213 2383 ex-

34 2389 212 2411 iracuoneetoeo
224 2381 309 2422 cidii,
328 2387 364 2415 ut
379 2382 572 2426 praefertur,
590 2384 714 2427 excepti
734 2384 966 2428 inquisitorum

857 207 997 232 CLEMENS
1020 207 1064 230 xu
1088 208 1138 231 PP.
1645 199 1708 233 597
1756 209 1809 234 An.
1827 209 1856 235 o.
1876 210 1946 238 1740

226 265 391 289 sacrorum
417 266 578 290 canonum
604 257 767 300 condigna
791 256 966 300 puniantur

225 309 521 343 animadversione.

268 363 282 405 §
308 362 339 395 5.
362 376 376 392 «
397 362 555 396 Ulterius¹
584 363 623 396 ad
649 363 753 397 varias
780 363 963 402 doctorum,

223 472 367 500 mentem
395 469 501 511 quoad
526 479 683 512 personas
715 469 747 501 in
785 469 869 501 dicta
895 470 964 502 eius

225 521 457 554 constitutione
481 523 737 565 comprehensas
758 521 964 564 interpretari

225 578 256 605 et
292 574 455 617 explicare
493 576 681 615 voluerunt,
717 575 894 608 sententias
935 580 966 608 et

224 626 396 667 opiniones
433 627 642 668 dirimendas,
677 627 878 661 declaramus
908 627 965 661 ho-

223 679 344 712 micidii
370 690 444 713 reos
469 687 543 713 natu
571 681 711 714 minores
737 681 849 724 viginti
875 681 966 724 quin-

224 742 305 776 que,
331 734 469 766 maiores
507 744 580 767 vero
620 734 732 777 viginti
770 734 874 775 annis,
902 739 965 767 tam

222 786 322 818 laicos
347 797 443 829 quam
480 786 636 827 clericos,
661 792 758 830 atque
794 797 908 820 omnes
935 794 966 821 et

222 838 368 881 singulos
395 840 462 872 sive
493 839 592 873 laicos
625 840 692 873 sive
729 841 882 881 clericos,
909 841 964 884 qui

221 893 421 932 mandatum,
439 893 623 936 consilium,
642 894 893 938 instigationem,
912 907 965 928 au-

222 944 335 978 xilium
361 947 614 990 cooperativum,
633 953 688 981 aut
712 948 807 981 aliam
833 959 964 992 operam

223 999 361 1032 occisori
387 1000 608 1043 praebuerint,
636 1011 672 1034 ex
691 1011 828 1044 quorum
856 1001 965 1045 singu-

222 1051 262 1084 lis
288 1052 394 1095 pravis
419 1053 542 1086 actibus
569 1053 783 1087 homicidium
810 1055 963 1097 evenerit,

222 1104 256 1136 in
282 1104 366 1138 dicta
390 1106 560 1140 Benedicti
589 1107 856 1150 praedecessoris
889 1118 964 1141 con-

222 1157 389 1192 stitutione
421 1160 678 1202 comprehensos
703 1171 786 1202 esse,
812 1172 849 1194 ac
874 1161 966 1194 dein-

223 1222 299 1255 ceps
326 1213 448 1245 censeri
476 1213 607 1253 debere,
632 1224 778 1258 eamque,
806 1219 963 1257 qnatenus

222 1274 303 1308 opus
329 1266 378 1306 sit,
405 1267 442 1299 ad
469 1266 558 1310 ipsos
590 1268 713 1310 pariter
744 1268 962 1308 extendimus,

222 1318 265 1351 ita
289 1319 412 1352 scilicet
436 1325 470 1352 ut
494 1320 627 1354 illorum
663 1321 820 1354 extractio
850 1332 866 1355 e
891 1323 963 1355 loco

222 1371 371 1412 immuni,
389 1377 486 1416 atque
510 1373 639 1407 traditio
658 1375 766 1408 curiae
788 1374 962 1415 saeculari,

223 1425 328 1468 quoad
353 1424 452 1458 laicos
478 1426 517 1458 ad
543 1426 693 1460 eiusdem
719 1427 828 1460 curiae
855 1438 964 1461 saecu-

221 1478 298 1511 laris
324 1479 571 1522 requisitionem
587 1506 594 1520 ,
618 1480 673 1513 fiat
697 1491 713 1513 a
746 1481 835 1514 curia
860 1482 964 1515 eccle-

222 1531 358 1572 siastiea,
386 1537 416 1565 et
441 1533 550 1566 clerici
576 1534 615 1566 ab
642 1533 711 1576 ipsa
736 1534 823 1567 curia
855 1535 962 1568 eccle-

222 1584 350 1617 siastica
376 1596 412 1618 ex
440 1585 547 1619 officio
573 1586 706 1620 omnino
733 1586 965 1620 extrahantur²

223 1637 310 1671 iuxta
327 1649 476 1672 normam
498 1639 584 1672 infra
605 1640 788 1673 dicendam.

268 1691 282 1734 ἓ
303 1690 334 1724 6.
357 1704 370 1723 α
389 1691 486 1724 Item⁸
505 1692 706 1726 declaramus
722 1703 835 1726 omnes
854 1696 884 1727 et
900 1694 966 1727 sin-

223 1798 438 1840 clesiasticos,
482 1798 537 1842 qui
573 1799 607 1831 in
642 1798 728 1832 Urbe
775 1805 806 1832 et
842 1799 964 1833 ditione

222 1850 375 1894 praefatis
401 1862 438 1885 ex
463 1852 557 1884 causa
582 1856 613 1885 et
638 1854 807 1886 occasione
829 1852 964 1886 homici-

223 1904 267 1938 dii
293 1904 387 1938 etiam
411 1904 443 1936 in
468 1904 535 1937 rixa
560 1905 723 1938 commissi
758 1916 829 1939 cum
867 1906 963 1939 arinis

222 1967 277 1991 seu
302 1957 528 1991 instrumentis
553 1960 668 2002 suapte
692 1961 805 1992 natura
826 1959 907 2003 aptis
927 1959 965 1992 ad

222 2010 437 2044 occidendum
464 2010 610 2055 inquisiti
636 2016 666 2044 et
691 2012 889 2056 processati,
914 2014 964 2046 vel

222 2063 256 2095 in
281 2063 516 2097 contumaciam
539 2063 664 2097 banniti
691 2068 722 2098 et
755 2065 965 2098 condemnati

222 2115 354 2157 suerint,
382 2116 560 2150 dummodo
578 2117 791 2151 homicidium
809 2128 876 2152 non
897 2118 966 2151 fue-

222 2169 265 2201 rit
281 2169 407 2203 casuale
422 2170 472 2202 vel
487 2170 526 2202 ad
543 2170 711 2213 propriam
729 2171 966 2212 defensionem,

223 2221 432 2256 immunitatis
450 2223 635 2265 praedictae
656 2223 817 2257 beneficio
835 2225 967 2258 minime

224 2275 320 2308 etiam
338 2276 491 2318 gaudere.

268 2328 283 2372 ἓ
309 2328 339 2361 7.
365 2341 378 2360 <i
405 2329 531 2372 thue⁴
556 2339 686 2363 reorum
712 2330 837 2365 ratione
864 2332 968 2365 homi-

261 2473 272 2499 1
296 2472 360 2499 Vide
380 2472 444 2499 ibid.
468 2473 480 2507 §
503 2474 529 2500 11
554 2481 616 2508 pag.
638 2473 671 2500 34
691 2481 709 2500 a
728 2474 833 2509 (11.τ.).

259 2517 277 2543 2
296 2516 370 2544 Edit.
391 2516 472 2543 Main.
494 2517 559 2552 legit
578 2518 755 2546 extrahatur
773 2519 813 2553 (R.
830 2520 881 2554 T.).

259 2560 275 2588 3
296 2560 359 2588 Vide
379 2561 446 2588 ibid.
467 2561 480 2596 §
502 2561 534 2588 12
553 2569 614 2597 pag.
635 2562 670 2589 34
690 2571 707 2589 α
725 2565 766 2596 (u.
784 2563 821 2597 T).

260 2606 275 2632 4
296 2605 362 2634 Vide
383 2606 448 2633 ibid.
470 2606 483 2641 ξ
502 2606 536 2634 13
557 2615 616 2642 pag.
639 2607 672 2635 34
694 2608 706 2634 b
727 2608 831 2643 (1⁷..T.),

1010 266 1068 288 seu
1086 256 1294 290 bannitorum
1320 261 1350 289 et
1368 257 1399 289 in
1418 257 1656 290 contumaciam
1675 267 1846 290 COD-immuni
1870 277 1946 291 socun-

1011 308 1233 342 demnatorum
1260 310 1415 343 extractio
1432 311 1471 343 ab
1497 310 1644 344 ecclesiis
1670 297 1946 348 aliis-223ss'ssffn⁰;'r¹.¹1'13'⁹3{

1010 371 1073 404 que
1092 362 1172 394 locis
1191 362 1401 403 immunibus,
1423 369 1518 406 atque
1535 362 1663 396 traditio
1690 350 1843 395 st10d“¹'⁰‘'‘

1010 414 1127 456 cuique
1142 414 1240 448 iudici
1258 416 1466 459 competenti,
1482 416 1635 459 legitimis
1653 416 1749 449 modo

1010 470 1040 498 et
1065 467 1168 500 forma
1193 478 1211 500 a
1236 469 1323 501 curia
1349 469 1567 503 ecclesiastica
1591 470 1676 510 fiant,
1695 480 1749 502 vo-

1009 520 1115 552 lumus
1142 525 1171 553 et
1196 521 1394 562 ordinamus,
1415 528 1460 563 ut,
1479 523 1748 566 quotiescumque

1009 572 1105 605 iudici
1132 575 1352 608 ecclesiastico
1378 576 1577 618 competenti
1596 576 1749 609 innotue-

1010 626 1050 658 rit
1082 626 1221 670 aliquem
1259 628 1376 661 laicum
1401 639 1455 662 seu
1492 629 1749 662 ecclesiasticum

1010 689 1045 712 ex
1073 682 1168 712 causa
1202 680 1369 714 homicidii
1403 682 1525 725 excepti
1559 682 1750 725 inquisitum

1009 738 1106 777 atque
1150 740 1374 777 processatum
1413 735 1450 767 ad
1489 735 1658 768 ecclesiam
1693 745 1750 769 seu

1009 787 1117 820 locum
1137 787 1313 820 immunem
1339 788 1535 830 confugisse,
1552 789 1662 832 ibique
1681 800 1750 822 mo-

1008 850 1076 873 ram
1102 840 1243 881 trahere,
1270 851 1307 873 ac
1332 851 1368 874 ea
1405 851 1503 884 super
1539 841 1646 875 delicti
1673 853 1751 886 qua-

1009 894 1099 927 litate
1139 905 1174 927 ac
1210 905 1372 937 personae
1409 893 1549 928 reitate¹
1586 895 1747 928 submini-

1009 952 1109 980 strata
1133 948 1182 980 vel
1217 947 1375 990 acquisita
1411 953 1585 991 suppetant
1621 948 1750 988 indicia,

1010 1010 1092 1042 quae
1119 1000 1157 1032 ad
1183 1006 1349 1043 capturam
1387 1001 1626 1034 decernendam
1663 1001 1750 1034 suffi-

1009 1063 1082 1085 cere
1107 1053 1285 1093 videantur‚
1314 1059 1389 1086 tune
1414 1054 1500 1087 idem
1525 1054 1620 1087 iudex
1648 1055 1751 1088 eccle-

1008 1105 1153 1139 siasticus
1187 1117 1223 1139 ex
1261 1106 1379 1147 officio,
1415 1118 1450 1140 ac
1487 1108 1619 1141 nemine
1655 1108 1751 1141 etiam

1008 1159 1205 1202 requirente,
1233 1160 1259 1193 si
1296 1160 1490 1204 delinquens
1529 1161 1569 1194 sit
1604 1161 1751 1200 clericus,

1009 1213 1056 1244 sin
1080 1222 1155 1246 vero
1182 1213 1298 1253 laicus,
1325 1219 1496 1257 postquam
1523 1225 1540 1246 a
1565 1214 1654 1247 curia
1678 1224 1751 1247 sac-

1008 1266 1108 1298 culari
1134 1266 1308 1309 requisitus
1327 1267 1435 1307 suerit,
1455 1267 1514 1300 ad²
1530 1267 1632 1310 ipsius
1651 1266 1750 1300 delin-

1009 1318 1138 1362 quentis
1177 1320 1410 1353 extractionem
1448 1320 1487 1353 ab
1523 1321 1659 1354 ccclesia
1696 1331 1752 1355 seu

1008 1373 1079 1406 loeo
1106 1372 1253 1414 immuni,
1279 1372 1455 1416 implorato
1489 1374 1582 1406 etiam
1615 1374 1653 1407 ad
1679 1374 1750 1415 hoc,

1009 1431 1168 1469 quatenus
1193 1437 1276 1470 opus
1300 1427 1354 1467 sit,
1381 1427 1500 1461 auxilio
1533 1428 1657 1461 brachii
1683 1439 1752 1462 sae-

1008 1480 1145 1520 cularis,
1166 1485 1197 1512 et
1217 1491 1290 1513 cum
1316 1481 1495 1514 interventu
1522 1492 1682 1524 personae
1701 1492 1752 1514 ec-

1008 1533 1208 1566 clesiasticae
1226 1535 1265 1566 ab
1284 1534 1436 1577 episcopo
1463 1534 1679 1577 deputandae,
1699 1534 1750 1568 de-

1008 1586 1120 1620 venire
1147 1592 1315 1628 teneatur·,
1338 1592 1584 1632 extractumque
1603 1590 1640 1622 ad
1667 1599 1750 1629 suos,

1009 1640 1035 1672 si
1063 1640 1121 1672 tuti
1148 1645 1181 1673 et
1205 1641 1309 1673 securi
1336 1640 1471 1681 suerint,
1498 1641 1547 1674 sin
1580 1642 1687 1674 minus
1712 1641 1751 1674 ad

1009 1703 1045 1725 cu
1053 1693 1117 1726 riae
1132 1693 1307 1727 saecularis
1326 1704 1472 1727 carceres
1487 1695 1677 1738 adsportari‚
1693 1695 1749 1727 ibi-

1009 1756 1072 1789 que
1098 1746 1157 1779 sub
1183 1749 1251 1779 tuta
1276 1747 1421 1780 custodia
1446 1747 1584 1781 detineri
1608 1753 1700 1782 curet
1720 1752 1752 1781 et

1009 1799 1113 1833 saciat.

1052 1853 1066 1896 ξ
1092 1852 1122 1885 8.
1145 1865 1157 1884 «
1176 1852 1236 1885 Ubi
1254 1853 1348 1887 vero³
1365 1864 1402 1886 ex
1419 1863 1574 1897 processu
1600 1854 1750 1888 informa-

1010 1906 1072 1940 tivo
1097 1906 1238 1950 desuper
1262 1906 1463 1940 conficiendo
1489 1908 1595 1951 quoad
1621 1908 1753 1952 inquisi-

1010 1965 1076 1992 tum
1097 1960 1241 1992 nondum
1260 1960 1509 1993 condemnatum
1528 1961 1630 1994 dictus
1655 1961 1751 1994 iudex

1010 2012 1248 2046 ecclesiasticus
1275 2024 1312 2047 ex
1345 2014 1511 2057 acquisitis
1543 2025 1596 2047 seu
1630 2015 1753 2047 submi-

1009 2065 1152 2099 nistratis
1188 2066 1315 2099 indiciis
1353 2067 1393 2100 ad
1431 2072 1588 2100 torturam
1628 2073 1751 2100 tantum

1010 2119 1244 2153 sufficientibus
1269 2119 1308 2152 ab
1333 2125 1475 2154 extracto
1502 2120 1713 2154 homicidium
1734 2130 1751 2153 a

1010 2172 1178 2215 praedicta
1217 2173 1383 2207 Benedicti
1424 2174 1685 2217 praedecessoris
1722 2179 1752 2207 et

1011 2226 1071 2260 hac
1107 2228 1217 2259 nostra
1257 2227 1544 2260 constitutionibus
1582 2233 1751 2271 exceptum

1010 2284 1173 2322 patratum
1198 2279 1297 2312 fuisse
1322 2280 1554 2322 cognoverit⁴,
1579 2281 1618 2314 ad
1645 2281 1751 2314 decla-

1010 2332 1181 2373 rationem,
1208 2333 1294 2376 quod
1320 2333 1441 2366 scilicet
1466 2334 1504 2367 de
1531 2343 1605 2366 casn
1630 2333 1674 2366 ita
1698 2344 1751 2366 ex-

1010 2391 1103 2429 cepto
1129 2390 1264 2427 constet,
1290 2386 1538 2429 progrediatur,
1562 2391 1751 2420 extractum-

1045 2475 1056 2501 1
1081 2475 1199 2503 Pessime
1220 2475 1286 2502 edit.
1304 2475 1384 2502 Main.
1407 2475 1470 2510 legit
1490 2476 1627 2504 recitatae
1645 2477 1684 2510 (a.
1701 2477 1748 2510 τ.).

1045 2520 1061 2545 2
1080 2519 1148 2546 Male
1168 2519 1233 2546 edit.
1255 2519 1334 2546 Main.
1355 2519 1422 2553 legit
1442 2528 1474 2547 ac
1495 2528 1542 2554 pro
1562 2520 1600 2546 acl
1620 2521 1720 2554 (a.T.).

1044 2563 1060 2590 3
1080 2563 1147 2589 ibid.
1171 2564 1184 2598 ἓ
1205 2563 1236 2590 13
1258 2572 1318 2598 pag.
1340 2563 1374 2590 34
1394 2564 1408 2590 b
1428 2568 1467 2597 (tt.
1486 2566 1535 2598 T.).

1044 2609 1059 2635 lo
1080 2608 1145 2635 Male
1166 2608 1229 2635 edit.
1252 2608 1332 2635 Main.
1354 2607 1419 2643 legit
1439 2609 1623 2644 coyuovercne
1644 2616 1682 2644 tn.
1697 2610 1747 2645 τ’.)Δ
