2232 3178
29 214 77 242 An.
91 211 120 240 G.
142 208 208 238 1738

92 379 102 406 g
115 378 136 399 8.

61 407 89 427 De
112 403 201 430 capitulo

30 432 118 459 generati
141 433 203 451 iuter-

29 459 102 481 medio.

827 204 969 229 CLEMENS
993 203 1038 227 ΧΠ
1062 203 1113 227 ΡΡ.

213 265 265 296 per
286 258 396 286 secreta
418 255 555 294 suffragia
579 254 812 285 determinentur
835 253 955 284 calculis

214 304 288 335 albis
311 308 339 334 et
362 304 464 342 nigris.

251 362 272 383 1.
295 352 388 391 Cum,
412 353 526 382 favente
554 352 629 390 Deo,
654 352 753 392 plures
782 352 840 381 sint
873 355 955 381 extra

213 401 383 441 Hispaniam
406 401 557 431 institutae
580 401 767 440 provinciae,
798 405 826 430 et
849 400 884 430 ad
917 401 956 430 se-

214 450 298 480 licius
320 450 494 489 faciliusque
517 450 634 480 Ordinis
656 450 786 488 regimen
810 449 864 479 sub
888 449 954 479 uni-

214 504 271 530 tate
294 500 380 530 unius
403 500 506 539 capitis
529 499 679 538 bipartitio
702 500 775 529 sacta
807 499 895 529 fuerit
927 503 956 528 et

213 549 364 585 instituta,
396 552 427 578 ut
455 548 484 577 in
517 548 653 578 omnibus
689 552 814 586 utraque
846 547 955 576 familia

213 597 401 635 dignoscatur
423 597 554 636 aequalis
577 601 605 627 et
627 596 661 626 ad
680 596 895 636 praescriptum
913 605 958 625 re-

213 646 297 684 gulae
326 645 361 675 de
391 645 519 675 triennio
549 646 578 675 in
607 645 768 675 triennium
791 644 957 674 celebretur

213 694 373 734 capitulum
396 694 552 732 generale,
576 695 652 733 quod
683 694 799 733 quidem
823 694 902 723 iuxta
925 693 958 723 il-

213 743 270 773 lius
293 747 423 773 tenorem
447 752 562 782 semper
584 743 763 773 celebratum
787 743 859 780 suit,
883 743 958 772 itaut

213 792 307 821 solum
330 791 365 821 de
389 791 531 821 sexennio
553 791 583 821 in
608 792 812 829 sexenniu1n¹,
837 795 864 821 et
894 795 958 830 post

213 841 373 872 triennium
396 841 483 870 huius
506 840 627 879 capituli
650 840 767 870 electiri
801 840 878 869 aliud
911 849 958 869 ca-

213 890 338 930 pitulum
361 890 496 928 generale
514 914 521 927 ,
545 889 621 929 quod
655 889 689 919 ab
721 889 805 918 initio
838 893 958 918 vocatur

213 939 434 970 intermedium:
446 939 485 969 ita
498 939 586 969 etiam
602 942 736 969 servetur
752 939 956 977 imposterum,

214 988 268 1018 hoc
292 988 353 1018 solo
383 988 572 1024 discrimine,
596 987 673 1027 quod
706 987 866 1026 capitulum
901 987 959 1017 ele-

214 1036 336 1075 ctivum,
354 1037 388 1066 de
407 1037 547 1066 sexennio
569 1037 599 1066 in
620 1037 793 1066 sexennium
810 1036 959 1066 celebran-

214 1085 294 1122 dum,
318 1085 475 1124 capitulum
498 1085 634 1123 generale
646 1085 764 1115 Ordinis
783 1090 913 1123 vocetur,
931 1090 959 1115 et

215 1134 379 1174 capitulum
404 1135 612 1165 intermedium
635 1135 729 1164 solum
749 1134 913 1164 celebretur
929 1134 957 1164 in

216 1185 252 1214 ea
274 1184 408 1222 familia,
433 1193 472 1213 ex
503 1194 558 1224 qua
591 1184 621 1214 in
651 1184 780 1223 capitulo
811 1184 959 1222 generalis

215 1230 334 1262 Ordinis
357 1232 578 1263 commissarius
607 1233 754 1271 generalis
770 1233 878 1262 electus
898 1233 959 1261 sue·

215 1285 282 1318 rat3
315 1282 416 1321 sicque
450 1281 649 1312 verificabitur
678 1281 754 1321 quod
787 1291 903 1320 semper
924 1281 959 1311 de

216 1330 344 1360 triennio
366 1340 396 1360 ln
420 1330 581 1360 triennium
604 1331 722 1370 aliquod
738 1331 897 1370 capitulum
913 1340 960 1369 ge-

215 1379 316 1409 nerale
339 1378 504 1409 celebretur
527 1380 556 1409 in
578 1379 699 1409 Ordine.

256 1437 286 1458 11.
311 1428 476 1468 Capitulum
499 1429 627 1459 ministri
641 1428 787 1467 generalis
803 1428 958 1459 electivum

217 1486 333 1517 semper
356 1477 499 1507 celebrari
529 1477 615 1507 dehet
644 1478 722 1507 intra
755 1477 895 1507 familiam
924 1487 959 1507 ex

217 1535 273 1565 qua
297 1526 431 1556 minister
453 1526 600 1565 generalis
623 1525 736 1565 spirat,
760 1527 807 1556 cui
830 1527 959 1557 familiae

217 1575 428 1614 correspondet
450 1575 609 1605 celebratio
638 1575 729 1606 futuri
763 1576 883 1615 capituli
912 1586 961 1614 ge-

217 1624 326 1653 neralis
348 1624 536 1661 intermedii,
560 1629 592 1655 ut
614 1625 656 1654 sic
678 1634 849 1664 supremum
873 1629 960 1664 caput

216 1672 369 1711 religionis
392 1683 543 1713 nunquam
567 1683 674 1704 munus
697 1683 782 1704 suum
806 1674 890 1704 finiat
912 1684 960 1704 ex-

217 1726 260 1752 tra
283 1722 424 1752 familiam
448 1732 540 1752 suam.

257 1779 298 1801 111.
323 1770 490 1811 Capitulum
513 1772 650 1810 generale
673 1772 880 1803 intermedium
913 1783 959 1803 ce-

217 1818 324 1850 lebrari
357 1819 443 1850 debet
475 1820 555 1850 iuxta
589 1821 721 1859 regulam
748 1821 866 1851 sabbato
893 1826 960 1852 ante

218 1873 351 1908 quartam
375 1869 552 1899 dominicam
577 1874 641 1909 post
670 1870 798 1908 Pascha,
835 1875 863 1901 et
896 1876 961 1911 post

217 1917 379 1949 triennium
402 1928 416 1948 a
440 1919 487 1949 die
510 1919 719 1950 celebrationis
741 1921 859 1960 capituli
874 1930 961 1959 gene-

217 1967 288 1997 ralis
311 1967 430 1998 Ordinis
452 1968 529 1999 intra
552 1970 700 2009 propriam
723 1970 862 1999 familiam
878 1973 959 1999 extra

217 2016 314 2046 curias
345 2017 513 2057 principum
550 2018 580 2048 in
613 2020 699 2048 domo
728 2018 913 2057 designanda
944 2030 958 2049 a

218 2066 350 2105 praeside
373 2066 512 2106 capituli,
537 2067 586 2106 qui
609 2076 726 2106 semper
749 2067 804 2097 erit
826 2068 962 2098 commis-

219 2114 314 2144 sarius
341 2115 488 2153 generalis
516 2115 665 2154 familiae,
689 2116 746 2146 nisi
776 2116 852 2146 intra
881 2117 960 2146 illam

219 2166 247 2193 et
268 2168 348 2194 extra
372 2165 519 2204 propriam
548 2165 686 2195 familiam
720 2165 796 2195 adsit
827 2165 962 2196 minister

218 2213 362 2251 generalis
385 2213 519 2251 Ordinis,
544 2218 572 2244 et
603 2214 728 2244 voluerit
752 2214 916 2254 praesidere
932 2215 961 2245 in

219 2261 295 2292 dicto
317 2262 445 2301 capitulo
469 2262 656 2292 intermedio.

258 2319 296 2340 ιν.
319 2310 348 2341 Si
364 2311 478 2341 stante²
494 2315 624 2351 tempore
640 2311 760 2351 capituli
785 2321 901 2352 praeses
919 2312 963 2343 in-

221 2358 367 2398 firmetur,
381 2364 475 2400 potest
490 2360 607 2391 differre
624 2360 785 2400 capitulum
803 2371 854 2400 per
871 2371 961 2391 unum

220 2417 349 2440 mensem
373 2414 498 2447 tantum,
523 2420 580 2450 quo
603 2410 713 2449 elapso,
738 2410 760 2440 si
784 2410 878 2440 adhuc
901 2411 962 2441 sue-

221 2457 258 2488 rit
281 2458 456 2498 impeditus,
481 2459 525 2489 vel
548 2459 571 2489 si
595 2463 771 2498 congregato
801 2459 858 2489 iam
886 2460 964 2500 capi-

256 2520 270 2548 1
291 2521 404 2549 Videtur
423 2522 519 2550 deesse
546 2522 703 2552 celebretur
722 2523 881 2558 capitulum
904 2522 962 2551 ele-

221 2566 327 2595 clivum
346 2570 384 2601 (a.
401 2567 450 2601 τ.).

255 2611 272 2638 2
292 2611 383 2640 Potius
403 2613 462 2648 lege
480 2613 609 2641 instante
629 2613 669 2648 (a.
685 2613 735 2648 Τ.).

998 252 1058 282 tulo
1087 252 1300 290 aegrotaverit,
1325 250 1490 290 praesideat
1522 249 1658 279 definitor
1691 258 1740 286 ge-

998 301 1106 331 neralis
1129 300 1256 330 familiae
1279 304 1346 329 actu
1370 299 1450 339 prior
1472 299 1548 328 inter
1571 298 1654 327 alios.

1038 358 1065 379 v.
1091 349 1133 379 Ad
1164 348 1333 379 huiusmodi
1363 347 1485 387 capituli
1514 346 1742 377 celebrationem

1000 407 1051 437 per
1083 407 1150 428 suas
1184 398 1297 428 litteras
1330 397 1548 427 convocatorias
1581 404 1742 425 convocare

999 447 1102 481 debet,
1127 451 1155 477 et
1176 447 1302 476 invitare
1327 456 1377 486 per
1400 446 1582 476 invitatorias
1609 444 1744 484 superior

999 496 1144 534 generalis
1167 496 1294 526 familiae
1317 505 1417 526 omnes
1437 495 1485 534 qui
1503 503 1679 524 concurrere
1694 492 1744 523 de—

1000 544 1071 574 bent
1094 549 1122 574 et
1146 549 1292 583 possunt,
1317 554 1350 574 eo
1374 544 1458 574 modo
1481 553 1538 582 quo
1561 543 1670 572 dictum
1700 545 1743 571 est

999 593 1033 622 de
1050 593 1179 632 capitulo
1195 593 1324 631 generali
1341 593 1471 629 Ordinis,
1493 593 1521 621 in
1539 591 1636 630 aliquo
1653 590 1742 620 ann0¹

1000 641 1036 671 sit
1059 641 1175 671 futurus
1198 651 1314 681 praeses
1337 641 1456 681 capituli
1481 640 1661 670 intermedii.

1039 699 1078 720 vt.
1102 690 1134 720 ln
1157 691 1285 730 capitulo
1308 691 1484 720 intermedio
1507 690 1678 728 suffragium
1695 688 1744 718 ha-

1000 739 1069 770 bere
1101 740 1210 770 debent
1247 741 1381 770 minister
1413 740 1579 778 generalis,
1614 739 1638 768 si
1670 738 1744 768 adsit

1000 789 1133 827 superior
1156 789 1302 827 generalis
1325 789 1469 825 familiae,
1501 788 1670 818 definitores
1695 796 1744 825 ge-

1001 838 1116 867 nerales
1146 838 1250 876 illius,
1286 838 1412 867 ministri
1445 837 1664 877 provinciales,
1700 835 1744 865 vel

1002 886 1103 916 vicarii
1135 886 1331 926 provinciales
1364 886 1521 924 eiusdem,
1557 885 1744 923 ministrique

1000 936 1129 966 actuales
1151 936 1303 966 domorum
1338 937 1502 974 vocalium,
1531 945 1605 975 quae
1638 935 1667 965 in
1699 943 1746 964 ca-

1002 984 1095 1023 pitulo
1117 985 1247 1023 generali
1268 984 1385 1015 OrdiniS
1408 985 1578 1023 designatae
1611 982 1743 1016 suerint,

1002 1038 1032 1063 ut
1049 1042 1149 1063 earum
1169 1034 1307 1072 ministri,
1329 1034 1410 1064 finito
1427 1034 1577 1069 sexennio,
1596 1032 1668 1062 socii
1684 1032 1745 1061 sint

1002 1081 1036 1111 ad
1059 1082 1222 1121 capitulum
1244 1082 1381 1121 generale
1404 1082 1541 1118 Ordinis,
1566 1081 1674 1121 quippe
1693 1080 1747 1109 mi-

1002 1131 1087 1160 nistri
1111 1132 1279 1161 huiusmodi
1299 1132 1452 1161 domorum
1473 1131 1506 1161 ad
1524 1131 1683 1170 capitulum
1702 1129 1746 1158 in-

1003 1181 1175 1211 termedium
1208 1180 1315 1211 debent
1348 1190 1550 1217 concurrere,
1585 1184 1612 1209 et
1645 1188 1747 1209 eorum

1003 1239 1189 1260 successores
1211 1230 1240 1259 in
1259 1230 1368 1260 eisdem
1386 1229 1520 1259 domibus
1537 1229 1570 1258 ad
1585 1228 1746 1267 capitulum

1002 1279 1138 1317 generale
1168 1278 1305 1316 Ordinis,
1340 1278 1416 1317 quod
1451 1278 1539 1307 etiam
1572 1276 1748 1313 intelligitur

1002 1328 1036 1357 de
1060 1327 1147 1357 sociis
1170 1328 1200 1357 in
1223 1327 1380 1357 defectum.
1403 1327 1556 1357 Praeterea
1574 1325 1747 1364 suffragium

1003 1375 1121 1406 babebit
1144 1376 1173 1406 in
1196 1376 1251 1406 hoc
1284 1376 1412 1415 capitulo
1441 1375 1638 1413 intermedio,
1671 1375 1747 1404 intra

1004 1424 1185 1464 Hispaniam,
1207 1429 1378 1465 procurator
1400 1424 1545 1462 generalis
1574 1423 1746 1463 Hispaniae,

1003 1478 1031 1503 et
1052 1477 1136 1504 extra
1148 1473 1329 1512 Hispaniam,
1347 1477 1520 1512 procurator
1537 1472 1684 1511 generalis
1694 1471 1748 1502 Or-

1003 1523 1081 1552 dinis
1104 1522 1134 1552 in
1158 1523 1291 1552 Romana
1313 1522 1420 1558 Curia;
1444 1521 1548 1551 deinde
1571 1521 1747 1551 secretarius

1003 1572 1148 1610 generalis
1171 1571 1331 1611 superioris
1363 1571 1509 1609 generalis
1537 1570 1680 1607 samiliae3
1715 1579 1747 1599 ac

1003 1621 1121 1650 demum
1145 1620 1195 1659 qui
1217 1630 1256 1650 ex
1279 1619 1380 1650 eadem
1405 1619 1517 1649 familia
1529 1619 1671 1658 assumpti
1688 1618 1749 1648 fue-

1004 1674 1068 1699 rant
1100 1669 1258 1709 aliquando
1289 1668 1455 1708 superiores
1483 1668 1637 1707 generales
1665 1667 1748 1698 Ordi-

1004 1719 1049 1749 nis
1073 1719 1119 1749 vel
1141 1718 1287 1755 familiae3
1312 1718 1351 1748 ita
1375 1722 1405 1748 ut
1428 1717 1457 1747 hi
1474 1727 1525 1756 pro
1544 1717 1639 1751 libito,
1658 1716 1749 1747 ceteri

1003 1772 1101 1799 autem
1118 1767 1171 1798 sub
1189 1768 1280 1807 poena
1305 1770 1462 1806 perpetuae
1480 1766 1664 1806 privationis,
1682 1773 1749 1795 con-

1004 1827 1123 1848 currere
1147 1821 1320 1854 teneantur,
1345 1816 1421 1846 sicut
1451 1816 1561 1846 dictum
1596 1819 1640 1846 est
1671 1815 1748 1845 circa

1004 1866 1165 1906 capitulum
1190 1865 1327 1904 generale
1350 1864 1480 1895 Ordinis.

1045 1924 1093 1945 vn.
1118 1915 1149 1945 In
1174 1914 1302 1954 capitulo
1324 1914 1498 1944 intermedio
1521 1913 1597 1943 cirea
1629 1922 1748 1953 praece-

1005 1967 1070 2003 pta,
1099 1963 1258 2001 scrutinia,
1288 1963 1461 1993 selectiones
1494 1962 1686 2000 eligibilium,
1717 1971 1750 1991 ac

1004 2017 1100 2042 cetera
1134 2012 1321 2052 praeambula
1338 2036 1345 2050 ‚
1370 2021 1402 2042 ea
1425 2012 1521 2041 omnia
1558 2010 1750 2041 observentur

1005 2072 1078 2102 quae
1101 2062 1196 2092 dictae
1216 2066 1336 2092 manent
1358 2061 1435 2092 circa
1469 2061 1631 2101 capitulum
1665 2070 1750 2099 gene-

1005 2113 1066 2142 rale
1089 2111 1218 2142 Ordinis.

1044 2171 1104 2192 vni.
1122 2161 1263 2201 Tempore
1282 2160 1403 2200 capituli
1422 2160 1542 2190 sedeant
1561 2159 1663 2190 ordine
1693 2168 1749 2199 quo

1005 2211 1148 2241 nominati
1176 2214 1264 2247 sunt,
1289 2214 1317 2239 et
1339 2210 1362 2239 si
1385 2219 1454 2239 casu
1469 2209 1479 2225 ²
1502 2208 1684 2244 occurrerit,
1719 2207 1749 2237 in

1005 2269 1062 2299 quo
1085 2268 1187 2289 recens
1210 2259 1323 2289 electus
1347 2267 1485 2297 praesens
1509 2257 1594 2287 fuerit
1617 2281 1624 2295 ,
1653 2256 1750 2286 sedeat

1005 2309 1175 2339 immediate
1209 2311 1273 2348 post
1310 2306 1545 2337 commissarium
1582 2306 1749 2344 generalem

1005 2358 1055 2398 qui
1089 2358 1202 2398 spirat,
1233 2361 1261 2387 et
1293 2357 1391 2387 statim
1425 2355 1596 2394 suffragium
1630 2354 1748 2391 lrabeat,

1005 2407 1139 2448 quamvis
1163 2407 1198 2437 de
1222 2415 1344 2445 corpore
1367 2405 1487 2444 capituli
1512 2413 1568 2434 non
1591 2403 1638 2434 sit.

1046 2466 1085 2487 1x.
1114 2456 1202 2486 Facta
1233 2455 1377 2485 electione
1410 2453 1572 2492 superioris
1605 2451 1749 2490 generalis

1006 2505 1153 2542 familiae,
1177 2514 1251 2544 quae
1282 2512 1397 2542 semper
1420 2502 1483 2532 sieri
1516 2501 1603 2532 debet
1636 2500 1751 2540 praedi-

1043 2566 1053 2592 1
1078 2563 1213 2599 Intelligat
1229 2563 1270 2589 vel
1287 2562 1404 2596 corrigat
1421 2561 1537 2597 quisque
1558 2559 1629 2586 scius
1645 2563 1683 2594 (R.
1697 2559 1747 2594 Τ.).

1041 2609 1056 2636 2
1078 2608 1170 2637 Potius
1190 2608 1247 2643 lege
1268 2615 1349 2634 casus
1369 2610 1407 2642 (n.
1422 2606 1471 2641 T.).

1631 190 1696 224 445
1744 199 1936 227 An.c.1738
