2232 3178
275 217 325 242 An.
346 216 375 242 c.
392 215 461 242 173ss
507 206 570 239 titi

466 264 626 302 redactum,
645 273 700 294 non
719 264 782 294 iure
805 264 1014 302 recognitionis
1033 264 1203 295 solvendum

464 321 543 349 csse,
568 313 615 342 sed
641 322 691 352 pro
721 313 798 342 omni
828 315 892 342 iure
924 313 1081 353 episcopali
1105 314 1203 344 deberi

465 362 682 400 archiepiscopo
716 362 893 391 Messanensi
927 367 955 392 et
984 363 1205 392 successoribus

465 411 536 447 suis,
561 411 720 439 secundum
744 410 899 448 quamdam
923 412 1107 441 concordiam
1132 412 1205 450 [igo-

465 460 510 487 nis
544 459 755 498 archiepiscopi
790 459 982 489 Messanensis
1015 470 1079 489 cum
1111 470 1203 499 rege3

465 508 628 536 successive
652 508 770 546 posthac
787 509 950 547 praetendit
966 510 1084 548 propria
1106 515 1205 540 aucto-

465 556 551 585 ritate
574 556 776 593 confugientes
805 557 840 586 ad
870 558 1009 586 ecclesias
1039 559 1205 589 archiman-

464 604 584 633 dritales
607 604 771 641 extrahere,
788 610 816 635 et
839 605 867 635 iu
893 606 1059 636 carceribus
1077 607 1203 637 detineri

464 652 497 681 ad
521 662 625 682 nomen
649 654 801 691 ecclesiae,
820 655 907 684 etiam
924 655 959 684 de
978 656 1113 686 mandato
1128 657 1204 686 eius-

463 701 550 737 de1n3
585 712 698 732 necnon
733 713 816 742 posse
850 703 964 733 litteras
995 704 1204 734 dimissoriales

463 750 524 780 suis
546 750 670 781 subditis
693 752 867 788 concedere,
893 753 961 781 item
986 762 1146 783 concursus
1168 754 1202 784 ad

463 799 603 829 beneficia
634 805 735 830 curata
770 810 852 840 posse
887 801 1063 838 instituere3
1087 802 1202 832 demum

462 849 640 879 directiones
662 850 912 889 dispensationum
937 854 965 879 et
987 851 1149 881 litterarum
1172 861 1202 881 a-

463 897 668 935 postolicarum
692 898 717 928 ei
742 908 824 937 posse
847 903 1024 938 competere.
1054 900 1202 929 Adversus

462 955 534 984 quas
556 947 674 985 quidem
699 947 919 985 praetensiones
936 948 1120 986 supradictus
1137 948 1201 978 illu-

461 994 624 1024 strissimus
656 1000 684 1025 et
717 996 978 1026 reverendissimus
1010 997 1145 1026 dominus
1167 997 1202 1026 de

462 1043 627 1079 Migliaccio
649 1043 886 1083 archiepiscopus
908 1044 1101 1074 Messanensis
1123 1045 1201 1074 dice-

461 1089 525 1119 bat:
557 1093 669 1130 primo,
694 1092 814 1121 minime
846 1093 1105 1122 archimandritam
1138 1102 1202 1123 esse

461 1139 646 1169 Ordinarium
664 1150 730 1170 cum
746 1143 882 1180 separata
904 1142 1029 1172 dioecesi
1049 1152 1081 1172 ac
1097 1143 1202 1172 distin-

461 1192 507 1217 cto
540 1189 689 1219 territorio
721 1194 749 1219 et
783 1199 849 1220 vere
886 1191 1018 1228 nullius3
1053 1192 1200 1229 secundo,

460 1246 580 1267 censum
610 1238 709 1268 deberi
732 1248 746 1268 a
770 1239 847 1269 dicto
876 1240 1078 1270 illustrissimo
1106 1242 1202 1271 archi-

460 1287 609 1316 mandrita
632 1287 730 1326 vigore
750 1288 926 1318 fundationis
949 1290 1089 1328 praedicti
1106 1291 1202 1320 archi-

460 1335 653 1366 mandritatus
682 1345 715 1366 ac
744 1337 934 1376 diplomatum
957 1339 1121 1376 regiorum;
1145 1344 1202 1369 ter-

460 1384 512 1421 tio,
537 1386 767 1424 recognitionem
795 1391 823 1417 et
845 1387 1072 1418 declarationem
1095 1389 1202 1418 immu-

460 1434 560 1464 nitatis
591 1435 807 1466 ecclesiasticae
830 1445 882 1475 pro
904 1437 1143 1475 confugientibus
1165 1439 1199 1468 ad

460 1482 600 1512 ecclesias
621 1483 908 1523 archimandritaleS,
925 1494 1084 1524 eorumque
1107 1490 1202 1516 extra·

460 1530 599 1569 ctionem,
625 1541 683 1561 non
708 1541 791 1571 posse
814 1537 945 1571 spectare
968 1533 1045 1563 dicto
1063 1534 1200 1564 illustris-

459 1578 533 1608 simo
556 1579 812 1617 archimandritae,
831 1581 881 1610 sed
899 1582 1040 1620 privative
1059 1583 1113 1612 hoc
1137 1593 1202 1623 per-

459 1627 554 1657 tinere
573 1628 607 1657 ad
624 1629 734 1658 dictum
751 1629 984 1660 illustrissimum
1007 1631 1201 1671 archiepisco-

458 1685 526 1715 pum
542 1677 756 1707 Messanensem
774 1682 922 1718 tamquam
946 1680 1111 1718 delegatum
1134 1691 1200 1721 apo-

457 1724 617 1763 stolicum;
641 1731 756 1764 quarto,
780 1727 891 1757 litteras
913 1728 1124 1758 dimissoriales
1147 1739 1200 1760 nec

458 1773 570 1811 pariter
588 1774 697 1804 dictum
721 1776 980 1806 archimandritam
997 1777 1058 1807 suis
1074 1777 1199 1808 subditis

457 1831 543 1861 posse
565 1823 724 1853 concedere
747 1825 1002 1864 respondebatur3
1026 1827 1139 1865 quinto,
1157 1827 1199 1857 in-

457 1871 581 1901 stituere
610 1881 771 1903 concursus
793 1874 828 1903 ad
851 1874 993 1904 beneficia
1016 1880 1116 1905 curata
1140 1886 1197 1906 non

458 1929 544 1959 posse
579 1922 771 1960 praetendere
800 1922 910 1962 absque
942 1925 1085 1963 expressa
1115 1924 1198 1954 Sedis

457 1969 643 2008 Apostolicae
666 1972 855 2002 concessione
871 1983 877 2010 ;
894 1977 986 2009 sexto,
1004 1974 1098 2013 quoad
1122 1974 1198 2004 dire-

458 2018 587 2048 ctionem
623 2019 874 2059 dispensationum
911 2022 1137 2061 apostolicarum
1171 2027 1199 2053 et

458 2067 623 2098 litterarum
647 2069 750 2099 Curiae
774 2070 938 2109 Romanae,
968 2072 1198 2111 respondebatur

457 2117 492 2146 ad
515 2126 545 2147 se
568 2122 702 2156 spectare
725 2123 781 2148 tam
799 2119 943 2158 privative
966 2121 1060 2159 quoad
1083 2130 1196 2151 omnes.

457 2166 513 2196 Pro
548 2167 654 2206 quibus
690 2168 845 2198 fulciendis
884 2170 1124 2208 responsionibus
1163 2180 1197 2200 ex

457 2219 539 2254 parte
573 2216 644 2246 dicti
678 2217 870 2247 illustrissimi
903 2222 931 2248 et
960 2219 1197 2249 reverendissimi

457 2264 673 2304 archiepiscopi
706 2266 899 2296 Messanensis
934 2268 1076 2297 nonnulla
1112 2268 1199 2298 docu-

456 2317 571 2349 menta,
595 2314 710 2344 decreta
743 2323 843 2345 sacrae
870 2315 1129 2354 Congregationis⁷
1154 2326 1198 2346 ca-

457 2372 561 2401 nones,
586 2364 749 2403 scripturae
771 2368 799 2394 et
817 2365 873 2394 alia
896 2364 1068 2394 favorabilia
1092 2366 1199 2404 allega-

456 2411 565 2442 bantur
586 2417 614 2442 et
637 2412 807 2452 plenissime
830 2413 1062 2443 adducebantur.
1081 2414 1116 2444 At
1139 2419 1197 2444 tam

457 2460 553 2491 dictus
575 2461 790 2492 illustrissimus
812 2466 840 2492 et
863 2462 1126 2493 reverendissimus
1148 2462 1199 2492 do-

458 2510 556 2540 minus
584 2510 615 2540 Ι).
641 2510 743 2550 loseph
766 2511 928 2549 Migliaccio
960 2511 1198 2551 archiepiscopus

457 2559 669 2598 messanensis,
694 2570 781 2600 quam
805 2560 901 2591 dictus
923 2560 1142 2591 illustrissimus
1165 2570 1198 2591 ac

457 2609 722 2641 reverendissimus
744 2610 883 2642 dominus
905 2610 934 2641 D.
953 2610 1061 2642 Silvius
1082 2610 1197 2642 Valenti

1039 216 1222 241 BULLARIUM
1247 217 1403 242 ROMANUM

1248 265 1380 304 Gonzaga
1406 266 1632 296 archimandrita
1657 267 1757 298 itidem
1781 267 1984 305 Messanensis,

1248 316 1324 344 serio
1346 315 1423 345 inter
1445 325 1474 345 se
1497 316 1670 346 meditantes
1686 327 1771 356 quam
1788 317 1929 347 absonum
1949 317 1985 347 sit

1248 363 1283 392 ab
1305 364 1501 393 ecclesiastica
1535 365 1691 404 disciplina
1723 370 1751 395 et
1787 367 1984 405 praelatorum

1248 412 1388 449 dignitate
1422 413 1488 442 lites
1523 414 1630 450 fovere,
1653 424 1702 443 eas
1726 415 1881 454 praecipue
1912 424 1986 454 quae

1247 461 1410 500 simplicem
1434 462 1667 491 iurisdictionem
1692 463 1863 502 respiciunt,
1884 473 1897 493 a
1922 464 1986 502 qui-

1248 510 1301 539 bus
1324 511 1478 540 innumera
1512 511 1687 540 detrimenta
1721 516 1749 541 et
1781 512 1930 550 scandala,
1955 517 1986 542 ut

1246 563 1428 597 compertum
1444 564 1499 597 est,
1518 560 1634 598 prodire
1653 560 1758 598 solent,
1776 570 1849 600 quae
1873 561 1986 600 praela-

1247 612 1340 638 torum
1378 608 1512 638 charitati
1546 613 1574 638 et
1606 608 1786 638 subditarum
1820 610 1984 639 animarum

1247 657 1383 694 regimini
1406 662 1472 686 sunt
1497 657 1713 696 quammaxime
1736 657 1860 693 infensa,
1884 658 1985 687 sedulo

1246 714 1346 734 eorum
1370 706 1498 735 animum
1522 705 1726 744 applicuerunt
1749 705 1783 735 ad
1807 705 1985 735 dirimendas

1246 755 1322 793 lites,
1342 759 1370 784 et
1392 755 1426 784 ad
1452 765 1550 794 pacem
1574 755 1867 794 benevolentiamque
1889 756 1987 785 conci-

1246 804 1388 841 liandam,
1414 803 1620 833 accedentibus
1643 813 1758 843 quoque
1790 803 1824 833 ad
1856 803 1910 833 hoc
1933 812 1985 843 pro

1246 852 1392 881 fulcienda
1415 862 1447 881 ex
1473 853 1597 890 utraque
1628 856 1708 890 parte
1742 852 1791 881 lite
1819 852 1985 881 innumeris

1245 900 1411 938 sumptibus
1433 905 1461 929 ct
1490 900 1578 930 dubio
1601 900 1661 929 litis
1681 905 1798 938 eventu,
1822 900 1856 929 de
1886 909 1985 939 prom-

1246 949 1333 987 ptiori
1368 949 1466 978 animo
1489 949 1740 987 deliberaverunt,
1771 954 1882 978 remoto
1905 949 1983 978 omni

1245 997 1369 1035 strepitu
1393 1002 1419 1026 et
1444 997 1537 1035 figura
1559 998 1702 1035 iudiciali,
1726 997 1905 1027 differentias
1927 997 1983 1027 iam

1245 1046 1339 1075 dictas
1361 1056 1555 1086 componere,
1580 1051 1607 1076 et
1629 1047 1767 1085 rationes,
1800 1047 1862 1076 iura
1886 1051 1914 1076 et
1936 1047 1986 1076 do-

1244 1099 1378 1124 cumenta
1403 1095 1558 1134 utriusque
1581 1095 1671 1134 partis
1695 1095 1820 1132 visioni,
1845 1095 1984 1125 revisioni

1244 1148 1273 1173 et
1296 1144 1525 1173 considerationi
1545 1144 1723 1182 sapientium
1746 1148 1774 1173 et
1796 1143 1984 1183 prudentium

1246 1192 1375 1222 virorum
1398 1193 1426 1222 in
1451 1194 1574 1232 utraque
1597 1193 1670 1222 iuris
1693 1195 1818 1222 censura
1840 1193 1986 1223 consulto-

1244 1251 1308 1271 rum
1327 1242 1512 1271 committere
1529 1246 1556 1271 et
1572 1242 1787 1272 commendare.
1811 1242 1983 1281 Eapropter,

1244 1290 1427 1320 considentes
1450 1290 1484 1320 de
1507 1290 1691 1328 integritate,
1715 1290 1793 1327 zelo,
1827 1289 1984 1330 prudentia

1244 1339 1398 1378 doctrina,
1433 1339 1594 1379 probitate,
1629 1339 1810 1378 aliarumque
1842 1339 1982 1369 virtutum

1244 1389 1356 1419 meritis
1380 1389 1536 1419 admodum
1559 1389 1711 1419 reverendi
1731 1388 1854 1425 abbatis,
1884 1398 1984 1418 sacrae

1244 1437 1407 1476 theologiae
1427 1442 1454 1467 et
1476 1438 1548 1467 iuris
1571 1437 1724 1477 utriusque
1747 1437 1874 1467 doctoris
1892 1437 1924 1467 D.
1942 1437 1984 1467 Io-

1243 1487 1315 1526 seph
1338 1486 1495 1525 Bughotti,
1520 1487 1674 1516 assessoris
1697 1486 1837 1516 ordinarii
1861 1495 1983 1524 magnae

1243 1535 1342 1564 curiae
1371 1534 1645 1574 archiepiscopalis,
1681 1543 1793 1564 necnon
1829 1534 1983 1573 utriusque

1242 1584 1316 1614 iuris
1349 1583 1479 1614 doctoris
1511 1583 1542 1613 D.
1571 1583 1704 1613 Andreae
1738 1583 1880 1612 Mendolia
1919 1583 1982 1612 fisci

1243 1633 1357 1672 patroni
1393 1642 1516 1671 magnae
1551 1633 1651 1663 curiae
1686 1632 1981 1670 archimandritalis,

1242 1690 1355 1711 necnon
1380 1681 1452 1711 iuris
1476 1681 1628 1720 utriusque
1651 1681 1780 1711 doctoris
1807 1681 1839 1710 D.
1864 1681 1982 1710 Franci-

1242 1730 1282 1759 sci
1316 1730 1478 1769 Campagna
1511 1730 1664 1768 utriusque
1701 1729 1801 1759 curiae
1839 1729 1982 1759 ordinarii

1241 1779 1419 1818 assessoris,
1443 1779 1552 1808 eisdem
1586 1778 1796 1808 commiserunt
1829 1782 1860 1808 ut
1893 1778 1980 1808 simul

1241 1828 1399 1858 concordes
1422 1827 1562 1867 quidquid
1592 1826 1763 1857 benevisum
1793 1831 1821 1856 et
1850 1827 1982 1866 ipsismet

1241 1876 1333 1914 magis
1361 1876 1523 1916 proficuum
1547 1885 1598 1915 pro
1621 1875 1819 1905 conservanda
1851 1875 1880 1905 in
1916 1884 1983 1914 per·

1241 1929 1359 1964 petuum
1383 1934 1452 1964 pace
1475 1929 1502 1954 et
1525 1925 1627 1954 mutua
1648 1923 1854 1954 benevolentia
1870 1924 1983 1954 videre-

1242 1978 1287 2003 tur
1309 1982 1397 2013 super
1420 1973 1589 2012 praemissis
1606 1982 1782 2012 componere
1798 1977 1826 2003 et
1842 1977 1980 2008 statuere,

1241 2028 1268 2053 et
1291 2023 1366 2063 quod
1390 2023 1565 2061 resolutum,
1586 2023 1793 2053 concordatum
1817 2027 1845 2053 et
1867 2032 1983 2063 compo-

1241 2073 1328 2102 situm
1351 2072 1449 2108 fuerit,
1467 2071 1502 2101 ab
1525 2071 1633 2102 eisdem
1657 2071 1864 2102 illustrissimis
1886 2075 1915 2102 et
1936 2081 1982 2102 re-

1241 2121 1460 2151 verendissimis
1482 2121 1611 2151 dominis
1633 2120 1854 2160 archiepiscopo
1884 2125 1912 2150 et
1935 2129 1980 2151 ar-

1241 2170 1435 2200 chimandrita
1459 2169 1607 2199 observari
1630 2173 1658 2198 et
1679 2169 1845 2208 adimpleri,
1862 2178 1895 2199 ac
1917 2178 1982 2208 per-

1242 2224 1362 2258 petuum
1385 2219 1535 2249 silentium
1559 2219 1588 2248 in
1612 2218 1780 2248 huiusmodi
1803 2218 1982 2257 quaestioni-

1241 2268 1294 2297 bus
1317 2267 1475 2306 interponi.
1491 2267 1545 2297 Sed
1568 2266 1740 2296 adveniente
1762 2276 1855 2306 nuper
1876 2267 1982 2296 Messa—

1240 2326 1306 2353 nae,
1330 2315 1493 2346 studiorum
1517 2325 1637 2345 suorum
1660 2315 1879 2345 lucubrationes
1903 2315 1979 2355 typis

1241 2365 1374 2395 tradendi
1398 2365 1499 2399 causa,
1524 2364 1725 2394 illustrissimo
1747 2368 1775 2394 et
1797 2364 1981 2394 reverendis—

1241 2414 1315 2444 simo
1344 2413 1460 2444 domino
1490 2413 1610 2453 losepho
1633 2413 1722 2443 Maria
1745 2413 1902 2443 Perimezzi
1929 2412 1981 2443 Or—

1241 2463 1318 2493 dinis
1341 2463 1527 2493 Miuimorum
1551 2464 1644 2493 sancti
1659 2459 1807 2493 Francisci
1830 2463 1864 2492 de
1880 2462 1978 2497 Paula,

1240 2512 1419 2542 sanctissimi
1454 2511 1563 2542 domini
1603 2511 1698 2542 nostri
1733 2511 1882 2542 Benedicti
1918 2510 1980 2541 XIII

1242 2560 1370 2601 praelato
1394 2560 1553 2591 domestico
1582 2570 1614 2591 ac
1642 2560 1792 2600 pontificio
1819 2559 1890 2590 solio
1920 2559 1981 2600 epi·

1241 2620 1328 2651 scopo
1350 2611 1528 2649 assistente‚
1552 2614 1668 2641 sanctae
1691 2610 1866 2650 Oppidensis
1889 2609 1981 2641 eccle-

1993 219 2043 245 Αη.
2065 218 2092 246 C.
2111 219 2177 248 ¹736
