2232 3178
39 215 88 242 an.
103 213 132 239 C.
153 210 219 239 ¹737

230 258 291 292 tiae
327 257 517 292 existentem
534 286 541 300 ,
567 266 727 304 perpetuo
763 262 914 295 unientes
941 268 972 295 et

229 311 465 352 adnectentes,
503 313 692 356 provinciali
730 325 789 358 pro
827 321 993 358 tempore¹

229 366 390 409 praefatae
427 367 614 410 provinciae
652 369 828 402 Hiberniae
866 370 972 402 futuro

229 419 418 452 facultatem
446 431 576 463 quoque
603 422 781 465 deputandi
815 423 970 454 vicarium

230 471 464 515 provincialem
486 474 671 516 praedictae
690 475 876 518 provinciae
897 475 973 507 Sco-

230 525 291 557 tiae
333 530 364 558 et
403 525 548 568 priorem
591 527 748 570 praedicti
793 534 971 560 conventus

228 577 439 621 Edemburgi,
460 581 573 613 eadem
594 581 781 614 auctoritate
796 582 972 625 apostolica

229 630 400 665 tribuimus
425 638 456 665 et
482 633 696 677 impertimur.

55 697 152 727 priimum
171 700 217 720 pm-
273 684 287 728 §
313 685 342 718 6.
368 685 524 729 Insuper,
553 698 610 730 pro
646 688 705 721 bac
738 688 806 721 vice
835 693 970 728 tantum,

41 724 158 772 5¹:12⁰:ssssss
174 726 335 771 ssi-ffeidem
363 739 547 782 provinciae
570 741 607 774 de
626 741 753 774 idoneis
773 742 883 785 priore
903 752 971 785 pro-

40 780 68 799 ¹¹'
231 791 359 825 vinciali
397 797 429 825 et
465 792 694 826 definitoribus
719 794 890 837 providere
916 805 971 827 vo-

228 845 357 886 lentes,
384 856 420 878 ac
453 846 492 879 de
529 846 811 889 infrascriptorum
839 848 970 880 fratrum

229 908 383 942 expresse
409 899 630 942 professorum
657 900 745 940 fide,
771 902 968 944 prudentia,

227 952 397 993 charitate,
425 953 628 996 integritate,
651 955 808 994 doctrina,
835 955 971 997 VIgilan-

229 1005 272 1037 tia
307 1011 338 1038 et
363 1005 530 1048 religionis
556 1008 624 1040 zelo
650 1008 827 1051 plurimum
853 1008 883 1040 in
910 1009 972 1041 Do-

227 1058 315 1092 mino
341 1058 474 1100 confisi,
503 1060 638 1093 dilectos
664 1061 747 1094 tilios
774 1062 970 1094 Mattliaeum

228 1122 245 1144 a
268 1112 298 1145 S.
324 1112 432 1146 Eliseo
451 1113 482 1145 in
498 1116 588 1146 sacra
607 1115 774 1158 theologia
793 1116 970 1155 doctorem,

228 1165 305 1198 alias
330 1166 430 1210 Lyon,
456 1167 485 1199 in
506 1167 650 1210 priorem
668 1169 915 1211 provincialem
936 1180 971 1202 ac

228 1219 393 1252 Simonem
419 1230 436 1252 a
460 1219 492 1253 S.
519 1220 616 1260 Stoc,
642 1221 721 1254 alias
748 1232 764 1254 a
790 1222 911 1260 Burtli,
940 1223 971 1255 in

229 1273 392 1317 primum,
419 1273 591 1306 Patricium
625 1285 641 1306 a
666 1274 696 1307 S.
725 1275 823 1308 Maria
849 1275 973 1318 Magda-

228 1326 322 1369 lena,
348 1327 428 1360 alias
454 1327 583 1368 Moans,
609 1327 641 1360 in
669 1328 861 1369 secundum,
886 1328 971 1362 laco-

228 1380 305 1413 bum
330 1390 347 1412 a
371 1379 559 1420 Nativitate‚
587 1381 666 1413 alias
692 1381 821 1421 Barnis,
849 1382 882 1414 in
909 1387 972 1414 ter-

231 1433 332 1473 tium,
370 1433 520 1466 Iacobum
558 1445 575 1466 a
610 1434 641 1467 S.
674 1434 855 1475 Tberesia,
892 1435 971 1468 alias

229 1486 422 1529 Pendergat,
442 1487 472 1519 in
488 1493 636 1530 quartum
656 1488 847 1521 definitores
866 1489 971 1522 dictae

230 1540 413 1584 provinciae
439 1540 484 1574 sic
508 1551 526 1574 a
551 1541 646 1574 nobis
673 1547 811 1582 erectae,
832 1543 870 1575 ad
894 1548 972 1575 tem-

230 1604 290 1638 pus
316 1605 381 1638 quo
408 1594 567 1628 eiusmodi
605 1595 709 1628 officia
735 1595 821 1629 iuxta
846 1597 973 1639 regula-

230 1649 278 1681 ria
317 1648 462 1681 eiusdem
502 1648 632 1682 Ordinis
669 1649 818 1682 instituta
855 1650 972 1683 durare

231 1707 479 1741 consueverunt,
506 1712 576 1734 cum
602 1702 754 1736 omnibus
781 1708 812 1736 et
836 1703 971 1745 singulis

231 1755 471 1799 praerogativis,
498 1756 786 1799 praeeminentiis,
813 1757 972 1790 facultati-

230 1808 313 1849 bus,
339 1808 555 1849 auctoritate,
580 1809 781 1853 privilegiis,
807 1811 917 1853 gratiis
943 1816 974 1844 et

231 1860 386 1902 indultis,
412 1874 449 1895 ac
475 1862 658 1896 honoribus
686 1869 717 1897 et
741 1864 898 1898 oneribus
923 1876 973 1898 so-

232 1914 298 1949 litis
325 1920 356 1949 et
381 1916 562 1956 consuetis,
587 1917 777 1950 auctoritate
804 1923 835 1950 et
861 1924 972 1952 tenore

233 1969 405 2012 praedictis
441 1970 671 2003 constituimus
704 1976 736 2003 et
768 1971 970 2015 deputamus.

233 2023 405 2056 Praeterea
441 2034 499 2067 pro
525 2024 672 2067 proximo
699 2025 804 2057 futuro
830 2025 973 2068 capitulo

234 2076 378 2119 generali
406 2077 554 2110 eumdem
580 2077 776 2111 Mattliaeum
803 2078 833 2110 in
862 2078 974 2111 defini-

233 2133 337 2162 torem
362 2130 558 2172 generalem,
584 2141 619 2163 ae
636 2131 809 2164 Patricium
828 2143 846 2164 a
864 2132 892 2165 S.
911 2132 973 2165 Ma-

233 2182 280 2216 ria
304 2183 492 2226 Magdalenzi
532 2183 564 2216 in
590 2183 751 2227 primum,
776 2196 811 2217 ac
837 2185 974 2219 dilectos

234 2235 359 2279 pariter
383 2235 467 2269 filios
493 2235 645 2270 loannem
672 2237 770 2271 Oneal
806 2238 838 2271 in
865 2250 974 2272 sccun-

236 2287 310 2320 dum
329 2289 465 2329 socium,
488 2299 616 2323 necnon
638 2289 845 2323 Guillelmum
863 2291 974 2336 Fleyrr

236 2340 268 2372 in
308 2341 460 2375 vicarium
501 2342 736 2386 provincialem
777 2344 900 2378 Scotiae
945 2352 975 2378 et

236 2393 379 2437 priorem
405 2401 582 2429 conventus
608 2396 827 2440 Edemburgi,
854 2407 889 2430 ac
919 2399 974 2432 Pe-

237 2451 320 2480 trum
337 2458 355 2480 a
371 2448 553 2492 Pendergat
571 2449 693 2482 socium
713 2455 745 2483 et
761 2451 975 2484 secretarium

238 2499 379 2534 eiusdem
404 2500 546 2541 Scotiae,
575 2503 688 2536 eadem
715 2503 905 2537 auctoritate
930 2504 974 2538 in-

238 2552 396 2586 stituimus
433 2555 555 2597 pariter
592 2560 624 2588 et
657 2556 864 2599 deputamus.
891 2557 976 2590 Man-

239 2607 351 2640 dantes
378 2614 553 2652 propterea
581 2609 610 2641 in
638 2610 755 2643 virtute
786 2615 914 2644 sanetae
941 2622 975 2644 o-

861 213 1007 237 CLEMENS
1035 215 1051 238 X
1059 214 1081 237 11
1106 215 1154 239 PP-

1014 262 1196 297 bedientiae
1224 263 1376 298 omnibus
1413 271 1444 298 et
1470 264 1606 308 singulis
1633 276 1755 298 memo-

1014 321 1102 349 ratae
1128 317 1314 360 provinciae
1341 318 1579 362 superioribus,
1604 319 1754 351 fratribus

1016 374 1045 400 et
1070 370 1235 412 personis,
1262 371 1454 414 ceterisque,
1478 372 1514 405 ad
1535 383 1614 415 quos
1633 378 1755 415 spectat

992 447 993 452 ,
1015 428 1046 454 et
1071 423 1231 465 spectabit
1257 424 1287 456 in
1315 425 1467 463 futurum,
1494 430 1526 459 ut
1552 426 1756 468 supernomi-

1015 480 1107 508 natos
1145 476 1260 510 fratres
1297 477 1335 510 acl
1372 478 1476 511 officia
1503 479 1548 511 eis
1575 479 1754 521 respective

1016 539 1075 571 per
1099 536 1290 572 praesentes
1316 531 1533 572 demandata,
1560 532 1753 575 illorumque

1017 582 1154 615 liberum
1176 584 1376 624 exercitium,
1394 585 1481 617 iuxta
1503 586 1690 618 earumdem
1712 591 1756 618 te-

1017 644 1128 667 norem
1155 637 1382 678 praesentium,
1409 638 1569 681 recipiant
1588 644 1619 670 et
1639 638 1756 670 admit-

1018 692 1104 726 tant,
1131 698 1252 731 eosque
1291 697 1549 733 recognoscant,
1578 698 1608 724 et
1634 692 1696 724 iltis
1724 691 1755 723 in

1015 742 1165 774 omnibus
1199 743 1237 774 ad
1265 744 1378 775 eadem
1405 744 1510 777 officia
1535 745 1756 787 spectantibus

1016 800 1152 836 pareant
1178 801 1209 827 et
1236 796 1404 837 obediant,
1434 798 1624 841 faveantque
1651 803 1681 831 et
1706 809 1757 831 as-

1015 847 1129 880 sistant
1150 849 1344 890 respective.

1059 901 1073 944 §
1100 900 1128 933 7.
1151 902 1195 934 Ac
1213 903 1437 943 decernentes,
1457 904 1585 937 easdem
1604 916 1758 947 praesen-

1017 959 1063 986 tcs
1078 955 1202 987 litteras
1221 966 1356 999 semper
1371 956 1488 997 sirmas
1504 957 1623 990 validas
1643 964 1673 990 et
1692 959 1758 991 eiii-

1015 1017 1106 1040 caces
1141 1008 1279 1041 exiStere
1315 1014 1345 1041 ct
1372 1010 1449 1049 sore,
1478 1021 1621 1054 suosque
1647 1013 1758 1054 plena-

1016 1060 1079 1092 rios
1102 1066 1133 1093 et
1151 1061 1294 1104 integros
1321 1062 1455 1095 effectus
1483 1064 1593 1096 sortiri
1622 1071 1653 1097 et
1677 1065 1759 1097 obti-

1015 1123 1105 1153 nere,
1122 1123 1158 1146 ac
1172 1114 1246 1153 illis,
1262 1115 1300 1147 ad
1320 1126 1401 1158 quos
1417 1122 1542 1158 spectat
1559 1122 1591 1149 et
1608 1127 1664 1159 pro
1685 1123 1759 1150 tem·

1016 1176 1095 1208 porc
1114 1168 1386 1211 quandocumque
1412 1169 1581 1211 spectabit,
1603 1169 1633 1201 iu
1660 1171 1760 1202 omui-

1015 1220 1074 1252 bus
1101 1225 1132 1252 ct
1157 1230 1216 1263 per
1240 1221 1347 1253 omnia
1367 1222 1557 1264 plenissime
1576 1223 1757 1266 suffragari,

1016 1277 1047 1305 et
1080 1273 1118 1305 ab
1145 1274 1209 1306 illis
1235 1275 1414 1317 respective
1442 1275 1671 1309 inviolabiliter
1695 1277 1758 1309 ob-

1016 1326 1156 1366 servari,
1177 1327 1289 1370 sicque
1315 1328 1346 1359 in
1373 1328 1562 1370 praemissis
1580 1339 1637 1371 per
1654 1340 1761 1372 quos-

1016 1390 1157 1423 cumque
1193 1380 1317 1413 iudices
1344 1381 1527 1414 ordinarios
1559 1387 1590 1414 et
1621 1382 1757 1425 delega-

1019 1438 1090 1472 tos,
1118 1434 1214 1466 etiam
1252 1445 1423 1466 causarum
1450 1435 1558 1478 palatii
1590 1436 1759 1478 apostolici

1017 1487 1201 1527 auditores,
1229 1487 1366 1520 iudicari
1393 1493 1425 1520 et
1451 1488 1578 1521 definiri
1616 1490 1757 1528 debere,

1017 1552 1053 1574 ae
1079 1541 1208 1574 irritum
1235 1547 1265 1574 et
1291 1542 1397 1582 inane,
1417 1543 1442 1575 si
1469 1554 1561 1576 secus
1587 1554 1684 1587 super
1711 1543 1759 1576 bis

1017 1606 1034 1628 a
1060 1606 1238 1638 quoquam,
1257 1598 1366 1638 quavis
1389 1598 1597 1637 auctoritate,
1619 1598 1760 1630 scienter

1017 1649 1066 1681 vel
1094 1648 1298 1690 ignoranter,
1328 1650 1502 1692 contigerit
1526 1651 1688 1683 attentari.

1062 1703 1076 1746 ξ
1102 1701 1132 1734 8.
1162 1701 1233 1735 Non
1261 1703 1465 1736 obstantibus
1490 1704 1687 1747 praemissis,
1725 1715 1760 1738 ac

1017 1755 1308 1789 constitutionibus
1335 1762 1366 1789 et
1398 1757 1661 1790 ordinationibus
1687 1768 1760 1801 apo-

1018 1810 1153 1849 stolicis,
1173 1815 1212 1849 et,
1232 1816 1394 1852 quatenus
1411 1820 1492 1854 opus
1517 1811 1567 1851 sit,
1584 1811 1761 1854 provincia-

1018 1873 1086 1896 rum
1124 1863 1299 1896 Hiberniae
1338 1868 1369 1896 et.
1406 1863 1533 1897 Scotiae
1567 1870 1599 1897 et
1634 1863 1761 1897 Ordinis

1016 1917 1268 1960 praedictorum,
1296 1917 1433 1959 aliisque
1459 1917 1640 1960 quibusvis,
1665 1918 1761 1949 etiam

1018 1971 1210 2010 iuramento,
1241 1969 1485 2004 confirmatione
1506 1971 1684 2014 apostolica
1713 1972 1761 2003 vel

1018 2024 1128 2067 quavis
1156 2023 1308 2057 firmitate
1338 2025 1399 2057 alia
1424 2024 1608 2065 roboratis,
1634 2024 1762 2056 statutis

1018 2083 1049 2110 et
1074 2077 1380 2118 consuetudinibus,
1409 2077 1590 2120 privilegiis
1617 2088 1759 2120 quoque,

1018 2131 1152 2164 indultis
1175 2136 1207 2163 et
1232 2131 1347 2163 litteris
1372 2130 1562 2174 apostolicis
1580 2130 1611 2162 in
1634 2136 1762 2162 conti-a-

1018 2184 1101 2217 rium
1130 2184 1382 2228 praemissorum
1410 2183 1660 2227 quomodolibet
1686 2192 1761 2215 con-

1018 2237 1127 2277 cessis,
1155 2236 1356 2270 confirmatis
1379 2243 1410 2270 et
1434 2236 1618 2276 innovatis;
1647 2236 1763 2279 quibus

1019 2291 1170 2324 omuibus
1206 2296 1236 2324 et
1271 2291 1426 2333 singulis,
1465 2290 1596 2323 illorum
1633 2295 1761 2321 tenores

1019 2344 1247 2388 praesentibus
1278 2354 1338 2387 pro
1376 2345 1472 2386 plene
1497 2348 1528 2375 et
1564 2341 1763 2374 sufficienter

1019 2398 1184 2441 expressis
1221 2408 1256 2430 ac
1283 2398 1322 2430 de
1356 2397 1455 2429 verbo
1483 2397 1520 2429 ad
1553 2396 1684 2428 verbum
1718 2395 1762 2426 in-

1019 2451 1113 2484 sertis
1139 2452 1319 2490 habentes,
1349 2451 1412 2483 illis
1446 2451 1524 2483 alias
1558 2450 1589 2481 in
1627 2460 1685 2481 suo
1712 2459 1763 2481 ro-

1019 2505 1098 2538 bore
1125 2504 1360 2548 permansuris,
1389 2504 1449 2536 bae
1475 2503 1541 2535 vice
1578 2503 1759 2542 dumtaxat,

1019 2559 1206 2602 specialiter
1231 2564 1260 2591 et
1278 2568 1428 2600 expresse
1463 2557 1681 2599 derogamus;
1707 2566 1758 2589 ce-

1020 2612 1164 2655 terisque
1183 2611 1352 2644 contrariis
1380 2610 1648 2654 ‹piibuscumque

1651 207 1713 241 307
1762 220 1812 242 An.
1835 217 1949 245 c.1737

1782 917 1906 937 Huiusmodi
1921 917 1954 937 lit-

1770 947 1862 964 terarum
1888 943 1954 964 fixini-

1770 973 1810 992 tas.

1841 1715 1954 1739 Deriigati«)

1772 1742 1935 1762 contrariarum.
