2232 3178
2181 110 2187 133 t

2182 142 2232 169 t.

2182 171 2188 201 't

301 246 352 272 An.
369 244 397 272 c.
420 244 487 272 1738
533 237 598 270 414
2019 244 2114 275 amc.
2134 229 2188 283 fla?
2215 249 2232 277 ·.

1081 245 1261 269 BULLARIUM
1285 244 1439 269 ROMANUM

343 2185 372 2207 De
389 2188 431 2206 νιιῂ
442 2190 498 2206 eom-

315 2214 371 2234 muni
379 2214 398 2233 et
405 2212 500 2238 aequali.

499 303 567 324 voce
584 303 634 333 per
650 303 738 324 unum
755 303 873 323 annum.
891 293 972 328 Quod
988 292 1012 322 si
1029 293 1114 322 suerit
1130 293 1232 331 laicus,

499 342 597 372 habito
620 343 693 372 susci
715 342 820 371 coloris
842 342 993 379 induatur,
1011 341 1034 371 si
1061 351 1126 371 cum
1150 351 1233 371 scan-

497 390 573 426 dalo,
591 400 642 429 per
663 399 753 419 unum
779 399 909 428 annum,
927 390 951 420 si
973 390 1081 429 absque
1104 390 1166 429 illo,
1185 399 1236 429 per

499 443 623 477 quatuor
646 448 772 469 menses.

683 519 829 542 REGULAE
858 519 957 542 CAPUT
982 519 1048 542 XIX.

589 574 614 591 ln
629 574 769 596 civitatibus,
785 574 807 592 tn
822 574 889 596 villis,
905 574 954 592 slve
969 574 1080 595 castellis,
1097 573 1142 592 etc.

498 630 594 660 CArrT
611 638 669 659 xlx.
688 648 720 653 -
739 629 779 659 De
794 630 958 659 abstinentia
980 640 996 658 a
1018 630 1074 659 cibo
1095 634 1119 658 e!
1142 639 1156 658 α
1171 633 1236 667 polu

537 680 668 708 servanda
691 689 705 707 a
729 678 864 716 reliyiosis
894 683 972 708 arira
999 680 1178 715 conventum,
1210 678 1237 706 in

537 728 643 766 oppidis
666 727 711 757 ubi
733 727 812 757 illum
836 727 974 756 habemus.

538 802 557 822 1.
580 792 635 828 Qui
658 794 686 822 in
710 793 789 829 loco,
814 793 862 822 ubi
886 797 929 822 est
950 792 1122 822 coenobium
1145 791 1236 821 nostri

498 841 630 879 Ordinis,
649 846 729 870 extra
746 842 818 871 illud
841 841 999 871 comederit
1014 841 1058 870 vel
1075 841 1238 879 hospitatus

499 891 597 926 fuerit,
621 890 822 921 incarceretur
845 900 896 930 per
919 890 1084 930 quindecim
1108 889 1190 919 dies:
1214 888 1238 917 si

499 940 724 978 pernoctaverit,
742 949 901 979 suspensus
924 940 960 969 sit
982 939 1016 968 ab
1039 938 1146 976 officio,
1170 946 1239 966 voce

499 992 527 1017 et
549 988 611 1017 loco
635 997 686 1026 per
708 997 758 1017 sex
781 997 917 1024 menses3
936 988 960 1017 si
975 987 1064 1016 biduo
1088 990 1239 1026 pernocta-

500 1036 585 1074 verit,
603 1037 679 1066 ultra
696 1037 800 1066 dietam
818 1046 952 1076 poenam,
967 1036 1166 1065 incarceratus
1179 1035 1240 1064 exi-

500 1089 556 1114 stat
579 1093 629 1123 per
652 1085 714 1114 dies
738 1085 863 1122 viginti,
888 1085 964 1124 quod
986 1085 1010 1114 si
1034 1084 1159 1122 amplius
1177 1092 1240 1122 per-

500 1132 660 1169 duraverit,
679 1137 820 1171 augeatur
843 1142 948 1172 poena,
965 1134 1076 1162 attenta
1099 1132 1239 1170 gravitate

500 1181 602 1220 culpae
625 1186 652 1212 et
675 1182 909 1219 transgressione
931 1181 1059 1219 regulae.

692 1268 840 1291 REGULAE
866 1268 966 1291 CAPUT
990 1267 1042 1290 XX.

700 1323 817 1344 Nunquam
831 1322 854 1340 in
867 1322 978 1343 tabernis,
995 1322 1042 1340 etc.

522 1374 618 1405 CAPTT
642 1384 689 1404 xx.
715 1393 749 1396 —
776 1374 816 1404 De
843 1374 908 1404 Iocis
929 1375 956 1403 in
980 1374 1076 1412 quibus
1098 1373 1222 1411 reliyiosi

661 1423 777 1462 hospites
801 1433 852 1452 non
875 1433 931 1452 esse
952 1427 1087 1452 tenentur.

543 1499 562 1519 1.
576 1489 687 1527 Regula
701 1489 801 1528 dirigit
816 1499 916 1519 omnes
932 1493 1047 1519 nostras
1063 1488 1191 1518 actiones
1207 1488 1242 1517 ad

503 1538 685 1568 honestatem
711 1538 909 1577 maioremque
932 1538 1160 1577 perfeetionem3
1177 1537 1242 1567 ideo

505 1587 630 1616 maximo
654 1587 717 1616 iure
740 1587 904 1625 praecipit,
927 1596 964 1616 ne
986 1586 1152 1616 habitemus
1167 1609 1174 1623 ,
1199 1595 1244 1615 co-

505 1637 656 1666 medamus
673 1637 716 1666 vel
739 1636 872 1666 bibamus
895 1637 924 1666 in
948 1636 1088 1673 tabernis,
1105 1636 1244 1675 cauponi-

506 1684 560 1715 bus
583 1690 610 1715 et
633 1685 799 1715 huiusmodi
822 1685 894 1715 loeis
918 1685 1014 1715 minus
1037 1685 1167 1714 honestis
1182 1709 1189 1722 ,
1214 1687 1244 1713 et

505 1734 760 1763 contravenientes
783 1733 901 1762 subiicit
924 1742 1033 1772 poenae
1055 1733 1157 1772 eulpae
1179 1741 1241 1770 gra-

505 1782 548 1812 vis
565 1782 599 1812 ad
616 1782 771 1812 arbitrium
794 1782 933 1812 ministri.
951 1782 1030 1817 Quod
1049 1782 1244 1822 praecipimus

506 1831 605 1861 stricte
628 1829 788 1860 observari.

689 1914 837 1940 REGULAE
871 1915 970 1940 CAPUT
997 1917 1058 1940 XXI.

519 1969 580 1989 'rans
595 1970 626 1989 stt
640 1971 741 1989 ohan-itas
755 1971 817 1989 iuter
831 1970 916 1990 fratres
935 1971 1036 1990 olei-teos
1050 1971 1075 1989 et
1089 1971 1168 1993 laicos,
1184 1971 1231 1992 etc,

566 2027 662 2056 CAPUT
690 2035 752 2056 xxi.
778 2045 812 2048 —
836 2026 875 2056 De
898 2028 956 2056 vitri
977 2026 1087 2065 aequali
1108 2030 1132 2055 et
1154 2027 1186 2056 de

591 2077 746 2112 communi,
770 2085 801 2105 ac
823 2076 855 2105 de
876 2085 1005 2105 consensu
1027 2077 1159 2114 fratrum.

548 2150 567 2170 1.
583 2140 744 2180 AEqualitas
757 2145 800 2170 est
815 2141 928 2180 parium
944 2144 972 2170 et
985 2140 1141 2180 imparium
1158 2141 1243 2178 ordo;

509 2189 578 2219 ordo
601 2190 678 2219 enim
701 2189 803 2219 horum
827 2194 870 2219 est
899 2190 1079 2228 aequalitas:
1103 2199 1156 2220 nec
1180 2199 1248 2219 con-

510 2238 632 2268 trarium
652 2238 792 2277 praecipit
806 2237 919 2276 regula,
936 2238 1042 2277 quippe
1056 2238 1149 2268 solum
1167 2247 1248 2277 prae-

510 2286 612 2317 scribit
633 2287 839 2326 aequalitatem
861 2287 938 2316 inter
953 2286 1074 2316 clericos
1096 2291 1124 2316 et
1146 2286 1246 2323 laicos,

510 2339 538 2365 et
554 2335 629 2365 hanc
652 2335 727 2365 circa
751 2335 871 2373 vietum,
895 2344 1025 2364 mensam
1047 2339 1075 2365 et
1098 2336 1246 2365 vestitum.

510 2385 591 2414 Scire
613 2385 691 2414 enim
713 2384 819 2414 debent
839 2384 990 2422 religiosi,
1014 2384 1090 2423 quod
1113 2394 1169 2414 non
1192 2384 1248 2414 erit

511 2433 592 2471 ordo,
609 2433 658 2463 sed
671 2433 814 2470 confusio,
832 2433 946 2472 quando
962 2433 1113 2463 inferiores
1129 2433 1246 2471 erigun-

512 2486 560 2511 tur
581 2482 678 2512 animo
708 2485 740 2512 ut
762 2482 821 2512 sint
849 2482 924 2511 sicut
947 2481 1130 2521 superiores,
1155 2486 1183 2511 et
1205 2481 1249 2511 iu-

513 2539 600 2560 venes
626 2530 701 2560 sicut
734 2539 818 2560 senes
832 2553 840 2568 ,
863 2529 930 2569 quia
953 2530 1007 2560 hoc
1029 2534 1071 2560 est
1093 2530 1247 2569 superbiae

515 2578 629 2617 vitium,
653 2579 715 2609 loco
740 2579 857 2609 virtutis
881 2579 1066 2616 humilitatis,
1086 2588 1141 2618 qua
1164 2589 1249 2619 supe-

513 2627 605 2657 riores
626 2628 750 2666 deprimi
773 2627 889 2666 debent,
913 2632 945 2658 ut
967 2631 994 2658 et
1016 2627 1072 2667 ipsi
1095 2628 1248 2661 videantur

1279 293 1442 323 inferiores.
1466 292 1629 323 Observent
1657 293 1733 323 enirn
1764 302 1864 323 omnes
1886 292 2014 332 aequali-

1279 345 1367 371 tatem
1391 346 1574 381 praeceptam
1597 351 1611 371 a
1634 343 1735 372 nostra
1758 342 1859 381 regula
1874 366 1881 379 ‚
1905 347 1933 372 et
1954 351 2013 372 non

1280 390 1329 419 illa
1351 390 1521 420 abutantur.
1546 390 1599 426 Qui
1629 400 1695 420 vero
1724 390 1831 430 absque
1854 390 2013 430 superioris

1280 437 1396 467 licentia
1419 438 1532 468 dederit
1560 442 1609 468 aut
1639 439 1782 478 receperit
1803 438 1900 468 cibum
1923 439 2013 468 alium

1280 490 1307 515 et
1328 486 1474 515 diversum
1498 487 1526 516 in
1551 487 1724 526 quantitate,
1743 487 1882 526 qualitate
1900 490 1929 516 et
1944 496 2013 516 con-

1280 535 1408 565 dimento
1431 535 1466 565 ab
1490 545 1523 565 eo
1540 536 1589 574 qui
1609 536 1637 565 in
1665 536 1813 566 communi
1836 536 1940 566 ceteris
1962 535 2014 565 mi-

1281 583 1431 619 nistratur,
1454 584 1592 623 puniatur
1607 584 1687 614 iuxta
1707 585 1877 623 qualitatem
1899 583 2012 623 culpae.

1320 641 1347 661 11.
1371 632 1476 662 Nullus
1489 633 1643 670 religiosus
1659 633 1748 662 alium
1761 642 1797 663 ex
1809 632 1915 662 nostris
1928 632 2014 662 etiam

1282 680 1447 710 ministrum
1479 681 1644 718 generalem
1678 681 1761 711 titulo
1790 681 1914 720 appellet
1935 689 2016 710 reve-

1281 729 1449 758 rendissimi
1471 733 1520 758 aut
1550 730 1732 768 paternitatis
1748 754 1755 767 ‚
1779 729 1829 759 sed
1852 728 2016 759 sacerdotes

1282 787 1381 807 omnes
1405 778 1593 808 nominentur
1616 782 1713 817 patres
1735 782 1763 808 et
1784 777 1974 814 reverentiae,
1988 779 2016 806 et

1282 836 1337 856 non
1361 827 1527 857 sacerdotes
1549 828 1652 857 fratres
1668 831 1695 857 et
1710 827 1876 857 charitates
1895 826 2017 857 Ratione

1282 879 1379 905 tamen
1410 876 1614 906 submissionis
1644 881 1671 906 et
1693 876 1874 906 reverentiae
1903 875 2016 905 debitae

1282 924 1493 963 superioribus,
1509 934 1609 954 omnes
1632 924 1759 963 religiosi
1775 925 1804 954 in
1829 928 1888 954 toto
1910 923 2016 954 Ordine

1282 983 1346 1003 cum
1361 975 1545 1003 sermonem¹
1562 978 1650 1012 agunt
1672 974 1706 1003 de
1723 977 1803 1012 patre
1820 973 1952 1003 ministro
1970 981 2018 1010 ge-

1282 1022 1375 1051 nerali
1399 1021 1564 1060 vicarioque
1587 1022 1716 1059 generali
1739 1021 1855 1051 Ordinis
1874 1045 1881 1059 ,
1905 1028 2018 1051 necnon

1282 1071 1316 1099 de
1341 1069 1612 1109 praedecessoribus
1635 1071 1663 1099 in
1686 1070 1785 1100 eodem
1809 1078 1945 1108 munere,
1969 1072 2019 1099 aut

1282 1119 1317 1149 de
1339 1119 1545 1149 definitoribus
1567 1118 1754 1157 generalibus
1776 1118 1905 1155 Ordinis,
1921 1118 2019 1148 dicant

1283 1172 1381 1198 noster
1415 1172 1518 1207 pater,
1543 1168 1703 1206 eodemque
1731 1167 1902 1207 pronomine
1930 1170 2020 1196 noster

1283 1217 1460 1246 decorentur
1482 1217 1557 1246 intra
1588 1226 1668 1245 suam
1692 1216 1828 1246 familiam
1853 1215 2021 1245 commissa-

1284 1267 1344 1296 rius
1376 1271 1425 1295 aut
1458 1266 1740 1296 vicecommissarius
1762 1265 1893 1301 actualis,
1917 1273 2019 1294 eorum

1285 1315 1534 1353 praedecessores,
1558 1318 1645 1352 atque
1667 1314 1754 1344 etiam
1783 1313 1951 1343 definitores
1974 1321 2022 1351 ge-

1284 1363 1398 1392 nerales
1421 1363 1548 1392 actuales
1575 1362 1720 1399 eiusdem,
1744 1362 1881 1392 similiter
1903 1361 2022 1401 provin-

1285 1412 1366 1441 cialis
1389 1412 1511 1441 actualis
1548 1415 1575 1440 et
1607 1412 1738 1441 actuales
1764 1410 1934 1441 definitores
1956 1419 2022 1450 pro-

1286 1460 1425 1490 vinciales
1461 1459 1496 1489 ab
1532 1459 1667 1490 omnibus
1690 1469 1759 1490 suae
1781 1459 1970 1499 provinciae,
1994 1462 2022 1488 et

1286 1509 1421 1539 minister
1444 1518 1457 1538 a
1481 1508 1606 1538 subditis
1636 1509 1680 1538 sui
1710 1511 1870 1538 conventus
1891 1517 1942 1538 seu
1965 1506 2023 1537 col-

1286 1557 1363 1595 legii.
1386 1557 1444 1587 Neo
1475 1557 1539 1587 ideo
1574 1558 1679 1596 aliquis
1706 1566 1739 1587 eo
1767 1556 1939 1596 pronomine
1960 1559 2024 1586 uta-

1287 1610 1335 1635 tur
1363 1605 1387 1635 si
1420 1606 1557 1644 loquatur
1588 1605 1623 1635 de
1655 1605 1742 1636 tertio
1774 1613 1841 1635 cum
1872 1603 2023 1644 superiore

1286 1654 1452 1692 utriusque.

1326 1712 1368 1732 111.
1393 1702 1507 1732 Titulus
1539 1702 1666 1732 doctoris
1683 1725 1690 1739 ‚
1714 1701 1845 1740 magistri
1871 1705 1899 1731 et
1925 1700 2025 1730 huius-

1287 1752 1364 1781 modi
1388 1751 1461 1781 nulli
1495 1755 1661 1781 nostrorum
1694 1755 1858 1790 praestetur
1874 1773 1882 1787 ‚
1906 1748 2023 1780 tametsi

1287 1804 1353 1830 ante
1376 1800 1539 1838 ingressum
1563 1800 1592 1830 in
1615 1800 1786 1838 religionem
1813 1799 1863 1829 illo
1884 1798 1975 1837 gradu
1997 1800 2025 1827 et

1289 1850 1372 1880 titulo
1394 1850 1554 1886 frueretur,
1577 1859 1643 1888 nec,
1668 1849 1746 1879 illius
1768 1848 1894 1884 intuitu,
1918 1846 2024 1886 aliquis

1288 1898 1474 1929 immunitate
1502 1898 1694 1938 libertateque
1726 1898 1757 1928 in
1786 1896 1894 1928 Ordine
1925 1899 2024 1926 nostro

1289 1947 1422 1985 gaudeat.

1327 2005 1366 2025 1v.
1387 1996 1490 2026 Nullus
1506 1996 1582 2026 inter
1598 1998 1713 2026 nostros
1736 1998 1888 2025 conservet
1909 1993 2026 2034 aliquod

1290 2054 1462 2083 cognomen,
1486 2049 1536 2075 aut
1558 2054 1591 2075 eo
1614 2048 1725 2081 utatur,
1745 2043 1790 2074 sui
1813 2043 1928 2082 generis
1950 2041 2027 2082 quod

1290 2093 1416 2123 habebat
1437 2094 1466 2123 in
1489 2093 1615 2132 saeculo,
1633 2102 1686 2123 nec
1708 2102 1722 2123 a
1745 2093 1808 2123 loco
1830 2102 1900 2122 suae
1921 2091 2026 2121 nativi-

1290 2143 1356 2172 tatis
1379 2142 1503 2181 accipiat
1526 2151 1707 2181 pronomen:
1731 2151 1831 2172 omnes
1853 2141 1932 2171 enim
1947 2140 2026 2170 asna

1290 2191 1470 2230 professione
1492 2191 1600 2228 eligere
1627 2191 1734 2221 debent
1755 2189 1929 2229 mysterium
1947 2189 1957 2206 ²
1979 2192 2027 2219 aut

1291 2239 1383 2269 sancti
1405 2239 1530 2268 alicuius
1552 2248 1732 2277 cognomen,
1756 2238 1809 2268 sub
1831 2238 1915 2268 cuius
1938 2237 2026 2268 tutela

1291 2292 1318 2317 et
1335 2288 1495 2327 patrocinio
1508 2288 1686 2326 recipiantur
1701 2287 1731 2317 in
1747 2287 1866 2324 Ordine,
1883 2289 1911 2317 et
1927 2290 2027 2326 postea

1291 2336 1344 2366 sub
1367 2346 1400 2366 eo
1427 2336 1600 2374 cognomine
1622 2336 1841 2374 dignoscantur.

1332 2394 1351 2414 1.
1376 2385 1564 2414 Decernimus
1587 2385 1664 2424 quod
1688 2389 1769 2424 pater
1791 2384 1924 2414 minister
1941 2392 2028 2422 gene—

1291 2433 1361 2463 ralis
1385 2434 1428 2463 vel
1451 2433 1577 2463 vicarius
1608 2433 1752 2471 generalis
1775 2433 1880 2463 habeat
1901 2433 2026 2472 primum

1291 2531 1436 2569 generalis
1459 2531 1606 2568 familiae,
1630 2530 1749 2561 absente
1772 2530 1923 2570 superiore
1944 2537 2028 2568 gene-

1329 2590 1338 2615 l
1358 2588 1408 2615 Ed.
1423 2587 1455 2614 M.
1472 2588 1537 2623 legit
1551 2596 1680 2616 sermone
1696 2596 1742 2624 pro
1757 2595 1920 2616 sermonem
1931 2587 1969 2624 (R.
1981 2587 2028 2622 ⁹1¹.).

1327 2633 1343 2660 2
1358 2634 1460 2661 Forsan
1479 2633 1614 2668 mysterii
1635 2636 1670 2668 (a.
1683 2634 1732 2667 r).

2074 2431 2102 2452 Do
2116 2419 2205 2451 senuna

2038 2457 2091 2478 inter
2141 2455 2205 2478 Imm

1291 2481 1386 2511 locum
1410 2486 1438 2512 et
1459 2481 1557 2511 sedem
1580 2481 1610 2511 in
1634 2483 1693 2511 tota
1715 2481 1877 2519 religione:
1895 2480 2028 2520 superior
2039 2483 2148 2505 sen-ando.
