2232 3178
46 196 94 223 An.
110 194 138 222 C.
161 194 228 222 1740

88 2017 136 2038 civ.
157 2016 192 2038 xl>

88 2045 118 2065 De
141 2050 232 2064 renova·

50 2071 105 2092 tione
128 2072 230 2092 votorum.

850 195 993 220 CLEMENS
1018 195 1065 219 XII
1090 195 1140 220 rP.

239 241 378 272 maiorem
396 242 488 281 ipsius
507 243 641 273 monachi
659 244 820 282 profectum
840 249 979 283 opportu-

238 300 309 320 num
326 300 389 321 esse
406 291 547 322 videatur.
561 292 669 328 Primo,
683 302 719 322 an
734 292 810 322 vivat
824 296 979 322 contentus

238 340 318 370 iuxta
337 349 418 370 suam
441 340 635 376 vocationem,
659 345 687 370 et
709 341 854 380 quomodo
878 350 907 370 se
930 341 980 370 ha-

238 389 305 419 heat
328 389 405 419 circa
429 394 493 420 vota
517 390 719 420 substantialia
745 390 907 428 religionis.
931 389 980 419 Se-

239 438 345 474 cundo,
363 448 399 468 an
422 439 529 469 sentiat
551 439 663 478 aliquas
679 439 768 469 animi
785 439 980 478 perturbatio-

238 496 302 523 neS‚
317 488 476 526 molestias,
495 493 522 517 et
537 488 572 517 de
590 488 726 517 facilitate
742 497 793 517 seu
810 487 980 517 difficultate

239 540 267 565 et
289 536 374 566 modo
397 536 438 566 eis
461 536 634 574 resistendi,
658 541 686 566 et
709 536 742 566 ad
765 545 837 575 quos
859 536 979 566 affectus

238 584 283 613 vel
306 589 423 624 peccata
439 585 477 614 sit
494 585 585 623 magis
601 594 763 624 propensus
783 589 811 614 et
827 584 977 623 incitatus,

239 637 266 662 et
288 633 433 672 quomodo
456 633 590 663 observet
605 643 680 673 quae
703 643 738 663 ex
761 633 979 663 constitutioni-

239 681 294 711 bus
316 686 344 712 et
365 682 474 720 regulis
498 686 559 712 tum
582 682 788 712 communibus
811 686 871 712 tum
891 682 979 712 osticii

239 731 283 760 sui
312 731 347 760 ad
380 731 474 771 ipsum
505 732 661 771 pertinent.
685 731 799 769 Tertio,
834 731 979 771 quomodo

239 779 326 810 rebus
349 780 551 820 spiritualibus
568 780 604 810 sit
621 780 757 818 affectus,
781 789 906 820 quarum
922 780 979 810 vir-

240 834 333 860 tutum
356 830 452 860 studio
474 830 630 870 praecipue
664 830 812 868 intentus,
837 835 978 869 quantum

239 879 378 918 temporis
401 879 526 910 orationi
549 879 667 914 tribuat,
685 883 713 909 et
732 889 800 909 num
820 880 925 918 vocali,
943 889 978 908 an

239 927 338 966 potius
366 928 487 958 mentali
520 928 648 964 iuvetur,
672 937 740 957 num
775 928 805 957 in
839 928 980 958 exercitio

239 985 339 1006 rerum
372 977 569 1016 spiritualium
602 977 831 1007 consolationem
855 976 978 1015 habeat,

239 1033 275 1053 an
299 1033 366 1054 vero
389 1029 501 1063 eontra,
526 1025 733 1055 desolationem
750 1029 778 1055 et
797 1025 979 1063 vagationem

239 1073 345 1102 mentis
368 1073 511 1112 patiatur3
534 1073 568 1103 de
591 1074 705 1112 fructu,
729 1083 815 1113 quem
839 1082 873 1103 ex
896 1074 981 1103 sacra

240 1121 447 1151 communione
470 1126 498 1151 et
519 1123 702 1152 consessione
724 1127 752 1152 et
780 1123 846 1152 aliis
868 1122 982 1152 exerci-

241 1170 290 1200 tiis
312 1170 515 1210 spiritualibus
538 1172 700 1211 percipiat;
725 1172 760 1201 de
783 1171 981 1201 mortificatio—

239 1219 338 1257 nibus,
363 1220 562 1260 poenitentiis,
580 1225 608 1250 et
630 1221 695 1250 aliis
718 1230 790 1260 quae
813 1222 924 1250 faciunt
946 1221 980 1250 ad

240 1268 362 1307 spiritus
385 1270 561 1308 profectum,
585 1274 614 1299 et
635 1269 664 1299 in
688 1270 784 1309 specie
806 1270 841 1300 de
863 1279 981 1309 praepa-

241 1318 355 1348 ratione
378 1318 412 1348 ad
436 1318 560 1348 iniurias
589 1323 616 1348 et
646 1318 700 1348 alia
735 1319 855 1348 molesta
888 1328 980 1358 aequo

236 1366 337 1404 animo
360 1368 489 1398 ferenda.
507 1367 626 1405 Quarto,
647 1368 682 1398 de
698 1367 849 1406 fratribus,
867 1372 895 1398 et
910 1377 981 1407 quo-

241 1416 326 1446 modo
349 1426 382 1446 ex
417 1425 517 1447 eorum
541 1417 761 1447 conversatione
794 1417 929 1456 proficiat
950 1417 979 1446 in

241 1465 380 1501 Domino;
404 1470 432 1495 et
464 1475 500 1495 an
530 1465 617 1496 alicui
650 1466 687 1496 sit
720 1466 784 1505 plus
817 1466 979 1503 familiaris,

241 1524 328 1554 quam
352 1515 433 1552 aliis3
452 1525 486 1545 an
511 1516 691 1546 aversionem
712 1517 802 1546 animi
824 1516 931 1546 sentiat
946 1516 981 1546 ab

241 1564 352 1603 aliquo,
377 1568 404 1594 et
426 1574 462 1594 an
485 1565 613 1595 offensus
636 1566 673 1595 sit
695 1565 724 1595 in
748 1565 847 1604 aliquo
873 1575 888 1595 a
912 1574 982 1604 quo-

242 1613 332 1651 piam,
356 1617 385 1643 et
407 1613 553 1652 quomodo
575 1613 613 1643 sit
635 1613 755 1644 affectus
777 1623 844 1652 erga
868 1623 980 1643 omnes.

242 1661 361 1698 Quinto,
396 1671 465 1692 num
499 1666 564 1702 post
585 1662 717 1692 ultimam
749 1663 892 1692 rationem
916 1672 982 1693 con-

241 1710 394 1748 scientiae,
418 1719 505 1749 quam
529 1710 671 1748 reddidit,
696 1711 835 1741 maiorem
858 1715 907 1741 aut
929 1711 983 1741 mi-

241 1767 343 1788 norem
367 1758 493 1789 sructum
515 1758 626 1789 fecerit.

282 1815 330 1837 vu.
353 1807 434 1843 Quod
460 1808 619 1838 monachus
652 1818 718 1838 cum
750 1808 870 1847 abbate,
904 1808 981 1839 idem

243 1860 393 1896 praestare
416 1857 501 1888 debet
534 1857 621 1888 abbas
644 1867 709 1888 cum
737 1858 834 1898 aliquo
862 1868 895 1888 ex
923 1868 983 1889 mo-

242 1905 344 1935 nachis
363 1905 441 1936 circa
463 1906 606 1936 rationem
629 1907 825 1937 conscientiae
848 1908 982 1947 propriae

241 1954 430 1985 reddendam.

282 2013 301 2034 1.
329 2004 363 2034 Ut
386 2005 500 2035 firmius
533 2005 691 2035 monastica
726 2005 878 2045 disciplina
914 2006 984 2036 reti-

243 2058 358 2093 neatun,
384 2055 518 2084 monaehi
542 2055 634 2085 nostri
658 2055 687 2084 in
711 2055 756 2084 die
793 2055 866 2085 sesto
889 2055 982 2085 sancti

243 2103 334 2143 patris
350 2103 483 2141 Antonii,
497 2103 543 2133 die
562 2112 619 2133 xvu
635 2104 746 2133 mensis
762 2104 899 2141 ianuarii,
918 2109 982 2134 vota

243 2152 383 2182 solemnia
403 2152 534 2191 quolibet
547 2161 623 2182 anno
645 2157 787 2182 renovent
810 2153 863 2183 hoc
886 2154 981 2183 modo:

283 2210 310 2230 u.
324 2200 354 2230 In
372 2201 597 2239 congregatione
614 2202 823 2231 monachorum
840 2203 899 2232 una
915 2202 985 2232 heb-

243 2249 367 2279 ‹lomada
401 2254 467 2279 aute
505 2251 609 2280 festum
643 2251 736 2280 sancti
772 2251 862 2290 patris
891 2252 983 2281 nostri

243 2299 362 2328 Antonii
386 2298 475 2328 abbas
500 2303 615 2329 moneat
638 2308 738 2329 omnes
761 2300 914 2338 religiosos
950 2301 984 2330 de

244 2348 344 2378 sutura
366 2352 498 2378 votorum
515 2348 716 2386 renovatione,
737 2352 767 2378 ut
783 2349 985 2388 unusquisque

245 2406 275 2426 se
299 2401 454 2436 praeparet
487 2397 521 2427 ad
545 2397 755 2426 consessionem
789 2402 984 2427 sacramenta-

245 2445 302 2475 lem
326 2445 356 2476 in
380 2445 533 2485 pervigilio
566 2446 630 2475 sesti
655 2445 696 2475 vel
726 2445 788 2484 ipso
810 2445 856 2475 die
879 2445 986 2476 sacien-

244 2494 328 2532 dam,
353 2494 413 2534 ubi,
438 2495 642 2525 communione
665 2495 784 2524 fratrum
809 2504 842 2525 ac
864 2495 986 2533 liturgia

245 2542 397 2581 absoluta,
430 2548 645 2583 congregentur
677 2552 778 2574 omues
800 2544 829 2574 in
852 2544 947 2575 locum
971 2554 985 2574 a

246 2592 446 2623 saecularibus
469 2597 646 2633 separatum,
664 2593 692 2623 in
716 2603 773 2632 quo
796 2592 885 2624 abbas
901 2593 986 2624 saciat

1022 243 1139 274 brevem
1163 243 1395 274 adhortationem
1426 244 1461 274 de
1490 244 1565 273 votis
1588 253 1654 273 mox
1677 253 1762 273 reno-

1024 292 1143 329 vandis,
1168 292 1272 322 deinde
1295 293 1419 323 cantatis
1441 293 1550 323 litaniis
1561 292 1711 329 1:13.V.M.‚
1736 296 1763 322 et

1022 341 1151 371 recitatis
1181 346 1293 371 secreto
1316 342 1446 372 oratione
1469 341 1616 372 dominica,
1637 345 1665 371 et
1686 341 1764 370 salu-

1023 390 1131 419 tatione
1155 391 1298 429 angelica,
1323 392 1385 430 ipse
1408 391 1511 427 abhas,
1537 391 1617 420 tlexis
1640 390 1763 428 genibus

1023 447 1121 468 coram
1145 440 1251 475 altari,
1275 440 1353 477 legat
1386 440 1466 469 clara
1500 450 1568 469 voce
1591 443 1762 478 sequentem

1023 487 1193 517 formulam:
1217 488 1273 526 1390
1295 489 1328 518 Ν.
1351 488 1383 519 N.
1407 499 1504 517 renovo
1537 498 1623 517 ineam
1654 490 1763 527 profes-

1022 537 1123 564 sionem
1146 538 1334 573 monasticom,
1358 543 1382 566 ct
1407 539 1537 576 promitto
1560 538 1613 567 Iteo
1640 539 1764 576 omnipo-

1025 586 1111 622 tenti,
1135 585 1306 615 beatissimae
1334 585 1440 624 l'irfjini
1463 586 1578 620 Mariae,
1599 591 1690 615 sancto
1711 596 1762 625 po<

1023 634 1060 662 [ιί
1099 636 1188 662 nostro
1223 634 1342 663 Antonio
1379 639 1402 663 et
1441 636 1669 664 reverendissimo
1709 645 1764 663 meo

1023 682 1111 711 abbata·
1141 683 1264 720 generali
1294 682 1328 712 N.
1358 683 1392 713 N.
1424 684 1537 722 eiusque
1568 683 1765 712 successoribus

1023 731 1223 769 obedientiam,
1245 736 1437 770 paupertatem
1461 737 1486 761 et
1508 734 1658 761 castitatem
1683 742 1765 770 usqae

1023 780 1058 809 od
1079 784 1213 814 mortem,
1239 781 1316 809 iuxta
1349 781 1474 819 requiam
1505 785 1529 810 ct
1561 782 1766 810 constitutiones

1024 834 1140 858 nostros.
1165 829 1233 858 Item
1253 830 1385 869 promitto
1408 840 1449 859 me
1473 830 1577 859 nullam
1605 830 1766 868 dsffliitolcm

1023 879 1078 908 sive
1101 881 1128 907 in
1154 878 1256 908 Ordine
1285 883 1375 908 nosti-0
1398 881 1566 915 monastico,
1588 881 1646 907 sit-e
1677 883 1765 917 astra,

1023 927 1191 957 ambituram
1224 927 1265 957 vel
1292 928 1496 966 postulaturum
1529 938 1580 967 per
1612 937 1653 956 me
1676 929 1765 966 ipsum

1024 981 1071 1006 out
1093 987 1144 1016 per
1173 977 1253 1011 alios,
1287 987 1334 1005 seu
1365 981 1570 1016 acceptaturum
1605 978 1659 1006 nisi
1690 978 1765 1006 iussu

1024 1027 1211 1064 superiorum.
1237 1025 1265 1054 Si
1289 1025 1326 1055 sit
1347 1024 1436 1054 abbas
1465 1025 1621 1063 generalis,
1653 1025 1767 1054 omittat

1024 1084 1055 1104 ea
1081 1074 1179 1112 verba,
1203 1079 1228 1104 et
1250 1076 1477 1104 reverendissimo
1499 1085 1555 1104 meo
1577 1075 1667 1103 abbati
1686 1084 1768 1112 yene-

1010 1123 1099 1157 -ratt,
1123 1125 1236 1162 eiusque
1265 1124 1484 1159 successorihus,
1510 1127 1538 1152 et
1570 1132 1670 1152 eorum
1705 1123 1767 1152 loco

1025 1171 1111 1206 (licat,
1135 1176 1160 1200 ct
1181 1172 1410 1201 reverendissimo
1442 1172 1532 1200 abbati
1561 1171 1687 1209 yenerali
1715 1181 1767 1210 pro

1024 1224 1145 1259 tempore
1177 1220 1317 1249 existenti.
1342 1219 1414 1249 Tum
1452 1229 1575 1258 surgens
1608 1219 1708 1257 abbas,
1732 1220 1767 1249 ad

1025 1269 1101 1298 latus
1124 1269 1275 1299 dexterum
1299 1269 1400 1299 altaris
1422 1270 1532 1299 sedeat.
1550 1269 1613 1299 Mox
1636 1269 1685 1299 alii
1709 1279 1769 1299 mo-

1025 1318 1112 1347 nachi
1146 1318 1230 1348 iuxta
1263 1318 1468 1357 antiquitatem
1504 1328 1585 1348 suam
1608 1318 1638 1348 in
1659 1318 1768 1357 profes-

1025 1367 1106 1397 sione
1122 1366 1251 1397 eamdem
1270 1367 1390 1396 sormam
1408 1366 1608 1396 renovationis
1632 1370 1764 1396 votorum

1025 1425 1059 1445 ex
1094 1415 1208 1445 cartula
1243 1415 1303 1445 sive
1335 1414 1411 1445 libro
1445 1415 1474 1444 in
1512 1415 1646 1445 manibus
1682 1414 1768 1444 ahba-

1026 1464 1063 1494 tis
1086 1464 1230 1494 existente
1256 1464 1403 1502 genuflexi
1427 1469 1493 1494 ante
1515 1465 1611 1503 ipsum
1634 1464 1766 1494 abbatem

1026 1514 1186 1553 proferant.
1211 1512 1321 1548 Quibus
1355 1513 1457 1551 finitis,
1481 1518 1582 1551 surgat
1614 1513 1715 1550 abbas,
1740 1518 1767 1543 et

1026 1562 1160 1591 omnibus
1177 1562 1241 1591 aliis
1259 1562 1421 1600 genuflexis
1437 1562 1523 1592 faciat
1539 1562 1766 1598 absolutionem,

1026 1612 1143 1641 dicens:
1176 1611 1249 1641 Deus
1282 1614 1432 1641 miseratur
1464 1613 1566 1648 vestri,
1591 1616 1616 1641 et
1648 1613 1767 1641 (tim'ttat

1025 1661 1113 1690 debita
1134 1665 1244 1697 vestra,
1267 1666 1292 1689 et
1325 1662 1454 1690 condonet
1474 1665 1586 1700 peccata
1607 1666 1699 1690 vestro
1713 1685 1720 1699 ,
1744 1666 1768 1689 ct

1023 1711 1157 1749 perducat
1178 1720 1221 1740 vos
1243 1711 1278 1739 [ul
1298 1711 1384 1740 vitam
1403 1715 1536 1740 eteniam.
1562 1710 1766 1749 Respondent:

1026 1759 1125 1789 Amen.
1144 1759 1256 1789 Abbas:
1273 1759 1421 1789 Benedicat
1438 1770 1482 1788 cos
1497 1760 1666 1798 omnipotens
1682 1759 1766 1797 Deus,

1026 1809 1118 1847 Pater,
1141 1812 1165 1838 et
1187 1808 1289 1847 Filius,
1305 1813 1330 1838 et
1344 1808 1469 1845 Spiritus
1486 1808 1615 1838 Sanctus.
1640 1808 1770 1847 Respon—

1026 1857 1117 1887 dent:
1142 1857 1240 1887 Amen.

1066 1916 1084 1936 1.
1110 1906 1178 1936 Cum
1203 1906 1362 1936 monachus
1385 1906 1513 1944 graviter
1535 1911 1687 1945 aegrotare
1704 1915 1767 1937 coe-

1027 1955 1119 1995 perit,
1144 1955 1240 1985 statim
1265 1955 1438 1985 confiteatur
1460 1954 1557 1985 abbati
1583 1955 1626 1985 vel
1656 1955 1768 1985 conses-

1026 2004 1104 2034 sario
1127 2003 1163 2033 ab
1187 2004 1287 2034 eodem
1308 2004 1459 2043 deputato,
1484 2008 1512 2034 et
1535 2006 1618 2034 sacra
1637 2014 1767 2034 commu-

1027 2054 1114 2084 nione
1137 2053 1298 2090 reficiatur,
1316 2055 1430 2083 servata
1456 2053 1490 2083 ad
1514 2054 1567 2084 hoc
1587 2054 1660 2084 liora
1678 2054 1769 2093 magis

1026 2102 1229 2139 conveniente,
1254 2106 1410 2141 autequam
1442 2102 1539 2132 cibun]
1573 2103 1678 2142 capiat,
1712 2103 1768 2132 nisi

1027 2151 1182 2181 infirmitas
1205 2151 1329 2180 nimium
1353 2155 1481 2189 urgeret.
1506 2151 1563 2181 Nec
1579 2152 1653 2181 ultra
1678 2161 1767 2181 unmn

1027 2210 1041 2229 a
1066 2200 1146 2238 gravi
1179 2200 1350 2230 infirmitate
1373 2200 1448 2230 diem
1484 2200 1627 2230 consessio
1656 2200 1768 2229 ‹lit'l‘orri

1028 2249 1146 2288 poterit,
1165 2252 1203 2285 et,
1221 2248 1244 2278 si
1262 2248 1323 2277 sieri
1349 2252 1454 2287 potest,
1475 2249 1561 2278 etiam
1585 2248 1764 2280 communio.

1027 2301 1055 2327 et
1078 2297 1197 2334 statim,
1232 2297 1436 2336 praesentibus
1469 2297 1581 2326 duobus
1605 2297 1648 2326 vel
1672 2296 1764 2326 tribus

1029 2346 1195 2383 monachis,
1219 2346 1303 2375 debet
1335 2346 1471 2375 infirmus
1493 2345 1590 2375 abbati
1616 2346 1658 2374 vel
1683 2356 1767 2375 oeco-

1028 2404 1114 2425 nomo
1136 2395 1266 2425 revelare
1290 2394 1364 2424 bona
1388 2395 1501 2428 omnia,
1526 2404 1648 2433 quorum
1685 2404 1767 2423 nsum

1029 2443 1153 2480 hahuit,
1178 2453 1231 2473 nec
1255 2443 1282 2472 in
1307 2443 1473 2473 inventario
1505 2443 1649 2481 descripta
1686 2447 1762 2472 sunt.

1028 2494 1165 2534 Alioquin
1189 2494 1211 2523 si
1237 2494 1364 2523 monitus
1387 2493 1421 2522 ab
1444 2492 1560 2531 abbate,
1579 2493 1674 2522 omnia
1692 2503 1765 2532 quae

1028 2552 1114 2583 supra
1138 2543 1212 2572 dicta
1236 2547 1316 2580 sunt,
1335 2543 1429 2570 tacere
1446 2541 1663 2579 detrectaverit,
1681 2546 1768 2580 atquc

1029 2593 1110 2623 illum
1129 2593 1200 2622 mori
1218 2591 1384 2629 contigerit,
1401 2591 1599 2621 ovslesiastictt
1616 2591 1768 2629 <optatura

1662 186 1725 219 619
1772 195 1822 222 An.
1840 195 1868 223 c.
1892 196 1959 224 1740

1820 1914 1869 1936 Car.
1888 1915 1930 1936 xli.

1808 1941 1836 1961 De
1852 1943 1963 1963 monas-liis

1780 1968 1865 1988 infirmis
1886 1972 1906 1989 et
1927 1970 1962 1989 de-

1780 1996 1912 2016 cedentibus.
