2232 3178
30 211 83 238 An.
103 209 131 235 C.
154 206 218 235 ¹737

847 204 990 228 CLEMENS
1018 203 1064 227 xit
1089 204 1138 227 1³1⁸.

224 262 325 293 preces
349 262 362 282 3
388 253 579 282 Sanctissimo
602 253 742 283 remissae
770 253 838 282 liuic
865 261 964 282 sacrae

224 302 448 340 Congregationi
462 312 467 331 ι
482 311 566 341 quae,
582 302 689 332 auditis
713 303 793 341 prius
816 301 966 331 relationi-

224 350 276 380 bus
300 350 387 380 trium
411 350 698 390 archiepiscoporum
722 351 896 380 viciniorum
922 359 965 379 re-

223 401 296 437 gni,
320 399 431 429 scilicet
455 399 685 429 Matlieranensis
702 424 709 437 ,
735 400 765 428 S.
789 399 963 434 severinae,

224 452 252 477 et
275 448 483 485 Bossanens‘s‚
507 450 595 477 causa
620 452 731 478 mature
754 448 898 484 discussa,
922 457 966 476 re-

224 496 384 526 ferentibus
407 497 503 526 clarae
521 497 679 526 memoriae
695 496 894 526 cardinalibus
912 496 966 525 Im-

225 544 324 584 periali
348 549 376 574 et
398 544 473 584 CJbo
491 569 498 582 ,
524 550 586 584 post
620 545 717 584 plures
751 545 966 583 propositiones

224 593 278 622 sub
300 593 346 622 die
368 602 406 621 xv
429 593 525 622 martii
548 602 695 622 moctxxiv
719 593 827 632 prodiit
854 593 965 623 resolu-

225 644 285 673 tio:
319 643 522 673 Observandum
544 653 599 672 esse
621 643 707 673 Breve
730 647 839 672 sanctae
869 653 967 672 memo-

224 693 285 722 riae
317 692 471 721 Alexandri
505 691 555 721 Vll
585 702 669 730 super
704 693 802 721 unione
835 697 965 721 'nonaste-

225 743 263 771 rii
288 740 318 771 S.
344 741 450 771 Mariae
479 740 625 779 Sagittarii
652 743 725 779 faciti
758 741 968 779 Conyreyationi

225 790 255 820 S.
277 790 416 820 Bernurdt'
438 790 558 819 eiusdem
582 788 695 819 Ordinis
715 791 876 829 provinciae
897 790 969 819 Thu-

226 840 308 868 scine.
326 838 348 868 A
365 848 420 878 qua
438 838 617 868 resolutione
631 848 688 867 non
706 838 903 868 reclamarunt
920 848 969 877 pa-

229 891 287 917 tres
298 887 448 925 regiminis
461 886 609 916 Calabriae
620 887 676 916 nisi
694 887 728 916 de
742 895 967 922 annonaexcrx,

227 945 284 974 quo
309 940 456 975 tempore,
489 936 620 966 remissis
652 945 751 966 eorum
786 935 921 975 precibus
954 946 968 965 a

227 990 344 1015 sanctae
368 985 525 1014 memoriae
549 984 718 1015 Innocentio
740 985 789 1014 XII
806 985 840 1015 ad
857 995 969 1015 sacram

228 1034 490 1072 Congregationem
508 1043 595 1073 super
611 1038 687 1063 statu
711 1034 900 1072 regularium,
923 1044 971 1064 ea-

227 1083 291 1112 dem
315 1082 368 1112 suh
391 1083 437 1112 dle
458 1091 506 1112 xin
519 1082 642 1112 ianuarii
657 1091 786 1112 ›incxmx
799 1083 967 1122 rescripsit:

227 1131 396 1161 Servandnm
433 1142 489 1161 esse
526 1131 719 1161 resolutionem
752 1134 820 1161 anni
850 1140 968 1162 atncmv.

229 1180 414 1210 Postmodum
439 1184 534 1219 patres
556 1180 709 1218 regiminis
728 1180 876 1211 Calabriae
895 1190 971 1211 anno

228 1237 394 1267 rxoccxxvr,
419 1229 559 1259 inauditis
582 1229 714 1269 patribus
731 1229 883 1268 regiminis
894 1230 972 1259 Tliu-

229 1279 306 1308 sciae
323 1301 330 1315 ,
354 1282 540 1308 extorserunt
562 1288 576 1308 a
600 1283 717 1308 sanctae
741 1279 899 1308 memoriae
920 1279 972 1309 Be-

229 1327 343 1357 nedicto
365 1327 429 1357 XIII
450 1328 540 1357 Breve
563 1326 770 1367 subreptitium
794 1332 823 1358 et
845 1327 972 1367 obrepti-

229 1375 301 1407 tium
325 1376 475 1406 reunionis
498 1376 627 1406 eiusdem
652 1377 821 1407 monasterii
841 1377 971 1416 prasatae

229 1435 330 1456 eorum
355 1425 524 1465 provinciae
546 1424 707 1455 Calabriae.
740 1425 795 1455 Sed
818 1435 972 1456 recurren-

230 1474 307 1505 tibus
331 1479 428 1515 postea
449 1474 578 1514 patribus
597 1474 801 1513 superioribus
820 1475 972 1513 regiminis

229 1524 371 1555 Thusciae
393 1528 421 1554 et
443 1523 611 1554 monasterii
635 1525 665 1553 S.
689 1524 794 1554 Mariae
822 1524 972 1562 Sagittarii

231 1574 266 1604 ad
281 1573 330 1604 SS.
348 1573 380 1603 D.
397 1572 431 1602 N.
448 1572 625 1603 Clementem
642 1572 696 1602 ΡΙ).
715 1571 765 1602 XII
788 1573 913 1603 feliciter
928 1582 974 1603 re-

231 1626 369 1661 gnantem
387 1631 438 1661 pro
454 1621 616 1660 aperitione
632 1621 691 1650 oris
708 1621 847 1651 adversus
863 1621 971 1652 dictum

231 1670 334 1708 Breve,
358 1679 391 1700 ac
413 1670 544 1700 remissis
560 1679 661 1700 eorum
683 1669 818 1709 precibus
841 1670 875 1700 ad
898 1671 973 1700 hanc

232 1729 344 1750 sacram
367 1720 640 1758 Congregationem‚
660 1719 804 1749 referente
821 1720 901 1758 prius
917 1719 975 1750 cla-

232 1778 281 1799 rae
302 1768 460 1798 memoriae
481 1768 623 1798 cardinali
646 1768 764 1798 Nicolao
785 1768 923 1807 Spinula‚
947 1774 975 1799 et

233 1817 416 1857 postmodum
433 1817 667 1847 emInentissimo
679 1821 707 1846 et
729 1817 974 1847 reverendissimo

233 1866 350 1896 domino
373 1865 514 1896 cardinali
538 1865 637 1895 Porzia
656 1889 663 1902 ,
687 1866 832 1905 disputata
857 1866 975 1896 fuerunt

232 1914 418 1954 infrascripta
442 1913 527 1944 dubia
547 1924 552 1943 :
578 1923 596 1943 ι.
620 1914 664 1943 An
697 1915 786 1944 intret
818 1913 974 1944 arbitrium

234 1971 286 2002 pro
308 1963 470 2002 aperitione
493 1963 553 1993 oris
576 1963 715 1993 adversus
738 1962 828 1993 Breve
858 1967 975 1993 sanctae

234 2011 392 2042 memoriae
407 2011 556 2041 Benedicti
572 2011 634 2041 XIII
657 2012 686 2041 in
709 2021 796 2042 casu:
820 2016 858 2047 et,
876 2015 977 2051 quate-

234 2069 291 2090 nus
314 2060 503 2090 affirmative:
534 2069 563 2090 11.
588 2061 632 2090 An
659 2062 695 2090 sit
723 2060 859 2090 standum
895 2069 977 2099 prae-

235 2110 311 2140 dicto
333 2109 417 2140 Brevi
436 2134 443 2147 ‚
467 2120 517 2140 seu
542 2110 638 2149 potius
660 2109 743 2139 alteri
766 2114 883 2139 sanctae
916 2118 977 2138 rne-

235 2159 346 2189 moriae
368 2159 526 2189 Alexandri
548 2158 598 2189 vlt
629 2159 658 2189 in
689 2168 778 2194 casu,
803 2163 858 2188 etc.
889 2158 976 2189 Sacra

235 2207 424 2246 Congregatio
450 2208 749 2238 eminentissimorum
783 2212 810 2238 et
842 2216 978 2237 reveren-

236 2255 422 2287 dissimorum
452 2258 481 2286 S.
506 2257 540 2287 R.
565 2257 596 2286 E.
628 2256 819 2287 cardinalium
853 2256 978 2294 negotiis

237 2309 265 2335 et
287 2306 551 2336 consultationibus
573 2306 779 2345 ep1scoporum
803 2307 831 2335 et
864 2306 979 2344 regula-

237 2354 313 2385 rium
346 2356 536 2395 praeposita,
568 2356 712 2385 referente
744 2355 979 2385 eminentissimo

238 2404 353 2434 domino
379 2404 519 2434 cardinali
542 2404 577 2434 de
600 2404 698 2434 Porzia
729 2408 880 2443 ponente,
914 2414 980 2443 par-

238 2452 316 2483 tibus
338 2453 443 2483 auditis
461 2478 468 2491 ‚
493 2463 525 2483 ac
546 2462 576 2483 re
600 2457 711 2483 mature
744 2455 911 2492 perpensa⁷
945 2454 980 2484 ad

239 2502 436 2541 suprascripta
459 2501 546 2532 dubia
569 2505 739 2541 sequentem
758 2503 787 2531 in
805 2502 921 2531 modum
937 2512 982 2532 re-

239 2551 444 2591 spondendum
467 2551 594 2589 censuit,
613 2555 698 2590 prout
721 2550 884 2590 respondit,
903 2551 981 2581 vide-

240 2600 322 2631 licet:
340 2600 374 2632 ad
390 2600 530 2642 primum,
548 2600 738 2639 astirinativ03
757 2599 791 2631 ad
807 2599 980 2639 secundum,

1650 191 1708 226 ⁶221

1011 252 1188 281 servandum
1225 261 1288 282 esse
1324 253 1475 281 decretum
1512 251 1754 280 Alexandrinum.

1010 302 1119 331 Itomae
1143 310 1199 331 xvii
1228 301 1401 340 septembris
1435 308 1612 331 rinc-:xxxvn
1648 300 1756 338 Repro-

1010 348 1106 386 posita
1131 357 1199 377 vero
1222 351 1308 378 causa
1332 348 1386 378 sub
1408 347 1597 386 infrascripta
1620 346 1683 381 die,
1709 356 1756 384 po-

1009 398 1097 423 nente
1120 394 1221 424 eodem
1245 395 1477 424 eminentissimo
1497 395 1530 424 de
1549 393 1658 427 Porzia,
1676 393 1757 432 ipsa·

1010 445 1069 469 met
1092 450 1173 470 sacra
1191 441 1382 479 Congregatio
1405 441 1558 479 rescripsit
1582 450 1633 479 pro
1650 448 1757 469 execu-

1010 487 1087 516 tione
1108 487 1215 516 decreti
1235 488 1359 516 einanati
1379 487 1432 516 sub
1453 487 1498 516 die
1513 495 1567 516 xvn
1583 485 1756 525 septembris

1011 542 1188 562 rioccxxxvi.
1214 534 1321 563 Itomae
1345 543 1379 562 xv
1403 534 1540 563 februarii
1565 541 1754 562 ›ioocxxxvir

1013 597 1045 600 —
1070 580 1154 609 Card.
1180 580 1362 609 Fffimscts
1380 580 1568 609 Bixnasnixrs
1583 597 1613 600 -
1630 579 1658 609 C.
1673 580 1754 608 areb.

1009 626 1253 656 Chalcedonensis
1268 649 1275 663 ,
1299 631 1404 656 secret.
1429 627 1496 656 Loco
1518 629 1536 663 †
1559 627 1657 664 sigilli.

1053 676 1068 718 ἓ
1095 676 1124 708 2.
1152 675 1229 708 Cum
1262 681 1394 714 autem,
1425 676 1509 708 sieut
1546 675 1655 708 dilecti
1695 674 1752 708 filii
1813 686 1880 705 reum
1901 690 1951 709 apo-

1011 729 1161 761 monaclii
1202 728 1388 771 primodIcti
1431 728 1616 761 monasterii
1659 712 1854 768 nobis32i'.2²‚
1877 712 1952 764 q'ss'i'.

1013 792 1116 824 nuper
1152 782 1270 824 exponi
1307 782 1471 821 fecerunt,
1498 781 1556 824 Ipsi
1590 766 1899 814 decretummm'hmr‘

1013 834 1198 867 huiusmodi
1220 862 1226 874 ‚
1255 845 1318 877 quo
1346 834 1468 867 firmins
1494 834 1658 873 subsistat,
1678 845 1755 878 apo-

1012 887 1146 921 stolicae
1172 887 1428 920 confirmationis
1454 893 1584 920 nostrae
1621 888 1758 930 patroci-

1013 941 1066 973 nio
1093 941 1288 974 communiri
1314 951 1521 983 summopere
1548 940 1756 973 desiderent:

1014 1005 1084 1033 nos,
1107 994 1194 1037 ipsos
1222 1000 1423 1037 exponentes
1449 994 1648 1037 specialibus
1675 994 1759 1026 savo-

1014 1047 1101 1080 ribns
1129 1053 1159 1079 et
1185 1047 1296 1090 gratiis
1328 1047 1483 1090 prosequi
1519 1048 1691 1087 volentes,
1729 1052 1760 1078 et

1015 1111 1127 1133 eorum
1154 1101 1337 1142 singulares
1365 1109 1522 1143 personas
1549 1111 1567 1132 a
1592 1099 1758 1142 quibusvis

1015 1153 1362 1186 excommunicationis
1379 1179 1386 1192 ,
1411 1153 1635 1196 suspensionis
1662 1158 1692 1184 et
1717 1152 1761 1184 in-

1016 1207 1153 1246 terdicti,
1175 1207 1311 1249 aliisque
1330 1206 1558 1239 ecclesiasticis
1579 1206 1760 1244 sentiemus,

1015 1261 1159 1293 censuris
1185 1266 1216 1292 et
1242 1259 1375 1303 poenis,
1404 1270 1421 1291 3
1455 1259 1524 1292 iure
1550 1260 1598 1292 vel
1625 1260 1663 1291 ab
1703 1259 1761 1291 ho-

1015 1315 1127 1354 mine,
1153 1314 1264 1357 quavis
1289 1313 1463 1346 occasione
1489 1314 1536 1345 vel
1563 1315 1658 1345 causa
1680 1313 1762 1350 latis,

1016 1369 1042 1401 si
1068 1368 1185 1411 quibus
1211 1366 1457 1410 quomodolibet
1483 1366 1656 1398 innodatae
1695 1365 1761 1398 exi-

1016 1426 1120 1461 stunt,
1146 1420 1183 1453 ad
1211 1420 1363 1453 effectum
1389 1419 1611 1462 praesentium
1639 1424 1761 1451 tantum

1016 1474 1306 1516 consequendum,
1337 1473 1450 1505 barum
1476 1472 1560 1504 serie
1594 1471 1763 1505 absolven-

1017 1532 1066 1560 tes
1101 1533 1132 1559 et
1162 1526 1341 1559 absolutas¹
1372 1526 1439 1558 fore
1471 1530 1658 1563 censentes,
1686 1535 1761 1567 snp-

1017 1579 1251 1624 plicationibus
1266 1589 1380 1612 eornm
1400 1578 1532 1610 nomine
1552 1579 1644 1610 nobis
1663 1587 1763 1620 super

1019 1635 1081 1667 boc
1115 1633 1283 1665 humiliter
1308 1631 1467 1674 porrectis
1502 1631 1673 1671 inclinati,
1708 1631 1763 1663 de-

1018 1693 1138 1720 cretum
1158 1686 1406 1729 praeinsertum,
1427 1684 1617 1717 anctoritate
1636 1689 1763 1727 aposto-

1019 1741 1099 1779 lica,
1133 1745 1245 1772 tenore
1278 1738 1515 1782 praesentium,
1544 1738 1763 1781 approbamus

1020 1793 1302 1832 etconsii·manmS‚
1329 1792 1440 1835 illique
1467 1791 1664 1823 inviolabilis
1687 1801 1763 1834 apo-

1019 1847 1150 1881 stolicae
1169 1845 1330 1879 firmitatis
1353 1845 1452 1878 robur
1470 1844 1656 1877 adiicimns:
1676 1845 1764 1877 salva

1021 1907 1126 1934 tamen
1153 1910 1285 1943 semper
1310 1898 1341 1931 in
1368 1898 1555 1941 praemissis
1574 1897 1764 1930 anctoritate

1020 1958 1219 1987 memoratae
1245 1951 1513 1994 Cotigi'egationis
1539 1950 1762 1983 cardinalium.

1065 2008 1079 2050 ξ
1104 2006 1136 2039 3.
1164 2007 1391 2046 Decernentes,
1418 2005 1549 2038 easdem
1575 2009 1782 2047 praesentes⁴
1831 2012 1959 2049 sii-nisique

1021 2061 1146 2095 litteras
1173 2070 1303 2103 semper
1327 2058 1455 2098 sirmas,
1485 2058 1608 2090 validas
1645 2062 1676 2090 et
1700 2039 1921 2090 effi-mastanaum.

1021 2125 1113 2148 caces
1140 2114 1280 2147 existere
1307 2118 1337 2146 et
1362 2113 1451 2152 sore,
1485 2121 1629 2154 suosque
1654 2112 1767 2154 plena-

1022 2169 1086 2202 rios
1114 2173 1145 2201 et
1171 2167 1316 2209 integros
1343 2165 1476 2199 effectus
1501 2165 1612 2197 sortiri
1640 2164 1767 2197 etobti-

1022 2233 1121 2262 nere,
1149 2232 1184 2254 ac
1210 2221 1295 2260 illis,
1326 2220 1364 2252 ad
1391 2230 1473 2263 quos
1500 2224 1626 2261 spectat
1652 2223 1683 2250 et
1707 2228 1766 2260 pro

1024 2282 1173 2319 tempore
1209 2274 1394 2317 spectabit,
1436 2273 1625 2317 plenissime
1655 2272 1766 2305 suffra-

1024 2329 1113 2371 gari,
1145 2333 1177 2361 et
1209 2328 1247 2360 ab
1280 2328 1325 2360 eis
1360 2326 1539 2368 respective
1573 2325 1767 2358 inviolabili-

1025 2387 1072 2414 ter
1089 2379 1268 2419 observari,
1296 2379 1406 2422 sicque
1434 2378 1465 2410 in
1493 2377 1681 2421 praemissis
1709 2387 1767 2420 per

1025 2442 1250 2478 quoscumque
1275 2431 1400 2464 iudices
1417 2430 1601 2463 ordinarios
1629 2434 1658 2462 et
1685 2430 1768 2462 dele-

1025 2493 1116 2531 gatos
1143 2486 1238 2519 etlam
1266 2494 1434 2517 causarum
1456 2483 1564 2526 palatii
1595 2483 1767 2526 apostolici

1025 2540 1191 2574 auditores
1225 2537 1363 2571 iudicari
1399 2543 1430 2570 et
1460 2535 1588 2569 deliniri
1625 2536 1766 2578 debere,

1062 2604 1073 2630 l
1098 2602 1164 2630 Edit.
1187 2601 1269 2629 Main.
1291 2599 1355 2635 legit
1378 2599 1519 2628 absolutos
1541 2599 1576 2635 (n.
1594 2598 1644 2634 τ,).

1761 202 1812 227 An.
1835 201 1947 228 (¹..1737
