2232 3178
30 2802 35 2910 l

32 2940 36 3066 i

51 197 101 224 An.
115 193 143 221 C.
166 190 232 220 ¹738

106 1688 230 1709 Procurator

68 1715 154 1736 enei-alis
190 1714 231 1735 hac

69 1747 80 1762 ο
100 1742 163 1762 causa
178 1741 230 1761 Con-

55 1767 165 1794 gressaliuni
187 1768 231 1794 epi·

55 1799 161 1820 scaporum
210 1797 230 1814 111

53 1821 175 1846 rogum-ium
183 1826 230 1847 sup-

53 1846 124 1874 plicat.

236 240 393 273 lutaribus
426 240 574 284 Apostoli
616 241 776 280 monitis,
811 249 976 272 memores

236 293 415 326 vinctorum
433 320 440 334 ,
479 299 642 337 tamquam
675 294 767 326 simul
799 293 918 332 vincti,
946 296 978 324 et

236 346 462 385 laborantium,
481 352 643 390 tamquam
661 347 693 379 in
709 347 822 380 eodem
838 355 976 388 corpore

236 405 412 438 morantes,
437 399 590 433 Ordinem
616 400 808 433 dilectorum
835 399 976 433 filiorum

237 453 366 485 fratrum
392 452 445 485 SS.
472 452 635 485 Trinitatis
658 452 903 496 Redemptionis
921 452 978 485 Ca-

236 507 397 549 ptivorum
422 505 685 539 Excalceatorum
704 511 976 548 nuncupatorum,

236 559 289 602 qui
315 569 374 602 pro
397 559 560 592 lucrandis
578 559 844 601 redimendisque
868 558 977 590 fratri-

235 613 295 645 bus
332 613 418 651 suis,
446 613 506 645 snb
544 613 668 645 catenis
706 612 919 644 barbarorum
946 611 976 643 in

236 671 350 709 aperto
388 671 442 698 aut
477 666 658 699 catholicae
696 665 770 698 fidei
803 664 977 697 eiurandae

235 725 289 751 aut
325 718 420 751 vitam
453 719 572 752 misere
612 718 750 751 finiendi
789 717 977 750 discrimine

236 772 450 811 versantibus,
468 772 593 804 animas
615 781 737 815 ponere
764 772 890 803 alacres
911 780 977 802 non

235 831 406 866 verentur,
433 825 619 868 praecipuis
654 829 813 868 paternae
847 823 978 867 pontifi-

236 879 390 921 ciaequae
415 878 666 911 benevolentiae
701 877 815 910 studiis
849 888 979 920 semper

236 931 395 975 complexi
422 943 546 966 sumus.
574 932 756 975 Eapropter
789 931 862 970 illa,
896 942 978 974 quae

235 996 295 1029 pro
323 985 406 1018 felici
433 996 661 1028 prosperoque
688 985 876 1018 eorumdem
896 985 980 1027 regi-

235 1039 323 1072 mine
355 1039 532 1082 debitaque
570 1045 633 1071 tam
659 1038 807 1071 arctioris
834 1037 980 1080 discipli-

235 1103 296 1126 nae
321 1092 527 1125 observantia
553 1089 631 1125 alias
658 1091 819 1134 disposita
845 1096 876 1124 et
897 1091 981 1124 ordi-

235 1151 333 1186 nata,
365 1146 532 1178 nonnullis
568 1145 810 1178 evidentissima
843 1145 979 1177 utilitate

236 1199 497 1232 correctionibus
524 1205 556 1231 et
581 1199 868 1231 emendationibus
899 1198 981 1230 indi-

236 1252 356 1294 gentia,
383 1253 435 1295 pie
458 1253 704 1295 prudenterque
727 1252 932 1285 emendanda
950 1256 982 1284 et

236 1305 428 1348 corrigenda
441 1316 510 1338 esse
526 1305 772 1348 dignoscuntur,
784 1316 855 1338 cnm
871 1316 981 1338 emen-

237 1359 310 1391 data
325 1364 356 1391 et
372 1364 518 1391 correcta
532 1364 629 1402 atque
645 1364 769 1392 maturo
785 1359 931 1391 examine
948 1359 980 1391 in

237 1413 355 1446 melius
381 1412 507 1455 digesta
532 1418 562 1445 et
587 1413 813 1456 comprobata,
839 1419 872 1446 ut
892 1412 982 1445 firma

238 1476 370 1509 semper
387 1471 484 1508 atque
503 1465 627 1498 illibata
648 1466 839 1509 persistant,
860 1472 982 1509 aposto-

239 1519 292 1553 lici
319 1519 508 1552 muniminis
540 1519 705 1562 praesidio
733 1520 939 1552 corroborari
965 1531 983 1552 a

240 1572 335 1606 nobis
353 1572 486 1615 petitur,
504 1572 646 1605 libenter
664 1572 855 1605 confirmare
870 1578 902 1605 et
915 1583 984 1615 per-

240 1628 337 1669 petua
364 1625 540 1658 stabilitate
567 1625 766 1658 communire
795 1625 981 1668 satagimus.

285 1679 356 1722 §AE
391 1678 515 1721 Exponi
554 1678 715 1721 siquidem
752 1679 845 1712 nobis
879 1690 985 1722 nuper

242 1732 318 1766 fecit
343 1732 482 1765 dilectus
497 1732 582 1765 filius
599 1733 775 1765 modernus
789 1738 984 1776 procurator

242 1787 405 1829 generalis
429 1786 568 1829 praefati
598 1786 753 1827 Ordinis,
792 1787 878 1830 quod
915 1787 984 1830 ipse

241 1839 320 1873 alias
346 1840 385 1872 de
411 1839 565 1872 mandato
591 1845 704 1872 nostro
731 1840 769 1872 ad
802 1840 985 1883 Congrega-

242 1893 365 1926 tionem
391 1892 628 1926 venerabilium
647 1893 782 1925 fratrum
797 1898 986 1926 nostrorum

241 1946 272 1980 S.
294 1947 330 1979 R.
350 1947 385 1979 E.
406 1946 622 1980 cardinalium
640 1947 782 1990 negotiis
808 1953 839 1980 et
864 1949 985 1980 consul-

243 2000 419 2034 tationibus
457 2001 689 2044 episcoporum
721 2005 752 2034 et
789 2001 986 2044 regularium

242 2053 464 2097 praepositam
490 2053 670 2097 supplicem
696 2054 814 2087 obtulit
840 2054 985 2088 libellum

244 2106 367 2140 tenoris
393 2106 448 2150 qui
475 2107 633 2150 sequitur,
654 2107 804 2141 videlicet
823 2118 829 2140 :

283 2196 504 2226 Eminenlissimi
525 2201 550 2226 el
570 2198 794 2227 reverendissimi
816 2198 929 2228 domini.
950 2217 988 2221 -

247 2243 361 2283 Religio
377 2245 618 2275 Excalceatorum
633 2246 683 2276 SS.
698 2246 851 2276 Trinitatis
864 2246 989 2276 Redem-

246 2293 355 2332 ptionis
377 2294 586 2333 Captivorum,
612 2299 642 2324 ut
669 2298 783 2324 constat
805 2304 841 2324 ex
863 2295 988 2325 decretis

245 2342 444 2381 capitulorum
467 2343 668 2381 generalium,
692 2352 806 2372 necnon
830 2343 988 2374 definitorii

245 2390 404 2428 generalis,
430 2391 620 2420 vehementer
641 2391 787 2421 desiderat
803 2391 857 2421 sub
873 2401 930 2422 uno
946 2393 989 2422 di-

247 2438 373 2477 plomate
396 2448 411 2468 a
434 2440 544 2469 Sancta
575 2439 647 2470 Sede
680 2440 874 2479 confirmari,
904 2445 932 2471 et
954 2442 989 2471 ad

248 2487 396 2517 vitandam
419 2488 622 2518 confusionem
650 2487 704 2517 51111
734 2498 793 2517 11110
816 2489 914 2519 codice
937 2489 990 2520 im-

247 2535 416 2575 primendas
449 2537 650 2576 uniendasque
673 2546 735 2567 esse
758 2547 826 2567 suas
848 2538 990 2569 constitu-

249 2584 361 2616 tiones:
386 2595 511 2625 quarum
540 2586 701 2618 nonnullae
723 2587 773 2617 diu
795 2586 990 2619 observantur

856 189 1000 215 CLEMENS
1027 190 1073 214 XII
1098 191 1147 215 PP.

1020 243 1049 268 et
1070 239 1259 269 confirmatae
1294 243 1361 270 sunt
1385 249 1401 270 a
1424 239 1517 270 felicis
1551 239 1762 270 recordationis

1021 287 1168 317 Clemente
1190 287 1230 325 X,
1255 293 1370 318 ceterae
1393 294 1506 327 autem,
1531 298 1604 328 quas
1628 289 1761 318 definito-

1022 337 1098 366 rium
1122 338 1274 375 generale,
1297 338 1400 368 crebro
1423 339 1519 368 studio
1542 343 1569 368 et
1592 339 1764 377 quotidiana

1022 386 1213 416 meditatione
1233 387 1414 426 praemissis,
1432 388 1603 427 integroque
1621 387 1764 426 quotidia-

1023 435 1067 464 nis
1091 435 1273 465 sessionibus
1296 446 1372 465 anno
1395 437 1508 472 statuit,
1532 437 1559 466 vi
1583 437 1683 466 Brevis
1700 437 1764 475 piae

1024 485 1183 514 memoriae
1200 485 1349 515 Benedicti
1364 485 1424 515 xlll
1441 486 1490 524 qui
1506 486 1552 515 die
1571 495 1636 515 xxvi
1652 485 1766 514 februa—

1021 533 1058 562 rii
1082 542 1158 562 anno
1179 542 1348 563 nnecxxvm
1378 543 1429 573 per
1458 544 1525 564 suas
1554 534 1667 564 litteras
1697 543 1766 563 con-

1022 582 1109 611 cessit
1126 582 1256 621 capitulo
1271 583 1403 621 generali
1427 583 1558 622 proxime
1575 583 1763 619 celebrando,

1023 634 1050 660 et
1067 631 1172 660 deinde
1188 631 1353 661 definitorio
1366 632 1496 669 generali
1513 632 1680 661 facultatem
1698 640 1766 661 con-

1022 679 1110 709 dendi
1132 680 1210 717 leges
1233 690 1284 710 seu
1307 681 1532 710 constitutiones
1561 681 1596 710 ad
1619 680 1765 710 uniforme

1022 728 1199 766 gnbernium
1234 729 1370 767 generale
1402 729 1519 759 Ordinis
1552 734 1579 759 et
1604 730 1767 768 provincia-

1023 787 1087 807 rum
1111 782 1287 817 spectantes.
1312 778 1437 808 Istarum
1472 783 1569 808 autem
1602 779 1676 809 aliae
1699 783 1767 808 sunt

1024 836 1076 866 pro
1099 821 1244 865 guberiiio
1269 827 1486 866 provinciarum
1511 827 1699 857 confirmatae
1721 827 1767 856 die

1024 885 1049 905 x1
1062 876 1237 915 septembris
1251 876 1319 906 anni
1336 885 1472 906 amocxxx
1490 886 1503 906 a
1519 877 1704 906 sanctissimo
1718 876 1768 905 do-

1024 925 1102 955 mino
1122 930 1221 955 nostro
1239 925 1385 955 Clemente
1402 925 1450 954 Xll
1474 925 1598 955 feliciter
1614 929 1764 963 regnante,

1024 979 1051 1004 et
1072 975 1146 1005 aliae
1170 975 1203 1004 ad
1227 974 1402 1013 gubernium
1436 975 1525 1004 totius
1559 975 1709 1013 religionis
1732 974 1767 1003 ab

1025 1025 1125 1054 eodem
1160 1025 1347 1054 sanctissimo
1379 1024 1498 1054 domino
1522 1028 1622 1054 nostro
1645 1023 1698 1054 sub
1721 1023 1768 1053 die

1026 1084 1041 1103 x
1064 1073 1229 1103 decembris
1257 1082 1438 1103 amcoxxxiu.
1463 1073 1617 1111 Ceterum,
1642 1073 1709 1112 qnia
1733 1082 1768 1101 ex

1025 1123 1229 1152 determinatis
1252 1122 1287 1152 ab
1310 1123 1360 1152 illo
1390 1122 1558 1152 definitorio
1591 1131 1701 1160 paucae
1723 1131 1769 1151 re-

1026 1176 1145 1201 manent
1179 1180 1253 1210 quae
1285 1171 1380 1200 adhuc
1412 1181 1470 1200 non
1500 1175 1567 1200 sunt
1602 1169 1768 1209 propositae

1025 1220 1060 1249 ad
1084 1220 1338 1250 confirmationem
1369 1220 1487 1249 illarum
1511 1219 1744 1258 consequendam
1760 1243 1767 1256 ‚

1026 1279 1098 1308 quas
1121 1268 1282 1308 capitulum
1311 1268 1449 1306 generale
1479 1267 1659 1297 celebratum
1687 1267 1770 1297 Com-

1027 1318 1103 1357 pluti
1126 1328 1202 1348 anno
1224 1326 1393 1347 111111111ΧΧ1111Υ
1416 1317 1600 1356 approbavit,
1618 1321 1646 1346 et
1664 1326 1698 1346 ex
1721 1316 1771 1346 de-

1026 1372 1105 1398 creto
1128 1367 1209 1397 illius
1231 1377 1339 1397 novum
1365 1366 1565 1396 definitorium
1588 1365 1771 1404 subsequens

1026 1417 1131 1447 revidit
1148 1421 1175 1446 et
1194 1416 1368 1456 approbavit
1386 1415 1485 1449 etiam,
1503 1420 1529 1445 et
1546 1420 1704 1453 utrumque
1721 1423 1771 1454 per

1027 1476 1077 1497 sua
1094 1467 1211 1496 decreta
1229 1465 1353 1503 curavit,
1371 1469 1399 1495 et
1417 1465 1654 1495 confimationem
1672 1468 1771 1503 peten-

1027 1516 1093 1545 dam
1118 1525 1182 1545 esse
1201 1525 1214 1545 a
1238 1515 1345 1545 Sancta
1362 1514 1436 1545 Sede
1459 1514 1609 1553 praecepit
1631 1522 1772 1553 procura-

1029 1565 1083 1595 tori
1107 1565 1257 1603 generali:
1282 1573 1373 1603 quare
1400 1564 1462 1603 ipse
1485 1567 1657 1602 procurator
1685 1572 1772 1600 gene-

1028 1614 1098 1644 ralis
1121 1614 1272 1644 humiliter
1295 1613 1442 1652 supplicat
1465 1613 1519 1642 ΕΕ.
1544 1612 1601 1641 W.
1626 1615 1771 1650 quatenus

1028 1662 1186 1700 dignentur
1207 1662 1347 1701 deputare
1370 1660 1637 1691 eminentissimum
1663 1669 1773 1699 ponen-

1029 1716 1085 1741 tem
1109 1711 1196 1741 huius
1228 1719 1333 1740 causae
1356 1710 1391 1740 ad
1415 1710 1469 1739 hoc
1499 1714 1530 1739 ut
1562 1710 1668 1739 referat
1702 1709 1772 1738 huic

1029 1769 1129 1790 sacrae
1144 1759 1369 1797 Congregationi
1391 1758 1534 1788 iustitiam
1552 1758 1638 1788 liuius
1653 1767 1770 1788 causae.

1029 1809 1063 1839 Et
1077 1809 1112 1838 de
1130 1808 1235 1847 gratia,
1259 1812 1314 1837 ete.
1338 1807 1429 1843 Quam
1449 1807 1535 1844 Deus,
1552 1811 1609 1837 ete.

1069 1858 1309 1893 Constitutiones,
1323 1857 1478 1896 dequibus
1493 1857 1602 1896 agitur¹
1615 1861 1684 1887 511111
1698 1866 1773 1896 quae
1803 1874 1967 1895 mmmmm„

1785 1901 1911 1924 referuntur.

1030 1911 1212 1947 sequuntur,
1237 1907 1393 1937 videlicet:

1237 1982 1564 2016 CONSTITUTIONES

1031 2041 1477 2075 FralrumDiscalceatorwn
1490 2040 1627 2074 Ordinis
1637 2040 1692 2073 SS.
1709 2041 1776 2072 Tri-

1074 2095 1190 2127 nitatis
1207 2093 1452 2137 Redemptionis
1470 2093 1680 2137 Captivorum
1699 2094 1777 2126 Con-

1074 2148 1277 2192 yreyalz'onis
1293 2147 1490 2191 Hispaniae.

1246 2228 1395 2253 REGULAE
1421 2228 1521 2252 CAPUT
1547 2229 1567 2252 I.

1092 2279 1187 2297 Fratres
1202 2278 1342 2297 Discaleeatt
1357 2278 1449 2297 ordinis
1464 2279 1503 2296 Hs,
1521 2278 1648 2299 Trinitatis,
1665 2277 1703 2296 etc

1031 2329 1128 2360 CAPUT
1152 2340 1170 2361 1.
1188 2350 1225 2353 —
1242 2331 1281 2360 De
1304 2331 1391 2360 tribus
1413 2331 1479 2360 volis
1503 2329 1694 2359 essentialibus
1716 2329 1774 2358 obe-

1071 2380 1206 2417 dientiae,
1240 2380 1375 2409 castitatis
1408 2384 1431 2408 et
1461 2379 1658 2418 paupertatis,
1683 2387 1714 2407 ac
1744 2378 1776 2407 de

1071 2432 1168 2467 quarto
1190 2438 1243 2457 non
1266 2429 1414 2457 ambiendi.

1071 2499 1091 2521 1.
1115 2490 1184 2521 Sine
1207 2490 1374 2520 obedientia
1397 2489 1475 2519 nulla
1499 2489 1685 2527 gubernatio,
1710 2488 1775 2518 11111-

1069 2594 1078 2619 1
1103 2591 1173 2619 Edit.
1195 2591 1279 2619 Main.
1301 2591 1365 2625 legit
1385 2591 1479 2625 uniter
1498 2593 1537 2624 (11.
1554 2592 1602 2626 1.).

1659 182 1723 216 395
1771 193 1821 220 An.
1838 191 1866 219 c,
1889 193 1954 221 2733

1032 2539 1151 2578 lumque
1175 2538 1306 2576 regimen
1330 2542 1423 2577 potest
1446 2542 1541 2574 stare,
1567 2537 1634 2576 quia
1659 2526 1969 2575 1111119111..ῩυῖὲὲῘοΜ’
