2232 3178
24 2701 26 2706 .
23 2533 27 2691 —„,--
23 2101 28 2524 *nn—-fl“·-s-——-v
24 2065 27 2087 ⁴-
23 1806 28 2038 --—.·-—--—--
24 1654 29 1797 v-.-„—--..
24 696 32 1643 ψμψμι-Ἤψ

39 211 88 240 Am*
97 208 126 238 C.
147 206 213 235 ¹738

852 200 993 227 CLEMENS
1018 202 1065 226 XII
1090 202 1142 227 PP.

223 251 315 283 nerali
337 251 477 290 seorsim,
501 251 559 282 nisi
581 251 698 291 quando
721 252 814 282 adiret
837 251 963 291 aliquam

224 301 401 342 provinciam
419 301 463 330 vel
487 305 663 331 conventum
686 301 855 339 videndum,
875 301 918 331 vel
935 301 963 331 in

223 350 311 381 simili
335 359 403 380 casu
423 359 510 380 raro:
530 354 558 380 et
574 359 690 389 semper
707 360 771 380 curn
792 350 964 380 limitatione

223 399 257 429 ad
280 407 313 428 ea
341 402 476 434 tantum,
502 408 577 438 quae
608 399 799 438 probabiliter
829 399 964 437 (iudicio

222 447 314 487 ipsius
336 447 518 485 definitorii)
542 456 697 477 occurrere
721 451 865 486 possunt,
890 447 965 477 desi-

222 495 336 535 gnando
359 504 445 525 casus
467 495 621 535 speciales,
645 496 695 535 qui
720 501 747 526 et
769 496 799 525 in
819 495 892 525 libro
915 496 963 525 de-

223 545 346 575 finitorii
370 545 471 584 scripti
494 545 664 575 manebunt.

262 602 309 623 xv.
333 593 458 633 Deputet
487 594 686 624 definitorium
709 594 738 623 in
763 603 848 623 suum
871 603 966 624 secre—

225 643 332 673 tarium
356 652 446 672 unum
469 652 503 672 ex
527 643 659 682 patribus
681 642 895 679 definitoribus,
915 643 965 682 qui

222 692 320 722 statim
344 701 377 722 ac
400 692 509 722 electus
525 693 612 722 suerit
634 693 832 722 iuramentum
852 692 965 722 emittat

221 740 356 771 servandi
379 745 523 771 secretum
540 745 568 771 et
584 741 754 771 fidelitatem
777 741 868 770 forma
884 750 966 780 prae-

221 789 328 829 scripta
361 799 413 829 pro
447 790 604 820 secretario
642 790 762 829 capituli
798 789 962 828 generalis,

221 847 284 877 cap.
308 847 411 875 xxxvi,
434 838 448 877 ξ
470 839 499 876 5,
524 848 554 868 n.
579 848 618 868 xr.

262 895 319 917 xvr.
343 886 426 922 Quod
449 891 546 917 actum
568 887 758 927 decisumque
781 887 834 917 suit
857 897 871 916 a
895 887 964 917 deli-

220 935 341 974 nitorio,
358 935 388 965 in
411 936 473 965 eius
490 936 564 966 libro
581 936 738 975 scribatur,
753 940 781 966 et
805 936 832 965 in
850 936 963 965 electio-

219 984 306 1015 nibus
329 984 478 1014 canonicis
494 985 524 1014 in
547 985 611 1024 ipso
635 985 720 1015 sactis
738 989 895 1015 annotetur
910 994 964 1014 nu-

219 1042 318 1063 merus
344 1033 568 1071 suffragiorum,
598 1037 626 1064 et
656 1038 813 1073 antequam
845 1032 964 1063 finiatur

220 1080 434 1119 definitorium,
458 1081 571 1120 legatur
594 1090 692 1111 coram
715 1082 791 1121 ipso,
811 1086 839 1111 et
861 1085 961 1120 postea

220 1129 426 1160 subscribatur
459 1139 474 1159 a
508 1130 661 1170 superiore
693 1130 844 1169 generali,
870 1130 962 1169 primo

220 1178 374 1209 definitore
397 1183 424 1208 et
440 1179 608 1209 secretario.
627 1179 665 1209 Ea
685 1184 793 1218 autem,
811 1188 885 1218 quae
902 1179 962 1208 sive

218 1227 249 1257 in
278 1228 407 1267 capitulo
439 1228 570 1266 generali
602 1228 720 1259 Ordinis
753 1229 813 1258 sive
843 1229 872 1258 in
905 1229 962 1258 alia

219 1277 445 1316 congregatione
469 1282 542 1314 acta,
568 1277 664 1307 decisa
688 1278 747 1307 sive
770 1277 961 1307 determinata

218 1326 327 1356 suerint
350 1326 385 1356 ab
408 1330 533 1365 utroque
555 1326 722 1356 definitorio
746 1326 889 1365 generali,
918 1327 961 1356 in-

219 1374 307 1404 simul
329 1375 358 1404 in
382 1374 484 1405 eodem
517 1374 593 1405 libro
624 1375 784 1405 dessnitorii
817 1374 962 1414 generalis

218 1422 334 1454 Ordinis
357 1423 525 1454 scribantur
547 1423 830 1464 subscribanturque
846 1433 861 1453 a
883 1433 962 1463 prae-

217 1471 289 1510 side,
304 1471 339 1502 ab
352 1471 521 1502 immediato
534 1473 687 1503 definitore
696 1472 823 1510 Ordinis,
837 1482 851 1502 a
869 1472 961 1512 primo

218 1521 372 1551 definitore
395 1521 515 1551 alterius
544 1522 692 1559 familiae,
716 1526 743 1552 et
765 1532 780 1552 a
803 1522 961 1552 secretario

218 1569 376 1600 definitorii
398 1570 544 1608 generalis
566 1570 694 1601 Ordinis.

258 1628 326 1649 xvn.
362 1619 448 1649 Pater
482 1619 617 1650 minister
649 1620 796 1658 generalis
825 1619 961 1650 determi-

218 1669 352 1700 nationes
374 1672 403 1699 et
425 1669 542 1699 decreta
566 1669 724 1700 definitorii
747 1670 893 1708 generalis
909 1670 962 1699 Or-

219 1718 297 1749 dinis
329 1718 497 1748 executioni
538 1718 665 1748 breviter
698 1719 831 1749 mandari
865 1722 958 1749 curet.

219 1766 298 1803 Quod
323 1767 347 1798 si
369 1767 491 1798 remisse
514 1766 542 1797 in
567 1767 622 1797 hoc
645 1777 675 1797 se
698 1767 833 1805 gesserit,
858 1772 886 1798 et
915 1777 960 1797 re-

219 1820 356 1847 verenter
377 1816 507 1846 monitus
530 1825 588 1846 non
619 1826 649 1846 se
679 1817 889 1853 emendaverit,
913 1817 961 1847 de-

218 1866 351 1897 finitores
373 1866 487 1905 primus
509 1870 538 1896 et
560 1866 706 1896 secundus
729 1866 834 1905 exequi
854 1866 960 1896 saciant

218 1926 263 1955 ea,
287 1914 500 1946 subscribendo
523 1915 609 1945 simul
640 1925 706 1945 cum
729 1915 899 1953 secretario,
933 1920 960 1946 et

218 1964 360 2004 signando
376 1964 535 1995 definitorii
551 1965 698 2003 generalis
717 1964 835 1995 Ordinis
852 1965 958 2004 sigillo.

219 2013 362 2053 Superior
384 2017 480 2043 autem
504 2018 592 2053 atque
615 2018 642 2043 et
664 2013 866 2044 definitorium
889 2014 960 2044 alte-

219 2062 281 2093 rius
313 2062 440 2092 familiae
477 2062 615 2092 similiter
652 2067 756 2093 curent
792 2063 959 2093 executioni

220 2111 352 2143 mandari
368 2110 510 2150 quidquid
533 2120 547 2140 a
571 2111 740 2142 definitorio
760 2112 891 2150 generali
907 2112 958 2142 Or-

220 2160 296 2191 dinis
332 2160 421 2190 suerit
460 2159 591 2190 decisum
628 2165 677 2191 aut
713 2161 957 2192 determinatum:

219 2214 247 2240 et
269 2209 292 2239 si
315 2209 401 2239 aliter
423 2209 487 2238 fieri
510 2209 676 2248 contigerit,
693 2210 892 2241 definitorium
911 2221 960 2250 ge-

218 2258 318 2289 nerale
341 2257 460 2289 Ordinis
476 2258 660 2288 committere
676 2260 783 2298 poterit
802 2270 869 2290 suas
882 2261 959 2291 vices

219 2307 305 2337 alicui
329 2307 465 2345 religioso
489 2307 589 2346 probo,
615 2312 701 2347 atque
716 2309 791 2338 intra
816 2310 902 2339 aliam
918 2311 960 2340 sa-

219 2356 328 2386 miliam
360 2355 435 2385 bene
458 2356 536 2391 viso,
571 2356 620 2395 qui
653 2357 810 2396 aliquando
842 2358 959 2389 functus

219 2405 307 2435 suerit
329 2405 425 2434 officio
458 2405 622 2444 superioris
648 2406 796 2443 generalis
820 2407 865 2436 vel
888 2407 959 2437 deti-

218 2453 323 2484 nitoris
343 2453 507 2492 generalis,
532 2454 575 2484 vel
604 2454 732 2484 ministri
755 2456 956 2496 provincialis,

219 2507 260 2540 ut,
278 2504 396 2533 nomine
419 2503 577 2533 delinitorii
600 2504 748 2542 generalis
763 2504 891 2542 Ordinis,
913 2516 958 2536 su—

219 2551 364 2593 periorem
387 2552 553 2590 generalem
584 2553 713 2583 familiae
742 2558 770 2584 et
797 2554 958 2593 quemlibet

219 2602 403 2633 definitorem
426 2606 597 2642 ceterosque
619 2602 770 2641 religiosos
796 2612 848 2643 per
875 2613 957 2643 prae-

305 2662 389 2692 Bult.
403 2663 488 2694 Rom.
507 2678 542 2684 -
562 2663 626 2692 Vol.
642 2663 746 2692 XXIV.
891 2663 924 2692 57

1008 256 1090 292 cepta
1113 255 1196 291 cogat
1218 253 1254 283 ad
1276 253 1484 293 obedientiam,
1502 263 1621 294 eosque,
1639 255 1662 284 si
1679 264 1752 294 opus

1007 301 1107 339 suerit,
1132 311 1289 341 suspensos
1312 303 1451 341 declaret,
1476 308 1503 334 et
1525 304 1559 334 de
1581 304 1752 334 inobedien-

1009 351 1046 380 tia
1071 360 1241 389 processum
1275 352 1361 382 faciat
1385 357 1413 382 et
1434 353 1682 391 informationem,
1707 359 1749 390 ut,

1008 399 1066 428 illis
1100 399 1258 439 inspectis,
1293 401 1492 431 definitorium
1532 403 1668 440 generale
1698 402 1751 433 Or-

1007 448 1084 477 dinis
1108 449 1152 478 vel
1176 458 1278 479 eorum
1301 451 1540 480 renunciationes
1556 451 1690 481 admittat
1706 452 1750 482 vel

1009 505 1060 534 pro
1077 497 1216 535 qualitate
1239 497 1341 536 culpae
1364 499 1481 528 eosdem
1505 500 1613 529 afficiat
1635 501 1748 539 poenis.

1048 553 1126 574 xvm.
1152 544 1180 575 Si
1216 546 1311 584 (quod
1343 547 1417 577 Deus
1450 549 1582 587 avertat)
1616 550 1751 588 superior

1007 593 1154 630 generalis
1184 593 1302 624 Ordinis
1335 604 1364 624 se
1397 601 1513 633 gereret
1545 606 1611 626 cum
1645 606 1750 635 magno

1008 642 1202 671 saecularium
1226 644 1374 680 scandalo,
1397 645 1440 674 vel
1474 645 1646 683 religionem
1670 655 1751 684 rege-

1008 694 1051 720 ret
1075 690 1196 720 notabili
1219 692 1413 731 relaxatione,
1434 698 1461 723 et
1480 694 1696 724 observantiam
1719 695 1750 725 in

1008 739 1095 768 rebus
1118 740 1256 778 gravibus
1279 742 1453 779 negligeret,
1479 747 1548 772 tunc
1571 744 1684 782 primus
1703 744 1750 773 de-

1009 787 1107 818 finitor
1139 789 1284 826 generalis
1318 790 1437 820 Ordinis
1471 797 1609 822 convocet
1649 802 1750 822 omnes

1008 836 1080 866 alios
1103 837 1274 867 definitores
1308 840 1460 876 generales
1493 840 1630 878 Ordinis,
1656 846 1684 870 ut
1719 841 1749 871 in

1008 885 1093 915 domo
1117 886 1254 916 omnibus
1277 888 1468 918 commodiori
1490 888 1536 918 die
1559 888 1594 918 ab
1616 889 1679 928 ipso
1706 899 1751 919 as-

1008 934 1150 972 signando
1184 941 1411 973 congregentur.
1448 936 1502 972 Qui
1532 946 1632 967 omnes
1663 937 1750 967 simul

1007 983 1111 1021 iuneti,
1129 988 1155 1014 et
1179 994 1236 1013 non
1261 984 1356 1020 aliter,
1374 995 1406 1014 ac
1429 995 1459 1015 re
1482 990 1596 1015 mature
1619 985 1750 1016 conside-

1007 1033 1081 1070 rata,
1105 1037 1266 1063 convocent
1290 1038 1417 1073 quatuor
1439 1035 1482 1064 vel
1513 1034 1642 1074 quinque
1667 1034 1750 1064 mini-

1007 1084 1082 1109 stros
1106 1081 1299 1120 provinciales
1334 1091 1385 1122 per
1422 1083 1581 1123 capitulum
1614 1083 1749 1121 generale

1006 1129 1123 1159 Ordinis
1146 1130 1322 1170 deputatos,
1347 1136 1375 1161 et
1397 1132 1484 1162 simul
1519 1141 1584 1162 cum
1608 1132 1668 1162 illis
1696 1133 1748 1162 hu-

1006 1178 1116 1208 militer
1138 1183 1166 1209 et
1189 1184 1359 1209 reverenter
1381 1181 1426 1210 vel
1456 1185 1594 1222 oretenus
1621 1181 1666 1210 bis
1689 1190 1750 1211 mo·

1006 1232 1094 1258 neant
1122 1228 1305 1267 superiorem
1337 1230 1502 1267 generalem
1534 1230 1663 1260 Ordinis.
1694 1231 1748 1266 Oui

1005 1276 1028 1305 si
1052 1276 1145 1306 adhuc
1169 1276 1204 1306 ab
1226 1277 1398 1307 excessibus
1428 1283 1456 1308 et
1485 1279 1578 1318 culpis
1608 1288 1664 1308 non
1689 1289 1750 1309 ces-

1005 1325 1134 1361 saverit,
1169 1334 1270 1355 omnes
1302 1325 1371 1355 dicti
1406 1327 1527 1366 praelati
1562 1327 1749 1366 (definitores

1005 1373 1107 1412 utique
1139 1373 1290 1411 generales
1322 1374 1439 1405 Ordinis
1471 1380 1497 1405 et
1522 1376 1651 1406 ministri
1685 1386 1749 1416 pro-

1006 1422 1168 1457 vinciales)
1190 1423 1277 1453 simul
1301 1425 1492 1463 congregati,
1517 1430 1544 1455 et
1575 1426 1684 1456 maiore
1714 1426 1748 1455 il-

1004 1471 1099 1501 lorum
1123 1476 1202 1511 parte
1225 1474 1436 1511 consentiente,
1459 1476 1546 1504 causa
1569 1475 1631 1505 sine
1654 1475 1749 1514 figura

1005 1520 1105 1550 iudicii
1128 1525 1177 1551 aut
1200 1522 1327 1561 strepitu
1351 1523 1482 1553 iudiciali
1509 1524 1638 1561 cognita,
1670 1524 1746 1554 iudi-

1005 1574 1071 1599 cent
1094 1579 1129 1599 an
1146 1575 1295 1600 mereatur
1325 1571 1449 1611 deponi:
1482 1576 1509 1601 et
1532 1573 1569 1602 ita
1594 1573 1747 1603 sentienti-

1004 1617 1058 1648 bus
1081 1623 1108 1648 et
1132 1619 1353 1657 iudicantibus,
1383 1625 1539 1651 moneatur
1561 1625 1592 1651 ut
1615 1622 1660 1652 sui
1684 1623 1747 1652 osti-

1004 1667 1041 1697 cii
1064 1667 1150 1697 saciat
1170 1668 1443 1707 renunciationem3
1469 1679 1555 1709 quam
1579 1671 1603 1700 si
1626 1680 1683 1701 non
1706 1672 1747 1702 se-

1004 1717 1088 1752 cerit,
1113 1716 1290 1756 deponatur.
1311 1717 1345 1747 Et
1360 1718 1389 1748 in
1408 1718 1457 1748 tali
1477 1728 1556 1756 casu,
1574 1719 1642 1749 dum
1659 1730 1746 1750 causa

1003 1766 1199 1803 examinatur,
1225 1770 1362 1805 poterunt
1385 1776 1486 1797 omnes
1508 1768 1593 1797 simul
1627 1769 1656 1798 in
1688 1774 1746 1800 toto

1003 1816 1128 1854 Ordine,
1152 1816 1199 1846 cui
1228 1816 1273 1846 vel
1296 1816 1402 1855 quibus
1425 1818 1624 1848 necessarium
1647 1820 1745 1857 suerit,

1003 1866 1155 1904 imponere
1185 1870 1337 1904 praecepta
1362 1870 1389 1896 et
1411 1875 1568 1902 censuras,
1594 1877 1667 1906 quae
1690 1869 1744 1898 in¹

1003 1914 1058 1943 alia
1070 1923 1273 1953 quaecumque
1288 1915 1424 1945 mandata
1441 1915 1606 1955 subscripta
1623 1926 1637 1945 a
1651 1917 1746 1956 primo

1004 1967 1032 1993 et
1053 1963 1182 1993 secundo
1214 1964 1368 1994 definitore
1402 1966 1532 2003 generali
1560 1965 1694 2005 Ordinis,
1719 1971 1747 1997 et

1003 2012 1185 2042 reserendata
1218 2021 1232 2041 a
1263 2013 1444 2052 secretario,
1469 2014 1554 2044 fidem
1588 2015 1695 2045 saciant
1718 2021 1747 2046 et

1003 2061 1144 2099 obligent.
1170 2061 1203 2091 Et
1218 2061 1306 2092 etiam
1326 2063 1355 2092 in
1372 2072 1405 2093 eo
1423 2073 1492 2093 casu
1516 2067 1652 2103 poterunt
1674 2065 1745 2096 dicti

1004 2111 1126 2149 praelati
1149 2111 1283 2141 inhibere
1307 2113 1394 2142 etiam
1417 2113 1492 2152 patri
1510 2113 1643 2143 ministro
1659 2123 1745 2152 gene-

1003 2159 1057 2188 rali
1074 2160 1237 2199 praeceptis
1251 2160 1295 2190 vel
1312 2161 1446 2191 censuris
1459 2162 1561 2192 aliisve
1578 2163 1680 2192 mediis
1696 2173 1746 2202 op-

1003 2208 1147 2248 portuniS,
1166 2218 1214 2247 ne,
1232 2209 1300 2239 dum
1317 2219 1403 2240 causa
1418 2211 1511 2250 ipsius
1527 2212 1622 2250 agitur
1634 2217 1662 2242 et
1678 2222 1745 2242 con-

1003 2258 1141 2295 cluditur,
1158 2259 1286 2288 ossscium
1305 2269 1390 2289 sunm
1407 2266 1554 2299 exerceat,
1574 2262 1670 2291 necin
1688 2261 1744 2291 alio

1002 2308 1040 2337 sit
1062 2312 1208 2338 conventu
1233 2314 1349 2348 praeter
1372 2309 1427 2339 sibi
1450 2310 1484 2339 ab
1501 2310 1542 2339 eis
1561 2310 1741 2348 designato².

1042 2366 1100 2386 xix.
1126 2357 1299 2387 Huiusmodi
1322 2359 1509 2396 congregatio
1533 2358 1656 2397 obligari
1686 2369 1742 2389 non
1781 2359 1785 2361 ’

1001 2406 1108 2445 poterit
1139 2407 1173 2436 ad
1200 2407 1379 2437 reddendam
1409 2416 1526 2437 eausam
1556 2408 1743 2438 admissionis

1001 2455 1251 2493 renunciationis,
1290 2456 1346 2486 nisi
1381 2465 1481 2486 sacrae
1515 2457 1743 2495 Congregationi

1001 2504 1123 2543 petenti.
1148 2504 1176 2534 Si
1199 2510 1296 2534 autem
1320 2514 1400 2534 sacra
1429 2505 1621 2544 Congregatio
1644 2506 1672 2535 id
1695 2515 1743 2545 pe-

1038 2564 1047 2589 1
1072 2563 1185 2589 Videtur
1205 2563 1351 2598 legendum
1372 2564 1416 2591 uti
1435 2571 1482 2597 pro
1503 2563 1534 2590 in
1554 2566 1591 2597 (n.
1609 2567 1657 2595 T.).

1035 2608 1051 2635 2
1072 2608 1168 2644 Aptius
1188 2608 1247 2644 lege
1267 2609 1449 2644 desiynatum
1468 2615 1508 2644 tn.
1530 2609 1581 2644 L),

1644 195 1709 230 449
1754 205 1807 234 An.
1824 206 1853 234 c.
1875 207 1946 234 ¹738
