2232 3178
31 213 78 242 An.
93 210 120 237 C.
144 209 212 236 1736

218 257 349 289 stitutae
374 256 508 289 munitis
528 282 535 296 ,
559 256 674 289 eadem
710 266 845 299 prorsus
881 256 960 288 fides

219 309 424 350 adhibeatur,
451 320 532 353 quae
551 309 763 342 adhiberetur
777 309 854 352 ipsis
869 320 961 353 prae-

216 363 367 395 sentibus
387 362 412 395 si
429 363 535 395 forent
552 363 715 395 exhibitae
735 363 782 395 rel
797 368 958 395 ostensae.

262 415 375 448 Datum
395 415 534 455 Romae,
561 415 646 458 apud
666 415 697 448 S.
716 414 846 447 Mariam
864 414 961 447 Maio-

221 479 299 507 rem,
315 469 374 500 sub
393 470 514 501 annulo
533 468 714 508 piscatoris,
731 467 782 500 die
802 477 866 500 xvu
885 468 960 499 maii

219 531 409 564 nnccxix'xvt,
434 522 643 565 pontificatus
662 521 763 554 nostri
783 531 868 553 anno
895 532 936 554 vi.

255 583 315 610 Dat.
340 583 388 610 die
411 585 442 611 17
463 584 523 610 maii
546 584 625 616 1736,
647 583 747 618 pontis.
769 591 840 610 anuo
860 590 895 609 Vl.

512 727 669 760 CLxxxt.

218 798 264 832 Ne
288 798 325 831 de
349 803 450 831 celero
474 799 592 841 fratres
622 797 759 832 Ordinis
794 797 961 830 Minorum

260 853 367 885 sanclz'
388 852 562 885 Francisci
588 851 765 894 Cupttccini
781 852 816 883 in
832 851 964 894 proviti-

262 906 322 937 ciis
346 905 466 938 Italiae
490 905 644 948 deputari
667 905 797 937 valeant
821 905 857 936 in
892 914 962 936 con-

260 960 411 1002 fessarios
453 959 641 991 ordinarios
687 957 879 991 monialium
925 957 963 989 ab

262 1012 417 1055 episcopis
430 1022 485 1044 seu
497 1011 637 1044 locorum
653 1010 846 1045 ordinariis
860 1014 960 1043 cavet.

432 1093 566 1121 clemens
588 1094 666 1127 Papa
685 1093 748 1125 xt1,

361 1138 397 1165 ad
417 1139 550 1166 futuram
569 1138 614 1165 rei
634 1138 816 1165 memoriam.

57 1223 194 1245 Prooenunw.
264 1209 306 1243 Ex
334 1210 484 1243 iniuncto
510 1210 605 1243 nobis
637 1209 838 1253 apostolicae
865 1208 964 1241 servi-

221 1263 298 1296 tutis
324 1274 480 1302 munere,
512 1263 542 1295 in
570 1274 639 1296 eam
666 1273 774 1295 curam
812 1262 962 1295 sollicitis

219 1317 336 1349 studiis
361 1317 579 1355 intendimus,
604 1322 638 1348 ut
662 1315 895 1348 christifideles
916 1316 965 1348 Al-

220 1371 333 1403 tissimi
360 1370 528 1414 obsequiis
554 1371 614 1403 sub
640 1369 788 1402 arctioris
811 1370 895 1402 vitae
921 1370 965 1401 in-

219 1424 329 1457 stituto
366 1424 558 1457 famulantes
581 1450 588 1463 ,
624 1423 758 1456 sublatis
794 1422 964 1466 quibusvis

219 1477 475 1521 1111110111111011115,
492 1477 524 1510 111
544 1476 663 1521 quietis
688 1482 720 1509 et
741 1476 829 1520 pacis
855 1487 965 1509 amoe-

218 1531 321 1563 nitate
348 1536 421 1564 vota
446 1541 504 1563 sua
516 1530 654 1563 Domino
674 1530 822 1571 reddant,
843 1530 964 1563 felicio-

219 1583 375 1627 ribusque
401 1584 434 1616 in
460 1584 528 1617 dies
546 1583 719 1627 proficiant
739 1583 961 1617 incrementis.

38 1647 210 1678 „uinculatum
265 1636 336 1681 §t
369 1636 496 1680 Exponi
533 1636 697 1680 siquidem
730 1636 824 1669 nobis
858 1647 964 1680 nuper

31 1675 209 1728 ¹1¹.'”.!.'l3.‘2⁵d'..'{‚¹.¹.²0’3
223 1690 371 1723 fecerunt
396 1690 506 1723 dilecti
533 1689 588 1723 silii
607 1690 837 1723 Bonaventura
855 1701 870 1722 a
888 1690 965 1723 Fer-

33 1733 123 1774 i.'3‡.2“.'''
162 1733 307 1777 ‘'⁰⁰'raria
331 1743 491 1784 minister,
518 1754 553 1776 ac
580 1743 768 1776 definitores
793 1744 964 1786 generales

222 1798 358 1831 fratrum
379 1798 509 1831 Ordinis
527 1798 688 1831 Minorum
710 1797 813 1830 sancti
836 1796 965 1830 Franci-

222 1851 266 1883 sci
282 1850 542 1894 Capuccinorum
564 1857 840 1895 nuncupatorum,
859 1851 964 1895 quod,

222 1914 293 1937 cum
318 1904 399 1937 alias
425 1904 538 1946 vigore
564 1905 731 1937 cuiusdam
750 1905 899 1948 rescripti
922 1905 964 1937 fe-

221 1957 292 1990 licis
318 1958 554 1990 recordationis
580 1958 744 1991 Benedicti
771 1958 876 2001 Papae
899 1958 964 1990 Xlll

222 2012 486 2055 praedecessoris
511 2012 613 2044 nostri
638 2023 831 2045 concessum
869 2012 966 2044 fuerit

221 2065 403 2098 venerabili
435 2066 524 2098 fratri
562 2066 812 2110 archiepiscopo
845 2066 963 2099 1105511-

222 2118 315 2152 1101151
332 2146 339 2160 ,
365 2124 400 2151 ut
424 2119 541 2152 fratres
567 2119 642 2152 dicti
670 2119 799 2153 Ordinis
824 2120 856 2153 in
887 2131 963 2153 con-

223 2172 374 2205 fessarios
390 2172 575 2205 ordinarios
593 2173 786 2206 monialium
806 2179 965 2206 monaste-

222 2225 262 2258 rii
287 2225 319 2259 S.
346 2225 456 2259 Clarae
487 2226 622 2259 civitatis
658 2226 874 2260 Rossanensis
908 2227 965 2260 de·

223 2283 337 2322 putare
373 2285 504 2322 posset:
537 2279 599 2323 ipsi
633 2286 857 2323 exponentes,
894 2279 963 2313 rel¹

223 2332 324 2364 menti
349 2343 386 2365 ac
410 2332 537 2376 spiritui
563 2333 697 2376 regulae
723 2333 867 2366 eiusdem
893 2343 965 2366 san-

224 2385 265 2418 cti
280 2385 454 2425 Francisci,
469 2397 563 2429 quam
583 2387 697 2419 fratres
714 2387 850 2430 praefati
870 2388 966 2430 profi-

225 2443 343 2479 tentur,
363 2439 528 2471 adversari
551 2439 810 2479 considerantes,
828 2440 965 2483 aliisque

225 2491 440 2524 rationalibus
468 2502 504 2524 ex
530 2492 634 2524 causis
660 2492 693 2524 in
720 2502 829 2525 corum
856 2493 967 2525 desini·

225 2544 311 2578 torio
336 2544 482 2587 generali
509 2545 678 2588 perpensis
695 2572 702 2585 ‚
729 2550 914 2590 opportune
933 2546 964 2579 in

263 2610 273 2635 1
297 2606 387 2636 Potius
406 2606 465 2643 lege
485 2607 517 2636 iat
538 2615 585 2643 pro
605 2607 647 2636 vel
665 2608 704 2643 (n.
721 2608 770 2643 1.).

16 2701 19 2750 l

838 207 979 231 CLEMENS
1007 207 1052 230 ΧΠ
1079 208 1126 230 rt‘.

1644 197 1708 230 197
1757 206 1941 234 Αη.0.1·,3σ

1004 255 1191 298 praemissis
1206 265 1221 288 a
1239 257 1334 288 nobis
1352 256 1516 299 provideri
1536 265 1745 299 summopere

1005 308 1205 341 desiderant.

1049 361 1063 404 ξ
1090 360 1120 393 ⁶2.
1144 361 1220 400 Nos,
1239 362 1373 395 eosdem
1400 368 1600 406 exponentes
1626 362 1747 406 spec-ia·
1789 374 1857 394 nam

1004 413 1088 446 libus
1115 415 1279 447 favoribus
1305 422 1336 448 et
1361 417 1476 458 gratiis
1504 417 1661 459 prosequi
1694 401 1941 450 vo-{iissl'tstsslbss'usss‘

1004 468 1118 506 lentes,
1147 468 1344 511 illorumque
1372 469 1556 511 singulares
1590 479 1747 512 personas

1004 530 1021 552 a
1047 521 1215 562 quibusvis
1241 523 1594 563 excommunicationis,
1613 532 1749 564 suspen-

1005 573 1104 605 sionis
1131 580 1162 606 et
1188 574 1368 613 interdicti,
1397 575 1532 618 aliisque
1559 575 1750 608 ecclesiasti-

1005 626 1050 658 cis
1075 627 1259 666 sententiis,
1284 628 1430 660 censuris
1445 635 1476 661 et
1497 629 1621 671 poenis,
1646 628 1748 660 aiure

1005 680 1053 712 vel
1078 680 1118 712 ab
1146 680 1300 718 bomine,
1339 682 1449 724 quavis
1485 683 1659 714 occasione
1696 683 1746 714 vel

1005 736 1099 766 causa
1126 734 1206 773 latis,
1233 735 1257 766 si
1284 735 1402 777 quibus
1428 736 1676 778 quomodolibet
1694 736 1745 768 in-

1006 786 1145 818 nodatae
1173 787 1333 826 existunt,
1360 788 1397 819 ad
1425 788 1573 820 effectum
1600 798 1750 831 praesen—

1006 839 1083 872 tium
1122 840 1287 872 dumtaxat
1319 842 1605 884 consequendum,
1634 841 1747 873 harum

1006 892 1090 925 serie
1113 893 1315 926 absolventes
1340 900 1371 927 et
1395 894 1559 927 absolutas
1584 894 1652 927 fore
1674 904 1749 927 cen-

1006 950 1128 986 sentes,
1155 946 1449 989 supplicationibus
1474 958 1587 980 eorum
1617 947 1748 980 nomine

1006 1000 1097 1032 nobis
1124 1011 1223 1043 super
1242 1001 1305 1033 hoc
1331 1001 1497 1034 humiliter
1519 1002 1680 1044 porrectis
1702 1001 1749 1033 in-

1006 1053 1126 1093 clinati,
1151 1054 1394 1087 concessionem
1413 1055 1600 1098 supradicto
1620 1055 1749 1087 archie-

1007 1107 1142 1150 piscopo
1170 1107 1366 1140 Rossanensi
1387 1118 1445 1150 per
1462 1113 1675 1141 memoratum
1695 1108 1751 1140 Be-

1007 1161 1174 1193 nedictum
1200 1161 1488 1203 praedecessorem
1507 1188 1514 1200 ,
1541 1162 1624 1194 sicut
1657 1172 1751 1205 prae-

1007 1214 1171 1253 mittitur,
1200 1214 1337 1252 factam,
1374 1214 1502 1247 etiamsi
1539 1216 1749 1257 postmodum

1008 1277 1065 1308 per
1090 1266 1206 1300 Sedem
1234 1267 1452 1309 Apostolicam
1480 1267 1670 1299 contirmata
1702 1278 1752 1299 re-

1007 1319 1164 1363 periatur,
1190 1320 1385 1352 auctoritate
1412 1319 1607 1362 apostolica,
1634 1320 1749 1352 harum

1008 1372 1110 1411 serie,
1137 1382 1330 1405 revocamus
1355 1378 1387 1405 et
1410 1372 1616 1415 abrogamus.

1052 1425 1066 1468 ἓ
1091 1425 1123 1458 3.
1150 1425 1332 1465 Praeterea,
1350 1436 1390 1458 ne
1410 1426 1525 1458 fratres
1543 1426 1680 1469 praefati
1699 1426 1752 1459 Or·
1802 1436 1829 1454 Ac
1844 1435 1944 1470 aanor?

1008 1478 1092 1511 dinis
1117 1478 1150 1510 in
1176 1479 1350 1522 provinciis
1376 1479 1484 1512 ltaliae
1511 1489 1596 1512 nunc
1623 1484 1654 1511 et
1691 1489 1750 1522 pro
1762 1461 1847 1508 fritilli.
1870 1462 1944 1518 11Ἓῖ

1008 1538 1155 1575 tempore
1182 1532 1356 1565 existentes
1383 1543 1399 1565 a
1425 1532 1668 1565 venerabilibus
1695 1516 1945 1580 ssa.{32¹¹ysffgfimissiffi

1009 1585 1110 1618 tribus
1130 1585 1398 1629 archiepiscopis,
1425 1585 1596 1629 episcopis,
1623 1597 1678 1618 seu
1697 1574 1782 1618 111-Ιῃ
1799 1567 1866 1587 '²¹¹³'

1008 1639 1099 1672 lectis
1124 1638 1198 1680 111115
1225 1638 1371 1671 1000111111
1397 1638 1574 1671 Ordinariis
1611 1639 1642 1671 in
1677 1649 1752 1671 con-

1009 1692 1162 1725 fessarios
1192 1692 1375 1725 ordinarios
1407 1692 1598 1726 monialium
1637 1693 1750 1735 quovis

1009 1746 1068 1778 sub
1094 1750 1279 1789 praetextu,
1304 1751 1534 1789 praeterquam
1553 1745 1605 1778 ubi
1625 1756 1684 1788 per
1701 1746 1752 1778 lit-

1010 1804 1096 1831 teras
1132 1799 1330 1841 apostolicas
1369 1799 1557 1831 confessarii
1595 1798 1752 1831 ordinarii

1009 1852 1145 1884 alicuius
1170 1852 1359 1885 monasterii
1386 1852 1574 1884 monialium
1601 1851 1752 1895 (3111111001-

1007 1915 1119 1938 narum
1145 1910 1403 1948 nuncupatarum
1435 1904 1585 1937 destinati
1624 1906 1752 1945 forent,

1009 1958 1164 2001 deinceps
1190 1959 1354 1991 ullatenus
1381 1957 1534 1990 constitui
1561 1968 1616 1990 5011
1652 1958 1752 2001 depu-

1008 2012 1067 2044 tari
1094 2011 1244 2051 valeant,
1272 2010 1355 2043 dicta
1386 2011 1576 2043 auctoritate
1594 2038 1601 2050 ‚
1641 2016 1751 2044 tenore

1008 2065 1250 2108 praesentium,
1268 2064 1440 2097 statuimus
1467 2070 1498 2097 et
1523 2064 1748 2108 prohibemus.

1051 2120 1066 2162 ἓ
1090 2118 1121 2151 4.
1147 2118 1377 2158 Decerncntes,
1404 2118 1534 2152 easdem
1560 2124 1751 2162 praesentes
1775 2123 1944 2171 {fisl's„{.'¹⁴¹'f?0‘ff

1008 2175 1131 2207 litteras
1163 2183 1291 2216 semper
1317 2172 1446 2214 sirmas,
1476 2173 1595 2206 validas
1623 2179 1654 2206 et
1681 2157 1829 2206 esti-finvci·
1897 2157 1902 2176 Ι

1008 2238 1098 2260 011005
1125 2226 1263 2260 existere
1290 2232 1321 2258 et
1347 2227 1434 2265 fore,
1466 2237 1609 2269 suosque
1644 2227 1751 2269 plena-

1009 2281 1076 2313 rios
1100 2286 1131 2313 et
1155 2281 1301 2321 integros
1327 2279 1462 2312 eftectus
1481 2279 1590 2312 sortiri
1614 2285 1646 2311 et
1669 2279 1753 2312 obti-

1009 2344 1106 2373 nere,
1130 2344 1166 2366 ac
1203 2333 1242 2365 ab
1274 2332 1339 2365 illis
1356 2358 1363 2371 ,
1388 2332 1427 2364 ad
1460 2342 1541 2374 quos
1566 2337 1692 2374 spectat
1721 2337 1752 2363 et

1009 2397 1067 2430 pro
1094 2392 1239 2429 tempore
1271 2385 1541 2429 quamlocumque
1565 2384 1750 2427 spectabit,

1009 2439 1041 2472 in
1068 2439 1221 2472 omnibus
1248 2444 1280 2471 et
1305 2448 1364 2481 per
1388 2439 1497 2470 omnia
1523 2436 1753 2469 inviolabiliter

1009 2492 1182 2531 observari,
1213 2492 1323 2534 sicque
1352 2495 1383 2522 et
1408 2500 1472 2522 non
1500 2489 1595 2521 aliter
1613 2489 1643 2520 in
1659 2498 1752 2532 prae-

1009 2545 1117 2578 missis
1142 2555 1201 2587 per
1231 2552 1455 2586 quoscumque
1482 2541 1603 2574 iudices
1624 2541 1752 2574 ordina-

1010 2599 1075 2632 rios
1094 2602 1124 2633 ct
1145 2598 1322 2640 delegatos,
1338 2596 1435 2630 etiam
1454 2605 1622 2630 causarum
1641 2595 1750 2640 palatii

1862 376 1941 394 sslunes
