2232 3178
275 221 311 246 An
345 218 372 245 c,
398 217 463 245 ¹737
509 207 573 242 ⁶218

273 281 457 306 sraaiornmsnper

274 309 419 329 medietatem.

304 1498 389 1519 Mai-tuo
403 1503 463 1523 τηρο-

278 1526 335 1546 ῐίοτκ
355 1524 447 1550 generali
460 1540 464 1546 .

278 1557 359 1571 Vtrarm
393 1555 462 1571 κιιΙιίιι

279 1578 371 1603 general·
395 1578 461 1601 Ινιιιιι-

279 1611 312 1625 nin
343 1605 441 1629 ιηιρμιΙιιιι
459 1621 463 1628 ,

280 1637 340 1651 citius
361 1634 388 1650 sit
411 1630 461 1651 Con>

280 1660 462 1683 gregationenire·

280 1690 338 1710 gere.

467 266 588 297 Parisiis
611 265 774 297 celebratus
790 269 851 303 est,
869 268 944 295 mota
961 268 1015 300 est,
1032 264 1068 294 de
1087 272 1207 293 numero

467 315 671 352 suffragiorum
695 314 859 344 necessario
881 318 913 344 ut
946 313 1069 342 mediam
1097 317 1207 351 partem

468 365 664 401 excederent,
689 362 897 393 controversia.
923 361 992 392 Cum
1009 361 1085 390 enim
1103 360 1208 390 electo-

469 424 516 444 res
539 417 635 443 essent
658 421 780 441 numero
812 411 960 450 impares,
996 408 1206 446 dubitabatur,

469 467 565 493 utrum
581 462 672 491 maior
690 470 754 500 pars
770 460 914 490 censenda
931 463 1007 488 esset
1021 459 1113 488 media
1127 462 1208 498 parte

469 512 613 551 superior.
645 510 685 540 Re
708 510 807 548 itaque
830 513 944 538 mature
971 508 1102 546 expensa
1119 531 1126 544 ,
1160 516 1210 536 au-

469 560 597 598 ditisque
614 558 795 596 singulorum
811 556 977 593 sententiis,
994 555 1127 585 definivit
1143 564 1211 584 con-

469 613 582 641 ventus,
598 617 629 636 ex
647 606 761 644 triginta
776 605 906 644 quinque
920 604 1090 638 electorum,
1104 602 1210 641 quibus

470 656 645 693 constabat,
674 654 842 692 suffragiis,
873 652 1074 682 novemdecim
1099 651 1210 690 requiri

470 709 501 734 ut
524 703 724 734 assistentium
750 707 777 732 et
797 701 987 731 admonitoris
1004 700 1113 729 valeret
1130 708 1211 738 prae-

470 762 537 783 sens
560 752 684 789 electio,
709 760 744 780 eo
767 750 879 780 scilicet
901 750 987 779 nixus
1009 747 1209 784 fundamento,

470 802 546 841 quod
571 800 635 831 talis
657 800 696 830 sit
718 799 833 828 numeri
857 798 977 837 imparis
999 797 1097 835 ratio,
1129 800 1160 826 ut
1182 796 1211 825 in

471 852 542 881 duas
565 854 662 889 partes
685 848 853 888 inaequales
869 847 954 878 divisi
970 846 1062 876 maior
1076 855 1141 885 pars
1155 856 1211 875 uon

472 903 592 939 superet
616 898 799 927 medietatem
819 921 826 935 ,
849 896 898 926 sed
922 895 958 926 sit
981 900 1092 924 tantum
1120 894 1213 923 maior

471 949 632 983 medietas3
661 947 685 977 si
708 955 776 976 vero
800 954 851 985 per
873 944 1144 985 compromissarios
1166 952 1212 972 ros

471 996 634 1027 dirimenda
658 996 743 1031 soret,
760 1004 860 1024 eorum
876 994 967 1023 maior
985 1002 1051 1033 pars
1066 993 1213 1022 sufficeret

472 1046 505 1075 ad
535 1045 688 1076 electionis
722 1044 779 1073 vim
813 1048 841 1073 et
870 1043 1050 1073 firmitatem.
1084 1042 1213 1080 Cumque

472 1095 572 1124 eadem
596 1093 754 1124 difficultas
770 1092 798 1122 in
817 1097 966 1131 posterum
982 1100 1136 1120 occurrere
1151 1099 1215 1128 pos-

472 1144 507 1173 sit
527 1168 533 1181 ‚
558 1143 671 1182 quoties
695 1142 806 1172 scilicet
829 1150 968 1170 numerus
990 1139 1213 1178 suffragantium

473 1197 515 1222 est
537 1192 630 1231 impar
647 1214 654 1228 ,
678 1196 707 1221 et
731 1191 812 1230 plura
837 1191 990 1220 medietate
1022 1189 1214 1228 requiruntur

473 1241 637 1278 suffragia:
662 1244 802 1270 statutum
826 1243 869 1268 est
894 1247 1032 1278 praesens
1065 1238 1214 1266 decretum

473 1292 597 1320 Sanctae
618 1288 684 1319 Sedi
708 1288 891 1327 Apostolicae
914 1296 977 1316 esse
999 1285 1212 1319 exhibendum,

474 1344 506 1369 ut
528 1348 591 1368 eius
613 1338 786 1368 auctoritate
809 1337 1010 1371 confirmetur,
1033 1334 1169 1374 idemque
1185 1334 1214 1363 in

474 1392 643 1428 posterum,
667 1388 782 1417 servata
803 1386 918 1415 numeri
942 1384 1142 1424 proportione,
1167 1383 1215 1412 fiat

474 1437 550 1477 quod
574 1445 652 1466 nunc
675 1441 770 1464 actum
794 1439 847 1463 est.

514 1496 543 1517 n.
578 1485 721 1521 Quoniam
755 1482 1016 1513 constitutionibus
1048 1491 1062 1510 a
1095 1481 1214 1511 Summo

475 1535 616 1566 pontifice
639 1533 820 1563 confirmatis
842 1532 984 1561 sancitum
1008 1535 1061 1565 est,
1079 1530 1215 1560 (lvt'uncto

475 1584 628 1623 superiore
651 1581 792 1620 generali,
810 1581 873 1610 eius
889 1589 968 1615 esse,
993 1588 1077 1617 quem
1103 1588 1164 1617 ipse
1186 1578 1214 1607 in

475 1633 616 1662 vicarium
640 1629 806 1668 generalem
831 1629 1044 1662 nominaverit,
1070 1627 1112 1656 vel
1131 1627 1215 1666 priini

475 1682 640 1712 assistentis
657 1703 664 1716 ,
688 1680 710 1709 si
735 1679 863 1708 vicarius
887 1678 1055 1707 nominatus
1079 1686 1135 1705 non
1157 1676 1216 1705 fue-

475 1733 513 1762 rit
541 1735 591 1760 aut
613 1730 710 1759 osticio
733 1738 784 1758 suo
808 1728 888 1765 fungi
919 1736 974 1757 non
1012 1726 1121 1765 possit,
1146 1725 1218 1756 Con-

475 1780 674 1819 gregationem
698 1787 799 1815 regere
823 1786 914 1815 usque
933 1776 966 1805 ad
984 1775 1155 1805 electionem
1172 1784 1217 1804 su-

477 1828 599 1867 perioris
621 1826 779 1865 generalis,
804 1825 961 1864 nullusque
977 1824 1142 1861 assignatur
1159 1832 1218 1851 mo-

476 1878 530 1907 dus
554 1876 699 1906 iudicandi
724 1875 759 1904 de
792 1874 932 1913 qualitate
966 1879 993 1902 et
1025 1873 1217 1902 diuturnitate

477 1924 689 1966 impedimenti,
714 1933 770 1963 quo
794 1923 918 1952 vicarius
940 1922 1085 1960 generalis
1108 1921 1219 1950 detine-

478 1980 549 2004 tur:
573 1973 687 2004 censuit
709 1977 870 2002 conventus
892 1971 1060 2000 solvendam
1093 1969 1216 2000 diflicul-

478 2029 565 2055 tatem
583 2022 773 2061 insequitur,
794 2021 887 2061 quod:
904 2021 927 2050 si
945 2020 1108 2058 contigeret
1123 2019 1216 2056 illum,

479 2073 527 2113 qui
551 2073 579 2101 in
603 2071 713 2100 scheda
736 2079 822 2099 manu
847 2069 968 2108 propria
990 2067 1119 2098 defuncti
1136 2076 1219 2106 supe-

479 2121 566 2151 iioris
598 2119 709 2158 scripta
743 2119 912 2148 nominatus
942 2122 986 2147 est
1015 2117 1140 2146 vicarius
1171 2125 1220 2154 ge-

479 2169 604 2205 neralis,
629 2177 643 2197 e
666 2168 727 2196 vita
749 2167 921 2202 decessisse,
945 2170 994 2195 aut
1015 2165 1096 2204 gravi
1120 2164 1219 2194 morbo

479 2217 625 2253 detineri,
649 2216 742 2245 aliove
766 2215 850 2245 modo
872 2214 1030 2253 impediri,
1063 2214 1220 2253 quominus

480 2267 555 2297 intra
581 2275 667 2295 unam
692 2269 740 2294 aut
771 2265 891 2294 alteram
925 2263 1135 2293 hebdomadam
1170 2272 1221 2292 suo

480 2316 576 2346 ossio-io
591 2339 599 2353 ,
622 2319 654 2345 ut
677 2323 728 2354 par
750 2317 819 2351 est,
844 2322 946 2342 vacare
970 2312 1059 2351 possit
1083 2312 1141 2350 (de
1165 2321 1221 2351 quo

481 2364 581 2395 inorbo
604 2369 653 2393 aut
675 2363 882 2402 impedimento
905 2361 1074 2391 assistentes
1094 2369 1159 2390 cum
1177 2370 1223 2390 sa-

481 2413 648 2444 cerdotibus
671 2412 733 2441 eius
756 2412 880 2449 domus,
906 2410 954 2440 ubi
979 2413 1046 2439 sunt
1078 2411 1196 2439 arcu'ae
1215 2432 1221 2446 ,

481 2463 564 2494 inodo
593 2462 622 2491 in
655 2460 883 2499 Congregatione
916 2463 979 2498 post
1015 2458 1119 2488 emissa
1158 2461 1221 2487 vota

481 2511 654 2541 sexennium
687 2508 864 2547 exegerint,
897 2507 932 2537 ad
967 2507 1049 2546 plura
1086 2506 1222 2544 sulii-agia

482 2559 582 2589 eodem
606 2558 701 2588 obitus
724 2557 769 2587 die
785 2581 792 2595 ‚
817 2560 845 2587 et
867 2556 1086 2596 quamprimum
1099 2554 1224 2594 [ieripo—

483 2608 572 2644 terit,
596 2605 779 2645 iudicabunt,
803 2605 842 2636 ita
867 2609 964 2636 tamen
988 2608 1019 2635 ut
1041 2604 1071 2635 in
1094 2604 1130 2634 ea
1153 2603 1225 2634 deli-

1054 213 1237 238 BULLAniUM
1264 212 1420 238 ROMANUM

2004 212 2052 237 An.
2069 211 2099 238 C.
2121 210 2184 240 ¹737

1251 262 1400 292 beratioue
1417 261 1528 301 primus
1545 260 1685 291 assistens
1697 269 1755 290 non
1769 260 1807 291 sit
1828 260 1991 300 praesens),

1252 314 1321 340 tunc
1345 310 1470 349 primum
1494 310 1679 340 assistentem
1695 310 1857 350 superioris
1872 318 1994 349 genera-

1253 360 1288 390 lis
1310 359 1462 389 admittere
1487 363 1632 398 tamquam
1656 358 1798 388 vicarium
1829 358 1994 396 generalem

1253 408 1443 446 tenebuntur,
1468 408 1505 438 ita
1530 412 1562 438 ut
1585 407 1713 437 vicarius
1735 407 1880 446 generalis
1902 407 1996 437 nomi-

1253 462 1339 487 natus
1357 481 1364 493 ,
1389 457 1438 486 sod
1462 456 1644 496 impedituS,
1669 456 1782 486 etiamsi
1807 460 1904 495 postea
1928 465 1996 485 con-

1255 506 1402 540 valescat,
1427 509 1475 536 aut
1498 505 1534 535 ab
1557 505 1706 534 absentiae
1725 528 1731 540 ,
1753 505 1912 534 alteriusve
1945 513 1993 542 ge-

1255 555 1332 584 neris
1355 555 1565 594 impedimento
1580 554 1653 583 liber
1667 553 1727 590 fiat,
1743 553 1856 584 nullum
1869 553 1996 592 amplius

1255 604 1300 633 ius
1329 603 1433 633 habeat
1461 603 1495 633 ad
1528 602 1686 640 regendam
1719 601 1994 640 Congregationem.

1255 652 1384 692 Cumque
1407 661 1543 692 praesens
1562 652 1711 682 decretum
1736 652 1854 682 maximi
1877 652 1914 682 sit
1937 661 1998 681 mo-

1256 703 1345 732 menti
1368 703 1402 732 ad
1425 702 1561 732 tuendam
1584 702 1773 732 domesticam
1804 701 1999 741 tranquillita-

1257 755 1327 789 tem,
1344 755 1371 781 et
1394 751 1428 780 ad
1452 751 1537 788 longe
1555 750 1729 780 removenda
1747 749 1894 789 quaelibet
1913 749 1998 779 dissi-

1257 800 1314 838 dia,
1339 799 1372 829 ad
1395 799 1530 830 Sanctam
1552 799 1655 829 Sedem
1672 798 1870 838 Apostolicam
1888 798 1998 828 detere-

1259 854 1316 883 tur‚
1331 853 1361 879 ut
1373 848 1414 878 illi
1430 848 1471 878 vis
1484 857 1516 877 ac
1533 848 1659 878 firmitas
1673 848 1846 878 inconcussa
1863 847 1996 878 addatur.
2230 880 2232 886 4

1301 898 1316 941 ἓ
1341 897 1370 930 2.
1396 897 1472 931 Cum
1498 903 1615 936 autem,
1643 898 1726 930 sicut
1752 896 1865 930 eadem
1901 906 1998 939 expo·
2027 907 2112 937 ‚veina
2130 913 2191 937 super
2230 931 2232 934 Α

1258 951 1330 983 sitio
1356 950 1584 992 subiungebat,
1610 950 1679 992 ipse
1697 950 1833 983 loannes
1851 934 2192 992 superior'0¹52strf'u'ii‘iiiss¹¹c⁸
2227 948 2232 985 ἑ

1259 1003 1434 1046 generalis,
1462 1004 1593 1045 decreta
1619 1002 1823 1042 huiusmodi,
1857 1013 1922 1045 quo
1949 1001 2000 1034 sir-
2228 990 2232 1010 ⁷

1259 1058 1341 1090 mins
1366 1056 1549 1089 subsistant
1573 1066 1608 1089 ac
1635 1061 1805 1089 serventur
1831 1054 1974 1087 exactius
1992 1081 2000 1095 ‚

1259 1109 1456 1153 apostolicae
1469 1108 1750 1141 contii-milationis
1766 1113 1894 1141 nostrae
1908 1118 2002 1150 prae-
2229 1123 2232 1158 Ι

1259 1164 1340 1196 sidio
1374 1162 1566 1195 communiri
1593 1167 1624 1194 et
1649 1162 1729 1194 alias
1757 1167 1942 1205 opportune
1967 1161 2001 1194 in

1259 1215 1447 1259 praemissis
1479 1226 1496 1247 a
1526 1215 1622 1248 nobis
1658 1215 1824 1258 provideri
1861 1224 2002 1247 summo-

1260 1280 1337 1313 pere
1363 1269 1528 1302 desideret
1549 1280 1555 1301 :

1303 1323 1361 1366 {3-
1378 1323 1451 1361 Nos,
1471 1322 1672 1365 praedictum
1685 1322 1840 1355 loannem
1855 1321 2001 1365 superio-

1261 1387 1326 1409 rem
1354 1377 1539 1418 generalem
1566 1375 1764 1417 speclalibus
1790 1375 1953 1407 favoribus
1971 1379 2004 1407 et

1260 1430 1371 1472 gratiis
1398 1428 1547 1471 prosequi
1576 1428 1730 1467 volentes,
1749 1433 1780 1460 et
1802 1438 1818 1460 a
1836 1427 2003 1471 quibusvis

1261 1483 1623 1521 excommunicationis,
1650 1482 1874 1524 suspensionis
1900 1487 1931 1514 et
1955 1481 2005 1514 in-

1261 1537 1400 1574 terdicti,
1416 1536 1552 1578 aliisque
1571 1535 1802 1568 ecclesiasticis
1820 1534 2005 1573 sententiis,

1261 1590 1406 1622 censuris
1440 1595 1472 1621 et
1496 1589 1634 1631 poenis,
1661 1599 1678 1621 a
1703 1589 1772 1621 iure
1807 1589 1857 1621 vel
1882 1588 1921 1620 ab
1947 1588 2005 1621 ho-

1262 1644 1368 1682 mine,
1396 1643 1505 1685 quavis
1531 1642 1702 1674 occasione
1733 1641 1782 1674 vel
1803 1643 1898 1674 causa
1916 1641 2002 1681 latis,

1261 1697 1285 1729 si
1300 1697 1418 1739 quibus
1432 1694 1679 1737 quomodolibet
1695 1694 1869 1727 innodatus
1886 1694 2005 1733 existit,

1261 1751 1299 1783 ad
1321 1749 1472 1782 effectum
1498 1748 1720 1791 praesentium
1746 1748 1911 1779 dumtaxat
1929 1757 2006 1779 con-

1261 1803 1476 1845 sequendum,
1504 1801 1617 1833 hai-um
1637 1801 1720 1833 serie
1742 1800 1948 1832 absolventes
1974 1804 2006 1831 et
2180 1792 2183 1794 ’
2225 1771 2232 1835 i

1261 1857 1444 1888 absolutum
1472 1854 1538 1886 sore
1564 1859 1759 1892 censentes,
1789 1851 2005 1895 supplicatio·
2222 1843 2232 1858 '⁷‘

1262 1909 1355 1941 nibus
1382 1907 1449 1940 eius
1475 1907 1608 1939 nomine
1634 1905 1728 1938 nobis
1750 1915 1847 1948 super
1866 1905 1927 1937 boc
1945 1905 2006 1938 hu-

1263 1962 1384 1995 militer
1402 1960 1561 2004 porrectis
1588 1959 1743 1997 inclinati,
1763 1959 1894 1992 decreta
1911 1968 2005 2002 prae-

1262 2016 1395 2056 inserta‚
1413 2024 1483 2046 cum
1503 2014 1534 2045 in
1553 2013 1599 2045 eis
1621 2013 1791 2052 contentis,
1811 2011 2004 2045 auctoritate

1263 2068 1416 2110 praesuta,
1442 2072 1556 2099 tenore
1583 2064 1817 2108 praesentium,
1835 2063 2005 2097 confirma-

1263 2131 1332 2153 mus
1359 2125 1390 2152 et
1414 2119 1641 2162 approbamus,
1660 2117 1790 2159 illisque
1807 2116 2005 2149 inviolabilis

1263 2171 1463 2216 apostolicae
1482 2170 1639 2203 firmitatis
1655 2169 1752 2202 robur
1766 2169 1950 2208 adiiciinus,
1969 2180 2006 2202 ao

1265 2237 1375 2259 onmes
1407 2230 1438 2258 et
1463 2224 1609 2267 singulos
1645 2223 1725 2256 iuris
1756 2228 1786 2256 et
1814 2222 1887 2255 sacti
1917 2223 2005 2256 dese-

1265 2285 1354 2319 ctus,
1383 2278 1406 2311 si
1435 2277 1488 2320 qui
1519 2277 1659 2319 desuper
1689 2275 1935 2319 quomodolibet
1959 2275 2006 2308 in-

1265 2330 1461 2371 terverint¹,
1493 2341 1548 2363 seu
1576 2328 1791 2362 intervenisse
1817 2328 1904 2367 dici,
1931 2339 2005 2361 cen-

1266 2387 1344 2423 seri,
1364 2385 1412 2417 vel
1442 2382 1612 2426 praetendi
1639 2387 1788 2425 possent,
1815 2382 2006 2424 supplemus

1267 2443 1299 2471 et
1324 2447 1485 2470 sanamus.

1311 2492 1325 2534 ἓ
1350 2491 1382 2523 li.
1411 2491 1583 2523 Praeterea
1605 2515 1611 2528 ,
1637 2488 1724 2533 quod
1755 2488 1919 2532 praefatus
1956 2492 2195 2540 as-Assistppssatizg
2216 2502 2218 2507 ·

1267 2546 1397 2584 sistens,
1415 2554 1474 2587 pro
1493 2548 1652 2586 tempore,
1668 2541 1826 2574 admissus
1844 2546 2005 2584 tamquam
2017 2524 2196 2573 {Sffissq'ssmmh
2216 2542 2218 2549 ’

1304 2607 1314 2634 1
1338 2605 1404 2633 Mate
1420 2605 1485 2632 edit.
1502 2604 1583 2633 Maiu.
1600 2603 1666 2639 legit
1682 2602 1855 2631 interveniri
1874 2601 1913 2638 (R.
1930 2602 1981 2638 1¹.)-

2093 1330 2193 1352 coneedit

2012 1359 2046 1380 Cle
2050 1364 2067 1378 m
2071 1363 2080 1378 e
2084 1364 2115 1379 ns.
