2232 3178
20 181 66 207 Αι.
85 175 114 203 C.
130 173 197 202 1738

54 236 195 262 Transumpns
247 222 262 266 g
278 221 306 254 6.
322 221 474 255 Volumus
492 226 600 255 autem
618 222 704 266 quod
722 223 946 266 praesentium

19 264 136 314 Sfiffiffl‘m
171 262 385 308 fi'litterarum
408 275 635 318 transumptis,
661 275 742 308 seu¹
768 276 946 319 impressis,

203 338 299 360 manu
327 327 464 361 alicuius
497 328 619 361 notarii
651 329 775 372 publici
807 330 947 362 subscri-

202 381 285 424 ptis,
309 385 340 413 et
361 380 470 423 sigillo
500 381 636 413 alicuius
662 392 825 424 personae
844 382 876 414 in
899 393 948 415 ec-

202 433 382 467 clesiastiea
407 433 567 476 dignitate
581 434 778 467 constitutae
793 435 924 467 munitis
940 462 947 476 ,

201 487 312 519 eadem
338 497 472 530 prorsus
502 486 581 519 fides
616 488 736 530 ubique
759 487 917 520 habeatur
938 516 946 529 ,
968 482 970 493 ’

201 550 282 584 quae
307 539 538 582 praesentibus
560 540 637 582 ipsis
660 540 840 574 haberetur
860 542 886 574 si
904 542 947 574 fo·
968 536 970 566 1³

200 597 273 626 rent
304 591 470 625 exhibitae
499 594 550 625 vel
576 598 743 626 ostensae.

242 645 358 678 Datum
379 645 509 685 Romae,
535 647 620 689 apud
644 646 675 679 S.
696 646 825 680 Mariam
848 647 946 680 Maio·
967 656 969 663 ¹

199 709 276 738 rem,
292 698 349 731 sub
364 700 486 732 annulo
502 699 684 739 piscatoris,
701 700 752 733 die
767 710 796 733 lx
817 701 946 744 ap1·ilis‘²

198 761 417 792 nnccxx'xvnt,
430 752 637 795 pontificatus
648 753 751 785 nostri
770 763 855 787 anno
874 764 941 787 vin.

234 813 293 840 Dat.
315 814 359 841 die
379 814 394 841 9
415 814 509 849 aprilis
532 814 613 848 1738,
636 815 731 850 pontif.
755 824 824 843 anno
845 823 900 844 vttt.

479 966 664 1000 CCXXXIII.

196 1046 397 1080 Investitura
427 1047 523 1090 requi
550 1048 721 1091 utriusque
749 1047 883 1081 Siciliae
914 1032 964 1080 eti

239 1100 449 1133 Hierusalem
487 1111 546 1144 pro
586 1101 792 1134 serenissimo
825 1101 941 1135 Carolo

240 1153 404 1186 Borbom'o
428 1153 563 1196 Infante
593 1154 852 1197 Hispaniarum.

403 1233 539 1260 Clemens
560 1233 724 1268 Episcopus

389 1285 498 1306 servus
514 1286 672 1306 servorum
685 1280 749 1312 Dei,

309 1324 347 1350 ad
369 1326 550 1357 perpetuam
570 1323 612 1351 rei
634 1324 819 1352 memoriam.

239 1395 287 1428 Ad
314 1395 475 1428 excelsum
492 1396 663 1439 pastoralis
682 1396 777 1430 officii
797 1397 937 1437 culmen,

194 1449 318 1482 meritis
342 1449 419 1482 licet
444 1449 641 1492 imparibus,
674 1450 717 1483 Eo
744 1450 938 1493 disponente

194 1502 379 1542 sublevati,
405 1502 459 1544 qui
485 1502 608 1535 cunctIs
635 1503 799 1546 imperat,
830 1509 862 1536 et
887 1504 936 1536 cui

194 1555 303 1588 omnia
328 1555 508 1596 obediunt,
535 1555 630 1588 sicuti
662 1556 748 1589 curis
784 1561 960 1599 urgemurl

194 1608 333 1642 assiduis
348 1614 383 1641 ut
400 1609 596 1652 apostolicae
617 1609 846 1642 sollicitudinis
866 1620 938 1653 par-

195 1668 242 1695 tes
281 1663 320 1696 ad
362 1666 505 1695 tutamen
542 1668 572 1695 et
610 1662 847 1696 incrementum
883 1663 936 1696 do-

193 1716 302 1749 minici
328 1715 436 1760 gregis
463 1716 557 1749 nobis
583 1716 718 1749 caelitus
751 1717 933 1757 commissi,

194 1774 351 1813 quantum
381 1779 452 1802 cum
484 1769 618 1802 Domino
647 1780 837 1813 possumus,
868 1769 936 1803 dili-

194 1823 320 1867 gentius
341 1823 557 1864 intendamus,
578 1823 625 1856 sic
648 1823 761 1864 etiam,
787 1823 886 1857 rebus
905 1828 937 1857 et

195 1875 395 1920 temporibus
422 1877 464 1909 ita
490 1877 745 1920 postulantibus,
763 1887 861 1920 saepe
882 1877 937 1910 ad-

192 1929 385 1973 stringimur
409 1930 448 1963 ad
473 1929 558 1963 bona
584 1931 776 1974 temporalia
800 1930 831 1964 S.
849 1931 933 1964 RE.
957 1975 959 1977 v

191 1985 305 2018 oculos
330 1983 634 2027 circumspectionis
662 1984 936 2018 etsollicitudinis
957 2020 959 2032 ,

192 2042 324 2071 nostrae
349 2036 503 2079 dirigere,
529 2042 564 2069 ut
590 2037 812 2071 dominiorum
839 2042 869 2072 et
886 2048 936 2072 re-

193 2101 328 2134 gnorum
356 2091 549 2134 temporalia
574 2090 646 2124 iura
671 2091 763 2124 Sedis
799 2092 958 2135 Aposto-;

192 2144 272 2178 licae
297 2149 402 2177 sarcta
428 2154 560 2187 semper
585 2150 617 2177 et
644 2149 727 2178 tecta
759 2150 933 2187 tueamur,

34 1404 168 1426 Prooemium.

827 174 968 199 CLEMENS
994 174 1040 199 xtt
1065 175 1114 200 PP.

968 507 970 524 l

193 2203 223 2231 et
247 2197 342 2231 nobis
368 2196 542 2240 eidemque
567 2197 642 2231 Sodi
668 2197 809 2232 debitam
836 2199 934 2233 dicto-

191 2262 260 2284 rum
287 2250 507 2284 dominiorum
545 2256 576 2283 et
612 2261 791 2294 regnorum
827 2253 934 2286 subie-

191 2305 330 2338 ctionem
355 2315 445 2337 more
483 2304 773 2347 praedecessorum
810 2310 934 2340 nostro-

191 2369 262 2392 rum
286 2359 369 2392 iusta
393 2363 425 2392 et
450 2360 633 2401 opportuna
657 2357 781 2392 ratione
807 2369 934 2403 semper

191 2418 222 2446 et
246 2418 406 2456 perpetuo
431 2422 561 2446 servare
587 2413 764 2445 valeamus.

227 2494 238 2519 1
261 2492 371 2520 Videtur
390 2492 544 2520 addendum
572 2500 646 2519 more
670 2492 747 2520 solito
771 2494 930 2530 exemplis,

191 2537 281 2565 etiam
299 2539 340 2571 (n.
357 2537 404 2571 τ.).

223 2581 241 2608 2
260 2580 298 2608 Ex
317 2580 410 2608 ordine
429 2580 564 2609 bullarum
583 2581 636 2615 leg.
654 2581 724 2609 foret
739 2582 813 2611 maii
827 2584 865 2618 (R.
881 2584 928 2616 τ.).

262 2634 344 2664 Ball.
365 2635 449 2664 Rom.
472 2651 506 2656 -
529 2635 589 2663 Vol.
610 2635 714 2664 XXIV.
874 2636 908 2664 48

1637 167 1702 202 377
1750 178 1797 203 An.
1820 177 1848 205 c.
1867 178 1935 206 ¹738

1033 223 1047 267 g
1073 223 1104 257 1.
1131 223 1260 258 Dudum
1286 225 1448 269 siquidem
1467 225 1570 259 felicis
1590 225 1740 260 recorda·
1772 239 1858 268 ,samnis
1877 239 1934 260 im-

994 276 1090 310 tionis
1115 277 1215 311 Iulius
1240 279 1325 322 Papa
1350 279 1375 312 ΙΙ
1408 280 1646 323 praedecessor
1682 266 1934 322 no-iiiiiss‘istasiiiiisstii

994 335 1060 363 ster
1086 342 1221 373 regnum
1248 332 1375 365 Siciliae
1398 337 1429 366 et
1448 333 1649 366 Hierusalem
1665 345 1738 367 cum
1750 319 1934 366 iii'ae‘.⁰g¹mg⁰‘

995 386 1060 416 tota
1087 386 1171 417 terra
1198 396 1280 428 quae
1307 391 1354 418 est
1380 386 1458 419 citra
1477 387 1617 420 Pharum
1637 397 1738 430 usque

993 436 1032 468 ad
1059 437 1200 470 confinia
1227 444 1385 472 terrarum
1411 439 1442 472 S.
1471 440 1508 473 Ρι.
1536 440 1591 479 Ε.,
1611 440 1738 474 civitate

993 493 1112 524 nostra.
1142 497 1217 524 tunc
1243 495 1310 531 sua,
1332 493 1560 527 Beneventana
1578 505 1650 527 cum
1668 494 1737 528 eius

992 544 1158 577 territorio
1186 550 1217 577 et
1243 545 1449 588 pertinentiis
1483 547 1649 581 dumtaxat
1684 558 1738 581 ex-

992 599 1107 639 cepta,
1136 598 1175 630 ad
1202 598 1251 631 ius
1278 604 1309 631 et
1334 600 1570 642 proprietatem
1593 601 1736 634 eiusdem

990 649 1155 683 Ecclesiae
1182 652 1374 694 pertinens,
1403 658 1434 685 et
1461 659 1536 686 tunc
1562 654 1601 686 ad
1628 654 1735 697 ipsum

990 703 1278 745 praedecessorem
1300 710 1330 737 et
1345 705 1462 738 dictam
1481 706 1657 740 Ecclesiam
1680 708 1736 740 de-

990 756 1158 796 volutum,
1198 758 1308 800 quovis
1345 758 1443 791 inodo
1481 764 1512 791 et
1547 769 1583 791 ex
1622 760 1734 802 quavis

990 810 1085 841 causa
1111 808 1193 842 illud
1219 810 1258 842 ad
1286 810 1434 843 eamdem
1469 811 1645 844 Ecclesiam
1679 813 1735 845 de-

965 872 967 879 ’
989 862 1133 895 volutum
1160 868 1262 903 esset,
1289 869 1344 896 aut
1369 863 1448 897 alias
1473 864 1542 897 eius
1561 865 1733 909 dispositio

988 915 1027 948 ad
1053 915 1255 958 praedictum
1280 917 1567 960 praedecessorem
1593 918 1733 961 pertine-

988 974 1059 1009 ret,
1085 979 1158 1002 cum
1184 969 1335 1003 omnibus
1361 970 1486 1004 iuribus
1512 976 1543 1004 et
1566 972 1732 1015 pertinen-

988 1020 1037 1054 tiis
1063 1022 1129 1054 suis
1146 1049 1153 1062 ‚
1178 1023 1284 1056 clarae
1317 1024 1497 1057 memoriae
1522 1024 1731 1058 Ferdinando

986 1073 1168 1115 Aragoniae
1190 1080 1222 1108 et
1243 1075 1414 1119 utriusque
1440 1076 1567 1109 Siciliae
1594 1088 1631 1109 ac
1655 1077 1731 1110 Hie-

986 1128 1125 1160 rusalem
1152 1128 1244 1171 regi,
1270 1139 1329 1172 pro
1355 1139 1389 1161 se
1417 1129 1549 1173 suisque
1575 1130 1607 1162 in
1645 1131 1730 1164 dicto

986 1181 1167 1223 Aragoniae
1193 1183 1436 1215 successoribus
1463 1189 1494 1216 et
1519 1183 1728 1224 haeredibus,

986 1239 1048 1266 tam
1075 1234 1226 1267 masculis
1253 1246 1351 1278 qnam
1377 1236 1519 1276 seminis,
1547 1247 1583 1269 ex
1614 1247 1653 1270 eo
1682 1248 1731 1271 re-

985 1289 1034 1320 cta
1059 1288 1146 1320 linea
1172 1289 1563 1330 descendentibus,certo
1583 1296 1658 1324 tunc
1676 1302 1729 1325 ex-

984 1352 1098 1384 presso
1123 1343 1223 1375 modo
1247 1343 1330 1375 natis
1356 1348 1387 1375 et
1411 1344 1643 1385 nascituris,in
1662 1345 1730 1378 seu-

983 1396 1058 1428 dum
1085 1402 1300 1439 perpetuum,
1327 1408 1386 1440 pro
1413 1409 1521 1431 annuo
1548 1409 1672 1439 censu,
1698 1404 1730 1432 et

983 1448 1043 1480 sub
1069 1449 1204 1482 diversis
1230 1450 1472 1484 conditionibus
1491 1478 1498 1491 ‚
1526 1452 1642 1492 modis,
1665 1452 1728 1486 sor-

959 1506 961 1524 'v
982 1501 1052 1542 mis,
1077 1503 1325 1545 adiectionibus,
1344 1504 1626 1547 promissionibus,
1642 1506 1728 1538 clau-

982 1556 1081 1595 sulis,
1110 1557 1266 1596 cautelis,
1292 1558 1516 1591 voluntatibus
1544 1564 1575 1591 et
1601 1560 1727 1593 ordina-

983 1608 1127 1642 tionibus
1153 1609 1250 1642 etiam
1277 1616 1353 1643 tunc
1379 1611 1558 1654 expressis,
1585 1612 1654 1645 sine
1681 1617 1726 1645 ta-

980 1673 1054 1694 men
1083 1663 1282 1705 praeiudicio
1313 1663 1391 1697 iuris
1425 1664 1486 1708 ipsi
1519 1665 1724 1699 Ferdinando

981 1716 1050 1758 regi
1076 1715 1154 1748 alias
1180 1715 1211 1748 in
1238 1716 1350 1749 eodem
1376 1727 1477 1760 regno
1504 1717 1614 1751 forsan
1639 1729 1724 1751 com-

981 1769 1144 1811 petentis,
1171 1769 1221 1802 cui
1249 1774 1323 1802 tunc
1348 1771 1452 1803 noluit
1478 1771 1649 1814 derogari,
1684 1772 1723 1805 de

981 1822 1116 1855 fratrum
1142 1832 1275 1856 suorum
1301 1824 1439 1857 consilio
1464 1824 1590 1868 pariter
1614 1831 1647 1857 et
1671 1836 1723 1858 as-

980 1886 1094 1917 sensu,
1121 1882 1153 1910 et
1179 1887 1216 1909 ex
1242 1879 1329 1910 certa
1354 1878 1504 1919 scientia,
1531 1889 1567 1912 ac
1592 1879 1631 1912 de
1649 1890 1721 1923 apo-

980 1930 1112 1964 stolicae
1138 1931 1308 1974 potestatis
1329 1932 1543 1975 plenitudine,
1563 1933 1724 1967 concessit

980 1989 1012 2017 et
1038 1984 1193 2028 elargitus
1219 1985 1300 2025 suit,
1326 1985 1442 2018 dictam
1469 1985 1631 2019 civitatem
1663 1987 1723 2020 Be-

979 2043 1191 2071 neventanam
1217 2049 1289 2071 cum
1316 2039 1384 2072 eius
1411 2039 1593 2081 territorio,
1619 2040 1723 2074 distri-

979 2098 1032 2126 ctu
1058 2098 1090 2126 et
1115 2093 1345 2136 pertinentiis,
1371 2104 1432 2137 per
1456 2093 1563 2137 ipsum
1589 2095 1723 2138 praede-

978 2157 1140 2180 cessorem
1166 2157 1221 2180 seu
1248 2147 1429 2180 Romanum
1447 2148 1635 2182 Pontificem
1656 2149 1721 2182 dis-

979 2200 1087 2234 tinctis
1117 2211 1174 2234 seu
1207 2200 1468 2244 distinguendis,
1503 2212 1574 2235 cum
1607 2213 1719 2236 eorum

978 2253 1092 2287 incolis
1113 2281 1120 2294 ,
1147 2259 1245 2297 prout
1269 2254 1358 2287 illam
1384 2255 1444 2288 sibi
1471 2255 1593 2288 dudum
1626 2262 1721 2290 antea

977 2307 1144 2351 praedicta
1167 2307 1312 2341 Ecclesia
1344 2308 1524 2342 retinuerat
1556 2314 1588 2342 et
1617 2320 1719 2343 reser-

976 2366 1115 2402 vaverat,
1133 2360 1195 2394 sibi
1217 2366 1248 2394 et
1272 2361 1346 2394 Sedi
1365 2361 1575 2404 Apostolicae
1594 2363 1719 2406 specia-

976 2415 1051 2448 liter
1077 2414 1276 2447 reservando
1293 2441 1300 2455 ‚
1327 2420 1425 2458 prout
1450 2415 1480 2447 in
1507 2415 1609 2458 ipsius
1626 2426 1720 2459 prae-

976 2467 1156 2502 decessoris
1182 2468 1326 2511 desuper
1350 2468 1506 2501 consectis
1531 2468 1661 2509 litteris,
1685 2469 1719 2502 ln

975 2521 1092 2565 quibus
1118 2521 1204 2554 idem
1229 2521 1463 2564 praedecessor
1488 2520 1572 2553 inter
1585 2521 1647 2554 alia
1665 2532 1718 2555 vo-

973 2575 1059 2617 luit,
1086 2574 1172 2619 quod
1207 2574 1310 2608 dictus
1346 2574 1571 2609 Ferdinandus
1604 2586 1661 2611 rex
1687 2581 1719 2610 et
