2232 3178
31 194 80 221 An.
101 191 129 220 C.
147 189 213 218 {738

46 2372 96 2420 00?

93 2402 149 2421 orma
161 2406 198 2421 ce-

19 2425 111 2447 lebrandi
140 2428 197 2453 capi-

20 2453 81 2473 tulum
101 2454 198 2479 generale

20 2479 107 2501 ordinis.

839 190 980 215 CLEMENS
1006 190 1054 214 XII
1079 190 1127 213 Pr.

219 246 301 276 rum,
325 238 396 268 socii
419 238 477 268 sint
500 238 533 268 ad
557 238 718 277 capitulum
750 239 887 278 generale
918 239 963 269 su-

219 292 336 317 turum:
361 287 399 317 ita
424 292 454 317 ut
477 288 610 317 minister
632 288 735 318 domus
759 289 841 328 prius
860 289 889 318 in
907 289 961 318 hoc

218 336 345 375 capitulo
368 336 538 374 designatae
561 338 598 366 sit
623 337 733 376 primus
757 337 866 374 socius,
888 342 915 367 et
931 337 960 366 in

218 384 346 423 capitulo
368 385 466 414 futuro
488 385 662 423 suffragium
687 385 808 421 habeat3
833 391 860 416 et
876 386 961 415 mini-

218 436 277 462 ster
293 434 378 470 alter,
397 434 510 463 scilicet
532 434 634 463 domus
659 435 804 474 posterius
827 434 961 473 designa-

218 485 263 511 tae
287 491 340 520 pro
362 482 465 511 eadem
490 483 654 521 provincia,
679 483 717 512 sit
739 483 835 512 socius
857 492 962 513 secun-

217 529 290 567 duS,
324 534 352 560 et
383 530 413 560 in
443 531 587 560 defectum
617 531 743 561 alicuius
772 532 958 570 capitularis,

218 584 362 619 quatenus
384 580 464 610 illius
487 590 593 610 munus
616 581 709 611 solum
730 581 768 611 sit
784 591 960 611 concurrere

217 632 301 658 extra
324 628 444 658 domum
468 629 658 668 capitularem
682 629 712 659 in
735 629 797 659 loco
828 631 960 669 proximo

217 676 253 706 ad
275 677 354 706 illam
370 702 377 715 ‚
403 682 434 707 ut
457 683 572 717 praesto
604 682 632 708 et
654 678 684 708 in
708 683 844 718 promptu
867 679 904 708 sit
926 679 960 708 ad

216 725 283 764 hoc,
308 730 351 764 ut,
376 727 399 756 si
423 736 496 765 opus
519 727 618 763 suerit,
645 726 680 757 ob
703 727 848 757 defectum
871 728 961 757 alicu-

216 774 262 804 ius
285 775 394 804 vocalis
418 775 587 814 provinciae
609 785 691 814 suae,
716 776 887 814 suffragium
912 777 960 806 lia-

215 822 295 860 beat,
318 824 481 863 supplendo
505 834 555 864 pro
572 834 617 861 eo,
634 825 691 854 nisi
715 825 820 863 vocali,
845 826 893 865 qui
913 826 959 855 de-

216 873 305 911 ficiat,
325 873 450 903 liberum
466 874 554 903 fuerit
568 874 669 904 abesse
689 875 831 914 capitulo,
850 875 958 915 quippe

215 931 317 952 eorum
336 922 473 961 suffragia
491 923 623 962 suppleri
639 933 696 953 non
713 923 830 954 debent.

255 981 286 1002 11.
312 972 346 1002 Et
377 973 445 1012 quia
479 974 575 1003 socius
608 974 694 1004 dehet
722 984 785 1004 esse
809 975 958 1014 praeditus

215 1020 352 1051 doctrina
366 1045 373 1059 ‚
397 1021 586 1052 observantia
608 1028 635 1053 et
658 1024 839 1063 experientia
860 1024 890 1054 in
913 1034 958 1054 re-

214 1070 346 1108 gimine,
370 1080 522 1101 monemus
556 1076 655 1110 patres
686 1073 863 1112 capitulares
893 1083 959 1113 pro—

214 1119 390 1156 vinciarum,
415 1120 490 1159 quod
514 1120 544 1150 in
566 1121 628 1151 suis
643 1122 778 1160 capitulis
795 1122 957 1161 provincia-

214 1166 291 1198 libus
321 1168 499 1198 immediatis
526 1170 655 1209 capitulo
677 1171 808 1208 generali
836 1180 884 1201 eos
906 1172 959 1201 eli-

213 1221 283 1254 gant
315 1217 345 1247 in
379 1218 531 1248 ministros
563 1219 717 1249 domorum
746 1220 954 1259 capitularium

213 1267 263 1305 qui
286 1267 366 1306 digni
388 1268 447 1297 sint
469 1272 501 1298 ut
527 1273 704 1299 concurrant
722 1274 870 1309 tamquam
885 1271 956 1300 socii

213 1324 284 1346 suae
306 1316 473 1356 provinciae
505 1317 540 1347 ad
562 1318 723 1357 capitulum
746 1319 897 1356 generale3
929 1324 956 1349 et

213 1365 291 1405 quod
320 1366 408 1396 etiam
437 1371 559 1397 caveant
591 1377 627 1398 ne
650 1368 778 1406 eligatur
807 1368 837 1398 in
869 1368 956 1398 mini-

213 1419 306 1445 strum
329 1416 454 1446 alicuius
477 1415 580 1446 domus
603 1417 773 1457 capitularis
797 1427 848 1457 pro
865 1417 956 1447 trien-

212 1464 262 1494 nio
295 1465 464 1495 immediate
496 1466 625 1505 capitulo
647 1466 798 1504 generali,
823 1466 873 1506 qui
897 1467 954 1496 iam

212 1514 309 1544 socius
332 1515 427 1545 fuerat
448 1515 478 1544 in
502 1516 686 1545 antecedenti
710 1516 848 1555 capitulo.

251 1573 293 1594 111.
311 1564 340 1594 Si
358 1574 410 1603 per
425 1568 561 1603 mortem,
579 1565 783 1595 infirmitatem
803 1569 852 1595 aut
867 1565 954 1595 aliam

212 1612 320 1643 iustam
345 1623 462 1644 causam
486 1615 621 1644 minister
643 1615 768 1645 alicuius
791 1615 893 1645 domus
909 1625 955 1645 ca-

213 1662 347 1701 pitularis
370 1672 426 1692 non
451 1663 543 1702 possit
564 1663 708 1693 interesse
730 1664 868 1703 capitulo,
886 1668 954 1693 tunc

212 1710 413 1741 delinitorium
436 1712 572 1750 generale
594 1721 663 1742 suae
678 1713 856 1752 respectivae
872 1713 956 1742 sami-

211 1759 268 1790 liae
290 1760 414 1799 seligere
438 1762 530 1800 possit
558 1761 675 1792 domum
706 1763 846 1800 alteram,
871 1762 954 1792 cuius

212 1809 348 1839 minister
380 1810 502 1839 actualis
534 1815 692 1840 concurrat
724 1811 759 1841 ad
793 1811 953 1850 capitulum

211 1866 329 1897 semper
355 1863 385 1889 ut
406 1859 503 1889 socius
525 1860 684 1890 secundus.
715 1860 744 1891 Si
767 1865 862 1890 autem
886 1870 955 1890 con-

211 1906 306 1946 tingat
329 1911 486 1948 utrumque
509 1909 620 1939 socium
644 1919 696 1950 pro
718 1909 819 1949 aliqua
837 1910 954 1949 provin-

210 1955 258 1985 cia
289 1956 377 1986 simul
410 1957 554 1995 deficere,
589 1958 723 1988 minister
746 1959 849 1988 domus
872 1958 954 1998 prius

210 2004 321 2035 electae
343 2014 358 2036 a
380 2005 547 2037 delinitorio
570 2006 600 2036 in
622 2006 673 2036 illo
695 2016 764 2037 casu
782 2007 838 2037 crit
856 2007 953 2037 socius

210 2054 336 2093 primus.

250 2112 289 2134 iv.
313 2103 344 2134 Si
365 2105 431 2144 quis
456 2105 592 2135 minister
624 2105 669 2136 vel
699 2105 774 2136 alter
796 2106 952 2145 religiosus

210 2153 322 2193 aliquid
345 2154 640 2185 animadvertendum
670 2156 714 2185 vel
736 2156 886 2186 notatione
911 2157 954 2186 di-

209 2212 300 2241 gnum
329 2202 436 2233 habeat
464 2204 672 2234 remittendum
702 2205 738 2235 ad
767 2206 950 2245 capitulum,

210 2253 304 2282 tradat
317 2253 395 2283 socio
411 2262 480 2283 suae
503 2254 682 2293 provinciae,
700 2254 745 2285 vel
764 2264 816 2285 suo
834 2255 952 2294 provin-

210 2301 294 2341 ciali,
317 2306 349 2332 ut
365 2312 442 2333 unus
458 2302 502 2332 vel
519 2303 594 2333 alter
611 2307 718 2343 portet.

251 2360 270 2381 1.
295 2351 381 2382 Feria
403 2352 508 2391 quinta
531 2356 597 2382 ante
619 2352 796 2382 dominicam
820 2357 951 2392 quartam

210 2404 274 2440 post
297 2400 406 2430 Pascha
424 2404 641 2439 congregentur
657 2410 757 2430 omnes
774 2401 951 2440 capitulares

209 2450 364 2489 utriusque
387 2450 514 2480 familiae
536 2454 604 2480 ante
627 2450 794 2488 meridiem,
818 2450 848 2480 in
866 2451 951 2481 domo

208 2497 364 2537 designata.
385 2499 419 2530 ad
443 2499 606 2539 capitulum
629 2499 848 2537 celebrandum,
868 2503 901 2530 ut
916 2499 951 2530 ad

208 2556 345 2588 vesperas
368 2558 485 2588 praeses
508 2548 630 2588 capituli
663 2552 820 2587 congreget
849 2558 950 2579 omnes

208 2597 285 2629 illos.
308 2598 435 2639 Vespere
457 2603 555 2631 autem
575 2598 653 2630 idem
676 2607 795 2638 praeses
817 2598 951 2639 imponat

1006 238 1065 268 illis
1088 242 1278 278 praeceptum
1302 239 1330 269 in
1354 238 1472 278 scriptis
1494 238 1633 274 iubendo,
1657 237 1746 277 quod,

1006 288 1028 317 si
1053 289 1120 327 quis
1143 288 1241 318 scierit
1263 288 1389 318 alicuius
1421 287 1592 327 capitularis
1625 287 1750 326 impedi-

1007 342 1136 367 mentum
1171 342 1288 377 propter
1321 337 1397 376 quod
1424 346 1481 366 non
1505 336 1608 366 debeat
1632 335 1748 366 admitti

1005 387 1038 416 ad
1063 387 1223 425 capitulum
1240 411 1247 425 ‚
1272 387 1344 416 illud
1368 386 1533 416 manifestet
1555 386 1655 415 statim
1679 389 1746 414 ante

1005 435 1113 473 ipsum.
1137 434 1217 470 Quod
1235 435 1270 473 si,
1290 435 1364 464 sacta
1382 435 1540 464 sufficienti
1561 433 1745 473 probatione,

1005 483 1248 522 impedimentum
1265 483 1382 522 aliquod
1405 485 1559 513 inventum
1582 482 1687 518 suerit,
1711 481 1747 511 ad

1005 532 1203 562 definitorium
1226 533 1363 570 generale
1386 532 1503 562 Ordinis
1523 531 1682 571 pertinebit
1697 531 1747 561 de-

981 581 982 584 ’
1004 580 1115 610 clarare
1134 605 1141 619 ‚
1167 581 1328 611 inhabilem
1351 591 1414 611 esse
1438 581 1592 611 habentem
1616 581 1672 610 tale
1695 580 1748 610 im-

1005 630 1217 669 pedimentum,
1242 635 1270 660 et
1293 631 1376 660 illum
1400 640 1414 660 a
1431 630 1560 669 capitulo
1576 629 1745 659 excludere.

1044 689 1074 709 11.
1098 679 1147 709 Die
1165 689 1231 709 vero
1249 680 1396 719 sequenti,
1420 680 1532 709 scilicet
1554 679 1628 708 feria
1649 679 1744 714 sexta,

1004 733 1220 767 congregentur
1237 729 1374 766 familiae,
1391 729 1605 768 unaquaeque¹
1622 727 1746 757 seorsim

1003 777 1038 808 ab
1061 778 1130 808 alia.
1148 779 1269 808 Praeses
1285 778 1498 817 cuiuscumque
1514 777 1663 807 vocalibus
1677 785 1746 806 suae

1004 827 1130 858 familiae
1153 833 1235 857 notos
1258 828 1345 857 saciat
1368 828 1515 865 catalogos
1544 827 1675 857 omnium
1703 835 1747 856 re-

1003 877 1175 914 ligiosorum
1208 877 1264 916 ipsi
1287 877 1455 915 designatos
1477 886 1491 906 a
1516 874 1745 915 provincialibus

1003 934 1072 955 suae
1096 925 1223 955 familiae
1255 930 1283 955 et
1315 935 1330 955 a
1363 926 1424 955 suis
1452 924 1656 955 definitoribus
1680 933 1746 963 pro-

1004 974 1178 1004 vincialibus
1210 974 1405 1014 approbatos,
1430 974 1460 1004 in
1482 973 1590 1013 quibus
1612 972 1744 1002 contine-

1002 1028 1090 1054 antur
1113 1024 1243 1062 religiosi
1259 1033 1371 1061 omnes,
1390 1024 1451 1063 qui,
1472 1023 1549 1053 intra
1567 1022 1744 1062 provincias,

1002 1073 1144 1113 inspectis
1167 1073 1261 1103 solum
1285 1073 1475 1111 graduatione
1503 1077 1531 1102 et
1554 1071 1743 1109 interstitiis,

1001 1123 1061 1162 apti
1084 1123 1270 1161 reperiantur
1285 1147 1292 1161 ,
1318 1123 1397 1152 iuxta
1420 1126 1536 1152 nostras
1559 1121 1746 1151 constitutio-

1002 1181 1064 1208 nes,
1088 1172 1123 1201 ad
1147 1181 1268 1201 munera
1290 1176 1318 1201 et
1340 1171 1436 1201 officia
1465 1180 1535 1201 suae
1560 1170 1687 1200 familiae
1714 1169 1744 1199 in

1000 1229 1034 1249 eo
1066 1220 1194 1259 capitulo
1228 1220 1422 1259 pertinentia,
1446 1224 1478 1249 ut
1510 1219 1609 1249 nullus
1644 1222 1744 1258 postea

1001 1269 1142 1308 conqueri
1166 1269 1258 1308 possit
1280 1269 1326 1298 et²
1355 1269 1432 1308 quod
1456 1278 1507 1298 sua
1530 1268 1662 1307 aptitudo
1685 1277 1744 1297 non

1000 1318 1088 1348 fuerit
1111 1327 1249 1357 praesens
1271 1318 1409 1348 omnibus
1432 1317 1582 1347 vocalibus
1611 1326 1681 1346 suae
1704 1317 1746 1346 sa-

1000 1367 1109 1397 miliae.
1134 1366 1185 1396 llla
1219 1371 1316 1397 autem
1349 1366 1481 1406 aptitudo
1515 1375 1548 1395 ex
1583 1367 1659 1405 pura
1681 1374 1745 1403 gra-

999 1416 1139 1446 duatione
1162 1420 1190 1446 et
1213 1415 1383 1445 interstitiis
1405 1414 1562 1444 iudicanda
1585 1414 1654 1451 erit,
1671 1413 1744 1453 quin

999 1465 1033 1495 ad
1057 1474 1153 1495 mores
1176 1469 1204 1495 et
1227 1464 1445 1494 observantiam
1470 1464 1569 1503 aliquo
1591 1463 1677 1493 modo
1699 1472 1745 1493 re-

998 1515 1132 1549 seratur,
1166 1518 1197 1544 ut
1229 1514 1278 1544 alii
1311 1513 1525 1550 includantur,
1550 1512 1745 1543 excludantur

997 1564 1059 1601 alii,
1083 1564 1155 1593 alias
1178 1563 1300 1594 daretur
1322 1563 1539 1593 dissensionum
1562 1567 1590 1592 et
1607 1571 1693 1592 causa
1710 1561 1745 1591 li-

1000 1614 1083 1644 tium.

1036 1672 1078 1692 111.
1102 1663 1212 1693 Deinde
1235 1666 1333 1702 postea
1357 1662 1460 1692 eodem
1483 1661 1541 1700 die,
1566 1661 1625 1691 alia
1647 1664 1743 1691 tamen

998 1712 1140 1749 sessione,
1164 1711 1270 1741 iterum
1291 1714 1507 1749 congregentur
1522 1710 1648 1740 familiae
1665 1719 1744 1740 seor-

997 1761 1064 1797 sim,
1089 1765 1120 1791 ut
1143 1760 1338 1799 eligibilitatis
1360 1760 1536 1789 scrutinium
1554 1760 1604 1789 fiat
1619 1759 1655 1788 ab
1672 1760 1745 1789 una—

997 1817 1113 1847 quaque
1137 1807 1271 1846 sequenti
1295 1806 1390 1836 modo.
1417 1806 1498 1841 Quod
1522 1806 1630 1836 familia
1654 1815 1744 1845 quae-

999 1857 1040 1886 vis
1063 1857 1143 1886 iuxta
1166 1865 1249 1885 suam
1272 1855 1483 1886 conscientiam
1507 1855 1594 1885 saciat
1612 1854 1744 1893 seligibi-

997 1906 1089 1936 litatis
1112 1905 1289 1936 scrutinium
1314 1905 1367 1935 toti
1392 1904 1519 1934 familiae
1542 1913 1612 1934 suae
1639 1912 1744 1943 propo-

997 1955 1126 1986 nendum
1142 1978 1150 1993 ,
1174 1959 1202 1984 et
1224 1954 1252 1984 id
1276 1954 1362 1984 faciat
1383 1954 1423 1984 ita
1439 1978 1446 1992 ,
1478 1957 1510 1984 ut
1539 1953 1743 1992 unusquisque

998 2005 1142 2035 vocalium
1165 2004 1195 2034 in
1218 2003 1358 2034 schedula
1389 2004 1446 2032 una
1476 2003 1580 2041 seligat
1613 2002 1743 2042 quinque

997 2054 1032 2084 ad
1054 2054 1229 2084 electionem
1252 2053 1358 2092 capitis
1382 2062 1433 2092 pro
1456 2053 1511 2082 sua
1533 2052 1656 2088 familia,
1680 2051 1743 2081 sive

997 2103 1173 2143 pertinentis
1197 2103 1231 2132 ad
1253 2102 1354 2139 illam3
1378 2106 1405 2131 et
1424 2101 1489 2131 illos
1506 2101 1637 2140 quinque
1654 2100 1743 2139 eligat

996 2162 1031 2183 ex
1054 2152 1216 2192 aptioribus
1248 2151 1352 2191 positis
1381 2151 1411 2181 in
1441 2151 1603 2188 catalogiS,
1631 2159 1679 2180 eos
1702 2152 1744 2179 ta-

996 2212 1085 2240 men,
1116 2211 1188 2241 quos
1221 2211 1273 2231 suo
1306 2201 1415 2231 iudicio
1444 2200 1619 2230 iudicaverit
1651 2199 1744 2238 aptio-

996 2261 1055 2282 res.
1080 2251 1238 2282 Scliedulas
1262 2259 1331 2280 vero
1361 2259 1462 2280 omnes
1492 2249 1608 2279 tradere
1635 2247 1743 2278 debent

995 2310 1048 2331 suo
1071 2300 1229 2340 superiori.
1253 2299 1393 2340 Superior
1416 2303 1533 2337 autem,
1557 2298 1633 2328 sacto
1657 2301 1743 2327 antea

995 2350 1160 2381 iuramento
1194 2349 1344 2380 fidelitatis
1378 2358 1475 2379 coram
1510 2349 1569 2378 tota
1598 2348 1652 2377 sua
1674 2356 1743 2377 con-

995 2400 1188 2438 gregatione,
1212 2399 1247 2429 ab
1270 2399 1335 2438 ipso
1359 2402 1387 2428 et
1409 2397 1523 2428 duobus
1553 2396 1609 2426 sibi
1639 2396 1742 2426 imme-

995 2448 1072 2479 diate
1096 2447 1245 2479 vocalibus
1268 2447 1398 2478 eiusdem
1414 2448 1423 2464 ³
1445 2445 1591 2485 regulabit
1619 2444 1743 2475 schedu-

1031 2515 1042 2539 1
1066 2511 1138 2538 Edit.
1158 2511 1239 2538 Main.
1261 2511 1325 2546 legit
1344 2518 1517 2545 urtaqttaque
1537 2510 1575 2544 (n.
1593 2510 1644 2543 T.).

1029 2558 1046 2584 2
1065 2556 1222 2584 Coniunctio
1244 2559 1270 2583 et
1290 2555 1404 2582 delenda
1425 2559 1463 2589 (a.
1485 2556 1536 2590 T.).

1030 2602 1045 2630 3
1065 2602 1167 2629 Forsan
1188 2600 1302 2628 easdem
1322 2601 1361 2635 (a.
1378 2600 1428 2635 T.).

1645 180 1709 214 437
1757 188 1808 215 An.
1830 188 1858 215 c.
1877 188 1945 216 1738
