<?xml version="1.0" encoding="UTF-8"?>
<!DOCTYPE html PUBLIC "-//W3C//DTD XHTML 1.0 Transitional//EN"
    "http://www.w3.org/TR/xhtml1/DTD/xhtml1-transitional.dtd">
<html xmlns="http://www.w3.org/1999/xhtml" xml:lang="en" lang="en">
 <head>
  <title>
</title>
<meta http-equiv="Content-Type" content="text/html;charset=utf-8" />
  <meta name='ocr-system' content='tesseract 3.04.00' />
  <meta name='ocr-capabilities' content='ocr_page ocr_carea ocr_par ocr_line ocrx_word'/>
</head>
<body>
  <div class='ocr_page' id='page_1' title='image "./bullarumdiplomat24cath_0498.png"; bbox 0 0 2232 3178; ppageno 0'>
   <div class='ocr_carea' id='block_1_1' title="bbox 307 269 486 299">
    <p class='ocr_par' dir='ltr' id='par_1_1' title="bbox 307 269 486 299">
     <span class='ocr_line' id='line_1_1' title="bbox 307 269 486 299; baseline 0.017 -3"><span class='ocrx_word' id='word_1_1' title='bbox 307 272 354 297; x_wconf 87' lang='grc' dir='ltr'><strong>Λ11.</strong></span> <span class='ocrx_word' id='word_1_2' title='bbox 372 269 486 299; x_wconf 61' lang='lat' dir='ltr'><strong>0173ss</strong></span> 
     </span>
    </p>
   </div>
   <div class='ocr_carea' id='block_1_2' title="bbox 300 2238 484 2311">
    <p class='ocr_par' dir='ltr' id='par_1_2' title="bbox 300 2238 484 2311">
     <span class='ocr_line' id='line_1_2' title="bbox 369 2238 412 2264; baseline -0.023 -5"><span class='ocrx_word' id='word_1_3' title='bbox 369 2238 378 2264; x_wconf 65' lang='grc' dir='ltr'><strong>ξ</strong></span> <span class='ocrx_word' id='word_1_4' title='bbox 393 2239 412 2258; x_wconf 73' lang='lat'><strong>¹³.</strong></span> 
     </span>
     <span class='ocr_line' id='line_1_3' title="bbox 327 2264 484 2285; baseline -0.019 -1"><span class='ocrx_word' id='word_1_5' title='bbox 327 2264 356 2284; x_wconf 74' lang='lat' dir='ltr'><strong>De</strong></span> <span class='ocrx_word' id='word_1_6' title='bbox 368 2265 436 2284; x_wconf 71' lang='lat' dir='ltr'><strong>osncw</strong></span> <span class='ocrx_word' id='word_1_7' title='bbox 449 2265 484 2285; x_wconf 79' lang='lat' dir='ltr'><strong>ini.</strong></span> 
     </span>
     <span class='ocr_line' id='line_1_4' title="bbox 300 2294 421 2311; baseline 0 -1"><span class='ocrx_word' id='word_1_8' title='bbox 300 2294 421 2311; x_wconf 67' lang='lat' dir='ltr'><strong>metrorum.</strong></span> 
     </span>
    </p>
   </div>
   <div class='ocr_carea' id='block_1_3' title="bbox 494 261 1241 2706">
    <p class='ocr_par' dir='ltr' id='par_1_3' title="bbox 497 261 1241 1037">
     <span class='ocr_line' id='line_1_5' title="bbox 533 261 599 295; baseline 0.015 -1"><span class='ocrx_word' id='word_1_9' title='bbox 533 261 599 295; x_wconf 71' lang='lat'><strong>464</strong></span> 
     </span>
     <span class='ocr_line' id='line_1_6' title="bbox 498 317 1239 357; baseline 0 -9"><span class='ocrx_word' id='word_1_10' title='bbox 498 318 579 356; x_wconf 89' lang='lat' dir='ltr'><strong>liam,</strong></span> <span class='ocrx_word' id='word_1_11' title='bbox 615 318 658 348; x_wconf 86' lang='lat' dir='ltr'><strong>vel</strong></span> <span class='ocrx_word' id='word_1_12' title='bbox 691 317 819 357; x_wconf 80' lang='lat' dir='ltr'>aliquam</span> <span class='ocrx_word' id='word_1_13' title='bbox 859 317 939 347; x_wconf 89' lang='lat' dir='ltr'><strong>illius</strong></span> <span class='ocrx_word' id='word_1_14' title='bbox 976 317 1157 357; x_wconf 86' lang='lat' dir='ltr'><strong>provinciam</strong></span> <span class='ocrx_word' id='word_1_15' title='bbox 1194 318 1239 348; x_wconf 92' lang='lat' dir='ltr'><strong>vel</strong></span> 
     </span>
     <span class='ocr_line' id='line_1_7' title="bbox 500 366 1240 404; baseline 0.001 -8"><span class='ocrx_word' id='word_1_16' title='bbox 500 371 675 396; x_wconf 89' lang='lat' dir='ltr'><strong>conventum</strong></span> <span class='ocrx_word' id='word_1_17' title='bbox 709 370 758 395; x_wconf 89' lang='lat' dir='ltr'><strong>aut</strong></span> <span class='ocrx_word' id='word_1_18' title='bbox 790 366 946 404; x_wconf 78' lang='lat' dir='ltr'>collegium</span> <span class='ocrx_word' id='word_1_19' title='bbox 970 366 1175 403; x_wconf 74' lang='lat' dir='ltr'><strong>visitaverint,</strong></span> <span class='ocrx_word' id='word_1_20' title='bbox 1201 371 1240 397; x_wconf 91' lang='lat' dir='ltr'><strong>te-</strong></span> 
     </span>
     <span class='ocr_line' id='line_1_8' title="bbox 498 414 1239 446; baseline 0.001 -2"><span class='ocrx_word' id='word_1_21' title='bbox 498 420 623 445; x_wconf 85' lang='lat' dir='ltr'><strong>ncantur</strong></span> <span class='ocrx_word' id='word_1_22' title='bbox 640 414 783 444; x_wconf 71' lang='lat' dir='ltr'><strong>visitando</strong></span> <span class='ocrx_word' id='word_1_23' title='bbox 800 415 987 445; x_wconf 81' lang='lat' dir='ltr'><strong>manifestare</strong></span> <span class='ocrx_word' id='word_1_24' title='bbox 1003 415 1239 446; x_wconf 76' lang='lat' dir='ltr'><strong>commissionem</strong></span> 
     </span>
     <span class='ocr_line' id='line_1_9' title="bbox 498 464 1240 504; baseline 0.001 -11"><span class='ocrx_word' id='word_1_25' title='bbox 498 473 584 503; x_wconf 87' lang='lat' dir='ltr'><strong>quam</strong></span> <span class='ocrx_word' id='word_1_26' title='bbox 609 467 742 502; x_wconf 74' lang='lat' dir='ltr'><strong>portant3</strong></span> <span class='ocrx_word' id='word_1_27' title='bbox 774 464 847 493; x_wconf 86' lang='lat' dir='ltr'><strong>itaut</strong></span> <span class='ocrx_word' id='word_1_28' title='bbox 882 464 1013 493; x_wconf 87' lang='lat' dir='ltr'><strong>visitator</strong></span> <span class='ocrx_word' id='word_1_29' title='bbox 1046 464 1155 494; x_wconf 88' lang='lat' dir='ltr'><strong>electus</strong></span> <span class='ocrx_word' id='word_1_30' title='bbox 1188 474 1240 504; x_wconf 91' lang='lat' dir='ltr'><strong>pro</strong></span> 
     </span>
     <span class='ocr_line' id='line_1_10' title="bbox 498 512 1239 551; baseline 0.001 -10"><span class='ocrx_word' id='word_1_31' title='bbox 498 512 623 548; x_wconf 73' lang='lat' dir='ltr'><strong>familia,</strong></span> <span class='ocrx_word' id='word_1_32' title='bbox 648 521 710 540; x_wconf 81' lang='lat' dir='ltr'><strong>eam</strong></span> <span class='ocrx_word' id='word_1_33' title='bbox 735 512 900 542; x_wconf 78' lang='lat' dir='ltr'><strong>manifestet</strong></span> <span class='ocrx_word' id='word_1_34' title='bbox 923 513 951 542; x_wconf 90' lang='lat' dir='ltr'><strong>in</strong></span> <span class='ocrx_word' id='word_1_35' title='bbox 977 512 1071 551; x_wconf 89' lang='lat' dir='ltr'><strong>primo</strong></span> <span class='ocrx_word' id='word_1_36' title='bbox 1094 518 1239 543; x_wconf 89' lang='lat' dir='ltr'><strong>conventu</strong></span> 
     </span>
     <span class='ocr_line' id='line_1_11' title="bbox 497 560 1237 600; baseline 0.003 -11"><span class='ocrx_word' id='word_1_37' title='bbox 497 560 624 589; x_wconf 83' lang='lat' dir='ltr'><strong>familiae</strong></span> <span class='ocrx_word' id='word_1_38' title='bbox 644 570 657 589; x_wconf 89' lang='lat' dir='ltr'><strong>a</strong></span> <span class='ocrx_word' id='word_1_39' title='bbox 675 569 704 589; x_wconf 89' lang='lat' dir='ltr'><strong>se</strong></span> <span class='ocrx_word' id='word_1_40' title='bbox 723 561 890 595; x_wconf 70' lang='grc' dir='ltr'><strong>1151101111οἏ</strong></span> <span class='ocrx_word' id='word_1_41' title='bbox 909 561 1040 590; x_wconf 85' lang='lat' dir='ltr'><strong>visitator</strong></span> <span class='ocrx_word' id='word_1_42' title='bbox 1058 561 1237 600; x_wconf 85' lang='lat' dir='ltr'><strong>provinciae,</strong></span> 
     </span>
     <span class='ocr_line' id='line_1_12' title="bbox 497 609 1240 648; baseline 0.003 -11"><span class='ocrx_word' id='word_1_43' title='bbox 497 609 526 638; x_wconf 86' lang='lat' dir='ltr'><strong>in</strong></span> <span class='ocrx_word' id='word_1_44' title='bbox 551 609 646 647; x_wconf 88' lang='lat' dir='ltr'><strong>primo</strong></span> <span class='ocrx_word' id='word_1_45' title='bbox 671 609 848 647; x_wconf 81' lang='lat' dir='ltr'><strong>provinciae,</strong></span> <span class='ocrx_word' id='word_1_46' title='bbox 882 613 910 638; x_wconf 91' lang='lat' dir='ltr'><strong>et</strong></span> <span class='ocrx_word' id='word_1_47' title='bbox 941 610 991 648; x_wconf 90' lang='lat' dir='ltr'><strong>qui</strong></span> <span class='ocrx_word' id='word_1_48' title='bbox 1023 610 1118 639; x_wconf 88' lang='lat' dir='ltr'><strong>solum</strong></span> <span class='ocrx_word' id='word_1_49' title='bbox 1153 610 1240 639; x_wconf 88' lang='lat' dir='ltr'><strong>suerit</strong></span> 
     </span>
     <span class='ocr_line' id='line_1_13' title="bbox 498 657 1239 696; baseline 0.003 -11"><span class='ocrx_word' id='word_1_50' title='bbox 498 657 632 686; x_wconf 87' lang='lat' dir='ltr'><strong>visitator</strong></span> <span class='ocrx_word' id='word_1_51' title='bbox 646 658 732 687; x_wconf 84' lang='lat' dir='ltr'><strong>unius</strong></span> <span class='ocrx_word' id='word_1_52' title='bbox 749 662 797 687; x_wconf 91' lang='lat' dir='ltr'><strong>aut</strong></span> <span class='ocrx_word' id='word_1_53' title='bbox 815 658 955 696; x_wconf 89' lang='lat' dir='ltr'><strong>plurium,</strong></span> <span class='ocrx_word' id='word_1_54' title='bbox 970 658 1090 688; x_wconf 84' lang='lat' dir='ltr'><strong>sednon</strong></span> <span class='ocrx_word' id='word_1_55' title='bbox 1108 658 1239 688; x_wconf 88' lang='lat' dir='ltr'><strong>omnium</strong></span> 
     </span>
     <span class='ocr_line' id='line_1_14' title="bbox 497 705 1240 746; baseline 0.003 -12"><span class='ocrx_word' id='word_1_56' title='bbox 497 705 733 746; x_wconf 90' lang='lat' dir='ltr'><strong>provinciarum,</strong></span> <span class='ocrx_word' id='word_1_57' title='bbox 758 710 807 735; x_wconf 87' lang='lat' dir='ltr'><strong>aut</strong></span> <span class='ocrx_word' id='word_1_58' title='bbox 841 706 1006 745; x_wconf 88' lang='lat' dir='ltr'><strong>aliquorum</strong></span> <span class='ocrx_word' id='word_1_59' title='bbox 1040 711 1240 736; x_wconf 71' lang='lat' dir='ltr'>conventuum</span> 
     </span>
     <span class='ocr_line' id='line_1_15' title="bbox 497 754 1241 793; baseline 0.001 -10"><span class='ocrx_word' id='word_1_60' title='bbox 497 755 575 784; x_wconf 86' lang='lat' dir='ltr'><strong>intra</strong></span> <span class='ocrx_word' id='word_1_61' title='bbox 599 754 791 793; x_wconf 83' lang='lat' dir='ltr'><strong>provinciam,</strong></span> <span class='ocrx_word' id='word_1_62' title='bbox 815 764 878 784; x_wconf 85' lang='lat' dir='ltr'><strong>earn</strong></span> <span class='ocrx_word' id='word_1_63' title='bbox 907 755 1093 784; x_wconf 81' lang='lat' dir='ltr'><strong>manifestare</strong></span> <span class='ocrx_word' id='word_1_64' title='bbox 1126 760 1241 785; x_wconf 89' lang='lat' dir='ltr'><strong>tenetur</strong></span> 
     </span>
     <span class='ocr_line' id='line_1_16' title="bbox 497 802 1241 842; baseline 0 -9"><span class='ocrx_word' id='word_1_65' title='bbox 497 803 527 833; x_wconf 85' lang='lat' dir='ltr'><strong>in</strong></span> <span class='ocrx_word' id='word_1_66' title='bbox 546 802 676 842; x_wconf 88' lang='lat' dir='ltr'><strong>qualibet</strong></span> <span class='ocrx_word' id='word_1_67' title='bbox 700 803 860 842; x_wconf 76' lang='lat' dir='ltr'><strong>provincia,</strong></span> <span class='ocrx_word' id='word_1_68' title='bbox 884 803 927 833; x_wconf 86' lang='lat' dir='ltr'><strong>vel</strong></span> <span class='ocrx_word' id='word_1_69' title='bbox 950 804 979 833; x_wconf 92' lang='lat' dir='ltr'><strong>in</strong></span> <span class='ocrx_word' id='word_1_70' title='bbox 1003 803 1151 842; x_wconf 75' lang='lat' dir='ltr'><strong>quolibct²</strong></span> <span class='ocrx_word' id='word_1_71' title='bbox 1173 813 1241 833; x_wconf 90' lang='lat' dir='ltr'><strong>con-</strong></span> 
     </span>
     <span class='ocr_line' id='line_1_17' title="bbox 498 851 1239 882; baseline 0.001 -2"><span class='ocrx_word' id='word_1_72' title='bbox 498 856 586 881; x_wconf 87' lang='lat' dir='ltr'><strong>ventu</strong></span> <span class='ocrx_word' id='word_1_73' title='bbox 609 861 678 881; x_wconf 85' lang='lat' dir='ltr'><strong>suae</strong></span> <span class='ocrx_word' id='word_1_74' title='bbox 702 852 886 881; x_wconf 67' lang='lat' dir='ltr'><strong>visitationis.</strong></span> <span class='ocrx_word' id='word_1_75' title='bbox 912 851 1080 882; x_wconf 85' lang='lat' dir='ltr'><strong>Obedientia</strong></span> <span class='ocrx_word' id='word_1_76' title='bbox 1099 856 1195 881; x_wconf 85' lang='lat' dir='ltr'><strong>tamen</strong></span> <span class='ocrx_word' id='word_1_77' title='bbox 1214 852 1239 881; x_wconf 89' lang='lat' dir='ltr'><strong>ei</strong></span> 
     </span>
     <span class='ocr_line' id='line_1_18' title="bbox 497 900 1239 940; baseline 0 -10"><span class='ocrx_word' id='word_1_78' title='bbox 497 900 693 940; x_wconf 70' lang='lat' dir='ltr'><strong>praestabitur</strong></span> <span class='ocrx_word' id='word_1_79' title='bbox 715 901 813 930; x_wconf 85' lang='lat' dir='ltr'><strong>statim</strong></span> <span class='ocrx_word' id='word_1_80' title='bbox 837 910 870 930; x_wconf 85' lang='lat' dir='ltr'><strong>ac</strong></span> <span class='ocrx_word' id='word_1_81' title='bbox 902 901 995 940; x_wconf 89' lang='lat' dir='ltr'><strong>primo</strong></span> <span class='ocrx_word' id='word_1_82' title='bbox 1024 901 1104 930; x_wconf 84' lang='lat' dir='ltr'><strong>illam</strong></span> <span class='ocrx_word' id='word_1_83' title='bbox 1134 900 1164 930; x_wconf 89' lang='lat' dir='ltr'><strong>in</strong></span> <span class='ocrx_word' id='word_1_84' title='bbox 1187 900 1239 930; x_wconf 91' lang='lat' dir='ltr'><strong>ali-</strong></span> 
     </span>
     <span class='ocr_line' id='line_1_19' title="bbox 498 949 1238 988; baseline 0 -10"><span class='ocrx_word' id='word_1_85' title='bbox 498 958 554 988; x_wconf 89' lang='lat' dir='ltr'><strong>quo</strong></span> <span class='ocrx_word' id='word_1_86' title='bbox 578 952 724 978; x_wconf 86' lang='lat' dir='ltr'><strong>conventu</strong></span> <span class='ocrx_word' id='word_1_87' title='bbox 758 949 945 987; x_wconf 74' lang='lat' dir='ltr'><strong>patefecerit,</strong></span> <span class='ocrx_word' id='word_1_88' title='bbox 970 953 997 979; x_wconf 91' lang='lat' dir='ltr'><strong>et</strong></span> <span class='ocrx_word' id='word_1_89' title='bbox 1024 949 1238 988; x_wconf 85' lang='lat' dir='ltr'><strong>possessionem</strong></span> 
     </span>
     <span class='ocr_line' id='line_1_20' title="bbox 497 998 653 1037; baseline 0 -10"><span class='ocrx_word' id='word_1_90' title='bbox 497 998 653 1037; x_wconf 88' lang='lat' dir='ltr'><strong>acceperit.</strong></span> 
     </span>
    </p>

    <p class='ocr_par' dir='ltr' id='par_1_4' title="bbox 497 1046 1240 1330">
     <span class='ocr_line' id='line_1_21' title="bbox 537 1046 1239 1086; baseline 0 -10"><span class='ocrx_word' id='word_1_91' title='bbox 537 1056 605 1076; x_wconf 79' lang='lat' dir='ltr'><strong>xxn.</strong></span> <span class='ocrx_word' id='word_1_92' title='bbox 631 1046 803 1077; x_wconf 84' lang='lat' dir='ltr'><strong>Visitatores</strong></span> <span class='ocrx_word' id='word_1_93' title='bbox 826 1046 969 1086; x_wconf 78' lang='lat' dir='ltr'><strong>praedicti</strong></span> <span class='ocrx_word' id='word_1_94' title='bbox 1003 1046 1188 1086; x_wconf 79' lang='lat' dir='ltr'><strong>praesideant</strong></span> <span class='ocrx_word' id='word_1_95' title='bbox 1209 1046 1239 1076; x_wconf 90' lang='lat' dir='ltr'><strong>in</strong></span> 
     </span>
     <span class='ocr_line' id='line_1_22' title="bbox 497 1095 1239 1135; baseline 0 -10"><span class='ocrx_word' id='word_1_96' title='bbox 497 1095 633 1125; x_wconf 88' lang='lat' dir='ltr'><strong>omnihus</strong></span> <span class='ocrx_word' id='word_1_97' title='bbox 666 1095 869 1133; x_wconf 87' lang='lat' dir='ltr'><strong>conventibus,</strong></span> <span class='ocrx_word' id='word_1_98' title='bbox 904 1095 939 1125; x_wconf 88' lang='lat' dir='ltr'><strong>ad</strong></span> <span class='ocrx_word' id='word_1_99' title='bbox 972 1105 1044 1135; x_wconf 87' lang='lat' dir='ltr'><strong>quos</strong></span> <span class='ocrx_word' id='word_1_100' title='bbox 1076 1095 1239 1125; x_wconf 77' lang='lat' dir='ltr'><strong>iurisdictio</strong></span> 
     </span>
     <span class='ocr_line' id='line_1_23' title="bbox 497 1144 1239 1182; baseline -0.001 -8"><span class='ocrx_word' id='word_1_101' title='bbox 497 1154 547 1175; x_wconf 85' lang='lat' dir='ltr'><strong>sua</strong></span> <span class='ocrx_word' id='word_1_102' title='bbox 570 1153 601 1174; x_wconf 88' lang='grc'><strong>50</strong></span> <span class='ocrx_word' id='word_1_103' title='bbox 619 1144 759 1182; x_wconf 78' lang='lat' dir='ltr'><strong>extendit,</strong></span> <span class='ocrx_word' id='word_1_104' title='bbox 777 1144 912 1174; x_wconf 90' lang='lat' dir='ltr'><strong>omnibus</strong></span> <span class='ocrx_word' id='word_1_105' title='bbox 928 1144 993 1174; x_wconf 86' lang='lat' dir='ltr'><strong>aliis</strong></span> <span class='ocrx_word' id='word_1_106' title='bbox 1009 1144 1166 1182; x_wconf 81' lang='lat' dir='ltr'><strong>religiosis,</strong></span> <span class='ocrx_word' id='word_1_107' title='bbox 1182 1148 1239 1174; x_wconf 87' lang='lat' dir='ltr'><strong>tam</strong></span> 
     </span>
     <span class='ocr_line' id='line_1_24' title="bbox 497 1192 1238 1232; baseline 0.001 -10"><span class='ocrx_word' id='word_1_108' title='bbox 497 1193 636 1232; x_wconf 85' lang='lat' dir='ltr'><strong>praelatis</strong></span> <span class='ocrx_word' id='word_1_109' title='bbox 659 1202 744 1232; x_wconf 85' lang='lat' dir='ltr'><strong>quam</strong></span> <span class='ocrx_word' id='word_1_110' title='bbox 769 1192 904 1229; x_wconf 77' lang='lat' dir='ltr'><strong>subditis,</strong></span> <span class='ocrx_word' id='word_1_111' title='bbox 929 1193 1030 1222; x_wconf 71' lang='lat' dir='ltr'><strong>eadem</strong></span> <span class='ocrx_word' id='word_1_112' title='bbox 1055 1193 1238 1231; x_wconf 88' lang='lat' dir='ltr'><strong>auctoritate,</strong></span> 
     </span>
     <span class='ocr_line' id='line_1_25' title="bbox 497 1242 1240 1282; baseline 0.003 -11"><span class='ocrx_word' id='word_1_113' title='bbox 497 1246 638 1281; x_wconf 80' lang='lat' dir='ltr'><strong>potestate</strong></span> <span class='ocrx_word' id='word_1_114' title='bbox 671 1246 699 1271; x_wconf 91' lang='lat' dir='ltr'><strong>et</strong></span> <span class='ocrx_word' id='word_1_115' title='bbox 731 1242 985 1281; x_wconf 67' lang='lat' dir='ltr'><strong>praeeminentia,</strong></span> <span class='ocrx_word' id='word_1_116' title='bbox 1020 1252 1075 1282; x_wconf 88' lang='lat' dir='ltr'><strong>qua</strong></span> <span class='ocrx_word' id='word_1_117' title='bbox 1109 1243 1240 1282; x_wconf 79' lang='lat' dir='ltr'><strong>fungitur</strong></span> 
     </span>
     <span class='ocr_line' id='line_1_26' title="bbox 498 1291 799 1330; baseline -0.003 -9"><span class='ocrx_word' id='word_1_118' title='bbox 498 1291 548 1330; x_wconf 93' lang='lat' dir='ltr'><strong>qui</strong></span> <span class='ocrx_word' id='word_1_119' title='bbox 570 1300 619 1321; x_wconf 90' lang='lat' dir='ltr'><strong>eos</strong></span> <span class='ocrx_word' id='word_1_120' title='bbox 641 1291 799 1329; x_wconf 74' lang='lat' dir='ltr'><strong>delegavit.</strong></span> 
     </span>
    </p>

    <p class='ocr_par' dir='ltr' id='par_1_5' title="bbox 495 1339 1240 1917">
     <span class='ocr_line' id='line_1_27' title="bbox 536 1339 1240 1380; baseline 0.004 -11"><span class='ocrx_word' id='word_1_121' title='bbox 536 1349 619 1370; x_wconf 78' lang='lat' dir='ltr'><strong>xxm.</strong></span> <span class='ocrx_word' id='word_1_122' title='bbox 643 1339 763 1375; x_wconf 80' lang='lat' dir='ltr'><strong>Quando</strong></span> <span class='ocrx_word' id='word_1_123' title='bbox 786 1349 853 1369; x_wconf 89' lang='lat' dir='ltr'><strong>vero</strong></span> <span class='ocrx_word' id='word_1_124' title='bbox 876 1340 984 1379; x_wconf 84' lang='lat' dir='ltr'><strong>aliquis</strong></span> <span class='ocrx_word' id='word_1_125' title='bbox 1007 1350 1060 1380; x_wconf 90' lang='lat' dir='ltr'><strong>pro</strong></span> <span class='ocrx_word' id='word_1_126' title='bbox 1092 1346 1240 1372; x_wconf 86' lang='lat' dir='ltr'><strong>conventu</strong></span> 
     </span>
     <span class='ocr_line' id='line_1_28' title="bbox 498 1389 1238 1429; baseline 0.003 -10"><span class='ocrx_word' id='word_1_127' title='bbox 498 1390 601 1419; x_wconf 87' lang='lat' dir='ltr'><strong>Curiae</strong></span> <span class='ocrx_word' id='word_1_128' title='bbox 623 1389 770 1419; x_wconf 79' lang='lat' dir='ltr'><strong>Romanae</strong></span> <span class='ocrx_word' id='word_1_129' title='bbox 787 1389 930 1419; x_wconf 87' lang='lat' dir='ltr'><strong>visitando</strong></span> <span class='ocrx_word' id='word_1_130' title='bbox 947 1389 1117 1429; x_wconf 82' lang='lat' dir='ltr'><strong>designatus</strong></span> <span class='ocrx_word' id='word_1_131' title='bbox 1139 1391 1238 1429; x_wconf 84' lang='lat' dir='ltr'><strong>suerit,</strong></span> 
     </span>
     <span class='ocr_line' id='line_1_29' title="bbox 498 1437 1240 1477; baseline 0.003 -9"><span class='ocrx_word' id='word_1_132' title='bbox 498 1442 611 1468; x_wconf 86' lang='lat' dir='ltr'><strong>tantum</strong></span> <span class='ocrx_word' id='word_1_133' title='bbox 646 1437 826 1477; x_wconf 83' lang='lat' dir='ltr'><strong>praesidebit</strong></span> <span class='ocrx_word' id='word_1_134' title='bbox 859 1437 1005 1476; x_wconf 78' lang='lat' dir='ltr'><strong>religiosis</strong></span> <span class='ocrx_word' id='word_1_135' title='bbox 1039 1439 1119 1468; x_wconf 90' lang='lat' dir='ltr'><strong>illius</strong></span> <span class='ocrx_word' id='word_1_136' title='bbox 1148 1449 1163 1469; x_wconf 90' lang='lat' dir='ltr'><strong>a</strong></span> <span class='ocrx_word' id='word_1_137' title='bbox 1193 1441 1240 1470; x_wconf 90' lang='lat' dir='ltr'><strong>die</strong></span> 
     </span>
     <span class='ocr_line' id='line_1_30' title="bbox 497 1487 1238 1527; baseline 0.004 -11"><span class='ocrx_word' id='word_1_138' title='bbox 497 1497 553 1527; x_wconf 84' lang='lat' dir='ltr'><strong>qua</strong></span> <span class='ocrx_word' id='word_1_139' title='bbox 576 1487 635 1517; x_wconf 90' lang='lat' dir='ltr'><strong>illis</strong></span> <span class='ocrx_word' id='word_1_140' title='bbox 658 1496 710 1526; x_wconf 89' lang='lat' dir='ltr'><strong>per</strong></span> <span class='ocrx_word' id='word_1_141' title='bbox 722 1496 751 1516; x_wconf 87' lang='lat' dir='ltr'><strong>se</strong></span> <span class='ocrx_word' id='word_1_142' title='bbox 764 1487 859 1526; x_wconf 90' lang='lat' dir='ltr'><strong>ipsum</strong></span> <span class='ocrx_word' id='word_1_143' title='bbox 876 1488 1020 1517; x_wconf 87' lang='lat' dir='ltr'><strong>notoriam</strong></span> <span class='ocrx_word' id='word_1_144' title='bbox 1038 1488 1140 1519; x_wconf 81' lang='lat' dir='ltr'><strong>fecerit</strong></span> <span class='ocrx_word' id='word_1_145' title='bbox 1157 1500 1238 1519; x_wconf 86' lang='lat' dir='ltr'><strong>suam</strong></span> 
     </span>
     <span class='ocr_line' id='line_1_31' title="bbox 497 1536 1239 1578; baseline 0.005 -12"><span class='ocrx_word' id='word_1_146' title='bbox 497 1536 748 1573; x_wconf 78' lang='lat' dir='ltr'><strong>commissionem,</strong></span> <span class='ocrx_word' id='word_1_147' title='bbox 773 1545 847 1574; x_wconf 84' lang='lat' dir='ltr'><strong>quae</strong></span> <span class='ocrx_word' id='word_1_148' title='bbox 870 1536 965 1566; x_wconf 85' lang='lat' dir='ltr'><strong>solum</strong></span> <span class='ocrx_word' id='word_1_149' title='bbox 998 1537 1114 1568; x_wconf 84' lang='lat' dir='ltr'><strong>durabit</strong></span> <span class='ocrx_word' id='word_1_150' title='bbox 1147 1548 1239 1578; x_wconf 86' lang='lat' dir='ltr'><strong>usque</strong></span> 
     </span>
     <span class='ocr_line' id='line_1_32' title="bbox 496 1584 1240 1624; baseline 0.007 -11"><span class='ocrx_word' id='word_1_151' title='bbox 496 1585 532 1614; x_wconf 88' lang='lat' dir='ltr'><strong>ad</strong></span> <span class='ocrx_word' id='word_1_152' title='bbox 556 1585 644 1614; x_wconf 86' lang='lat' dir='ltr'><strong>finem</strong></span> <span class='ocrx_word' id='word_1_153' title='bbox 668 1584 855 1623; x_wconf 77' lang='lat' dir='ltr'><strong>visitationis,</strong></span> <span class='ocrx_word' id='word_1_154' title='bbox 878 1589 906 1615; x_wconf 87' lang='lat' dir='ltr'><strong>et</strong></span> <span class='ocrx_word' id='word_1_155' title='bbox 929 1585 982 1615; x_wconf 85' lang='lat' dir='ltr'><strong>hac</strong></span> <span class='ocrx_word' id='word_1_156' title='bbox 1005 1588 1125 1624; x_wconf 70' lang='lat' dir='ltr'><strong>peracta</strong></span> <span class='ocrx_word' id='word_1_157' title='bbox 1146 1597 1240 1618; x_wconf 88' lang='lat' dir='ltr'><strong>cessa-</strong></span> 
     </span>
     <span class='ocr_line' id='line_1_33' title="bbox 495 1632 1239 1673; baseline 0.003 -9"><span class='ocrx_word' id='word_1_158' title='bbox 495 1634 539 1664; x_wconf 88' lang='lat' dir='ltr'><strong>bit</strong></span> <span class='ocrx_word' id='word_1_159' title='bbox 562 1633 703 1670; x_wconf 83' lang='lat' dir='ltr'><strong>officium,</strong></span> <span class='ocrx_word' id='word_1_160' title='bbox 722 1632 916 1673; x_wconf 85' lang='lat' dir='ltr'><strong>subditusque</strong></span> <span class='ocrx_word' id='word_1_161' title='bbox 932 1634 1097 1664; x_wconf 78' lang='lat' dir='ltr'><strong>remanebit</strong></span> <span class='ocrx_word' id='word_1_162' title='bbox 1114 1636 1239 1666; x_wconf 88' lang='lat' dir='ltr'><strong>ministri</strong></span> 
     </span>
     <span class='ocr_line' id='line_1_34' title="bbox 496 1683 1238 1724; baseline 0.003 -10"><span class='ocrx_word' id='word_1_163' title='bbox 496 1683 566 1714; x_wconf 85' lang='lat' dir='ltr'><strong>dicti</strong></span> <span class='ocrx_word' id='word_1_164' title='bbox 589 1686 767 1719; x_wconf 87' lang='lat' dir='ltr'><strong>conventus,</strong></span> <span class='ocrx_word' id='word_1_165' title='bbox 791 1687 819 1713; x_wconf 89' lang='lat' dir='ltr'><strong>et</strong></span> <span class='ocrx_word' id='word_1_166' title='bbox 842 1692 874 1713; x_wconf 90' lang='grc'><strong>00</strong></span> <span class='ocrx_word' id='word_1_167' title='bbox 897 1683 1030 1721; x_wconf 86' lang='lat' dir='ltr'><strong>absente,</strong></span> <span class='ocrx_word' id='word_1_168' title='bbox 1056 1686 1238 1724; x_wconf 84' lang='lat' dir='ltr'><strong>procuratori</strong></span> 
     </span>
     <span class='ocr_line' id='line_1_35' title="bbox 495 1732 1239 1774; baseline 0.005 -13"><span class='ocrx_word' id='word_1_169' title='bbox 495 1732 648 1771; x_wconf 78' lang='lat' dir='ltr'><strong>generali,</strong></span> <span class='ocrx_word' id='word_1_170' title='bbox 673 1732 729 1761; x_wconf 87' lang='lat' dir='ltr'><strong>nisi</strong></span> <span class='ocrx_word' id='word_1_171' title='bbox 753 1732 827 1761; x_wconf 89' lang='lat' dir='ltr'><strong>sorte</strong></span> <span class='ocrx_word' id='word_1_172' title='bbox 852 1732 985 1763; x_wconf 87' lang='lat' dir='ltr'><strong>visitator</strong></span> <span class='ocrx_word' id='word_1_173' title='bbox 1008 1733 1081 1763; x_wconf 81' lang='lat' dir='ltr'><strong>alias</strong></span> <span class='ocrx_word' id='word_1_174' title='bbox 1104 1735 1239 1774; x_wconf 86' lang='lat' dir='ltr'><strong>superior</strong></span> 
     </span>
     <span class='ocr_line' id='line_1_36' title="bbox 495 1780 1238 1822; baseline 0.003 -11"><span class='ocrx_word' id='word_1_175' title='bbox 495 1781 543 1811; x_wconf 88' lang='lat' dir='ltr'><strong>sit.</strong></span> <span class='ocrx_word' id='word_1_176' title='bbox 569 1781 707 1820; x_wconf 85' lang='lat' dir='ltr'><strong>Idemque</strong></span> <span class='ocrx_word' id='word_1_177' title='bbox 730 1780 851 1810; x_wconf 89' lang='lat' dir='ltr'><strong>omnino</strong></span> <span class='ocrx_word' id='word_1_178' title='bbox 868 1781 1053 1819; x_wconf 81' lang='lat' dir='ltr'><strong>intelligatur</strong></span> <span class='ocrx_word' id='word_1_179' title='bbox 1075 1784 1238 1822; x_wconf 85' lang='lat' dir='ltr'><strong>respective</strong></span> 
     </span>
     <span class='ocr_line' id='line_1_37' title="bbox 495 1829 1237 1868; baseline 0.003 -8"><span class='ocrx_word' id='word_1_180' title='bbox 495 1830 529 1860; x_wconf 88' lang='lat' dir='ltr'><strong>de</strong></span> <span class='ocrx_word' id='word_1_181' title='bbox 551 1830 701 1860; x_wconf 78' lang='lat' dir='ltr'><strong>visitatore</strong></span> <span class='ocrx_word' id='word_1_182' title='bbox 723 1829 857 1868; x_wconf 80' lang='lat' dir='ltr'><strong>delegato</strong></span> <span class='ocrx_word' id='word_1_183' title='bbox 880 1830 1002 1860; x_wconf 89' lang='lat' dir='ltr'><strong>alterius</strong></span> <span class='ocrx_word' id='word_1_184' title='bbox 1035 1831 1080 1861; x_wconf 89' lang='lat' dir='ltr'><strong>vel</strong></span> <span class='ocrx_word' id='word_1_185' title='bbox 1113 1832 1237 1862; x_wconf 87' lang='lat' dir='ltr'><strong>aliorum</strong></span> 
     </span>
     <span class='ocr_line' id='line_1_38' title="bbox 495 1878 956 1917; baseline 0 -9"><span class='ocrx_word' id='word_1_186' title='bbox 495 1882 694 1908; x_wconf 84' lang='lat' dir='ltr'><strong>conventuum</strong></span> <span class='ocrx_word' id='word_1_187' title='bbox 718 1878 748 1907; x_wconf 93' lang='lat' dir='ltr'><strong>in</strong></span> <span class='ocrx_word' id='word_1_188' title='bbox 772 1878 956 1917; x_wconf 79' lang='lat' dir='ltr'><strong>particulari.</strong></span> 
     </span>
    </p>

    <p class='ocr_par' dir='ltr' id='par_1_6' title="bbox 494 1926 1239 2209">
     <span class='ocr_line' id='line_1_39' title="bbox 535 1926 1239 1965; baseline 0.006 -9"><span class='ocrx_word' id='word_1_189' title='bbox 535 1935 612 1956; x_wconf 85' lang='lat' dir='ltr'><strong>xx1v.</strong></span> <span class='ocrx_word' id='word_1_190' title='bbox 637 1926 669 1956; x_wconf 91' lang='grc'><strong>111</strong></span> <span class='ocrx_word' id='word_1_191' title='bbox 692 1926 813 1965; x_wconf 87' lang='lat' dir='ltr'><strong>reliquis</strong></span> <span class='ocrx_word' id='word_1_192' title='bbox 836 1926 971 1957; x_wconf 88' lang='lat' dir='ltr'><strong>omnibus</strong></span> <span class='ocrx_word' id='word_1_193' title='bbox 1001 1927 1133 1958; x_wconf 88' lang='lat' dir='ltr'><strong>visitator</strong></span> <span class='ocrx_word' id='word_1_194' title='bbox 1160 1929 1239 1960; x_wconf 88' lang='lat' dir='ltr'><strong>dele-</strong></span> 
     </span>
     <span class='ocr_line' id='line_1_40' title="bbox 494 1974 1236 2015; baseline 0.004 -11"><span class='ocrx_word' id='word_1_195' title='bbox 494 1980 580 2014; x_wconf 84' lang='lat' dir='ltr'><strong>gatus</strong></span> <span class='ocrx_word' id='word_1_196' title='bbox 602 1978 697 2004; x_wconf 79' lang='lat' dir='ltr'><strong>servet</strong></span> <span class='ocrx_word' id='word_1_197' title='bbox 719 1974 841 2004; x_wconf 83' lang='lat' dir='ltr'><strong>sormam</strong></span> <span class='ocrx_word' id='word_1_198' title='bbox 872 1975 1010 2005; x_wconf 87' lang='lat' dir='ltr'><strong>visitandi</strong></span> <span class='ocrx_word' id='word_1_199' title='bbox 1040 1977 1236 2015; x_wconf 85' lang='lat' dir='ltr'><strong>supradictam</strong></span> 
     </span>
     <span class='ocr_line' id='line_1_41' title="bbox 496 2023 1236 2067; baseline 0.005 -14"><span class='ocrx_word' id='word_1_200' title='bbox 496 2024 572 2063; x_wconf 90' lang='lat' dir='ltr'><strong>(nisi</strong></span> <span class='ocrx_word' id='word_1_201' title='bbox 594 2023 705 2063; x_wconf 90' lang='lat' dir='ltr'><strong>aliquid</strong></span> <span class='ocrx_word' id='word_1_202' title='bbox 728 2024 754 2053; x_wconf 91' lang='lat' dir='ltr'><strong>ei</strong></span> <span class='ocrx_word' id='word_1_203' title='bbox 783 2024 811 2053; x_wconf 92' lang='lat' dir='ltr'><strong>in</strong></span> <span class='ocrx_word' id='word_1_204' title='bbox 845 2025 1051 2055; x_wconf 86' lang='lat' dir='ltr'><strong>commissione</strong></span> <span class='ocrx_word' id='word_1_205' title='bbox 1074 2026 1236 2067; x_wconf 89' lang='lat' dir='ltr'><strong>limitetur)</strong></span> 
     </span>
     <span class='ocr_line' id='line_1_42' title="bbox 495 2073 1239 2106; baseline 0.004 -3"><span class='ocrx_word' id='word_1_206' title='bbox 495 2078 523 2103; x_wconf 89' lang='lat' dir='ltr'><strong>et</strong></span> <span class='ocrx_word' id='word_1_207' title='bbox 546 2073 770 2103; x_wconf 83' lang='lat' dir='ltr'><strong>instructionem</strong></span> <span class='ocrx_word' id='word_1_208' title='bbox 801 2073 887 2103; x_wconf 86' lang='lat' dir='ltr'><strong>etiam</strong></span> <span class='ocrx_word' id='word_1_209' title='bbox 917 2073 973 2103; x_wconf 91' lang='lat' dir='ltr'><strong>sibi</strong></span> <span class='ocrx_word' id='word_1_210' title='bbox 1002 2074 1098 2104; x_wconf 87' lang='lat' dir='ltr'><strong>datam</strong></span> <span class='ocrx_word' id='word_1_211' title='bbox 1122 2085 1136 2105; x_wconf 92' lang='lat' dir='ltr'><strong>a</strong></span> <span class='ocrx_word' id='word_1_212' title='bbox 1160 2075 1239 2106; x_wconf 87' lang='lat' dir='ltr'><strong>dele-</strong></span> 
     </span>
     <span class='ocr_line' id='line_1_43' title="bbox 495 2122 1235 2164; baseline 0.004 -12"><span class='ocrx_word' id='word_1_213' title='bbox 495 2127 596 2161; x_wconf 83' lang='lat' dir='ltr'><strong>gante,</strong></span> <span class='ocrx_word' id='word_1_214' title='bbox 621 2122 675 2152; x_wconf 89' lang='lat' dir='ltr'><strong>sub</strong></span> <span class='ocrx_word' id='word_1_215' title='bbox 698 2123 803 2162; x_wconf 67' lang='lat' dir='ltr'><strong>poena,</strong></span> <span class='ocrx_word' id='word_1_216' title='bbox 821 2122 904 2153; x_wconf 82' lang='lat' dir='ltr'><strong>iuxta</strong></span> <span class='ocrx_word' id='word_1_217' title='bbox 926 2123 1099 2162; x_wconf 81' lang='lat' dir='ltr'><strong>gravitatem</strong></span> <span class='ocrx_word' id='word_1_218' title='bbox 1121 2125 1235 2164; x_wconf 81' lang='lat' dir='ltr'><strong>culpae,</strong></span> 
     </span>
     <span class='ocr_line' id='line_1_44' title="bbox 496 2167 715 2209; baseline -0.005 -8"><span class='ocrx_word' id='word_1_219' title='bbox 496 2172 520 2201; x_wconf 89' lang='lat' dir='ltr'><strong>ei</strong></span> <span class='ocrx_word' id='word_1_220' title='bbox 544 2167 715 2209; x_wconf 66' lang='lat' dir='ltr'><strong>infligenda.</strong></span> 
     </span>
    </p>

    <p class='ocr_par' dir='ltr' id='par_1_7' title="bbox 494 2220 1239 2604">
     <span class='ocr_line' id='line_1_45' title="bbox 535 2220 1236 2262; baseline 0.004 -12"><span class='ocrx_word' id='word_1_221' title='bbox 535 2230 554 2250; x_wconf 93' lang='lat'><strong>1.</strong></span> <span class='ocrx_word' id='word_1_222' title='bbox 578 2221 681 2251; x_wconf 89' lang='lat' dir='ltr'><strong>Nullus</strong></span> <span class='ocrx_word' id='word_1_223' title='bbox 704 2221 740 2250; x_wconf 90' lang='lat' dir='ltr'><strong>sit</strong></span> <span class='ocrx_word' id='word_1_224' title='bbox 762 2220 900 2259; x_wconf 81' lang='lat' dir='ltr'><strong>eligibilis</strong></span> <span class='ocrx_word' id='word_1_225' title='bbox 922 2221 952 2251; x_wconf 93' lang='lat' dir='ltr'><strong>in</strong></span> <span class='ocrx_word' id='word_1_226' title='bbox 970 2221 1148 2261; x_wconf 88' lang='lat' dir='ltr'><strong>ministrum,</strong></span> <span class='ocrx_word' id='word_1_227' title='bbox 1166 2223 1236 2262; x_wconf 90' lang='lat' dir='ltr'><strong>quin</strong></span> 
     </span>
     <span class='ocr_line' id='line_1_46' title="bbox 495 2270 1237 2311; baseline 0.003 -11"><span class='ocrx_word' id='word_1_228' title='bbox 495 2270 657 2310; x_wconf 77' lang='lat' dir='ltr'><strong>expleverit</strong></span> <span class='ocrx_word' id='word_1_229' title='bbox 679 2270 780 2299; x_wconf 89' lang='lat' dir='ltr'><strong>decem</strong></span> <span class='ocrx_word' id='word_1_230' title='bbox 814 2274 841 2299; x_wconf 92' lang='lat' dir='ltr'><strong>et</strong></span> <span class='ocrx_word' id='word_1_231' title='bbox 875 2273 986 2310; x_wconf 88' lang='lat' dir='ltr'><strong>septem</strong></span> <span class='ocrx_word' id='word_1_232' title='bbox 1019 2280 1111 2301; x_wconf 86' lang='lat' dir='ltr'><strong>annos</strong></span> <span class='ocrx_word' id='word_1_233' title='bbox 1134 2280 1147 2301; x_wconf 88' lang='lat' dir='ltr'><strong>a</strong></span> <span class='ocrx_word' id='word_1_234' title='bbox 1172 2282 1237 2311; x_wconf 92' lang='lat' dir='ltr'><strong>pro-</strong></span> 
     </span>
     <span class='ocr_line' id='line_1_47' title="bbox 494 2319 1237 2359; baseline 0.001 -9"><span class='ocrx_word' id='word_1_235' title='bbox 494 2319 620 2350; x_wconf 82' lang='lat' dir='ltr'><strong>fessione</strong></span> <span class='ocrx_word' id='word_1_236' title='bbox 635 2342 643 2356; x_wconf 94' lang='lat'><strong>,</strong></span> <span class='ocrx_word' id='word_1_237' title='bbox 667 2323 695 2349; x_wconf 89' lang='lat' dir='ltr'><strong>et</strong></span> <span class='ocrx_word' id='word_1_238' title='bbox 716 2319 798 2358; x_wconf 88' lang='lat' dir='ltr'><strong>prius</strong></span> <span class='ocrx_word' id='word_1_239' title='bbox 820 2319 908 2349; x_wconf 83' lang='lat' dir='ltr'><strong>suerit</strong></span> <span class='ocrx_word' id='word_1_240' title='bbox 930 2329 982 2359; x_wconf 90' lang='lat' dir='ltr'><strong>per</strong></span> <span class='ocrx_word' id='word_1_241' title='bbox 1005 2320 1164 2351; x_wconf 84' lang='lat' dir='ltr'><strong>triennium</strong></span> <span class='ocrx_word' id='word_1_242' title='bbox 1197 2322 1237 2352; x_wconf 88' lang='lat' dir='ltr'><strong>le-</strong></span> 
     </span>
     <span class='ocr_line' id='line_1_48' title="bbox 495 2368 1237 2410; baseline 0.004 -12"><span class='ocrx_word' id='word_1_243' title='bbox 495 2372 558 2398; x_wconf 86' lang='lat' dir='ltr'><strong>ctor</strong></span> <span class='ocrx_word' id='word_1_244' title='bbox 592 2368 771 2407; x_wconf 76' lang='lat' dir='ltr'><strong>theologiae,</strong></span> <span class='ocrx_word' id='word_1_245' title='bbox 796 2368 841 2398; x_wconf 90' lang='lat' dir='ltr'><strong>vel</strong></span> <span class='ocrx_word' id='word_1_246' title='bbox 867 2369 1043 2399; x_wconf 81' lang='lat' dir='ltr'><strong>secretarius</strong></span> <span class='ocrx_word' id='word_1_247' title='bbox 1076 2370 1237 2410; x_wconf 88' lang='lat' dir='ltr'><strong>superioris</strong></span> 
     </span>
     <span class='ocr_line' id='line_1_49' title="bbox 495 2417 1237 2458; baseline 0.004 -11"><span class='ocrx_word' id='word_1_248' title='bbox 495 2418 654 2456; x_wconf 76' lang='lat' dir='ltr'><strong>generalis,</strong></span> <span class='ocrx_word' id='word_1_249' title='bbox 679 2417 722 2447; x_wconf 90' lang='lat' dir='ltr'><strong>vel</strong></span> <span class='ocrx_word' id='word_1_250' title='bbox 757 2417 946 2456; x_wconf 91' lang='lat' dir='ltr'><strong>provincialis</strong></span> <span class='ocrx_word' id='word_1_251' title='bbox 980 2421 1029 2448; x_wconf 90' lang='lat' dir='ltr'><strong>aut</strong></span> <span class='ocrx_word' id='word_1_252' title='bbox 1064 2424 1237 2458; x_wconf 86' lang='lat' dir='ltr'><strong>procurator</strong></span> 
     </span>
     <span class='ocr_line' id='line_1_50' title="bbox 495 2466 1236 2506; baseline 0.001 -9"><span class='ocrx_word' id='word_1_253' title='bbox 495 2466 641 2506; x_wconf 76' lang='lat' dir='ltr'><strong>generalis</strong></span> <span class='ocrx_word' id='word_1_254' title='bbox 670 2466 700 2496; x_wconf 90' lang='lat' dir='ltr'><strong>in</strong></span> <span class='ocrx_word' id='word_1_255' title='bbox 724 2466 856 2496; x_wconf 66' lang='lat' dir='ltr'><strong>Romana</strong></span> <span class='ocrx_word' id='word_1_256' title='bbox 879 2466 922 2496; x_wconf 92' lang='lat' dir='ltr'><strong>vel</strong></span> <span class='ocrx_word' id='word_1_257' title='bbox 944 2467 1036 2505; x_wconf 68' lang='lat' dir='ltr'><strong>Regia</strong></span> <span class='ocrx_word' id='word_1_258' title='bbox 1059 2468 1167 2506; x_wconf 65' lang='lat' dir='ltr'><strong>Curia,</strong></span> <span class='ocrx_word' id='word_1_259' title='bbox 1192 2469 1236 2498; x_wconf 90' lang='lat' dir='ltr'><strong>vel</strong></span> 
     </span>
     <span class='ocr_line' id='line_1_51' title="bbox 499 2515 1238 2556; baseline 0.003 -11"><span class='ocrx_word' id='word_1_260' title='bbox 499 2516 683 2555; x_wconf 88' lang='lat' dir='ltr'><strong>praedicatus</strong></span> <span class='ocrx_word' id='word_1_261' title='bbox 707 2515 794 2545; x_wconf 83' lang='lat' dir='ltr'><strong>suerit</strong></span> <span class='ocrx_word' id='word_1_262' title='bbox 816 2525 866 2545; x_wconf 85' lang='lat' dir='ltr'><strong>sex</strong></span> <span class='ocrx_word' id='word_1_263' title='bbox 888 2516 1020 2554; x_wconf 77' lang='lat' dir='ltr'><strong>integras</strong></span> <span class='ocrx_word' id='word_1_264' title='bbox 1050 2517 1238 2556; x_wconf 82' lang='lat' dir='ltr'><strong>quadragesi-</strong></span> 
     </span>
     <span class='ocr_line' id='line_1_52' title="bbox 496 2564 1239 2604; baseline 0.005 -11"><span class='ocrx_word' id='word_1_265' title='bbox 496 2574 579 2603; x_wconf 88' lang='lat' dir='ltr'><strong>mas,</strong></span> <span class='ocrx_word' id='word_1_266' title='bbox 603 2565 643 2594; x_wconf 92' lang='lat' dir='ltr'><strong>ita</strong></span> <span class='ocrx_word' id='word_1_267' title='bbox 667 2568 698 2594; x_wconf 88' lang='lat' dir='ltr'><strong>ut</strong></span> <span class='ocrx_word' id='word_1_268' title='bbox 719 2564 749 2594; x_wconf 92' lang='lat' dir='ltr'><strong>in</strong></span> <span class='ocrx_word' id='word_1_269' title='bbox 772 2564 901 2604; x_wconf 89' lang='lat' dir='ltr'><strong>qualibet</strong></span> <span class='ocrx_word' id='word_1_270' title='bbox 934 2564 1116 2596; x_wconf 64' lang='lat' dir='ltr'><strong>hebdomada</strong></span> <span class='ocrx_word' id='word_1_271' title='bbox 1139 2566 1239 2597; x_wconf 90' lang='lat' dir='ltr'><strong>unius-</strong></span> 
     </span>
    </p>

    <p class='ocr_par' dir='ltr' id='par_1_8' title="bbox 535 2623 1047 2659">
     <span class='ocr_line' id='line_1_53' title="bbox 535 2623 1047 2659; baseline 0.004 -10"><span class='ocrx_word' id='word_1_272' title='bbox 535 2624 543 2649; x_wconf 90' lang='grc'><strong>1</strong></span> <span class='ocrx_word' id='word_1_273' title='bbox 567 2623 661 2657; x_wconf 79' lang='lat' dir='ltr'><strong>Aptius</strong></span> <span class='ocrx_word' id='word_1_274' title='bbox 682 2623 740 2658; x_wconf 85' lang='lat' dir='ltr'><strong>lege</strong></span> <span class='ocrx_word' id='word_1_275' title='bbox 761 2623 924 2651; x_wconf 76' lang='lat' dir='ltr'><strong>visitandae</strong></span> <span class='ocrx_word' id='word_1_276' title='bbox 941 2625 981 2658; x_wconf 86' lang='lat' dir='ltr'><strong>(R.</strong></span> <span class='ocrx_word' id='word_1_277' title='bbox 998 2624 1047 2659; x_wconf 83' lang='lat' dir='ltr'>T.).</span> 
     </span>
    </p>

    <p class='ocr_par' dir='ltr' id='par_1_9' title="bbox 531 2667 1093 2706">
     <span class='ocr_line' id='line_1_54' title="bbox 531 2667 1093 2706; baseline 0.009 -12"><span class='ocrx_word' id='word_1_278' title='bbox 531 2668 547 2694; x_wconf 70' lang='lat'><strong>2</strong></span> <span class='ocrx_word' id='word_1_279' title='bbox 564 2667 635 2695; x_wconf 83' lang='lat' dir='ltr'><strong>Edit.</strong></span> <span class='ocrx_word' id='word_1_280' title='bbox 657 2667 736 2696; x_wconf 84' lang='lat' dir='ltr'><strong>Main.</strong></span> <span class='ocrx_word' id='word_1_281' title='bbox 758 2668 823 2703; x_wconf 80' lang='lat' dir='ltr'><strong>legit</strong></span> <span class='ocrx_word' id='word_1_282' title='bbox 842 2668 969 2704; x_wconf 74' lang='lat' dir='ltr'><strong>qualibet</strong></span> <span class='ocrx_word' id='word_1_283' title='bbox 989 2668 1026 2706; x_wconf 77' lang='lat' dir='ltr'><strong>(R.</strong></span> <span class='ocrx_word' id='word_1_284' title='bbox 1044 2671 1093 2704; x_wconf 66' lang='lat' dir='ltr'><strong>T.)v</strong></span> 
     </span>
    </p>
   </div>
   <div class='ocr_carea' id='block_1_4' title="bbox 1089 269 1447 295">
    <p class='ocr_par' dir='ltr' id='par_1_10' title="bbox 1089 269 1447 295">
     <span class='ocr_line' id='line_1_55' title="bbox 1089 269 1447 295; baseline 0 -1"><span class='ocrx_word' id='word_1_285' title='bbox 1089 269 1270 294; x_wconf 67' lang='lat' dir='ltr'>BULLARIUM</span> <span class='ocrx_word' id='word_1_286' title='bbox 1295 269 1447 295; x_wconf 68' lang='lat' dir='ltr'>ROMANUM</span> 
     </span>
    </p>
   </div>
   <div class='ocr_carea' id='block_1_5' title="bbox 1279 318 2025 2596">
    <p class='ocr_par' dir='ltr' id='par_1_11' title="bbox 1283 318 2023 649">
     <span class='ocr_line' id='line_1_56' title="bbox 1283 318 2021 357; baseline 0.003 -9"><span class='ocrx_word' id='word_1_287' title='bbox 1283 318 1426 357; x_wconf 88' lang='lat' dir='ltr'><strong>cuiusque</strong></span> <span class='ocrx_word' id='word_1_288' title='bbox 1450 322 1509 348; x_wconf 88' lang='lat' dir='ltr'><strong>tres</strong></span> <span class='ocrx_word' id='word_1_289' title='bbox 1530 319 1665 350; x_wconf 82' lang='lat' dir='ltr'><strong>habuerit</strong></span> <span class='ocrx_word' id='word_1_290' title='bbox 1688 320 1853 357; x_wconf 83' lang='lat' dir='ltr'><strong>conciones,</strong></span> <span class='ocrx_word' id='word_1_291' title='bbox 1877 323 1916 356; x_wconf 87' lang='lat' dir='ltr'><strong>et,</strong></span> <span class='ocrx_word' id='word_1_292' title='bbox 1938 320 2021 350; x_wconf 89' lang='lat' dir='ltr'><strong>titulo</strong></span> 
     </span>
     <span class='ocr_line' id='line_1_57' title="bbox 1284 367 2022 407; baseline 0.005 -12"><span class='ocrx_word' id='word_1_293' title='bbox 1284 367 1530 406; x_wconf 82' lang='lat' dir='ltr'><strong>praedicationiS,</strong></span> <span class='ocrx_word' id='word_1_294' title='bbox 1556 377 1609 398; x_wconf 90' lang='lat' dir='ltr'><strong>nec</strong></span> <span class='ocrx_word' id='word_1_295' title='bbox 1643 378 1745 398; x_wconf 88' lang='lat' dir='ltr'><strong>carnes</strong></span> <span class='ocrx_word' id='word_1_296' title='bbox 1768 369 1945 407; x_wconf 84' lang='lat' dir='ltr'><strong>comederit,</strong></span> <span class='ocrx_word' id='word_1_297' title='bbox 1969 378 2022 399; x_wconf 88' lang='grc'><strong>1100</strong></span> 
     </span>
     <span class='ocr_line' id='line_1_58' title="bbox 1283 416 2023 456; baseline 0.003 -11"><span class='ocrx_word' id='word_1_298' title='bbox 1283 416 1369 445; x_wconf 83' lang='grc'><strong>1111015</strong></span> <span class='ocrx_word' id='word_1_299' title='bbox 1392 425 1461 446; x_wconf 83' lang='grc'><strong>115115</strong></span> <span class='ocrx_word' id='word_1_300' title='bbox 1484 417 1583 454; x_wconf 83' lang='lat' dir='ltr'><strong>suerit,</strong></span> <span class='ocrx_word' id='word_1_301' title='bbox 1605 418 1648 447; x_wconf 85' lang='lat' dir='ltr'><strong>vel</strong></span> <span class='ocrx_word' id='word_1_302' title='bbox 1672 427 1722 456; x_wconf 88' lang='lat' dir='ltr'><strong>per</strong></span> <span class='ocrx_word' id='word_1_303' title='bbox 1745 418 1919 447; x_wconf 78' lang='lat' dir='ltr'><strong>sexennium</strong></span> <span class='ocrx_word' id='word_1_304' title='bbox 1936 418 2023 448; x_wconf 82' lang='lat' dir='ltr'><strong>suerit</strong></span> 
     </span>
     <span class='ocr_line' id='line_1_59' title="bbox 1285 465 2021 505; baseline 0.005 -13"><span class='ocrx_word' id='word_1_305' title='bbox 1285 468 1456 503; x_wconf 88' lang='lat' dir='ltr'><strong>procurator</strong></span> <span class='ocrx_word' id='word_1_306' title='bbox 1479 465 1645 504; x_wconf 88' lang='lat' dir='ltr'><strong>provinciae</strong></span> <span class='ocrx_word' id='word_1_307' title='bbox 1668 466 1711 496; x_wconf 88' lang='lat' dir='ltr'><strong>vel</strong></span> <span class='ocrx_word' id='word_1_308' title='bbox 1734 466 1954 505; x_wconf 82' lang='lat' dir='ltr'><strong>redemptionis,</strong></span> <span class='ocrx_word' id='word_1_309' title='bbox 1977 466 2021 496; x_wconf 90' lang='lat' dir='ltr'><strong>vel</strong></span> 
     </span>
     <span class='ocr_line' id='line_1_60' title="bbox 1283 513 2022 545; baseline 0.004 -3"><span class='ocrx_word' id='word_1_310' title='bbox 1283 513 1370 543; x_wconf 87' lang='lat' dir='ltr'><strong>suerit</strong></span> <span class='ocrx_word' id='word_1_311' title='bbox 1393 514 1519 543; x_wconf 86' lang='lat' dir='ltr'><strong>vicarius</strong></span> <span class='ocrx_word' id='word_1_312' title='bbox 1541 514 1663 544; x_wconf 85' lang='lat' dir='ltr'><strong>duorum</strong></span> <span class='ocrx_word' id='word_1_313' title='bbox 1686 519 1882 545; x_wconf 85' lang='lat' dir='ltr'><strong>conventuum</strong></span> <span class='ocrx_word' id='word_1_314' title='bbox 1900 515 1944 545; x_wconf 86' lang='lat' dir='ltr'><strong>vel</strong></span> <span class='ocrx_word' id='word_1_315' title='bbox 1964 515 2022 545; x_wconf 92' lang='lat' dir='ltr'><strong>col-</strong></span> 
     </span>
     <span class='ocr_line' id='line_1_61' title="bbox 1283 562 2022 602; baseline 0.004 -11"><span class='ocrx_word' id='word_1_316' title='bbox 1283 562 1436 600; x_wconf 80' lang='lat' dir='ltr'><strong>legiorum,</strong></span> <span class='ocrx_word' id='word_1_317' title='bbox 1461 563 1503 593; x_wconf 88' lang='lat' dir='ltr'><strong>vel</strong></span> <span class='ocrx_word' id='word_1_318' title='bbox 1529 564 1666 602; x_wconf 73' lang='lat' dir='ltr'><strong>magister</strong></span> <span class='ocrx_word' id='word_1_319' title='bbox 1688 564 1881 602; x_wconf 86' lang='lat' dir='ltr'><strong>novitiorum,</strong></span> <span class='ocrx_word' id='word_1_320' title='bbox 1905 568 1953 594; x_wconf 87' lang='lat' dir='ltr'><strong>aut</strong></span> <span class='ocrx_word' id='word_1_321' title='bbox 1975 573 2022 594; x_wconf 89' lang='lat' dir='ltr'><strong>su-</strong></span> 
     </span>
     <span class='ocr_line' id='line_1_62' title="bbox 1284 611 1800 649; baseline 0.002 -9"><span class='ocrx_word' id='word_1_322' title='bbox 1284 611 1408 649; x_wconf 86' lang='lat' dir='ltr'><strong>perioris</strong></span> <span class='ocrx_word' id='word_1_323' title='bbox 1432 612 1577 649; x_wconf 82' lang='lat' dir='ltr'><strong>generalis</strong></span> <span class='ocrx_word' id='word_1_324' title='bbox 1600 612 1800 641; x_wconf 76' lang='lat' dir='ltr'><strong>amanuensis.</strong></span> 
     </span>
    </p>

    <p class='ocr_par' dir='ltr' id='par_1_12' title="bbox 1283 659 2023 1282">
     <span class='ocr_line' id='line_1_63' title="bbox 1322 659 2021 699; baseline 0.003 -11"><span class='ocrx_word' id='word_1_325' title='bbox 1322 668 1352 688; x_wconf 88' lang='lat'><strong>11.</strong></span> <span class='ocrx_word' id='word_1_326' title='bbox 1377 659 1430 694; x_wconf 82' lang='lat' dir='ltr'><strong>Qui</strong></span> <span class='ocrx_word' id='word_1_327' title='bbox 1455 663 1550 689; x_wconf 85' lang='lat' dir='ltr'><strong>tamen</strong></span> <span class='ocrx_word' id='word_1_328' title='bbox 1575 660 1703 699; x_wconf 85' lang='lat' dir='ltr'><strong>aliquam</strong></span> <span class='ocrx_word' id='word_1_329' title='bbox 1727 660 1948 698; x_wconf 76' lang='lat' dir='ltr'><strong>graduationem</strong></span> <span class='ocrx_word' id='word_1_330' title='bbox 1971 660 2021 690; x_wconf 91' lang='lat' dir='ltr'><strong>ha-</strong></span> 
     </span>
     <span class='ocr_line' id='line_1_64' title="bbox 1283 706 2022 742; baseline 0.003 -6"><span class='ocrx_word' id='word_1_331' title='bbox 1283 706 1420 742; x_wconf 83' lang='lat' dir='ltr'><strong>buerint,</strong></span> <span class='ocrx_word' id='word_1_332' title='bbox 1446 708 1563 737; x_wconf 88' lang='lat' dir='ltr'><strong>nonnisi</strong></span> <span class='ocrx_word' id='word_1_333' title='bbox 1587 709 1677 738; x_wconf 89' lang='lat' dir='ltr'><strong>nimio</strong></span> <span class='ocrx_word' id='word_1_334' title='bbox 1700 709 1795 739; x_wconf 83' lang='lat' dir='ltr'><strong>adhuc</strong></span> <span class='ocrx_word' id='word_1_335' title='bbox 1819 709 1932 738; x_wconf 90' lang='lat' dir='ltr'><strong>delectu</strong></span> <span class='ocrx_word' id='word_1_336' title='bbox 1955 708 2022 738; x_wconf 90' lang='lat' dir='ltr'><strong>seli-</strong></span> 
     </span>
     <span class='ocr_line' id='line_1_65' title="bbox 1283 756 2022 797; baseline 0.005 -13"><span class='ocrx_word' id='word_1_337' title='bbox 1283 756 1369 793; x_wconf 83' lang='lat' dir='ltr'><strong>gendi</strong></span> <span class='ocrx_word' id='word_1_338' title='bbox 1405 760 1473 785; x_wconf 90' lang='lat' dir='ltr'><strong>sunt</strong></span> <span class='ocrx_word' id='word_1_339' title='bbox 1506 757 1583 786; x_wconf 88' lang='lat' dir='ltr'><strong>inter</strong></span> <span class='ocrx_word' id='word_1_340' title='bbox 1606 766 1722 794; x_wconf 81' lang='lat' dir='ltr'><strong>omnes3</strong></span> <span class='ocrx_word' id='word_1_341' title='bbox 1747 758 1854 797; x_wconf 87' lang='lat' dir='ltr'><strong>quippe</strong></span> <span class='ocrx_word' id='word_1_342' title='bbox 1890 757 2022 788; x_wconf 87' lang='lat' dir='ltr'><strong>strictius</strong></span> 
     </span>
     <span class='ocr_line' id='line_1_66' title="bbox 1284 805 2021 844; baseline 0.004 -11"><span class='ocrx_word' id='word_1_343' title='bbox 1284 814 1370 843; x_wconf 88' lang='lat' dir='ltr'><strong>quam</strong></span> <span class='ocrx_word' id='word_1_344' title='bbox 1395 805 1552 844; x_wconf 85' lang='lat' dir='ltr'><strong>praelatis¹</strong></span> <span class='ocrx_word' id='word_1_345' title='bbox 1569 806 1634 835; x_wconf 90' lang='lat' dir='ltr'><strong>aliis</strong></span> <span class='ocrx_word' id='word_1_346' title='bbox 1658 806 1791 836; x_wconf 89' lang='lat' dir='ltr'><strong>ministro</strong></span> <span class='ocrx_word' id='word_1_347' title='bbox 1809 806 1964 836; x_wconf 86' lang='lat' dir='ltr'><strong>commissa</strong></span> <span class='ocrx_word' id='word_1_348' title='bbox 1979 809 2021 836; x_wconf 84' lang='lat' dir='ltr'><strong>est</strong></span> 
     </span>
     <span class='ocr_line' id='line_1_67' title="bbox 1283 853 2022 894; baseline 0.003 -12"><span class='ocrx_word' id='word_1_349' title='bbox 1283 853 1467 884; x_wconf 85' lang='lat' dir='ltr'><strong>observantia</strong></span> <span class='ocrx_word' id='word_1_350' title='bbox 1491 859 1520 884; x_wconf 91' lang='lat' dir='ltr'><strong>et</strong></span> <span class='ocrx_word' id='word_1_351' title='bbox 1542 855 1685 893; x_wconf 79' lang='lat' dir='ltr'><strong>regularis</strong></span> <span class='ocrx_word' id='word_1_352' title='bbox 1707 855 1873 894; x_wconf 84' lang='lat' dir='ltr'><strong>disciplina,</strong></span> <span class='ocrx_word' id='word_1_353' title='bbox 1896 864 1980 894; x_wconf 88' lang='lat' dir='ltr'><strong>quae,</strong></span> <span class='ocrx_word' id='word_1_354' title='bbox 1998 854 2022 884; x_wconf 91' lang='lat' dir='ltr'><strong>si</strong></span> 
     </span>
     <span class='ocr_line' id='line_1_68' title="bbox 1284 902 2022 941; baseline 0.001 -10"><span class='ocrx_word' id='word_1_355' title='bbox 1284 903 1430 941; x_wconf 86' lang='lat' dir='ltr'><strong>praelatus</strong></span> <span class='ocrx_word' id='word_1_356' title='bbox 1465 903 1652 933; x_wconf 85' lang='lat' dir='ltr'><strong>immediatus</strong></span> <span class='ocrx_word' id='word_1_357' title='bbox 1688 913 1745 933; x_wconf 87' lang='lat' dir='ltr'><strong>non</strong></span> <span class='ocrx_word' id='word_1_358' title='bbox 1784 903 1872 933; x_wconf 87' lang='lat' dir='ltr'><strong>suerit</strong></span> <span class='ocrx_word' id='word_1_359' title='bbox 1915 902 2022 933; x_wconf 85' lang='lat' dir='ltr'><strong>eximio</strong></span> 
     </span>
     <span class='ocr_line' id='line_1_69' title="bbox 1283 951 2023 990; baseline 0.001 -11"><span class='ocrx_word' id='word_1_360' title='bbox 1283 951 1343 980; x_wconf 81' lang='lat' dir='ltr'><strong>zelo</strong></span> <span class='ocrx_word' id='word_1_361' title='bbox 1367 951 1533 990; x_wconf 87' lang='lat' dir='ltr'><strong>praeditus,</strong></span> <span class='ocrx_word' id='word_1_362' title='bbox 1558 956 1586 981; x_wconf 87' lang='lat' dir='ltr'><strong>et</strong></span> <span class='ocrx_word' id='word_1_363' title='bbox 1618 951 1774 990; x_wconf 67' lang='lat' dir='ltr'><strong>prudentia</strong></span> <span class='ocrx_word' id='word_1_364' title='bbox 1806 952 1921 981; x_wconf 62' lang='grc'><strong>5111111110</strong></span> <span class='ocrx_word' id='word_1_365' title='bbox 1942 951 2023 981; x_wconf 84' lang='lat' dir='ltr'><strong>dota-</strong></span> 
     </span>
     <span class='ocr_line' id='line_1_70' title="bbox 1285 999 2021 1037; baseline 0.003 -9"><span class='ocrx_word' id='word_1_366' title='bbox 1285 1003 1341 1037; x_wconf 87' lang='lat' dir='ltr'><strong>tus,</strong></span> <span class='ocrx_word' id='word_1_367' title='bbox 1367 999 1531 1029; x_wconf 78' lang='lat' dir='ltr'><strong>necessario</strong></span> <span class='ocrx_word' id='word_1_368' title='bbox 1553 1004 1618 1029; x_wconf 88' lang='lat' dir='ltr'><strong>ruet</strong></span> <span class='ocrx_word' id='word_1_369' title='bbox 1643 1001 1672 1029; x_wconf 93' lang='lat' dir='ltr'><strong>in</strong></span> <span class='ocrx_word' id='word_1_370' title='bbox 1696 999 1902 1037; x_wconf 84' lang='lat' dir='ltr'><strong>conventibus,</strong></span> <span class='ocrx_word' id='word_1_371' title='bbox 1933 999 2021 1030; x_wconf 88' lang='lat' dir='ltr'><strong>immo</strong></span> 
     </span>
     <span class='ocr_line' id='line_1_71' title="bbox 1284 1048 2023 1088; baseline 0.003 -11"><span class='ocrx_word' id='word_1_372' title='bbox 1284 1052 1311 1078; x_wconf 88' lang='lat' dir='ltr'><strong>et</strong></span> <span class='ocrx_word' id='word_1_373' title='bbox 1333 1048 1362 1077; x_wconf 91' lang='lat' dir='ltr'><strong>in</strong></span> <span class='ocrx_word' id='word_1_374' title='bbox 1387 1050 1445 1077; x_wconf 63' lang='lat' dir='ltr'><strong>tota</strong></span> <span class='ocrx_word' id='word_1_375' title='bbox 1469 1049 1623 1088; x_wconf 65' lang='lat' dir='ltr'><strong>provincia</strong></span> <span class='ocrx_word' id='word_1_376' title='bbox 1645 1050 1715 1086; x_wconf 67' lang='lat' dir='ltr'><strong>sua3</strong></span> <span class='ocrx_word' id='word_1_377' title='bbox 1747 1049 1814 1088; x_wconf 89' lang='lat' dir='ltr'><strong>qnia</strong></span> <span class='ocrx_word' id='word_1_378' title='bbox 1839 1058 1890 1088; x_wconf 90' lang='lat' dir='ltr'><strong>per</strong></span> <span class='ocrx_word' id='word_1_379' title='bbox 1912 1049 2023 1088; x_wconf 83' lang='lat' dir='ltr'><strong>praeci-</strong></span> 
     </span>
     <span class='ocr_line' id='line_1_72' title="bbox 1283 1097 2022 1128; baseline 0.001 -3"><span class='ocrx_word' id='word_1_380' title='bbox 1283 1106 1345 1126; x_wconf 84' lang='lat' dir='ltr'><strong>sam</strong></span> <span class='ocrx_word' id='word_1_381' title='bbox 1368 1097 1561 1127; x_wconf 87' lang='lat' dir='ltr'><strong>mutationem</strong></span> <span class='ocrx_word' id='word_1_382' title='bbox 1597 1098 1832 1128; x_wconf 87' lang='lat' dir='ltr'><strong>conventualium</strong></span> <span class='ocrx_word' id='word_1_383' title='bbox 1856 1098 1890 1127; x_wconf 90' lang='lat' dir='ltr'><strong>de</strong></span> <span class='ocrx_word' id='word_1_384' title='bbox 1912 1107 1970 1128; x_wconf 91' lang='lat' dir='ltr'><strong>uno</strong></span> <span class='ocrx_word' id='word_1_385' title='bbox 1991 1097 2022 1127; x_wconf 89' lang='lat' dir='ltr'><strong>in</strong></span> 
     </span>
     <span class='ocr_line' id='line_1_73' title="bbox 1283 1145 2023 1185; baseline 0.001 -10"><span class='ocrx_word' id='word_1_386' title='bbox 1283 1145 1371 1175; x_wconf 89' lang='lat' dir='ltr'><strong>alium</strong></span> <span class='ocrx_word' id='word_1_387' title='bbox 1407 1151 1598 1185; x_wconf 83' lang='lat' dir='ltr'><strong>conventum,</strong></span> <span class='ocrx_word' id='word_1_388' title='bbox 1623 1147 1653 1176; x_wconf 92' lang='lat' dir='ltr'><strong>in</strong></span> <span class='ocrx_word' id='word_1_389' title='bbox 1682 1147 1744 1177; x_wconf 90' lang='lat' dir='ltr'><strong>dies</strong></span> <span class='ocrx_word' id='word_1_390' title='bbox 1766 1146 1957 1185; x_wconf 81' lang='lat' dir='ltr'><strong>grassabitur,</strong></span> <span class='ocrx_word' id='word_1_391' title='bbox 1991 1151 2023 1177; x_wconf 88' lang='lat' dir='ltr'><strong>ut</strong></span> 
     </span>
     <span class='ocr_line' id='line_1_74' title="bbox 1284 1194 2022 1234; baseline 0.001 -10"><span class='ocrx_word' id='word_1_392' title='bbox 1284 1195 1395 1234; x_wconf 85' lang='lat' dir='ltr'><strong>pestis,</strong></span> <span class='ocrx_word' id='word_1_393' title='bbox 1419 1194 1457 1224; x_wconf 83' lang='lat' dir='ltr'><strong>ita</strong></span> <span class='ocrx_word' id='word_1_394' title='bbox 1491 1199 1522 1224; x_wconf 92' lang='grc'><strong>111</strong></span> <span class='ocrx_word' id='word_1_395' title='bbox 1551 1195 1581 1225; x_wconf 89' lang='grc'><strong>111</strong></span> <span class='ocrx_word' id='word_1_396' title='bbox 1613 1195 1694 1225; x_wconf 85' lang='lat' dir='ltr'><strong>brevi</strong></span> <span class='ocrx_word' id='word_1_397' title='bbox 1727 1196 1823 1225; x_wconf 86' lang='lat' dir='ltr'><strong>veniat</strong></span> <span class='ocrx_word' id='word_1_398' title='bbox 1857 1199 1915 1226; x_wconf 87' lang='lat' dir='ltr'><strong>tota</strong></span> <span class='ocrx_word' id='word_1_399' title='bbox 1948 1195 2022 1225; x_wconf 84' lang='lat' dir='ltr'><strong>rela-</strong></span> 
     </span>
     <span class='ocr_line' id='line_1_75' title="bbox 1283 1243 1563 1282; baseline 0.007 -11"><span class='ocrx_word' id='word_1_400' title='bbox 1283 1243 1376 1272; x_wconf 83' lang='lat' dir='ltr'><strong>xanda</strong></span> <span class='ocrx_word' id='word_1_401' title='bbox 1401 1243 1563 1282; x_wconf 88' lang='lat' dir='ltr'><strong>provincia.</strong></span> 
     </span>
    </p>

    <p class='ocr_par' dir='ltr' id='par_1_13' title="bbox 1280 1291 2025 2211">
     <span class='ocr_line' id='line_1_76' title="bbox 1322 1291 2023 1332; baseline 0.003 -11"><span class='ocrx_word' id='word_1_402' title='bbox 1322 1300 1362 1321; x_wconf 91' lang='grc'><strong>111.</strong></span> <span class='ocrx_word' id='word_1_403' title='bbox 1387 1291 1512 1331; x_wconf 86' lang='lat' dir='ltr'><strong>Ideoque</strong></span> <span class='ocrx_word' id='word_1_404' title='bbox 1545 1301 1697 1322; x_wconf 88' lang='lat' dir='ltr'><strong>monemus</strong></span> <span class='ocrx_word' id='word_1_405' title='bbox 1719 1293 1879 1332; x_wconf 84' lang='lat' dir='ltr'><strong>electores,</strong></span> <span class='ocrx_word' id='word_1_406' title='bbox 1903 1296 1935 1323; x_wconf 91' lang='lat' dir='ltr'><strong>ut</strong></span> <span class='ocrx_word' id='word_1_407' title='bbox 1956 1297 2023 1324; x_wconf 82' lang='lat' dir='ltr'><strong>ante</strong></span> 
     </span>
     <span class='ocr_line' id='line_1_77' title="bbox 1283 1341 2020 1382; baseline 0.003 -12"><span class='ocrx_word' id='word_1_408' title='bbox 1283 1341 1381 1370; x_wconf 91' lang='lat' dir='ltr'><strong>oculos</strong></span> <span class='ocrx_word' id='word_1_409' title='bbox 1401 1341 1537 1380; x_wconf 87' lang='lat' dir='ltr'><strong>habeant,</strong></span> <span class='ocrx_word' id='word_1_410' title='bbox 1558 1346 1704 1381; x_wconf 85' lang='lat' dir='ltr'><strong>tamquam</strong></span> <span class='ocrx_word' id='word_1_411' title='bbox 1721 1342 1873 1372; x_wconf 86' lang='lat' dir='ltr'><strong>electionis</strong></span> <span class='ocrx_word' id='word_1_412' title='bbox 1889 1351 2020 1382; x_wconf 83' lang='lat' dir='ltr'><strong>scopum,</strong></span> 
     </span>
     <span class='ocr_line' id='line_1_78' title="bbox 1282 1390 2021 1430; baseline 0.003 -11"><span class='ocrx_word' id='word_1_413' title='bbox 1282 1390 1364 1420; x_wconf 85' lang='lat' dir='ltr'><strong>dotes</strong></span> <span class='ocrx_word' id='word_1_414' title='bbox 1388 1390 1555 1429; x_wconf 81' lang='lat' dir='ltr'><strong>personales</strong></span> <span class='ocrx_word' id='word_1_415' title='bbox 1583 1400 1702 1429; x_wconf 89' lang='lat' dir='ltr'><strong>eorum,</strong></span> <span class='ocrx_word' id='word_1_416' title='bbox 1728 1400 1800 1430; x_wconf 83' lang='lat' dir='ltr'><strong>quos</strong></span> <span class='ocrx_word' id='word_1_417' title='bbox 1828 1391 1970 1430; x_wconf 83' lang='lat' dir='ltr'><strong>elegerint</strong></span> <span class='ocrx_word' id='word_1_418' title='bbox 1991 1393 2021 1421; x_wconf 87' lang='lat' dir='ltr'><strong>in</strong></span> 
     </span>
     <span class='ocr_line' id='line_1_79' title="bbox 1283 1439 2022 1480; baseline 0.004 -12"><span class='ocrx_word' id='word_1_419' title='bbox 1283 1439 1444 1478; x_wconf 80' lang='lat' dir='ltr'><strong>ministros,</strong></span> <span class='ocrx_word' id='word_1_420' title='bbox 1469 1440 1544 1479; x_wconf 90' lang='lat' dir='ltr'><strong>quod</strong></span> <span class='ocrx_word' id='word_1_421' title='bbox 1567 1449 1625 1470; x_wconf 91' lang='lat' dir='ltr'><strong>non</strong></span> <span class='ocrx_word' id='word_1_422' title='bbox 1648 1440 1793 1471; x_wconf 88' lang='lat' dir='ltr'><strong>ducantur</strong></span> <span class='ocrx_word' id='word_1_423' title='bbox 1816 1440 1876 1471; x_wconf 70' lang='lat' dir='ltr'><strong>sola</strong></span> <span class='ocrx_word' id='word_1_424' title='bbox 1898 1441 2022 1480; x_wconf 81' lang='lat' dir='ltr'><strong>gradua-</strong></span> 
     </span>
     <span class='ocr_line' id='line_1_80' title="bbox 1282 1488 2023 1528; baseline 0.004 -11"><span class='ocrx_word' id='word_1_425' title='bbox 1282 1488 1370 1517; x_wconf 90' lang='lat' dir='ltr'><strong>tionis</strong></span> <span class='ocrx_word' id='word_1_426' title='bbox 1392 1488 1503 1527; x_wconf 79' lang='lat' dir='ltr'><strong>specie3</strong></span> <span class='ocrx_word' id='word_1_427' title='bbox 1528 1489 1594 1528; x_wconf 89' lang='lat' dir='ltr'><strong>quia</strong></span> <span class='ocrx_word' id='word_1_428' title='bbox 1617 1490 1728 1520; x_wconf 77' lang='lat' dir='ltr'><strong>mnlta²</strong></span> <span class='ocrx_word' id='word_1_429' title='bbox 1751 1494 1818 1520; x_wconf 89' lang='lat' dir='ltr'><strong>sunt</strong></span> <span class='ocrx_word' id='word_1_430' title='bbox 1840 1490 1963 1528; x_wconf 62' lang='lat' dir='ltr'><strong>lectura,</strong></span> <span class='ocrx_word' id='word_1_431' title='bbox 1981 1490 2023 1520; x_wconf 81' lang='lat' dir='ltr'><strong>of-</strong></span> 
     </span>
     <span class='ocr_line' id='line_1_81' title="bbox 1283 1536 2021 1578; baseline 0.003 -12"><span class='ocrx_word' id='word_1_432' title='bbox 1283 1536 1347 1566; x_wconf 87' lang='lat' dir='ltr'><strong>ficio</strong></span> <span class='ocrx_word' id='word_1_433' title='bbox 1380 1537 1512 1575; x_wconf 79' lang='lat' dir='ltr'><strong>magistri</strong></span> <span class='ocrx_word' id='word_1_434' title='bbox 1545 1542 1593 1567; x_wconf 91' lang='lat' dir='ltr'><strong>aut</strong></span> <span class='ocrx_word' id='word_1_435' title='bbox 1616 1538 1825 1577; x_wconf 85' lang='lat' dir='ltr'><strong>praedicatoris</strong></span> <span class='ocrx_word' id='word_1_436' title='bbox 1857 1538 2021 1578; x_wconf 89' lang='lat' dir='ltr'><strong>approbati,</strong></span> 
     </span>
     <span class='ocr_line' id='line_1_82' title="bbox 1283 1586 2023 1627; baseline 0.005 -13"><span class='ocrx_word' id='word_1_437' title='bbox 1283 1589 1311 1614; x_wconf 89' lang='lat' dir='ltr'><strong>et</strong></span> <span class='ocrx_word' id='word_1_438' title='bbox 1343 1586 1372 1615; x_wconf 90' lang='lat' dir='ltr'><strong>in</strong></span> <span class='ocrx_word' id='word_1_439' title='bbox 1396 1586 1532 1617; x_wconf 90' lang='lat' dir='ltr'><strong>ministro</strong></span> <span class='ocrx_word' id='word_1_440' title='bbox 1556 1586 1713 1625; x_wconf 83' lang='lat' dir='ltr'><strong>deficiunt,</strong></span> <span class='ocrx_word' id='word_1_441' title='bbox 1740 1587 1805 1627; x_wconf 88' lang='lat' dir='ltr'><strong>quia</strong></span> <span class='ocrx_word' id='word_1_442' title='bbox 1829 1597 1887 1617; x_wconf 92' lang='lat' dir='ltr'><strong>non</strong></span> <span class='ocrx_word' id='word_1_443' title='bbox 1922 1597 2023 1618; x_wconf 89' lang='lat' dir='ltr'><strong>omnes</strong></span> 
     </span>
     <span class='ocr_line' id='line_1_83' title="bbox 1282 1635 2023 1673; baseline 0.004 -10"><span class='ocrx_word' id='word_1_444' title='bbox 1282 1639 1350 1665; x_wconf 87' lang='lat' dir='ltr'><strong>sunt</strong></span> <span class='ocrx_word' id='word_1_445' title='bbox 1373 1635 1408 1665; x_wconf 86' lang='lat' dir='ltr'><strong>ad</strong></span> <span class='ocrx_word' id='word_1_446' title='bbox 1430 1636 1527 1665; x_wconf 85' lang='lat' dir='ltr'><strong>onmia</strong></span> <span class='ocrx_word' id='word_1_447' title='bbox 1550 1636 1628 1673; x_wconf 82' lang='lat' dir='ltr'><strong>nati,</strong></span> <span class='ocrx_word' id='word_1_448' title='bbox 1652 1641 1680 1666; x_wconf 89' lang='lat' dir='ltr'><strong>et</strong></span> <span class='ocrx_word' id='word_1_449' title='bbox 1702 1636 1731 1666; x_wconf 91' lang='lat' dir='ltr'><strong>in</strong></span> <span class='ocrx_word' id='word_1_450' title='bbox 1765 1636 1931 1666; x_wconf 87' lang='lat' dir='ltr'><strong>ministerio</strong></span> <span class='ocrx_word' id='word_1_451' title='bbox 1953 1636 2023 1666; x_wconf 87' lang='lat' dir='ltr'><strong>reli-</strong></span> 
     </span>
     <span class='ocr_line' id='line_1_84' title="bbox 1281 1684 2023 1724; baseline 0.003 -11"><span class='ocrx_word' id='word_1_452' title='bbox 1281 1684 1360 1722; x_wconf 80' lang='lat' dir='ltr'><strong>gioni</strong></span> <span class='ocrx_word' id='word_1_453' title='bbox 1375 1689 1496 1714; x_wconf 77' lang='lat' dir='ltr'><strong>causant</strong></span> <span class='ocrx_word' id='word_1_454' title='bbox 1514 1685 1738 1724; x_wconf 82' lang='lat' dir='ltr'><strong>praeiudicium,</strong></span> <span class='ocrx_word' id='word_1_455' title='bbox 1754 1690 1781 1716; x_wconf 89' lang='lat' dir='ltr'><strong>et</strong></span> <span class='ocrx_word' id='word_1_456' title='bbox 1794 1685 1902 1716; x_wconf 90' lang='lat' dir='ltr'><strong>bonum</strong></span> <span class='ocrx_word' id='word_1_457' title='bbox 1916 1694 2023 1716; x_wconf 87' lang='lat' dir='ltr'><strong>nomen</strong></span> 
     </span>
     <span class='ocr_line' id='line_1_85' title="bbox 1282 1733 2025 1775; baseline 0.004 -13"><span class='ocrx_word' id='word_1_458' title='bbox 1282 1733 1339 1762; x_wconf 89' lang='lat' dir='ltr'><strong>iam</strong></span> <span class='ocrx_word' id='word_1_459' title='bbox 1362 1733 1529 1773; x_wconf 85' lang='lat' dir='ltr'><strong>ademptum</strong></span> <span class='ocrx_word' id='word_1_460' title='bbox 1556 1734 1599 1774; x_wconf 69' lang='lat'><strong>(5⁷)</strong></span> <span class='ocrx_word' id='word_1_461' title='bbox 1622 1744 1655 1764; x_wconf 81' lang='lat' dir='ltr'><strong>ex</strong></span> <span class='ocrx_word' id='word_1_462' title='bbox 1681 1744 1755 1764; x_wconf 91' lang='lat' dir='ltr'><strong>novo</strong></span> <span class='ocrx_word' id='word_1_463' title='bbox 1783 1744 1835 1765; x_wconf 88' lang='lat' dir='ltr'><strong>suo</strong></span> <span class='ocrx_word' id='word_1_464' title='bbox 1860 1735 2025 1775; x_wconf 84' lang='lat' dir='ltr'><strong>deperdunt</strong></span> 
     </span>
     <span class='ocr_line' id='line_1_86' title="bbox 1281 1781 2024 1821; baseline 0.005 -10"><span class='ocrx_word' id='word_1_465' title='bbox 1281 1781 1388 1812; x_wconf 82' lang='lat' dir='ltr'><strong>officio.</strong></span> <span class='ocrx_word' id='word_1_466' title='bbox 1412 1781 1537 1812; x_wconf 86' lang='lat' dir='ltr'><strong>Caveant</strong></span> <span class='ocrx_word' id='word_1_467' title='bbox 1559 1792 1628 1821; x_wconf 86' lang='lat' dir='ltr'><strong>ergo</strong></span> <span class='ocrx_word' id='word_1_468' title='bbox 1651 1783 1793 1814; x_wconf 84' lang='lat' dir='ltr'><strong>electores</strong></span> <span class='ocrx_word' id='word_1_469' title='bbox 1815 1793 1851 1814; x_wconf 87' lang='lat' dir='ltr'><strong>ne</strong></span> <span class='ocrx_word' id='word_1_470' title='bbox 1882 1784 1911 1815; x_wconf 89' lang='lat' dir='ltr'><strong>in</strong></span> <span class='ocrx_word' id='word_1_471' title='bbox 1938 1784 2024 1816; x_wconf 90' lang='lat' dir='ltr'><strong>mini-</strong></span> 
     </span>
     <span class='ocr_line' id='line_1_87' title="bbox 1280 1830 2020 1871; baseline 0.005 -12"><span class='ocrx_word' id='word_1_472' title='bbox 1280 1834 1356 1860; x_wconf 87' lang='lat' dir='ltr'><strong>stros</strong></span> <span class='ocrx_word' id='word_1_473' title='bbox 1372 1830 1479 1868; x_wconf 82' lang='lat' dir='ltr'><strong>eligant</strong></span> <span class='ocrx_word' id='word_1_474' title='bbox 1494 1830 1545 1870; x_wconf 89' lang='lat' dir='ltr'><strong>qui</strong></span> <span class='ocrx_word' id='word_1_475' title='bbox 1561 1840 1613 1870; x_wconf 88' lang='lat' dir='ltr'><strong>per</strong></span> <span class='ocrx_word' id='word_1_476' title='bbox 1627 1840 1710 1862; x_wconf 85' lang='lat' dir='ltr'><strong>suam</strong></span> <span class='ocrx_word' id='word_1_477' title='bbox 1726 1832 1902 1862; x_wconf 84' lang='lat' dir='ltr'><strong>anxietatem</strong></span> <span class='ocrx_word' id='word_1_478' title='bbox 1918 1833 2020 1871; x_wconf 89' lang='lat' dir='ltr'><strong>animi,</strong></span> 
     </span>
     <span class='ocr_line' id='line_1_88' title="bbox 1281 1878 2024 1921; baseline 0.007 -14"><span class='ocrx_word' id='word_1_479' title='bbox 1281 1879 1325 1908; x_wconf 92' lang='lat' dir='ltr'><strong>vel</strong></span> <span class='ocrx_word' id='word_1_480' title='bbox 1348 1878 1495 1909; x_wconf 87' lang='lat' dir='ltr'><strong>libertatis</strong></span> <span class='ocrx_word' id='word_1_481' title='bbox 1523 1889 1611 1919; x_wconf 87' lang='lat' dir='ltr'><strong>quam</strong></span> <span class='ocrx_word' id='word_1_482' title='bbox 1643 1880 1752 1911; x_wconf 86' lang='lat' dir='ltr'><strong>habent</strong></span> <span class='ocrx_word' id='word_1_483' title='bbox 1778 1881 1938 1921; x_wconf 82' lang='lat' dir='ltr'><strong>desectum,</strong></span> <span class='ocrx_word' id='word_1_484' title='bbox 1974 1886 2024 1913; x_wconf 87' lang='lat' dir='ltr'><strong>aut</strong></span> 
     </span>
     <span class='ocr_line' id='line_1_89' title="bbox 1281 1927 2024 1970; baseline 0.007 -13"><span class='ocrx_word' id='word_1_485' title='bbox 1281 1927 1365 1958; x_wconf 81' lang='lat' dir='ltr'><strong>aliam</strong></span> <span class='ocrx_word' id='word_1_486' title='bbox 1389 1937 1523 1967; x_wconf 90' lang='lat' dir='ltr'><strong>causam,</strong></span> <span class='ocrx_word' id='word_1_487' title='bbox 1548 1928 1607 1958; x_wconf 90' lang='lat' dir='ltr'><strong>sint</strong></span> <span class='ocrx_word' id='word_1_488' title='bbox 1630 1928 1776 1960; x_wconf 85' lang='lat' dir='ltr'><strong>inhabiles</strong></span> <span class='ocrx_word' id='word_1_489' title='bbox 1798 1930 1833 1960; x_wconf 89' lang='lat' dir='ltr'><strong>ad</strong></span> <span class='ocrx_word' id='word_1_490' title='bbox 1855 1931 2024 1970; x_wconf 85' lang='lat' dir='ltr'><strong>spirituales</strong></span> 
     </span>
     <span class='ocr_line' id='line_1_90' title="bbox 1280 1977 2023 2011; baseline 0.005 -4"><span class='ocrx_word' id='word_1_491' title='bbox 1280 1977 1504 2007; x_wconf 72' lang='lat' dir='ltr'><strong>exhortationes</strong></span> <span class='ocrx_word' id='word_1_492' title='bbox 1527 1977 1588 2007; x_wconf 90' lang='lat' dir='ltr'><strong>suis</strong></span> <span class='ocrx_word' id='word_1_493' title='bbox 1621 1978 1882 2009; x_wconf 89' lang='lat' dir='ltr'><strong>communitatibus</strong></span> <span class='ocrx_word' id='word_1_494' title='bbox 1914 1980 2023 2011; x_wconf 86' lang='lat' dir='ltr'><strong>sacien-</strong></span> 
     </span>
     <span class='ocr_line' id='line_1_91' title="bbox 1280 2026 2023 2065; baseline 0.007 -10"><span class='ocrx_word' id='word_1_495' title='bbox 1280 2026 1348 2063; x_wconf 72' lang='lat' dir='ltr'><strong>das,</strong></span> <span class='ocrx_word' id='word_1_496' title='bbox 1373 2026 1482 2065; x_wconf 88' lang='lat' dir='ltr'><strong>quippe</strong></span> <span class='ocrx_word' id='word_1_497' title='bbox 1505 2026 1619 2065; x_wconf 89' lang='lat' dir='ltr'><strong>turpius</strong></span> <span class='ocrx_word' id='word_1_498' title='bbox 1641 2026 1802 2057; x_wconf 88' lang='lat' dir='ltr'><strong>eiiciuntur</strong></span> <span class='ocrx_word' id='word_1_499' title='bbox 1824 2037 1838 2057; x_wconf 91' lang='lat' dir='ltr'><strong>a</strong></span> <span class='ocrx_word' id='word_1_500' title='bbox 1861 2037 1914 2058; x_wconf 89' lang='lat' dir='ltr'><strong>suo</strong></span> <span class='ocrx_word' id='word_1_501' title='bbox 1937 2029 2023 2060; x_wconf 90' lang='lat' dir='ltr'><strong>mini-</strong></span> 
     </span>
     <span class='ocr_line' id='line_1_92' title="bbox 1280 2075 2023 2117; baseline 0.005 -12"><span class='ocrx_word' id='word_1_502' title='bbox 1280 2076 1382 2110; x_wconf 80' lang='lat' dir='ltr'><strong>sterio,</strong></span> <span class='ocrx_word' id='word_1_503' title='bbox 1401 2076 1424 2105; x_wconf 87' lang='lat' dir='ltr'><strong>si</strong></span> <span class='ocrx_word' id='word_1_504' title='bbox 1443 2075 1472 2105; x_wconf 93' lang='lat' dir='ltr'><strong>in</strong></span> <span class='ocrx_word' id='word_1_505' title='bbox 1496 2075 1550 2105; x_wconf 89' lang='lat' dir='ltr'><strong>hac</strong></span> <span class='ocrx_word' id='word_1_506' title='bbox 1569 2075 1745 2114; x_wconf 83' lang='lat' dir='ltr'><strong>obligatione</strong></span> <span class='ocrx_word' id='word_1_507' title='bbox 1767 2076 1916 2116; x_wconf 84' lang='lat' dir='ltr'><strong>deficiant,</strong></span> <span class='ocrx_word' id='word_1_508' title='bbox 1935 2087 2023 2117; x_wconf 87' lang='lat' dir='ltr'><strong>quam</strong></span> 
     </span>
     <span class='ocr_line' id='line_1_93' title="bbox 1280 2124 2023 2165; baseline 0.004 -10"><span class='ocrx_word' id='word_1_509' title='bbox 1280 2125 1314 2159; x_wconf 88' lang='lat' dir='ltr'><strong>si,</strong></span> <span class='ocrx_word' id='word_1_510' title='bbox 1339 2125 1406 2164; x_wconf 87' lang='lat' dir='ltr'><strong>quia</strong></span> <span class='ocrx_word' id='word_1_511' title='bbox 1429 2124 1508 2154; x_wconf 86' lang='lat' dir='ltr'><strong>illam</strong></span> <span class='ocrx_word' id='word_1_512' title='bbox 1532 2124 1693 2164; x_wconf 89' lang='lat' dir='ltr'><strong>adimplere</strong></span> <span class='ocrx_word' id='word_1_513' title='bbox 1723 2134 1781 2155; x_wconf 91' lang='lat' dir='ltr'><strong>non</strong></span> <span class='ocrx_word' id='word_1_514' title='bbox 1815 2131 1953 2165; x_wconf 86' lang='lat' dir='ltr'><strong>possunt,</strong></span> <span class='ocrx_word' id='word_1_515' title='bbox 1988 2127 2023 2158; x_wconf 88' lang='lat' dir='ltr'><strong>ad</strong></span> 
     </span>
     <span class='ocr_line' id='line_1_94' title="bbox 1280 2173 1671 2211; baseline -0.003 -7"><span class='ocrx_word' id='word_1_516' title='bbox 1280 2173 1408 2204; x_wconf 84' lang='lat' dir='ltr'><strong>officium</strong></span> <span class='ocrx_word' id='word_1_517' title='bbox 1432 2183 1489 2203; x_wconf 90' lang='grc'><strong>11011</strong></span> <span class='ocrx_word' id='word_1_518' title='bbox 1513 2173 1671 2211; x_wconf 84' lang='lat' dir='ltr'><strong>eligantur.</strong></span> 
     </span>
    </p>

    <p class='ocr_par' dir='ltr' id='par_1_14' title="bbox 1279 2222 2023 2596">
     <span class='ocr_line' id='line_1_95' title="bbox 1319 2222 2022 2262; baseline 0.007 -11"><span class='ocrx_word' id='word_1_519' title='bbox 1319 2232 1357 2252; x_wconf 81' lang='lat' dir='ltr'><strong>lv.</strong></span> <span class='ocrx_word' id='word_1_520' title='bbox 1381 2222 1513 2252; x_wconf 85' lang='lat' dir='ltr'><strong>Minister</strong></span> <span class='ocrx_word' id='word_1_521' title='bbox 1534 2223 1647 2252; x_wconf 88' lang='lat' dir='ltr'><strong>noviter</strong></span> <span class='ocrx_word' id='word_1_522' title='bbox 1669 2222 1790 2262; x_wconf 87' lang='lat' dir='ltr'><strong>electus,</strong></span> <span class='ocrx_word' id='word_1_523' title='bbox 1808 2225 1904 2255; x_wconf 87' lang='lat' dir='ltr'><strong>statim</strong></span> <span class='ocrx_word' id='word_1_524' title='bbox 1922 2234 1954 2255; x_wconf 84' lang='lat' dir='ltr'><strong>ac</strong></span> <span class='ocrx_word' id='word_1_525' title='bbox 1977 2225 2022 2257; x_wconf 90' lang='lat' dir='ltr'><strong>sui</strong></span> 
     </span>
     <span class='ocr_line' id='line_1_96' title="bbox 1279 2271 2022 2314; baseline 0.007 -14"><span class='ocrx_word' id='word_1_526' title='bbox 1279 2271 1367 2301; x_wconf 82' lang='lat' dir='ltr'><strong>officii</strong></span> <span class='ocrx_word' id='word_1_527' title='bbox 1389 2271 1501 2301; x_wconf 85' lang='lat' dir='ltr'><strong>litteras</strong></span> <span class='ocrx_word' id='word_1_528' title='bbox 1525 2274 1657 2310; x_wconf 82' lang='lat' dir='ltr'><strong>patentes</strong></span> <span class='ocrx_word' id='word_1_529' title='bbox 1676 2273 1838 2312; x_wconf 87' lang='lat' dir='ltr'><strong>acceperit,</strong></span> <span class='ocrx_word' id='word_1_530' title='bbox 1863 2275 2022 2314; x_wconf 84' lang='lat' dir='ltr'><strong>possessio-</strong></span> 
     </span>
     <span class='ocr_line' id='line_1_97' title="bbox 1280 2320 2019 2364; baseline 0.007 -15"><span class='ocrx_word' id='word_1_531' title='bbox 1280 2330 1345 2350; x_wconf 87' lang='lat' dir='ltr'><strong>nem</strong></span> <span class='ocrx_word' id='word_1_532' title='bbox 1369 2320 1517 2360; x_wconf 85' lang='lat' dir='ltr'><strong>accipiat:</strong></span> <span class='ocrx_word' id='word_1_533' title='bbox 1541 2320 1566 2350; x_wconf 88' lang='lat' dir='ltr'><strong>si</strong></span> <span class='ocrx_word' id='word_1_534' title='bbox 1589 2325 1686 2351; x_wconf 84' lang='lat' dir='ltr'><strong>autem</strong></span> <span class='ocrx_word' id='word_1_535' title='bbox 1710 2331 1762 2360; x_wconf 87' lang='lat' dir='ltr'><strong>per</strong></span> <span class='ocrx_word' id='word_1_536' title='bbox 1778 2322 1873 2362; x_wconf 86' lang='lat' dir='ltr'><strong>ipsum</strong></span> <span class='ocrx_word' id='word_1_537' title='bbox 1891 2324 2019 2364; x_wconf 87' lang='lat' dir='ltr'><strong>steterit,</strong></span> 
     </span>
     <span class='ocr_line' id='line_1_98' title="bbox 1280 2369 2023 2411; baseline 0.005 -12"><span class='ocrx_word' id='word_1_538' title='bbox 1280 2373 1307 2399; x_wconf 90' lang='lat' dir='ltr'><strong>et</strong></span> <span class='ocrx_word' id='word_1_539' title='bbox 1330 2378 1382 2409; x_wconf 90' lang='lat' dir='ltr'><strong>per</strong></span> <span class='ocrx_word' id='word_1_540' title='bbox 1416 2373 1475 2399; x_wconf 88' lang='lat' dir='ltr'><strong>tres</strong></span> <span class='ocrx_word' id='word_1_541' title='bbox 1509 2377 1625 2399; x_wconf 87' lang='lat' dir='ltr'><strong>menses</strong></span> <span class='ocrx_word' id='word_1_542' title='bbox 1659 2369 1753 2400; x_wconf 89' lang='lat' dir='ltr'><strong>adhuc</strong></span> <span class='ocrx_word' id='word_1_543' title='bbox 1785 2380 1843 2400; x_wconf 88' lang='lat' dir='ltr'><strong>non</strong></span> <span class='ocrx_word' id='word_1_544' title='bbox 1875 2372 2023 2411; x_wconf 89' lang='lat' dir='ltr'><strong>acceperit</strong></span> 
     </span>
     <span class='ocr_line' id='line_1_99' title="bbox 1280 2417 2022 2457; baseline 0.004 -10"><span class='ocrx_word' id='word_1_545' title='bbox 1280 2417 1507 2457; x_wconf 85' lang='lat' dir='ltr'><strong>possessionem,</strong></span> <span class='ocrx_word' id='word_1_546' title='bbox 1533 2417 1728 2448; x_wconf 89' lang='lat' dir='ltr'><strong>ministerium</strong></span> <span class='ocrx_word' id='word_1_547' title='bbox 1752 2419 1779 2448; x_wconf 94' lang='lat' dir='ltr'><strong>vi</strong></span> <span class='ocrx_word' id='word_1_548' title='bbox 1803 2419 1889 2450; x_wconf 89' lang='lat' dir='ltr'><strong>huius</strong></span> <span class='ocrx_word' id='word_1_549' title='bbox 1912 2420 2022 2450; x_wconf 89' lang='lat' dir='ltr'><strong>consti-</strong></span> 
     </span>
     <span class='ocr_line' id='line_1_100' title="bbox 1281 2467 2020 2506; baseline 0.004 -10"><span class='ocrx_word' id='word_1_550' title='bbox 1281 2467 1401 2497; x_wconf 89' lang='lat' dir='ltr'><strong>tutionis</strong></span> <span class='ocrx_word' id='word_1_551' title='bbox 1417 2470 1569 2506; x_wconf 89' lang='lat' dir='ltr'><strong>reputetur</strong></span> <span class='ocrx_word' id='word_1_552' title='bbox 1584 2476 1689 2497; x_wconf 85' lang='lat' dir='ltr'><strong>vacans</strong></span> <span class='ocrx_word' id='word_1_553' title='bbox 1701 2491 1708 2505; x_wconf 88' lang='lat'>‚</span> <span class='ocrx_word' id='word_1_554' title='bbox 1726 2471 1753 2497; x_wconf 92' lang='lat' dir='ltr'><strong>et</strong></span> <span class='ocrx_word' id='word_1_555' title='bbox 1768 2468 1803 2498; x_wconf 87' lang='lat' dir='ltr'><strong>ad</strong></span> <span class='ocrx_word' id='word_1_556' title='bbox 1820 2468 2020 2499; x_wconf 87' lang='lat' dir='ltr'><strong>definitorium</strong></span> 
     </span>
     <span class='ocr_line' id='line_1_101' title="bbox 1281 2515 2022 2555; baseline 0.005 -10"><span class='ocrx_word' id='word_1_557' title='bbox 1281 2515 1459 2555; x_wconf 83' lang='lat' dir='ltr'><strong>provinciale</strong></span> <span class='ocrx_word' id='word_1_558' title='bbox 1481 2515 1651 2547; x_wconf 85' lang='lat' dir='ltr'><strong>devolvatur</strong></span> <span class='ocrx_word' id='word_1_559' title='bbox 1678 2516 1798 2547; x_wconf 86' lang='lat' dir='ltr'><strong>alterius</strong></span> <span class='ocrx_word' id='word_1_560' title='bbox 1820 2517 1943 2548; x_wconf 87' lang='lat' dir='ltr'><strong>subiecti</strong></span> <span class='ocrx_word' id='word_1_561' title='bbox 1964 2518 2022 2549; x_wconf 89' lang='lat' dir='ltr'><strong>ele-</strong></span> 
     </span>
     <span class='ocr_line' id='line_1_102' title="bbox 1281 2566 1446 2596; baseline -0.006 -1"><span class='ocrx_word' id='word_1_562' title='bbox 1281 2566 1338 2596; x_wconf 87' lang='lat' dir='ltr'><strong>ctio</strong></span> <span class='ocrx_word' id='word_1_563' title='bbox 1360 2575 1446 2596; x_wconf 84' lang='lat' dir='ltr'><strong>nova.</strong></span> 
     </span>
    </p>
   </div>
   <div class='ocr_carea' id='block_1_6' title="bbox 1315 2624 2019 2707">
    <p class='ocr_par' dir='ltr' id='par_1_15' title="bbox 1315 2624 2019 2707">
     <span class='ocr_line' id='line_1_103' title="bbox 1318 2624 2019 2662; baseline 0.006 -11"><span class='ocrx_word' id='word_1_564' title='bbox 1318 2626 1329 2652; x_wconf 92' lang='lat'>1</span> <span class='ocrx_word' id='word_1_565' title='bbox 1353 2624 1471 2652; x_wconf 86' lang='lat' dir='ltr'><strong>Pessime</strong></span> <span class='ocrx_word' id='word_1_566' title='bbox 1491 2624 1555 2651; x_wconf 89' lang='lat' dir='ltr'><strong>edit.</strong></span> <span class='ocrx_word' id='word_1_567' title='bbox 1571 2624 1650 2651; x_wconf 84' lang='lat' dir='ltr'><strong>Main.</strong></span> <span class='ocrx_word' id='word_1_568' title='bbox 1666 2624 1730 2660; x_wconf 85' lang='lat' dir='ltr'><strong>legit</strong></span> <span class='ocrx_word' id='word_1_569' title='bbox 1745 2626 1898 2660; x_wconf 78' lang='lat' dir='ltr'><strong>praetatus</strong></span> <span class='ocrx_word' id='word_1_570' title='bbox 1916 2627 1955 2662; x_wconf 83' lang='lat' dir='ltr'><strong>(n.</strong></span> <span class='ocrx_word' id='word_1_571' title='bbox 1971 2625 2019 2662; x_wconf 71' lang='lat' dir='ltr'><strong>T.)-</strong></span> 
     </span>
     <span class='ocr_line' id='line_1_104' title="bbox 1315 2668 1864 2707; baseline 0.002 -10"><span class='ocrx_word' id='word_1_572' title='bbox 1315 2671 1330 2696; x_wconf 79' lang='lat'><strong><em>2</em></strong></span> <span class='ocrx_word' id='word_1_573' title='bbox 1351 2669 1465 2697; x_wconf 88' lang='lat' dir='ltr'><strong>Videtur</strong></span> <span class='ocrx_word' id='word_1_574' title='bbox 1484 2668 1628 2706; x_wconf 80' lang='lat' dir='ltr'><strong>legendum</strong></span> <span class='ocrx_word' id='word_1_575' title='bbox 1647 2670 1735 2698; x_wconf 81' lang='lat' dir='ltr'><strong>multi</strong></span> <span class='ocrx_word' id='word_1_576' title='bbox 1753 2671 1793 2707; x_wconf 85' lang='grc'><strong>(11.</strong></span> <span class='ocrx_word' id='word_1_577' title='bbox 1815 2671 1864 2706; x_wconf 77' lang='grc'><strong>1.).</strong></span> 
     </span>
    </p>
   </div>
   <div class='ocr_carea' id='block_1_7' title="bbox 2029 271 2216 306">
    <p class='ocr_par' dir='ltr' id='par_1_16' title="bbox 2029 271 2216 306">
     <span class='ocr_line' id='line_1_105' title="bbox 2029 271 2216 306; baseline 0.037 -7"><span class='ocrx_word' id='word_1_578' title='bbox 2029 271 2079 300; x_wconf 79' lang='lat' dir='ltr'><strong>An.</strong></span> <span class='ocrx_word' id='word_1_579' title='bbox 2097 272 2125 301; x_wconf 84' lang='lat' dir='ltr'><strong>C.</strong></span> <span class='ocrx_word' id='word_1_580' title='bbox 2144 274 2216 306; x_wconf 53' lang='lat'><strong>1⁷³8*</strong></span> 
     </span>
    </p>
   </div>
  </div>
 </body>
</html>
