2232 3178
266 176 315 203 An.
336 173 364 200 c,
390 172 454 200 ¹787
500 162 564 196 ⁶284

297 1241 448 1262 Cnnxtstorium

265 1268 435 1294 scunpubticum.

456 222 653 253 thoticorum
695 230 806 262 regum
844 225 876 252 et
915 219 1123 262 principum,
1167 223 1198 250 et

455 273 642 316 praesertim
661 272 800 304 universi
827 271 955 305 Ordinis
981 272 1112 304 fratrum
1134 281 1198 303 scr·

455 339 566 360 vorum
596 328 629 360 R.
657 326 773 359 Mariae
800 326 952 369 Virginis,
978 331 1008 358 et
1033 325 1133 370 ipsius
1157 325 1199 357 fa-

454 380 562 413 miliae
585 379 800 418 1⁴'alconeriae‚
821 385 854 411 ut
871 379 909 412 ad
929 390 997 412 eam
1017 378 1198 422 procedere

456 432 673 474 dignaremur,
693 431 859 464 humiliter
876 431 1109 474 supplicasset:
1131 440 1196 470 nos,

456 485 495 517 (le
523 495 554 517 re
581 487 669 516 tanta
693 484 894 517 venerabiles
925 484 1040 516 f'ratres
1066 488 1198 516 nostros

455 538 483 570 S.
504 538 540 570 R.
561 537 592 569 E.
619 537 800 570 cardinales
826 543 856 570 et
881 536 1053 580 episcopos
1080 536 1111 569 in
1140 535 1199 569 Cu-

455 590 502 622 ria
527 596 718 633 praesentes
743 590 951 622 consulturos
975 600 1044 622 esse
1063 598 1199 631 respon-

455 642 584 681 ‹limus;
611 647 706 685 atque
734 641 865 675 interim
891 642 1076 675 cardinales
1103 646 1198 684 atque

456 695 649 738 episcopos,
676 695 729 738 qui
769 695 925 735 aderant,
954 694 986 727 in
1025 693 1198 727 visceribus

455 747 573 779 Christi
611 747 727 781 hortati
765 758 891 788 sumus,
917 754 969 787 ut,
997 746 1198 780 orationibus

455 801 623 841 instantes,
651 800 682 833 in
709 800 837 833 ieiuniis
863 806 894 834 et
917 800 1131 844 eleemosynis
1166 810 1198 833 a-

454 854 560 887 nimos
587 864 660 887 suos
686 864 792 887 coram
818 854 883 887 Deo
900 854 1071 887 nobiscum
1098 853 1198 885 humi—

455 908 582 948 liantes,
612 907 760 951 precibus
783 918 799 940 a
828 907 894 941 Deo
919 912 1012 951 patre
1038 907 1196 940 luminum

457 966 690 1004 exposcerent,
716 966 750 993 ut
784 971 820 994 ex
847 962 914 994 alto
939 971 1037 1005 super
1063 971 1123 994 nos
1153 961 1198 993 lu-

457 1024 526 1046 cem
549 1019 580 1046 et
604 1013 769 1046 veritatem
795 1024 883 1046 suam
910 1013 1089 1053 emitteret,
1117 1024 1197 1056 quae

457 1077 515 1099 nos
537 1067 575 1099 ad
599 1068 797 1099 voluntatem
817 1073 846 1100 et
871 1066 1110 1109 heneplacitum
1131 1066 1198 1099 eins

459 1121 722 1163 cognoscendum
761 1125 790 1155 et
826 1120 1062 1164 perficiendum
1100 1120 1200 1153 dedu-

460 1179 555 1206 ceret.

504 1227 518 1269 ἓ
543 1225 595 1259 QG.
624 1226 732 1270 ltaque
758 1227 788 1258 in
815 1226 1027 1269 semipublico
1045 1226 1201 1259 consisto-

458 1279 518 1320 rio,
555 1280 642 1322 quod
679 1280 834 1323 deinceps
871 1285 1105 1322 congregatum
1144 1285 1200 1320 est,

461 1333 626 1366 advocatis
654 1343 719 1366 non
750 1334 846 1366 modo
883 1333 1119 1373 cardinalibus,
1145 1333 1199 1366 sed

458 1387 665 1430 patriarchis,
691 1386 947 1430 archiepiscopis
973 1391 1004 1419 et
1039 1385 1202 1430 episcopis

462 1440 494 1471 in
521 1439 612 1473 Curia
651 1441 759 1472 nostra
796 1439 1029 1479 existentibus,
1055 1439 1200 1472 interve-

460 1493 625 1526 nientibus
651 1493 745 1526 etiam
771 1492 890 1525 nostris
908 1503 943 1525 ac
960 1492 1051 1525 Sedis
1068 1493 1203 1535 Aposto-

460 1546 539 1579 licae
566 1546 716 1587 notariis,
743 1546 978 1589 protonotariis
1004 1556 1041 1579 ex
1067 1556 1203 1579 numero

460 1599 723 1643 participantium
749 1599 955 1643 nuncupatis,
982 1610 1016 1633 ac
1041 1600 1122 1633 sacri
1148 1611 1204 1643 pa-

461 1653 527 1686 latii
567 1652 737 1697 apostolici
779 1663 945 1686 causarum
985 1652 1202 1694 auditoribus,

461 1716 534 1739 cum
560 1717 576 1738 a
602 1706 694 1739 nobis
725 1706 764 1739 de
790 1705 907 1739 eximia
943 1707 1111 1739 sanctitate
1149 1717 1204 1739 an-

461 1760 554 1794 cillae
580 1759 635 1793 Dei
673 1770 708 1792 ac
740 1760 973 1793 miraculorum
1003 1760 1202 1801 celebritate,

462 1823 544 1857 quae
569 1813 752 1846 necessaria
776 1813 981 1854 videbantur,
1007 1823 1205 1847 commemo-

460 1871 527 1898 rata
552 1866 701 1907 fuissent,
722 1876 833 1900 omnes
851 1867 1059 1900 concorditer
1084 1878 1119 1900 ac
1138 1878 1203 1900 uno

461 1930 517 1953 ore
560 1920 795 1954 benedicentes
833 1920 934 1954 Deum
972 1921 1092 1954 amicos
1128 1931 1204 1954 suos

462 1973 733 2008 honorificantem
759 1975 790 2007 in
817 1975 911 2008 terris
938 1980 970 2008 et
994 1979 1205 2008 coronantem

462 2027 495 2060 in
521 2027 632 2069 caelis,
655 2027 689 2060 B.
709 2027 865 2061 lulianam
887 2028 920 2061 in
937 2033 1124 2062 sanctarum
1145 2028 1206 2060 vir-

463 2081 573 2124 ginum
621 2091 796 2115 numerum
841 2082 1090 2116 adscribendam
1137 2092 1205 2115 esse

462 2139 671 2168 censuerunt.
715 2134 855 2174 Quorum
904 2135 1049 2168 omnium
1097 2135 1206 2168 audito

463 2199 643 2229 consensu,
669 2188 783 2222 intimo
809 2189 917 2222 cordis
949 2188 1063 2222 affectu
1090 2189 1207 2222 exulta-

462 2242 566 2275 vimus
592 2242 625 2275 in
650 2241 799 2282 Domino,
826 2241 947 2285 gratias
984 2245 1116 2284 agentes
1140 2241 1205 2275 Deo

463 2300 494 2328 et
518 2294 585 2329 filio
610 2295 679 2328 eius
701 2295 831 2328 domino
849 2300 961 2328 nostro
980 2294 1048 2328 Iesu
1067 2294 1205 2336 Christo,

464 2349 550 2393 quod
575 2349 750 2383 Ecclesiam
785 2359 873 2383 suam
909 2359 976 2382 non
1001 2348 1208 2391 derelinque-

463 2407 530 2443 ret,
555 2402 611 2435 sed
637 2402 738 2445 gloria
763 2407 945 2436 sanctorum
981 2412 1112 2435 suorum
1139 2401 1208 2434 illu-

463 2460 566 2489 strare
591 2461 622 2489 et
646 2455 829 2500 patrocinio
854 2455 984 2489 munire
1003 2455 1204 2498 dignaretur.

463 2507 722 2544 Canonizationis
755 2509 864 2553 itaque
901 2508 1075 2541 indiximus
1111 2508 1206 2548 diem,

464 2562 661 2607 eosdemque
687 2562 801 2596 fratres
827 2573 863 2597 ac
884 2561 968 2597 filios
993 2566 1123 2597 nostros
1143 2571 1207 2596 mo-

1044 168 1228 194 BULLAnttJM
1252 168 1410 192 ROMANUM

1242 217 1370 250 nuimus
1397 221 1431 248 ut
1456 216 1487 248 in
1513 215 1715 248 orationihus
1741 218 1772 247 et
1807 214 1983 256 eleemosy-

1241 269 1290 302 nis
1327 274 1574 312 perscverantcs
1601 279 1617 300 a
1643 268 1750 300 divina
1782 265 1981 309 benignitate

1242 324 1460 366 impetrarent
1477 328 1510 355 ut
1524 323 1556 354 in
1574 327 1660 355 tanto
1676 331 1774 364 opere
1790 319 1981 364 exequendo

1241 376 1400 419 splendor
1426 375 1548 409 domini
1574 376 1629 408 Dei
1656 375 1757 408 nostri
1780 379 1866 408 essct
1885 383 1983 416 super

1242 439 1319 469 nos,
1347 429 1399 472 qui
1427 439 1508 472 opus
1540 439 1691 461 manuum
1727 433 1909 461 nostrarum
1944 425 1983 458 ad

1242 482 1472 525 perficiendam
1498 481 1565 514 eius
1592 482 1788 514 voluntatem
1815 480 1980 523 dirigeret.

1286 535 1300 578 ἓ
1326 534 1379 568 97,
1398 535 1541 574 Demum,
1563 534 1622 567 rite
1649 534 1800 567 omnibus
1826 532 1981 567 absolutis

1242 599 1322 631 quae
1348 598 1383 620 ex
1411 587 1509 620 sacris
1543 587 1841 625 constitutionibus,
1868 587 1984 620 Roma-

1242 650 1364 683 naeque
1383 640 1542 673 Ecclesiae
1558 639 1788 673 consuetudine
1801 639 1985 683 peragenda

1242 698 1352 733 erant,
1381 693 1495 732 hodie,
1523 703 1603 735 quac
1639 692 1698 725 fuit
1723 692 1790 725 dies
1823 691 1983 726 dominica

1242 746 1294 779 SS.
1323 746 1497 786 Trinitatis,
1525 746 1556 779 in
1589 751 1827 779 sacrosanctam
1859 746 1984 778 Latera·

1246 809 1376 832 neusem
1395 800 1560 833 basilicam
1580 800 1730 833 decenter
1743 804 1898 837 ornatam,
1912 809 1983 831 curn

1243 852 1480 885 venerabilibus
1507 852 1660 885 fratribus
1686 852 1806 885 nostris
1837 851 1867 885 S.
1889 851 1925 885 R.
1945 850 1980 884 Ε.

1242 904 1477 945 cardinalibus,
1517 916 1576 938 nec
1608 916 1673 938 non
1703 905 1907 949 patriarchis,
1933 915 1983 938 ar-

1242 957 1462 1001 chiepiscopis
1488 963 1519 991 et
1543 958 1731 1002 episcopis,
1757 958 1984 1001 Romanaeque

1241 1011 1351 1044 Curiae
1376 1011 1526 1055 praelatis
1544 1038 1551 1049 ,
1576 1010 1767 1045 officialibus
1793 1016 1824 1044 et
1850 1011 1984 1044 familia-

1243 1064 1332 1097 ribus
1349 1065 1475 1106 nostris,
1493 1066 1579 1098 clero
1600 1065 1756 1098 saeculari
1777 1070 1808 1098 et
1832 1063 1985 1107 regulari,

1243 1128 1279 1151 ac
1304 1118 1442 1150 maxima
1466 1118 1579 1161 populi
1605 1118 1806 1161 frequentia,
1835 1117 1985 1151 conveni-

1244 1181 1338 1211 mus;
1367 1171 1444 1211 ubi,
1469 1171 1614 1214 repetitis
1639 1181 1701 1214 pro
1733 1169 1985 1204 canonizationis

1245 1224 1374 1258 decreto
1410 1224 1621 1268 petitionibus
1648 1235 1665 1256 a
1695 1224 1817 1257 dilecto
1843 1223 1910 1257 filio
1927 1233 1986 1256 no—

1244 1282 1310 1310 stro
1336 1276 1440 1310 Nereo
1477 1277 1508 1310 S.
1529 1277 1566 1310 R.
1587 1277 1620 1309 E.
1656 1277 1793 1311 diacono
1831 1275 1986 1310 cardinali

1244 1330 1377 1364 Corsino
1413 1336 1622 1375 nuncupato,
1659 1336 1772 1364 nostro
1809 1329 1988 1363 secundum

1245 1394 1375 1417 carnem
1402 1395 1438 1417 ex
1464 1384 1561 1418 fratre
1587 1389 1720 1428 nepote,
1747 1394 1807 1428 per
1832 1383 1985 1417 dilectum

1246 1437 1348 1471 filium
1389 1437 1544 1471 Tliomam
1579 1438 1791 1471 Antamorum
1831 1437 1988 1471 consisto-

1247 1491 1333 1524 rialis
1360 1491 1450 1524 aulae
1481 1497 1611 1525 nostrae
1643 1491 1853 1532 advocatum,
1878 1496 1906 1524 et
1933 1489 1988 1523 de-

1247 1544 1379 1577 cantatis
1405 1544 1502 1577 sacris
1534 1544 1686 1588 precibus
1724 1549 1755 1577 et
1789 1542 1929 1584 litaniis,
1953 1553 1989 1575 ac

1247 1596 1385 1640 Spiritus
1412 1596 1519 1630 Sancti
1547 1597 1649 1640 gratia
1683 1596 1851 1629 humiliter
1875 1595 1989 1640 implo-

1248 1652 1327 1692 rata,
1352 1651 1390 1684 ad
1417 1651 1579 1684 honorem
1598 1655 1726 1683 sanctae
1748 1655 1780 1683 et
1803 1648 1988 1682 individuae

1248 1703 1410 1737 Trinitatis
1427 1731 1434 1745 ,
1459 1704 1496 1738 ad
1531 1704 1756 1738 exaltationem
1781 1702 1856 1736 fidei
1882 1702 1990 1736 catho-

1248 1757 1338 1798 licae,
1365 1763 1396 1790 et
1420 1757 1616 1790 christianae
1642 1756 1811 1799 religionis
1836 1765 1988 1799 augmen-

1250 1815 1331 1852 tum,
1372 1810 1562 1843 auctoritate
1606 1809 1727 1843 domini
1774 1808 1878 1842 nostri
1917 1808 1989 1842 Iesu

1249 1863 1380 1905 Christi,
1407 1864 1574 1897 beatorum
1600 1863 1821 1906 apostolorum
1846 1861 1933 1895 Petri
1958 1866 1991 1894 et

1249 1917 1357 1958 Pauli,
1383 1927 1418 1949 ac
1442 1918 1568 1956 nostra,
1605 1917 1729 1948 matura
1755 1914 1990 1948 deliberatione

1249 1970 1458 2015 praehabita,
1487 1974 1519 2002 et
1554 1969 1661 2002 divina
1692 1979 1754 2012 ope
1780 1968 1909 2012 saepius
1935 1967 1992 2001 im-

1249 2025 1393 2067 plorata,
1433 2033 1468 2056 ac
1505 2023 1543 2056 dc
1584 2021 1817 2056 venerabilium
1858 2021 1991 2053 fratrum

1249 2082 1434 2110 nostrorum
1461 2076 1493 2109 S.
1514 2076 1551 2108 R.
1572 2075 1606 2108 Ε.
1635 2075 1868 2117 cardinalium,
1893 2073 1991 2118 patri-

1250 2130 1436 2171 archarum,
1462 2128 1782 2172 archiepiscoporum
1810 2133 1842 2161 et
1866 2127 1992 2171 episco-

1249 2194 1365 2228 porum
1390 2183 1422 2216 in
1447 2182 1532 2216 Urbe
1565 2181 1770 2215 existentium
1797 2179 1933 2214 consilio
1959 2185 1991 2213 et

1250 2248 1420 2277 consensu,
1446 2237 1482 2270 B.
1505 2236 1659 2269 lulianam
1680 2234 1899 2269 Falconeriam
1924 2244 1992 2267 san-

1250 2297 1330 2324 ctam
1356 2301 1428 2324 esse
1455 2290 1657 2323 decrevimus
1675 2295 1706 2323 et
1723 2289 1939 2330 definivimus,
1956 2298 1991 2321 ac

1249 2349 1434 2378 sanctorum
1459 2344 1602 2386 catalogo
1628 2342 1869 2386 adscripsimus,
1894 2344 1992 2385 prout

1250 2403 1363 2432 tenore
1380 2397 1599 2441 praesentium
1614 2396 1764 2429 similiter
1775 2394 1990 2435 decernimus,

1250 2451 1420 2485 definimus
1446 2456 1479 2484 et
1502 2449 1726 2492 adscribimus,
1749 2449 1902 2493 illamque
1922 2447 1992 2481 uni-

1249 2515 1360 2539 versos
1386 2504 1591 2538 cristifideles
1627 2508 1788 2548 tamquam
1818 2513 1893 2537 vere
1923 2512 1992 2536 san-

1250 2565 1331 2596 ctam
1357 2559 1518 2594 honorare
1542 2562 1573 2591 et
1598 2557 1744 2592 venerari
1770 2556 1991 2592 mandavimus

1993 165 2041 191 Αη,
2058 164 2087 191 C.
2108 163 2172 193 ¹787

2049 542 2174 564 Sntemnitu

1995 570 2167 593 canonizationis.

2228 166 2232 180 t
