2232 3178
53 226 98 252 An.
113 222 140 250 C.
161 219 228 248 1738

37 2719 39 2733 i

851 215 992 242 CLEMENS
1017 215 1062 240 xn
1085 216 1136 241 PP.

238 266 414 308 provinciale
441 265 574 297 futurum
597 275 772 297 concurrere
794 266 921 296 debeant
949 269 979 295 ut

237 316 308 347 socii
325 315 422 355 primi.
441 315 595 346 Praeterea
615 316 762 354 eligantur
777 315 826 345 alii
842 315 909 352 duo,
927 315 977 354 qui

238 366 345 396 suerint
366 365 523 405 aliquando
556 365 706 403 ministri,
731 365 863 404 quamvis
892 364 921 394 in
944 374 977 394 eo

238 415 364 454 capitulo
387 414 417 444 in
441 414 592 444 ministros
615 424 672 443 non
694 413 752 443 sint
773 413 870 451 electi,
892 417 923 442 ut
941 413 976 442 ad

238 464 397 504 capitulum
410 464 540 493 futurum
557 463 695 493 accedant
716 462 809 492 vocati
831 466 976 501 tamquam

237 513 307 543 socii
339 512 479 549 secundi,
511 521 635 551 quorum
667 511 801 551 primus,
825 511 976 540 deficiente

236 562 336 601 aliquo
359 561 505 599 gremiali,
529 560 576 590 cui
599 569 774 590 concurrere
798 569 855 589 non
879 559 915 588 sit
944 559 978 588 li-

237 611 352 648 berum,
370 610 542 648 suffragium
565 609 671 638 habeat
694 618 745 648 pro
768 618 813 645 eo,
831 612 858 637 et
874 617 977 637 secun-

237 660 290 690 dus
313 659 484 697 suffragium
508 658 613 688 habeat
635 659 658 687 si
682 658 796 688 deficiat
812 657 896 695 alter,
915 657 976 696 qui-

236 718 292 748 que
315 708 400 738 ambo
429 708 457 737 in
482 707 545 737 loco
578 707 710 746 proximo
743 710 825 736 extra
858 705 975 735 (tomum

237 757 427 796 capitularem
442 765 560 786 manere
576 755 682 785 debent
695 759 825 794 tempore
842 754 974 793 capituli,

236 810 268 837 ut
283 810 399 845 praesto
418 805 477 835 sint
493 813 681 842 concurrere,
699 804 723 834 si
741 808 890 833 vocentur.
907 803 977 833 Nul-

235 855 280 884 lus
302 859 398 884 autem
423 853 491 892 eligi
524 853 630 893 poterit
652 853 681 882 in
705 853 816 882 socium
849 852 975 891 primum

235 905 286 931 aut
309 900 482 938 secundum,
501 901 524 929 si
547 901 577 930 in
594 909 626 930 eo
649 899 777 939 capitulo
796 899 893 928 socius
915 899 976 928 sue-

234 950 274 980 rit
296 958 362 979 cum
386 949 538 986 exercitio,
563 949 650 978 etiam
673 948 836 987 supplendo
853 957 904 987 pro
920 948 975 977 alio

234 998 367 1039 quamvis
389 1003 459 1029 tunc
481 999 606 1037 eligatur
629 998 659 1028 in
683 998 859 1027 ministrum.

274 1056 332 1078 xvr.
357 1047 389 1078 ln
412 1057 480 1077 casu
503 1057 559 1087 quo
583 1051 647 1086 post
669 1046 777 1077 trinum
800 1046 973 1076 scrutinium

235 1097 329 1127 adhuc
351 1106 410 1127 non
432 1096 521 1126 suerit
554 1096 657 1126 electio
691 1095 831 1125 canonica
854 1100 951 1125 secuta
966 1119 973 1133 ,

235 1150 322 1185 tunc,
346 1146 461 1176 omissis
483 1146 634 1175 scrutiniis
649 1170 656 1184 ,
680 1155 713 1175 eo
744 1144 808 1184 ipso
835 1144 975 1174 habeatur

235 1200 382 1234 tamquam
401 1195 531 1233 legitime
554 1196 681 1231 electus,
707 1194 734 1223 vi
757 1194 843 1224 huius
867 1194 975 1224 consti-

234 1244 368 1282 tutionis,
392 1244 452 1282 ille,
471 1253 522 1284 pro
539 1253 596 1283 quo
611 1244 699 1273 suerit
721 1244 813 1273 maior
835 1253 974 1273 numerus

233 1293 442 1332 suffragiorum
474 1302 561 1332 quam
593 1302 645 1332 pro
668 1293 724 1322 alio
758 1297 806 1322 aut
833 1293 909 1322 aliis.
944 1292 974 1323 Si

234 1352 302 1373 vero
325 1352 377 1382 pro
407 1342 521 1372 duobus
550 1343 639 1372 fuerit
671 1342 801 1382 aequalis
833 1351 974 1372 numerus

232 1392 437 1430 suffragiorum
471 1392 565 1422 maior
597 1401 684 1431 quam
717 1401 769 1431 pro
792 1392 881 1429 aliis,
907 1397 974 1421 tunc

233 1441 382 1480 antiquior
402 1441 433 1471 in
456 1441 635 1480 professione
658 1440 854 1480 reputabitur,
874 1445 902 1471 et
925 1441 975 1471 ha-

233 1489 350 1520 bebitur
374 1494 521 1530 tamquam
544 1490 672 1528 legitime
691 1490 812 1520 electus.

274 1548 342 1569 xvlt.
366 1539 395 1570 Si
419 1548 472 1579 per
504 1544 627 1569 mortem
661 1543 710 1569 aut
732 1539 817 1568 aliam
841 1539 974 1578 quamvis

233 1597 351 1619 causam
375 1588 473 1618 socius
495 1588 602 1627 aliquis
624 1597 675 1627 pro
698 1597 749 1618 suo
771 1597 893 1618 munere
916 1597 973 1618 non

233 1638 324 1678 possit
345 1637 483 1668 accedere
505 1637 540 1667 ad
563 1637 736 1676 capitulum,
755 1641 823 1667 tunc
839 1636 974 1667 definito-

232 1687 309 1718 rium
333 1687 511 1727 provinciale
528 1691 657 1726 tempore
673 1691 739 1726 apto
758 1687 845 1725 eligat
861 1687 971 1716 socium

232 1736 295 1767 loco
317 1736 408 1766 illius.

272 1794 349 1816 xvut.
379 1785 408 1816 Si
436 1785 543 1825 aliquis
572 1785 718 1824 praelatus
742 1784 786 1815 vel
816 1784 974 1824 particula-

233 1835 274 1865 ris
302 1834 457 1873 religiosus
480 1834 590 1873 aliquid
613 1834 905 1864 animadvertendum
929 1833 973 1864 vel

232 1885 301 1914 nota
322 1883 443 1922 dignum
466 1882 614 1921 habuerit,
638 1882 666 1913 id
686 1883 786 1913 credat
802 1883 973 1922 provinciali

232 1942 285 1964 suo
307 1932 352 1963 vel
375 1932 464 1962 alicui
485 1931 563 1962 socio
585 1941 623 1961 ex
645 1931 748 1971 primis
771 1941 841 1962 suae
858 1933 975 1971 provin-

233 1981 315 2020 ciae,
339 1985 370 2012 ut
390 1981 453 2021 ipse
476 1981 570 2011 tradat
592 1980 746 2011 destinatis
769 1990 784 2010 a
807 1981 973 2013 definitorio

233 2031 407 2072 provinciali
429 2030 464 2061 ad
486 2030 642 2069 legendum
665 2030 813 2070 epistolas.

272 2090 330 2111 xix.
353 2080 449 2110 Factis
472 2079 614 2110 canonice
636 2079 848 2117 electionibus,
875 2089 974 2120 prose-

233 2134 360 2170 quantur
381 2129 528 2159 sessiones
550 2129 735 2159 necessariae
764 2129 798 2158 ad
828 2130 973 2168 agendum

234 2181 268 2211 de
282 2179 480 2215 observantia,
494 2187 662 2218 progressu,
680 2178 814 2218 bonoque
827 2179 974 2210 communi

235 2228 421 2269 provinciae,
445 2232 473 2257 et
495 2231 562 2257 ante
586 2227 682 2257 onmia
705 2237 738 2257 ac
761 2228 916 2268 praecipue
940 2230 974 2259 de

234 2278 296 2308 eius
318 2277 453 2307 instituto
467 2300 476 2314 ,
498 2276 699 2316 redemptione
722 2276 862 2306 nimirum
885 2278 975 2317 capti-

235 2335 348 2357 vorum.
373 2325 538 2365 Capitulum
555 2325 746 2365 provinciale,
765 2326 898 2365 quamvis
916 2336 973 2357 non

236 2375 326 2415 possit
346 2384 435 2405 novas
459 2375 683 2404 constitutiones
706 2379 847 2412 statuere,
868 2376 975 2414 poterit

235 2424 433 2455 ordinationes
456 2424 550 2453 facere
572 2423 607 2453 ad
630 2423 734 2453 melius
757 2424 888 2462 regimen
905 2434 974 2455 suae

236 2473 413 2514 provinciae,
437 2472 594 2502 dummodo
618 2472 710 2502 nihilo
733 2472 791 2502 sint
810 2474 974 2504 contrariae

235 2521 471 2553 ordinationibus
494 2521 576 2552 sactis
592 2531 606 2551 a
623 2521 759 2561 capitulis
787 2522 975 2560 generalibus

236 2572 280 2603 vel
301 2571 486 2611 generalibus
508 2571 694 2601 delinitoriis.

276 2630 323 2652 xx.
347 2620 587 2652 Ordinationibus
609 2620 703 2659 facin,
721 2624 802 2651 extra
816 2621 912 2653 aulam
929 2632 975 2653 ca-

321 2678 400 2708 Bull.
421 2679 504 2708 Rom.
527 2693 560 2700 —
583 2678 643 2707 Vol.
663 2678 791 2709 XXXIV.
919 2679 953 2708 58

1023 265 1177 305 pitularem
1201 265 1250 295 fiat
1273 274 1397 296 examen
1420 264 1602 296 studentium
1626 264 1675 304 qui
1695 274 1763 295 con-

1021 323 1139 344 currere
1156 314 1261 344 debent
1277 319 1308 344 ut
1325 323 1359 344 ex
1382 314 1440 344 illis
1456 314 1602 352 eligantur
1625 314 1761 344 lectores.

1062 372 1119 392 xx1.
1145 363 1310 402 Capitulum
1333 363 1422 401 eligat
1445 373 1495 393 sex
1519 367 1614 403 patres
1641 374 1675 393 ex
1698 373 1762 401 gra-

1022 411 1151 441 vioribus
1174 412 1353 451 provinciae,
1378 422 1501 452 quorum
1525 413 1648 442 consilio
1671 418 1699 442 et
1718 422 1762 442 as-

1020 469 1107 489 sensu
1122 465 1202 499 pater
1216 461 1416 499 provincialis,
1431 461 1546 500 quando
1562 470 1646 490 casus
1663 470 1762 490 occur-

1020 509 1113 545 rerit,
1138 509 1237 538 eiiciat
1260 510 1295 539 ab
1318 510 1420 539 ordine
1443 510 1592 549 aliquem,
1617 510 1761 540 instructo

1021 566 1170 595 processu,
1194 562 1221 587 et
1245 557 1319 587 bene
1342 558 1472 597 probatis
1495 559 1592 588 causis
1615 559 1761 598 expulsi0<

1020 606 1076 641 nis,
1101 606 1281 646 servatisque
1304 607 1431 637 decretis
1454 608 1716 645 Congrcgationum
1733 613 1761 638 et

1020 654 1206 683 Summorum
1229 655 1425 692 Pontificum3
1449 660 1477 685 et
1501 661 1650 695 praeterea
1673 657 1762 695 eligat

1020 703 1054 732 ad
1076 703 1213 733 eumdem
1238 704 1468 745 effectumlalios
1492 711 1618 744 quatuor
1642 706 1684 735 vel
1709 715 1761 735 sex

1021 757 1118 791 patres
1140 752 1342 791 subrogandos
1364 754 1466 783 ordine
1489 764 1557 784 suae
1587 755 1759 790 electionis,

1019 801 1049 830 in
1072 801 1216 831 desectum
1240 801 1364 832 alicuius
1389 802 1432 832 vel
1455 803 1621 842 aliquorum
1652 813 1686 833 ex
1709 813 1761 833 sex

1021 850 1101 889 prius
1124 851 1236 880 electis.

1060 909 1128 929 xx11.
1155 900 1204 929 His
1227 900 1327 935 sactis,
1353 901 1489 939 legantur
1512 910 1611 930 coram
1634 901 1760 940 capitulo

1019 948 1133 978 decreta
1158 954 1276 979 sanctae
1300 950 1448 979 Romanae
1470 950 1617 988 generalis
1635 950 1761 989 Inquisi-

1020 998 1117 1036 tionis,
1142 1003 1169 1028 et
1192 1008 1310 1038 praeses
1333 999 1455 1038 capituli
1480 1000 1613 1029 hortetur
1635 1001 1761 1038 gremia-

1018 1047 1060 1077 les
1077 1047 1111 1077 ad
1130 1048 1262 1078 strictam
1278 1048 1491 1078 observantiam
1508 1049 1638 1078 illorum.

1058 1105 1138 1126 xxut.
1163 1097 1293 1127 Decretis
1316 1097 1411 1134 lectis,
1436 1107 1553 1136 praeses
1572 1098 1690 1137 capituli
1706 1098 1760 1128 im-

1019 1150 1106 1184 ponat
1129 1150 1344 1184 praeceptum,
1370 1151 1399 1175 ut
1432 1146 1541 1176 dicitur
1573 1146 1607 1176 (le
1630 1147 1759 1186 capitulo

1018 1194 1162 1232 generali3
1198 1199 1225 1224 et
1258 1195 1283 1224 si
1309 1194 1426 1234 aliquod
1450 1195 1693 1234 impedimentum
1715 1195 1760 1225 in-

1018 1248 1136 1273 ventum
1160 1243 1258 1280 suerit,
1283 1242 1318 1272 ad
1338 1243 1502 1282 praesidem
1525 1244 1646 1282 capituli
1669 1249 1696 1274 et
1712 1244 1759 1274 de-

1018 1291 1180 1321 finitorium
1204 1301 1270 1321 cuin
1293 1302 1345 1322 suo
1369 1292 1540 1331 provinciali
1561 1296 1670 1332 spectet
1686 1293 1760 1323 iudi-

1017 1340 1112 1370 cium:
1132 1341 1213 1370 nullo
1230 1345 1327 1370 autem
1343 1341 1474 1379 invento,
1492 1341 1548 1378 vel,
1567 1341 1590 1371 si
1606 1342 1760 1372 inventum

1016 1390 1116 1427 suerit,
1140 1390 1249 1419 iudicio
1272 1390 1347 1420 facto
1370 1399 1385 1419 a
1409 1390 1542 1429 praeside
1564 1395 1591 1421 et
1615 1395 1673 1421 toto
1690 1391 1760 1421 deti-

1017 1438 1124 1468 nitorio
1147 1438 1344 1478 provinciali,
1369 1442 1462 1468 totum
1492 1439 1654 1478 capitulum
1684 1440 1759 1471 albis

1017 1487 1166 1527 nigrisque
1189 1488 1297 1526 lapillis
1319 1487 1407 1526 eligat
1430 1488 1646 1528 redemptorem
1670 1490 1760 1529 capti-

1017 1546 1118 1566 vorum
1143 1546 1194 1576 pro
1217 1538 1269 1566 sua
1293 1537 1465 1576 provincia,
1490 1542 1517 1567 et
1541 1543 1758 1577 procuratorem

1017 1586 1185 1625 provinciae
1202 1595 1253 1625 pro
1270 1588 1314 1616 ea.
1332 1586 1362 1616 Si
1378 1586 1407 1616 in
1425 1587 1524 1626 aliqua
1543 1587 1655 1617 familia
1670 1589 1759 1619 fuerit

1016 1635 1097 1664 curia
1120 1635 1285 1664 communis
1309 1634 1438 1674 plurium
1466 1636 1685 1675 provinciarum
1707 1636 1758 1668 Or-

1016 1684 1103 1722 dinis,
1122 1688 1149 1714 et
1166 1684 1335 1724 provinciae
1348 1685 1514 1715 alternatim
1534 1685 1674 1724 elegerit¹
1692 1696 1758 1726 pro-

1016 1738 1182 1763 curatorem
1205 1734 1336 1764 omnium
1360 1734 1494 1771 illarum3
1519 1736 1671 1774 provincia
1694 1736 1756 1775 illa,

1016 1783 1062 1812 cui
1084 1783 1246 1813 secundum
1269 1783 1375 1813 dictam
1398 1784 1603 1814 alternativam
1620 1785 1759 1824 competit

1016 1831 1118 1861 electio
1141 1831 1308 1861 huiusmodi
1333 1833 1547 1871 procuratoris,
1573 1832 1653 1872 prius
1670 1834 1759 1872 eligat

1016 1880 1099 1910 illum
1122 1881 1152 1910 in
1174 1890 1227 1911 suo
1250 1880 1377 1920 capitulo
1401 1881 1584 1921 provinciali,
1609 1885 1636 1911 et
1658 1886 1758 1921 postea

1016 1930 1104 1968 eligat
1133 1934 1352 1969 procuratorem
1387 1931 1596 1970 particularem
1627 1931 1758 1962 eiusdem

1018 1980 1194 2019 provinciae.

1058 2038 1134 2058 xxiv.
1159 2028 1261 2059 Postea
1295 2033 1388 2060 totum
1421 2029 1583 2069 capitulum
1606 2030 1759 2061 confirmet

1017 2078 1189 2108 electionem
1214 2078 1305 2117 patris
1325 2079 1535 2118 provincialis;
1560 2088 1757 2119 praesesque,

1017 2137 1130 2157 necnon
1155 2127 1360 2167 provincialis,
1385 2127 1469 2157 cuius
1492 2128 1620 2158 osticium
1643 2129 1759 2168 expirat

1017 2177 1052 2206 ad
1065 2176 1263 2207 definitorium
1279 2177 1470 2216 provinciale,
1488 2178 1641 2208 confirmet
1658 2187 1758 2208 omnes

1017 2227 1087 2257 alias
1109 2226 1280 2256 electiones.

1058 2285 1124 2306 xxv.
1149 2276 1199 2306 llis
1221 2275 1358 2306 omnibus
1381 2276 1545 2316 expeditis,
1570 2276 1666 2307 socius
1700 2277 1758 2316 pri-

1017 2335 1082 2355 mus
1109 2328 1230 2363 surgat,
1255 2329 1282 2355 et
1316 2335 1414 2355 coram
1444 2326 1571 2365 capitulo
1604 2325 1681 2363 legat
1710 2336 1757 2356 ca-

1017 2375 1146 2412 talogum
1179 2374 1384 2412 religiosorum
1413 2374 1463 2413 qui
1496 2374 1524 2404 in
1558 2374 1607 2404 illo
1630 2374 1755 2405 triennio

1017 2423 1208 2453 decesserunt
1240 2423 1270 2452 in
1301 2424 1354 2452 sua
1389 2422 1553 2461 provincia.
1592 2422 1700 2452 Deinde
1732 2423 1756 2453 si

1016 2473 1108 2512 aliqui
1131 2473 1260 2511 religiosi
1286 2474 1359 2511 (non
1382 2472 1496 2502 vocales
1516 2472 1607 2511 ipsius
1623 2472 1754 2511 capituli,

1018 2522 1047 2552 lii
1069 2521 1146 2552 enim
1170 2530 1323 2551 recurrere
1346 2521 1453 2551 debent
1476 2521 1510 2550 ad
1533 2521 1694 2561 capitulum
1711 2521 1756 2552 vel

1054 2629 1065 2653 1
1088 2625 1196 2654 Videtur
1215 2625 1361 2662 legendum
1380 2625 1520 2660 deflerim
1541 2625 1580 2662 (a.
1599 2624 1648 2661 Τ.).

1659 205 1723 240 457
1770 213 1822 244 An.
1838 214 1867 244 c.
1891 215 1958 246 1733
