2232 3178
52 228 100 257 An.
118 226 148 254 C.
165 223 232 252 1798

116 827 152 854 52

73 855 102 876 De
120 853 224 874 confessa-

49 882 84 912 rii:

49 913 105 930 rium.

131 881 223 901 saecula-

871 222 1014 247 CLEMENS
1041 222 1087 246 ΧΠ
1111 223 1160 247 PP-

235 272 327 303 nostri
340 271 456 302 Ordinis
470 272 676 312 approbatum,
694 275 831 311 poterunt
845 272 976 302 confiteri

237 325 354 361 peccata
385 331 436 351 sua
465 322 607 351 sacerdoti
631 321 759 360 simplici
793 321 896 350 idoneo
930 330 980 350 no-

235 374 313 400 strae
336 370 499 408 religionis,
524 370 568 399 vel
593 369 713 399 cuilibet
736 369 914 399 confessario
930 378 980 408 ap-

235 417 355 458 probato
377 418 514 455 religioso
538 419 582 448 vel
605 418 761 448 saeculari.

274 476 312 496 vt.
347 467 538 497 Decernimus
571 468 647 507 quod
683 468 850 497 sacerdotes
886 466 977 496 nostri

234 525 292 545 non
315 515 454 545 habentes
477 516 647 546 facultatem
665 516 800 546 audiendi
819 515 978 545 confessio-

234 573 286 594 nes
309 564 511 602 religiosorum
542 569 711 594 nostrorum
741 573 910 593 concessam
934 563 977 592 vel

235 622 288 652 per
309 614 534 644 constitutiones
556 618 671 644 nostras
704 613 748 643 vel
773 623 823 652 per
846 612 978 651 superio-

235 670 281 691 res
314 661 364 700 qui
394 661 459 692 illas
488 662 648 692 concedere
672 666 815 701 possunt,
848 670 905 690 non
930 670 978 689 va-

235 709 314 739 leant
335 710 468 750 accipere
492 711 691 741 confessiones
724 711 810 740 etiam
843 709 979 739 sacerdo-

234 763 298 789 tum
320 764 500 789 nostrorum.

274 817 294 838 1.
319 808 396 838 Nulli
419 819 456 838 ex
475 809 584 838 nostris
600 808 685 838 liceat
701 808 803 838 audire
820 807 978 838 consessio-

234 866 287 887 nes
310 857 439 887 virorum
462 858 669 895 saecularium,
693 858 756 887 sine
779 867 812 887 eo
835 857 911 896 quod
929 857 978 886 ba-

235 905 301 936 beat
327 910 386 936 tres
409 915 501 936 annos
517 906 676 945 completos
698 906 742 936 sui
765 906 931 942 sacerdotii,
950 910 977 935 et

235 955 298 985 sine
321 955 457 985 facultate
480 955 628 986 Ordinarii
651 965 684 985 ac
706 955 751 985 sni
775 955 976 994 provincialis.

234 1004 288 1040 Qui
311 1005 427 1044 quidem
452 1005 544 1044 prius,
568 1005 655 1034 simul
671 1014 735 1034 cum
754 1005 888 1034 ministro
910 1014 978 1034 con-

235 1058 339 1084 ventus
372 1058 399 1084 et
431 1053 487 1083 alio
519 1053 655 1092 religioso
688 1054 772 1083 docto
805 1063 837 1083 ac
871 1053 978 1083 virtute

235 1103 368 1142 praedito
385 1102 420 1132 ab
442 1102 505 1142 ipso
529 1102 700 1142 provinciali
716 1102 876 1140 designato,
895 1102 976 1131 illum

236 1151 384 1180 examinet
417 1150 452 1180 de
484 1151 610 1180 scientia
640 1151 763 1185 morali,
795 1160 844 1190 per
867 1155 976 1179 secreta

235 1199 372 1238 suffragia
397 1199 561 1239 approbent
584 1200 629 1229 vel
653 1199 820 1239 reprobent.
837 1199 865 1229 Si
882 1204 976 1229 autem

235 1249 424 1288 provincialis
447 1258 503 1278 non
528 1249 655 1288 potuerit
677 1249 818 1278 interesse
837 1248 975 1286 examini,

235 1298 325 1327 alium
342 1307 393 1337 pro
409 1297 459 1327 illo
475 1297 594 1336 deputet
609 1297 777 1335 religiosum
794 1297 856 1327 loco
873 1297 976 1337 ipsius.

276 1356 306 1376 11.
330 1347 372 1376 Ad
395 1347 556 1376 audiendas
578 1347 777 1376 confessiones
803 1348 977 1376 feminarum

235 1395 357 1435 quibhet
391 1404 425 1425 ex
459 1396 565 1425 nostris
588 1395 674 1425 debet
697 1395 806 1425 babere
829 1396 976 1425 licentiam

234 1445 280 1474 sui
312 1445 471 1474 delinitorii
505 1445 671 1483 generalis,
695 1446 813 1484 petitam
850 1454 863 1474 a
897 1450 977 1485 patre

235 1494 432 1532 provinciali,
457 1494 591 1524 consulto
624 1494 758 1524 ministro
791 1495 913 1531 domus3
945 1504 977 1523 ac

233 1542 356 1582 insuper
378 1542 464 1572 debet
481 1543 563 1582 prius
581 1543 707 1572 audiisse
724 1543 920 1573 confessiones
938 1543 979 1572 vi-

234 1600 333 1621 rorum
357 1591 551 1621 saecularium
575 1591 763 1622 laudabiliter
786 1596 813 1621 et
836 1601 887 1632 per
904 1592 977 1622 duos

233 1640 364 1678 integros
386 1649 488 1670 annos.

273 1698 314 1718 ιιι.
338 1688 392 1724 Qui
415 1689 478 1719 sine
501 1689 653 1729 requisitis
676 1694 701 1720 et
725 1690 914 1720 facultatibus
930 1700 978 1720 ex-

235 1738 344 1778 pressis
376 1739 405 1768 in
436 1738 548 1768 duobus
581 1739 713 1769 numeris
735 1740 978 1769 antecedentibus

234 1796 323 1817 ausus
340 1787 428 1817 fuerit
443 1787 644 1817 consessiones
660 1788 772 1825 audire,
791 1790 835 1818 vel
851 1788 977 1818 examini

234 1834 379 1866 Ordinarii
404 1836 467 1866 sine
488 1836 609 1866 licentia
630 1836 749 1867 Ordinis
767 1846 797 1866 se
816 1846 976 1876 exponere,

235 1886 367 1925 privatus
389 1886 427 1916 sit
450 1886 613 1916 ministerio
636 1886 803 1926 excipiendi
819 1887 977 1916 confessio-

234 1943 298 1973 nes,
323 1944 418 1974 neque
441 1935 475 1964 ad
498 1935 570 1964 illud
587 1935 612 1964 ei
629 1945 757 1974 unquam
774 1936 891 1965 licentia
911 1945 979 1966 con-

235 1984 366 2023 cedatur,
384 1984 441 2014 nisi
464 1993 515 2024 per
537 1985 697 2024 capitulum
722 1986 869 2023 generale.

274 2042 311 2062 lv.
334 2034 376 2063 Ad
400 2034 454 2063 hoc
477 2037 574 2063 autem
598 2038 630 2063 ut
647 2034 830 2072 confessarii,
849 2038 913 2074 post
928 2034 978 2064 ob-

235 2086 344 2113 tentam
377 2083 544 2112 facultatem
577 2083 975 2122 excipiendiconfessiones,

234 2132 419 2170 negligentes
441 2141 498 2162 non
521 2132 580 2162 sint
603 2132 631 2162 in
655 2133 771 2169 studio,
796 2143 849 2163 nec
871 2134 978 2163 doctri-

235 2190 302 2211 nam
325 2181 464 2211 moralem
488 2190 541 2220 pro
563 2181 704 2211 derelicta
725 2182 869 2221 babeant,
894 2192 977 2222 prae-

236 2230 362 2269 cipimus
394 2230 422 2259 in
453 2228 559 2260 virtute
588 2235 705 2260 sanctae
734 2231 917 2262 obedientiae
950 2237 977 2262 et

235 2278 289 2309 sub
322 2283 476 2319 praecepto
509 2279 623 2309 formali
656 2280 788 2319 patribus
812 2281 975 2319 ministris,

236 2328 312 2367 quod
335 2327 546 2358 inviolabiliter
568 2333 682 2365 curent,
706 2333 734 2359 et
753 2330 786 2359 ad
804 2330 831 2359 id
848 2330 977 2369 obligent

237 2385 338 2406 omnes
361 2376 555 2406 confessarios
578 2380 635 2406 tam
658 2377 787 2407 virorum
820 2388 906 2417 quam
938 2379 978 2408 se-

236 2424 380 2455 minarum
415 2425 568 2464 (exceptis
605 2425 655 2465 qui
695 2426 754 2456 sint
789 2426 831 2456 vel
869 2427 976 2457 fuerint

235 2474 359 2514 praelati
392 2474 436 2504 vel
460 2474 586 2504 ministri
620 2474 663 2504 vel
691 2484 790 2505 sacrae
815 2475 976 2514 theologiae

235 2522 386 2562 lectores),
413 2527 445 2554 ut
475 2523 564 2553 semel
597 2523 626 2553 in
651 2523 829 2555 bebdomada
853 2525 978 2556 babeant

235 2571 313 2602 inter
335 2581 365 2602 se
383 2572 592 2602 conferentiam
609 2573 760 2611 moralem,
779 2574 858 2604 nullo
876 2584 976 2605 eorum

236 2620 409 2658 deficiente,
434 2621 490 2652 nisi
523 2626 641 2661 propter
675 2622 892 2654 infirmitatem:
917 2625 978 2655 dies

1022 277 1117 301 antem
1155 275 1328 311 tempusque
1351 271 1552 309 designabitur
1582 281 1594 300 a
1619 271 1764 301 ministro.

1024 320 1175 350 Praeterea
1199 330 1310 358 omneS,
1336 321 1384 360 qui
1408 321 1550 350 interesse
1572 320 1678 349 debent
1697 330 1765 349 con-

1022 369 1177 406 ferentiae,
1207 369 1410 398 examinentur
1434 368 1707 408 indispensabiliter
1734 371 1764 397 in

1021 417 1151 446 secunda
1173 418 1340 447 visitatione
1363 418 1519 448 cuiuslibet
1544 418 1662 447 triennii
1687 427 1700 446 a
1725 418 1767 446 vi-

1021 465 1141 495 sitatore
1174 471 1201 495 et
1233 476 1246 494 a
1282 466 1394 495 (luobus
1427 466 1570 504 religiosis
1607 466 1766 502 designatis

1022 523 1102 543 num.
1128 523 1135 543 1
1159 514 1244 543 liuius
1267 515 1297 553 ξ,
1324 515 1372 554 qui
1403 525 1455 554 per
1483 520 1596 544 secreta
1627 514 1766 551 suffragia

1022 562 1186 601 approbent
1209 564 1253 592 vel
1276 564 1445 603 reprobent,
1470 568 1497 593 ct
1519 574 1533 593 a
1558 563 1714 602 reprobato
1733 563 1766 592 li-

1021 612 1145 641 centiam
1169 612 1281 641 auserat
1304 613 1449 642 visitator,
1474 613 1533 642 lloc
1566 617 1661 642 antem
1695 622 1766 642 exa—

1021 670 1087 690 men
1111 670 1227 700 semper
1249 662 1312 698 fiat,
1334 661 1425 691 donec
1444 662 1613 691 confessarii
1631 662 1766 700 expleve-

1021 710 1079 739 rint
1093 710 1195 748 xiginti
1208 720 1299 741 annos
1313 711 1467 740 laudabilis
1480 711 1610 741 exercitii
1627 710 1765 741 audiendi

1021 759 1231 795 confessiones,
1256 765 1283 790 et
1306 764 1370 799 post
1386 761 1488 799 viginti
1511 770 1603 790 annos
1626 770 1682 790 non
1706 770 1766 790 am-

1021 808 1098 848 plius
1121 809 1337 839 examinentur.

1060 866 1088 887 r.
1113 858 1143 887 Iu
1168 859 1300 888 ecclesiis
1323 859 1430 889 nostris
1453 859 1511 889 sint
1534 859 1764 889 confessionaria

1021 907 1187 937 amoribilia
1211 917 1246 936 ex
1268 907 1387 937 decente
1403 908 1481 945 ligno
1498 908 1647 937 fabricata.
1663 908 1766 937 Nullus

1021 960 1115 985 autem
1139 957 1335 986 confessarius
1359 957 1535 987 feminarum
1570 957 1668 986 audiat
1698 966 1766 986 con-

1021 1005 1178 1039 fessiones,
1203 1006 1259 1035 nisi
1283 1006 1311 1035 in
1336 1006 1433 1044 aliquo
1456 1016 1493 1035 ex
1516 1006 1674 1045 praedictis
1698 1015 1766 1036 con-

1021 1054 1211 1090 sessionariis‚
1235 1064 1330 1093 neque
1352 1064 1452 1084 earum
1476 1055 1672 1084 confessiones
1688 1055 1766 1084 exci-

1023 1102 1098 1140 piat,
1125 1103 1180 1132 nisi
1204 1103 1253 1141 qui
1283 1103 1437 1132 actualiter
1465 1103 1502 1132 sit
1531 1104 1574 1133 vel
1608 1103 1765 1142 aliqnando

1020 1151 1109 1180 fuerit
1133 1152 1291 1190 praelatus,
1316 1152 1360 1181 vel
1383 1153 1433 1190 qui
1456 1153 1557 1182 aetatis
1573 1162 1665 1182 annos
1681 1153 1766 1192 qllin-

999 1200 1159 1238 ‚quaginta
1184 1200 1307 1237 habeat,
1331 1200 1374 1229 vet
1399 1201 1546 1230 licentiam
1570 1211 1583 1230 a
1608 1211 1660 1231 sno
1684 1211 1766 1240 prae-

1000 1278 1001 1283 ,
1021 1248 1078 1277 lato
1102 1258 1153 1287 pro
1177 1258 1244 1278 casu
1269 1258 1351 1285 raro,
1376 1253 1404 1279 et
1427 1259 1595 1289 expressam
1620 1260 1671 1289 pro
1694 1260 1765 1289 qua-

999 1317 1001 1333 2
1021 1297 1091 1327 libet
1122 1298 1196 1327 vice.
1227 1298 1269 1327 Ad
1293 1299 1491 1328 confessiones
1514 1304 1610 1329 antem
1634 1300 1764 1328 virorum

1022 1351 1158 1386 poterunt
1181 1356 1244 1377 esse
1266 1348 1494 1377 confessionaria
1517 1348 1546 1378 in
1570 1349 1691 1378 claustri
1716 1358 1764 1388 pa-

999 1418 1001 1424 .
1021 1396 1144 1425 rietibus
1168 1396 1335 1433 elaborata,
1359 1397 1516 1427 dummodo
1545 1407 1610 1427 cum
1641 1398 1765 1428 ecclesi-a

1020 1455 1074 1475 nec
1097 1455 1215 1484 parvam
1239 1446 1533 1477 communicationem
1558 1447 1694 1477 habeant.

1060 1503 1098 1523 vr.
1123 1495 1155 1524 In
1178 1495 1258 1525 nullo
1286 1505 1320 1525 ex
1343 1495 1428 1525 dictis
1451 1496 1689 1526 confessionariis
1721 1506 1765 1526 re-

1021 1543 1141 1581 ligiosus
1163 1544 1270 1583 aliquis
1293 1545 1402 1583 sedeat,
1427 1545 1475 1584 qui
1500 1545 1672 1575 feminarum
1696 1555 1763 1575 cou-

1022 1592 1158 1622 fessarius
1181 1594 1238 1630 sit,
1263 1594 1320 1624 nisi
1342 1599 1412 1624 tuuc
1434 1595 1558 1624 ecclesia
1593 1595 1630 1624 sit
1652 1595 1762 1625 clausa.

1020 1641 1074 1676 Qui
1104 1651 1188 1672 secus
1210 1643 1321 1678 fecerit,
1347 1646 1442 1683 poena
1463 1644 1567 1683 cnlpae
1591 1645 1688 1682 gravis
1712 1655 1765 1684 pu-

1021 1691 1134 1728 niatur,
1157 1692 1233 1731 quod
1257 1693 1281 1722 si
1304 1693 1466 1730 iteraverit,
1492 1693 1630 1723 inhabilis
1648 1699 1763 1724 maneat

1020 1740 1055 1769 ad
1078 1739 1266 1770 obtinendam
1286 1742 1454 1772 facultatem
1489 1742 1625 1772 audiendi
1661 1743 1764 1773 mulie-

1020 1798 1085 1818 rum
1102 1789 1312 1828 confessiones,
1328 1791 1372 1820 vel
1387 1791 1442 1820 alia
1459 1792 1652 1830 aequivalenti
1671 1794 1764 1831 poena

1020 1838 1176 1876 afficiatur,
1201 1839 1280 1869 iuxta
1305 1844 1411 1869 statum
1436 1849 1532 1870 suum.

1059 1896 1108 1917 vu.
1134 1887 1280 1918 Licentiae
1303 1889 1466 1928 excipiendi
1496 1890 1692 1920 confessiones
1722 1891 1763 1920 ri-

1021 1944 1120 1965 rorum
1157 1936 1217 1966 sive
1258 1937 1431 1967 ffflninarum
1473 1947 1530 1967 non
1560 1938 1764 1977 intelligantur

1019 1985 1151 2016 absolute
1175 1990 1200 2016 et
1224 1986 1252 2016 in
1273 1992 1445 2026 perpetuum
1465 1997 1632 2024 concessae,
1650 1988 1699 2017 sed
1716 1988 1765 2018 de-

1021 2035 1180 2074 pendenter
1202 2045 1216 2064 a
1241 2036 1390 2066 voluntate
1413 2036 1574 2075 religionis,
1603 2046 1676 2076 quae
1699 2038 1764 2066 illas

1020 2085 1129 2122 peterit
1151 2084 1290 2121 limitare,
1314 2084 1431 2115 abolere
1448 2090 1475 2115 et
1492 2086 1592 2116 tollere
1608 2087 1671 2116 sine
1691 2086 1764 2115 obli—

1019 2134 1136 2171 gatione
1159 2134 1300 2163 reddendi
1323 2144 1452 2164 causam.
1476 2134 1557 2170 Quod
1582 2145 1638 2165 non
1657 2135 1765 2165 intelli-

1019 2187 1104 2220 gatur
1119 2192 1184 2212 cum
1202 2183 1260 2212 illis
1284 2183 1430 2221 religiosis
1447 2184 1496 2223 qui
1510 2189 1577 2214 sunt
1593 2185 1636 2214 vel
1656 2185 1764 2214 fuerint

1021 2232 1152 2270 praelati,
1167 2233 1212 2262 vel
1228 2233 1278 2271 qui
1294 2232 1419 2262 babeant
1432 2233 1642 2272 quinquaginta
1660 2234 1764 2264 aetatis

1019 2289 1129 2310 annos:
1154 2281 1278 2310 aliorum
1302 2286 1398 2311 autem
1422 2282 1557 2311 licentiae
1587 2287 1697 2312 tantum
1721 2283 1763 2312 iu-

1019 2329 1153 2359 dicentur
1175 2330 1342 2360 coutinuari
1365 2336 1392 2360 et
1408 2340 1591 2370 permanere,
1609 2341 1680 2370 quas
1696 2331 1764 2361 sub-

1019 2378 1143 2417 scriptas
1166 2379 1314 2418 relinquat
1335 2379 1470 2409 visitator
1492 2380 1521 2409 in
1545 2382 1598 2409 sua
1620 2380 1762 2409 visitatio-

1020 2437 1067 2465 ne,
1086 2428 1130 2457 vel
1146 2429 1283 2468 superior
1300 2429 1445 2467 generalis·
1462 2430 1577 2468 qnando
1601 2435 1762 2459 conventus

1021 2476 1215 2515 perambulet;
1240 2481 1268 2507 et
1289 2478 1329 2507 ita
1352 2487 1409 2507 non
1434 2478 1615 2517 subscriptae
1644 2487 1677 2507 eo
1700 2478 1762 2517 ipso

1020 2530 1144 2557 cessent.

1060 2586 1118 2607 rut.
1142 2576 1174 2606 ln
1198 2576 1323 2615 oppidis,
1348 2577 1377 2606 in
1401 2576 1506 2615 quibus
1522 2580 1761 2607 suntconventns

1020 2625 1124 2663 nostri,
1143 2635 1200 2655 non
1217 2625 1394 2654 concedatur
1413 2625 1530 2655 licentia
1547 2626 1581 2655 ad
1599 2626 1709 2655 exitum
1727 2626 1761 2656 de

1662 213 1726 247 4027
1773 221 1824 249 An.
1847 221 1876 249 c.
1894 223 1961 250 1738
