2232 3178
76 206 123 230 An.
138 202 168 230 C,
189 200 256 229 1737

123 845 252 872 appu-abano

71 874 126 894 racia
149 879 186 899 per
209 878 252 892 rua-

73 906 133 926 gnuin
187 905 251 925 magi·

71 929 113 947 stru
117 932 142 947 m.

116 1641 253 1662 Confirmatui·

72 1673 84 1688 a
99 1668 206 1689 rnnmice.

884 200 1026 225 CLEMENS
1054 200 1099 224 xil
1124 201 1173 225 PP.

264 258 279 279 a
302 249 358 280 Sua
380 248 490 280 Santita
515 258 565 289 per
587 250 613 280 la
636 249 866 280 confermazione
889 249 935 279 del
958 249 1006 279 do·

264 302 343 328 creto
365 298 418 328 che
441 299 505 328 sara
528 308 592 328 reso
615 299 690 328 sulla
725 298 884 328 medesima
899 323 906 336 ,
931 298 1004 328 eolla

264 346 455 385 derogazione
478 347 506 376 di
531 351 604 377 tutto
632 348 676 377 cio
705 347 758 377 che
782 347 922 386 potrebbe
945 348 1004 376 sare

263 396 292 425 in
315 396 462 426 contrario
485 396 511 426 al
534 401 669 436 presente
696 396 902 434 regolamento.
931 396 1005 431 Que-

263 449 306 474 sto
335 445 350 474 e
377 445 397 474 il
424 449 524 475 nostro
546 445 743 481 sentimento,
768 445 854 484 quale
877 450 1005 484 sottopo-

264 494 361 524 niamo
378 495 404 524 al
429 495 478 534 piu
495 499 609 525 maturo
625 494 853 525 discernimento
876 495 905 524 di
922 494 954 524 V.
973 494 1003 524 E.

263 543 436 573 Umilissimi
459 543 493 573 ed
516 543 740 581 obbligatissimi
764 543 900 573 servitori
924 553 938 573 e
961 552 1006 573 re-

263 592 359 631 ligiosi
382 592 632 622 ubbidientissimi
649 603 654 621 :
680 593 699 622 il
724 593 820 631 priore
836 592 863 621 (Ιί
881 592 1005 622 Messina

262 642 305 670 fra
329 642 479 671 Amani:
506 641 686 677 VtMEnCAT1‚
710 641 730 671 il
754 651 825 679 gran
850 641 948 680 priore
978 642 1004 671 di

262 691 421 729 Aleinagna
446 691 566 721 Fnarro
588 690 748 720 GtuLtmeo
773 695 857 720 conte
879 690 914 719 de
937 691 1007 720 Nes-

263 739 397 777 selrocle,
421 740 440 769 il
473 739 531 769 hali
565 740 606 769 fra
639 739 820 769 Emifxxrerr:
849 739 959 775 Pixro,
982 740 1006 769 te

264 789 330 818 bae'li
353 789 392 818 Di:
415 789 512 818 LAVAL
535 789 772 818 Moxrnoneucv.

302 837 560 867 Eminentissimus
583 842 610 867 et
629 837 892 867 reverendissimus
916 837 1007 866 domi-

262 896 318 916 nus
349 896 472 925 magnus
494 887 632 924 magister
659 891 687 916 et
718 885 884 915 venerabile
907 886 1007 916 Consi-

262 936 350 972 lium,
381 945 446 965 cum
477 935 683 973 suffragiorum
706 934 865 972 scrutinio,
890 935 1006 964 nemine

262 984 451 1023 discrepante
469 1008 476 1021 ‚
520 984 732 1023 praeinsertam
773 984 1005 1013 venerandorum

262 1032 531 1062 commissariorum
555 1032 728 1062 relationem
756 1032 1006 1062 confirmaverunt

262 1086 291 1112 et
313 1081 570 1121 approbaverunt,
595 1081 734 1121 illamque
768 1081 935 1111 executioni
958 1081 1007 1111 de-

263 1131 395 1160 mandari
417 1131 622 1161 decreverunt.

303 1180 337 1210 Et
360 1180 427 1219 quia
451 1180 489 1209 ita
512 1190 542 1210 se
566 1180 653 1210 babet
676 1180 796 1215 veritas,
814 1180 878 1209 idco
901 1180 930 1209 in
954 1180 1006 1210 hu-

262 1228 308 1258 ius
331 1228 374 1258 rei
393 1229 591 1258 testimonium
616 1229 695 1258 bulla
713 1234 810 1259 nostra
828 1229 1006 1268 magistralis

262 1277 293 1307 in
322 1279 392 1307 cera,
423 1278 510 1316 nigra
542 1278 747 1317 praesentibus
777 1283 820 1308 est
849 1279 1004 1318 impressa.

262 1326 364 1356 Datum
388 1327 502 1356 Melitae
535 1327 564 1356 in
597 1331 742 1357 conventu
777 1332 895 1365 nostro,
920 1327 966 1357 die
990 1338 1005 1357 x

262 1376 372 1406 mensis
394 1376 518 1406 ianuarii
541 1385 708 1406 moecxxxw
737 1376 772 1406 ab
803 1377 1006 1406 Incarnatione

262 1424 342 1455 iuxta
358 1424 458 1454 stilum
475 1429 592 1455 nostrae
615 1425 820 1463 cancellariae,
845 1425 1006 1455 secundum

262 1484 331 1504 vero
367 1483 486 1504 cursum
523 1474 703 1504 ordinarium
742 1483 932 1504 mocexxxvn.
969 1493 1007 1498 --

264 1524 295 1554 F.
324 1523 463 1553 Rooencs
497 1532 533 1553 ns
565 1523 687 1553 ΤΑνοΒΑ
722 1523 1005 1555 vice-cancellarius.

264 1572 332 1602 Loco
354 1575 372 1610 ἦ·
395 1572 493 1611 sigilli.

308 1634 322 1677 ἓ
347 1633 378 1667 ⁶2.
402 1633 515 1673 Quare,
534 1634 640 1676 magni
668 1634 810 1677 magistri
830 1639 860 1667 et
882 1634 1006 1667 consilii

264 1687 506 1731 praedictorum
531 1687 728 1727 nominibus,
752 1688 846 1720 nobis
869 1688 926 1720 suit
952 1688 1007 1720 liu-

263 1741 386 1774 militer
422 1740 638 1784 supplicatum
677 1747 711 1773 ut
746 1741 776 1773 in
815 1742 1007 1784 praemissis

264 1801 450 1839 opportune
477 1795 649 1838 providere
683 1801 714 1828 et
740 1801 773 1827 ut
799 1795 882 1829 infra
906 1796 1008 1828 indul-

264 1859 341 1891 gere
378 1849 416 1882 de
451 1848 653 1891 benignitate
691 1850 870 1893 apostolica
896 1851 1008 1893 digna-

264 1913 387 1936 remur.
416 1902 478 1935 Nos
504 1903 612 1945 igitur,
640 1914 790 1946 magnum
817 1903 1006 1945 magistrum

266 1961 298 1989 et
318 1955 487 1989 consilium
514 1956 680 2000 praefatos
705 1956 903 1999 specialibus
926 1957 1007 1990 savo-

265 2008 355 2042 ribus
381 2015 412 2042 et
438 2008 549 2051 gratiis
586 2009 742 2052 prosequi
779 2011 944 2050 volentes,
979 2015 1009 2042 et

265 2073 377 2096 eorum
403 2062 587 2105 singulares
613 2074 770 2106 personas
797 2074 813 2095 a
842 2063 1009 2106 quibusvis

265 2115 625 2156 excommunicationis,
652 2116 877 2160 suspensionis
909 2123 940 2150 et
967 2117 1009 2149 in-

265 2169 402 2207 terdicti,
424 2170 560 2213 aliisque
579 2170 807 2202 ecclesiasticis
829 2171 1007 2210 sententiis,

265 2222 410 2255 censuris
436 2228 467 2256 et
487 2224 616 2266 poenis,
637 2234 653 2255 a
675 2223 742 2256 iure
764 2224 812 2256 vel
840 2224 879 2256 ab
905 2224 1009 2257 homi-

265 2286 322 2315 ne,
349 2275 459 2319 quavis
484 2276 654 2309 occasione
680 2277 729 2309 vel
756 2279 851 2309 causa
877 2277 958 2317 latis,
983 2278 1007 2309 si

265 2327 384 2371 quibus
402 2328 650 2372 quomodolibet
667 2329 840 2362 innodatae
854 2330 1009 2369 existunt,

265 2381 303 2413 ad
326 2380 474 2414 0110011111]
500 2382 718 2424 praesentium
745 2382 907 2415 dumtaxat
934 2393 1009 2416 con-

265 2435 481 2477 sequendum,
504 2435 617 2467 barum
641 2435 725 2468 serie
746 2435 949 2469 absolventes
979 2443 1008 2469 et

265 2487 428 2520 absolutas
447 2488 513 2520 sore
532 2493 712 2527 censentes,
737 2488 922 2522 huiusmodi
938 2500 1008 2533 sup-

266 2539 495 2583 plicationibus
514 2540 667 2581 111011111111,
684 2541 936 2575 deliberationes
951 2553 1009 2586 per

267 2593 433 2627 decretum
476 2594 582 2637 magni
621 2594 768 2638 magistri
809 2600 840 2628 et
879 2596 1007 2629 consilii

1685 191 1749 224 ⁶215

1049 249 1268 293 praefatorum
1295 250 1404 290 factas,
1430 255 1465 282 ut
1489 248 1693 293 praefertur,
1718 260 1792 282 cum

1049 303 1200 335 omnibus
1226 308 1258 335 et
1282 303 1418 346 singulis
1444 302 1768 336 denominationibus
1784 329 1791 342 ‚

1050 355 1337 395 declarationibus,
1357 361 1388 389 et
1405 356 1475 389 aliis
1500 356 1532 389 in
1560 355 1606 388 eis
1631 356 1793 389 contentis

1051 413 1082 441 ct
1108 409 1282 452 expressis,
1310 410 1498 443 auctoritate
1524 409 1714 453 apostolica,
1749 414 1794 442 te-

1050 472 1130 495 nore
1155 463 1393 506 praesentium,
1421 463 1650 496 confirmamus
1675 469 1707 496 et
1731 473 1790 507 ap-

1050 516 1225 558 probamus
1242 543 1249 555 ,
1276 515 1407 559 illisque
1442 515 1639 549 inviolabilis
1665 521 1794 559 aposto-

1050 569 1131 602 licae
1147 568 1305 601 firmitatis
1321 570 1614 608 roburadiicimus,
1630 579 1666 602 ac
1681 579 1792 602 omnes

1052 627 1082 654 et
1106 621 1251 664 singulos
1277 621 1355 654 iuris
1375 627 1406 654 et
1425 622 1496 654 sacti
1517 622 1672 662 desectus,
1694 621 1719 654 si
1739 622 1792 666 qui

1052 675 1192 718 desuper
1235 675 1486 718 quomodolibet
1527 675 1762 709 intervenerint
1783 703 1789 716 ,

1051 729 1255 772 supplemus.

1095 782 1108 824 ἓ
1134 781 1164 814 [1.
1192 782 1425 823 Decernentes,
1454 783 1579 816 easdem
1604 788 1793 826 praesentes

1051 834 1175 867 litteras
1203 845 1332 878 semper
1357 835 1475 876 firmas,
1495 836 1617 869 validas
1640 836 1794 870 010111011-

1051 899 1105 920 ces
1121 888 1258 921 existere
1280 889 1407 929 elfere,
1424 900 1564 933 suosque
1577 890 1743 932 plenarios
1760 895 1791 923 et

1051 941 1196 984 integros
1223 940 1355 974 effectus
1380 943 1492 975 sortiri
1520 948 1551 975 et
1578 942 1737 983 obtinere,
1757 954 1794 976 ac

1050 993 1131 1033 illis,
1157 994 1196 1026 ad
1222 1005 1304 1037 quos
1331 1000 1459 1037 spectat
1491 1000 1524 1027 et
1556 1005 1614 1038 pro
1648 1001 1793 1039 tempore

1051 1047 1224 1089 spectabit,
1245 1047 1275 1080 in
1296 1048 1448 1081 omnibus
1467 1053 1498 1081 et
1516 1059 1575 1091 per
1599 1049 1708 1081 omnia
1728 1048 1796 1092 ple·

1051 1100 1184 1133 nissime
1206 1100 1374 1143 suffragari
1390 1128 1397 1141 ,
1422 1107 1454 1134 et
1479 1102 1517 1134 ab
1544 1102 1589 1134 eis
1614 1101 1794 1144 respective

1050 1153 1283 1186 inviolabiliter
1309 1155 1496 1194 observari,
1519 1155 1629 1198 sicque
1648 1154 1681 1187 in
1702 1165 1794 1197 prae-

1051 1205 1155 1238 missis
1177 1217 1236 1249 per
1265 1217 1488 1250 quoscumque
1514 1206 1638 1239 iudices
1663 1207 1793 1240 ordina-

1050 1259 1115 1292 rios
1141 1264 1173 1292 et
1198 1259 1386 1302 delegatos,
1415 1260 1511 1292 etiam
1543 1270 1709 1293 causarum
1738 1271 1794 1303 pa-

1051 1312 1117 1345 latii
1146 1313 1317 1356 apostolici
1355 1313 1543 1354 auditores,
1571 1325 1608 1347 ae
1639 1324 1792 1356 magnum

1051 1367 1243 1409 magistrum
1270 1372 1301 1400 et
1327 1367 1513 1407 consilium,
1540 1368 1667 1411 aliaque
1694 1367 1794 1400 tribu-

1051 1419 1137 1452 nalia
1163 1431 1389 1464 quaecumque
1428 1420 1600 1464 hospitalis
1631 1421 1766 1464 praefati
1784 1448 1791 1461 ,

1051 1473 1186 1507 iudicari
1213 1479 1244 1507 et
1270 1474 1396 1507 definiri
1432 1474 1574 1514 debere,
1600 1485 1636 1507 ac
1667 1474 1794 1507 irritum

1052 1533 1082 1560 et
1099 1527 1195 1560 inane
1214 1528 1240 1560 si
1267 1538 1358 1560 secus
1384 1538 1484 1571 super
1509 1528 1560 1560 1115
1578 1539 1595 1560 a
1616 1539 1791 1572 quoquam,

1052 1580 1166 1624 quavis
1183 1581 1389 1621 auctoritate,
1409 1581 1550 1614 scienter
1568 1582 1617 1615 vel
1642 1580 1794 1624 ignoran-

1053 1639 1109 1673 ter,
1135 1635 1309 1677 contigerit
1335 1634 1498 1668 attentari.

1095 1688 1109 1731 ξ
1135 1687 1166 1720 5.
1193 1687 1262 1721 Non
1289 1688 1491 1721 obstantibus
1519 1688 1730 1732 praemissis,
1758 1700 1794 1722 ac

1052 1741 1338 1774 constitutionibus
1372 1747 1403 1775 et
1433 1742 1694 1775 ordinationibus
1720 1754 1795 1787 apo-

1051 1795 1189 1835 stolicis,
1216 1806 1343 1829 necnon
1378 1796 1453 1829 dicti
1481 1797 1670 1840 hospitalis,
1698 1797 1793 1830 etiam

1052 1850 1248 1890 iuramento,
1269 1849 1516 1883 confirmatione
1536 1850 1726 1893 apostolica,
1744 1853 1793 1884 vel

1052 1903 1163 1946 quavis
1189 1903 1338 1936 firmitate
1364 1903 1426 1936 alia
1453 1903 1636 1942 roboratis,
1664 1905 1794 1937 statutis

1053 1961 1084 1989 et
1101 1956 1406 1998 consuetudinibus,
1426 1956 1665 1996 stabilimentis,
1683 1957 1794 1990 usibus

1052 2016 1083 2043 et
1104 2010 1238 2048 naturis,
1260 2020 1296 2042 ac
1321 2009 1583 2043 ordinationibus
1609 2010 1795 2053 capitulari-

1052 2063 1122 2102 bus,
1147 2063 1326 2106 privilegiis
1352 2073 1497 2106 quoque,
1525 2063 1658 2096 indultis
1685 2070 1716 2096 et
1740 2064 1793 2097 lit-

1054 2116 1129 2149 teris
1147 2116 1333 2160 apostolicis
1353 2116 1384 2148 in
1411 2116 1610 2149 contrarium
1637 2117 1794 2159 praemis-

1052 2180 1160 2202 sorum
1190 2169 1440 2213 quomodolibet
1465 2169 1651 2209 concessis,
1679 2170 1795 2203 consu·-

1052 2223 1145 2256 matis
1172 2228 1203 2256 et
1228 2223 1414 2263 innovatis·,
1444 2223 1561 2266 quibus
1586 2223 1736 2256 omnibus
1763 2229 1794 2256 et

1030 2302 1031 2312 ,
1053 2276 1191 2318 singulis
1209 2303 1216 2313 ,
1245 2276 1374 2309 illorum
1409 2282 1540 2309 tenores
1565 2276 1794 2318 praesentibus

1052 2340 1112 2373 pro
1131 2331 1229 2373 plene
1248 2334 1280 2362 et
1298 2330 1496 2362 sufficienter
1521 2330 1681 2372 expressis
1701 2340 1737 2362 ac
1755 2330 1794 2362 de

1053 2384 1152 2416 verbo
1179 2383 1217 2416 ad
1239 2383 1373 2416 verbum
1393 2383 1521 2415 insertis
1541 2383 1709 2422 babentes,
1731 2382 1794 2416 illis

1053 2437 1132 2470 alias
1148 2436 1178 2469 in
1194 2447 1251 2469 suo
1264 2436 1383 2469 robore
1402 2436 1637 2479 permansuriS,
1652 2436 1690 2469 ad
1706 2447 1794 2479 prae-

1053 2490 1226 2523 missorum
1256 2488 1416 2528 effectum,
1444 2488 1502 2521 bac
1525 2488 1591 2521 vice
1620 2489 1793 2529 dumtaxat,

1052 2543 1238 2586 specialiter
1257 2547 1287 2575 et
1305 2551 1457 2584 expresse
1476 2541 1689 2584 derogamus;
1707 2548 1794 2577 cete-

1053 2597 1159 2640 risque
1178 2595 1345 2628 contrariis
1364 2595 1636 2639 quibuscumque.

1796 201 1846 227 Λ11.
1867 201 1894 227 C.
1921 201 1987 229 ¹737

1845 794 1858 814 S
1870 800 1923 821 eque
1943 800 1987 815 ser-

1805 827 1848 842 vari
1865 824 1977 847 praecipit.

1849 1698 1987 1718 obstantibus
