2232 3178
6 256 53 284 An.
67 250 96 281 C.
116 249 182 279 1737

24 1479 113 1500 Calicem
129 1479 189 1501 Chri-

12 1506 44 1530 nt,
57 1507 151 1527 aemulus
165 1513 188 1527 a·

13 1533 137 1559 postolorum
168 1536 188 1554 et

12 1561 128 1586 martyrum.
136 1560 189 1580 bibit

13 1585 31 1606 in
47 1586 108 1607 tantu
128 1592 189 1608 aeru-

13 1611 70 1634 mnia.

799 245 943 271 CLEMENS
966 245 1014 269 ΧΠ
1040 245 1090 270 ΡΡ.

197 307 215 330 a
239 294 404 339 flagitiosis
438 294 625 328 hominibus
662 295 771 328 multis
805 296 940 328 obrutus

198 348 340 389 iniuriis,
369 352 466 391 atque
493 348 588 381 etiam
616 348 808 381 verberibus
839 347 942 390 gravi-

198 408 247 436 ter
270 412 405 442 caesus,
434 401 509 434 dum
545 412 561 434 a
587 402 741 445 luporum
774 401 940 444 rapacium

196 454 344 488 manibus
378 454 525 487 innoxias
557 456 606 487 vel
644 454 787 487 infirmas
815 455 940 486 animas

198 508 389 542 abstrahere
416 511 570 548 conatur,
594 518 690 551 saepe
717 508 756 540 ab
781 507 941 551 improbis

198 561 418 595 nebulonibus
441 561 596 604 deceptus
617 566 649 594 et
673 560 879 594 contumeliis
901 565 942 593 at-

198 625 260 658 que
286 615 474 659 opprobriis
506 620 657 655 vexatus,
683 615 758 647 dum
786 615 875 657 quasi
902 615 941 647 ad

198 669 386 702 moribundi
413 669 652 702 consessionem
671 668 863 701 audiendam
882 678 942 711 per

198 723 302 756 iocum
324 733 359 755 ac
379 721 555 755 ludibrium
578 727 745 755 evocatur:
775 731 940 764 nunquam

199 781 304 809 tamen
330 775 402 808 sieri
436 776 542 819 potuit
579 781 614 807 ut
647 780 839 808 nocturnam
875 785 942 807 mo-

199 828 359 861 rientibus
385 838 528 871 operam,
548 827 643 861 etiam
669 838 740 860 cum
767 838 826 860 suo
853 827 940 869 gravi

199 881 316 915 damno
335 887 368 915 et
388 882 582 915 detrimento
609 881 828 920 coniunctam,
854 891 942 923 prae-

197 940 282 968 stare
308 935 491 975 omitteret;
516 940 589 975 aut,
619 941 654 967 ut
678 935 709 967 in
736 934 941 978 procuranda

199 988 379 1021 animarum
404 989 507 1022 salute
529 988 695 1021 remissius
721 993 849 1031 ageret;
877 993 939 1028 aut,

199 1046 234 1073 ut
250 1041 424 1084 egentibus
444 1047 540 1084 atque
557 1041 697 1084 aegrotis
718 1052 813 1084 opem
833 1052 892 1084 per
908 1052 941 1074 se

198 1094 317 1138 ipsum,
346 1095 372 1127 si
398 1095 576 1128 necessitas
602 1100 757 1137 urgeret,
784 1100 941 1127 cunctan-

199 1147 260 1181 tius
284 1147 432 1181 afferret:
460 1148 581 1191 quippe
619 1148 702 1180 bene
739 1147 940 1190 redemptam

199 1200 401 1233 existimabat
432 1201 582 1244 quolibet
607 1211 667 1233 suo
694 1200 795 1233 famae
820 1201 869 1233 vel
891 1210 942 1233 ca-

198 1254 275 1297 pitis
301 1254 447 1297 periculo
467 1264 704 1297 quamcumque
722 1264 818 1297 opem
844 1259 940 1297 atque

199 1307 373 1347 auxilium,
402 1308 491 1350 quod
527 1307 716 1340 hominibus
748 1307 798 1340 vel
831 1306 942 1350 inopia

198 1361 249 1393 vel
285 1359 472 1392 infirmitate
505 1359 630 1392 afflictis
667 1360 716 1392 vel
750 1359 789 1392 de
816 1359 941 1392 animae

199 1414 303 1446 salute
329 1413 701 1460 periclitantibusvserre
726 1419 850 1456 posset.

243 1466 340 1510 520.
381 1467 513 1500 Biberat
552 1467 637 1500 enim
672 1468 805 1500 calicem
843 1467 940 1500 divini

199 1520 329 1561 amoriS,
349 1520 388 1554 de
407 1531 471 1564 quo
492 1521 536 1554 ait
552 1521 730 1564 Propheta:
751 1521 847 1555 Calix
869 1525 942 1554 [uus

199 1573 386 1615 inebrians,
407 1584 508 1617 quam
531 1574 723 1618 praeclarus
744 1578 805 1615 est,
830 1579 861 1607 et
879 1574 943 1607 ine-

199 1627 325 1660 briatus
351 1627 455 1660 suerat
479 1627 519 1660 ab
545 1628 693 1661 ubertate
720 1627 832 1661 domus
858 1628 939 1661 eius.

200 1681 268 1714 Hoc
293 1681 378 1714 enim
397 1681 497 1714 calice
519 1681 670 1714 inebriati
691 1680 782 1713 ibant
799 1682 941 1724 apostoli

199 1735 380 1777 gaudentes
404 1746 421 1768 a
441 1740 618 1778 conspectu
643 1735 769 1768 concilii
789 1735 941 1778 quoniam

200 1787 289 1831 digni
317 1787 419 1821 habiti
439 1792 515 1820 sunt
539 1798 599 1831 pro
618 1788 750 1820 nomine
776 1787 846 1820 Iesu
866 1798 943 1821 con-

200 1841 365 1874 tumeliam
390 1841 482 1883 pati;
510 1841 573 1874 hoc
595 1840 746 1874 inebriati
774 1846 940 1885 martyres,

200 1894 276 1928 laeti
302 1899 416 1928 euntes
443 1894 481 1928 ad
509 1899 682 1934 tormenta,
699 1894 737 1927 ad
762 1896 885 1934 leones,
903 1895 941 1928 ad

201 1947 339 1991 gladios,
365 1948 403 1980 ad
429 1949 584 1987 flammas,
612 1948 651 1980 ad
677 1958 801 1987 necem,
829 1959 894 1981 non
916 1959 943 1981 a·

201 2001 407 2044 gnoscebant
442 2011 558 2034 uxores
583 2001 719 2041 flentes,
746 2012 811 2035 non
837 2002 940 2042 filios,

201 2064 267 2088 non
291 2059 454 2098 parentes,
474 2065 539 2088 non
557 2054 698 2095 amicos;
718 2054 782 2088 hoc
807 2055 942 2088 inebria-

202 2112 252 2140 tus
269 2107 390 2141 beatus
414 2108 471 2140 Dei
505 2118 615 2141 servus
651 2108 789 2141 Ioannes
814 2109 943 2142 Franci-

202 2170 285 2201 scus,
311 2171 377 2194 non
403 2160 554 2202 labores,
583 2171 649 2194 non
674 2162 849 2205 angustias,
877 2172 942 2195 non

203 2214 344 2255 dolores,
363 2224 430 2247 non
448 2214 673 2255 contumelias,
687 2225 750 2248 non
766 2215 941 2255 infamiam,

202 2278 268 2302 non
293 2274 434 2301 mortem
460 2268 561 2312 ipsam
587 2268 732 2309 videbat;
752 2269 807 2302 sed
834 2270 944 2302 omnia

204 2326 336 2355 terrena
370 2322 457 2356 bona
490 2322 575 2355 fluxa
600 2327 632 2355 et
656 2322 777 2355 caduca
801 2323 940 2366 parvifa-

203 2375 304 2416 ciens,
328 2375 411 2409 nihil
437 2382 504 2409 erat
531 2381 592 2408 tam
618 2376 766 2417 arduum,
795 2381 858 2409 tam
886 2377 944 2409 dis-

202 2427 309 2469 ficile,
337 2434 398 2461 tam
424 2429 623 2463 laboriosum
640 2457 647 2470 ‚
677 2435 739 2462 tam
766 2440 836 2463 cum
862 2431 943 2463 vitae

204 2487 236 2514 et
261 2482 418 2515 mundani
441 2482 575 2515 honoris
595 2483 782 2516 discrimine
808 2483 945 2517 coniun-

203 2540 301 2576 ctum,
329 2535 415 2579 quod
441 2545 508 2568 non
533 2537 619 2569 ultro
644 2536 747 2569 lactus
773 2541 805 2569 et
829 2537 944 2570 alacris

203 2598 262 2632 pro
276 2588 333 2622 Dei
348 2588 452 2631 gloria
467 2593 498 2622 et
512 2589 693 2622 animarum
712 2590 814 2623 salute
834 2600 945 2633 aggre-

204 2642 345 2684 deretur,
365 2642 398 2676 in
424 2642 575 2676 omnibus
603 2643 761 2677 exbibens
780 2653 812 2676 se
839 2644 943 2687 ipsum

984 295 1068 327 sicut
1091 294 1147 327 Dei
1173 294 1357 327 ministrum
1379 294 1410 327 in
1436 295 1535 327 multa
1559 295 1725 338 patientia,

984 348 1016 380 in
1042 347 1320 387 tribulationibus,
1347 348 1379 381 in
1404 349 1661 388 necessitatibus,
1693 350 1724 381 in

985 401 1142 444 angustiis
1159 429 1166 442 ,
1194 401 1226 434 in
1251 402 1441 443 laboribus,
1468 402 1499 435 in
1525 402 1665 445 vigiliis,
1693 403 1725 435 in

985 454 1135 494 ieiuniis,
1163 455 1194 487 in
1220 455 1378 488 castitate.
1406 456 1518 488 Mirum
1545 456 1632 489 dictu
1659 461 1725 496 est,

985 513 1061 551 quot
1098 508 1252 551 procellis
1290 509 1444 549 iactatus,
1479 515 1558 552 quot
1595 509 1725 552 probris

986 567 1140 604 exceptus
1167 566 1198 594 ct
1222 562 1402 595 maledictis
1436 564 1616 602 laceratus,
1649 568 1727 605 quot

985 614 1110 648 iniuriis
1137 621 1168 648 et
1192 616 1399 649 contumeliis
1425 616 1604 659 appetitus,
1632 626 1727 658 quam

985 678 1080 711 saepe
1106 679 1300 712 conspersus
1319 670 1398 709 luto,
1417 669 1448 702 in
1468 679 1571 702 coeno
1597 669 1728 702 concul-

985 726 1085 761 catus,
1111 721 1301 754 verberibus
1326 727 1492 762 contusus,
1514 722 1618 765 plagis
1642 732 1727 765 pene

985 774 1024 806 ad
1051 780 1191 807 mortem
1217 785 1320 818 usque
1340 776 1529 808 vulneratus
1555 775 1623 807 suit.
1641 774 1729 808 Man-

985 827 1024 860 sit
1050 827 1202 860 invictum
1237 828 1276 860 ad
1309 828 1421 861 mundi
1447 828 1608 871 procellas
1634 837 1730 860 evan-

984 880 1124 923 gelicum
1151 881 1365 914 sacerdotalis
1391 881 1533 924 pectoris
1557 881 1679 921 robur;
1697 886 1729 913 et

986 935 1127 975 domum,
1148 945 1230 978 quae
1250 934 1418 968 aedificata
1439 936 1542 967 suerat
1559 944 1656 978 supra
1674 934 1728 966 su·-

985 999 1068 1021 mam
1094 993 1233 1032 petram,
1251 998 1312 1021 nec
1336 988 1480 1021 furentes
1506 988 1729 1031 improborum

987 1041 1146 1080 turbines,
1166 1051 1225 1074 nec
1251 1041 1381 1074 violenti
1409 1041 1652 1074 tribulationum
1671 1040 1730 1072 ssu-

985 1099 1054 1125 ctus
1084 1095 1308 1136 prostravere:
1342 1105 1434 1127 mens
1464 1094 1495 1126 iu
1526 1094 1645 1137 pietate
1675 1103 1730 1126 so-

985 1147 1060 1187 lida,
1086 1147 1119 1179 in
1139 1147 1199 1180 fide
1226 1147 1325 1186 firma,
1353 1147 1419 1180 Deo
1446 1147 1568 1186 devota,
1591 1157 1654 1179 non
1680 1146 1728 1178 vi-

986 1205 1035 1233 cta
1056 1205 1104 1233 est
1130 1201 1363 1233 tentationibus
1389 1205 1443 1233 aut
1467 1201 1644 1244 periculis,
1671 1200 1727 1233 sed

985 1253 1134 1297 probata.

1030 1307 1044 1350 ἓ
1070 1306 1123 1338 21.
1152 1305 1262 1339 Maiori
1296 1306 1382 1339 enim
1408 1316 1537 1350 semper
1562 1307 1671 1339 animo
1697 1311 1924 1369 etpearxcigifflnanff

986 1359 1137 1392 erectiori
1170 1364 1301 1399 mente,
1329 1359 1442 1402 primis
1476 1359 1635 1402 superatis
1676 1365 1924 1396 auttmmprma:

1740 1399 1819 1416 strictus
1848 1396 1925 1419 uladiis

987 1413 1152 1447 laboribus
1179 1419 1233 1446 aut
1257 1414 1422 1457 periculis,
1441 1414 1479 1447 ad
1501 1424 1584 1446 nova
1610 1414 1726 1456 imper·
1741 1429 1812 1443 neven·
1827 1424 1925 1467 Tannu-

988 1467 1120 1500 territus
1156 1477 1217 1510 pro
1250 1467 1304 1500 Dei
1343 1467 1448 1510 gloria
1480 1467 1642 1500 veniebat.
1670 1451 1926 1500 lia-²0³?J‚⁰0¹{1'0¹‡?.¹¹‘⁰‘

987 1531 1061 1564 que,
1080 1521 1216 1554 edoctus
1233 1520 1423 1563 magisterio
1443 1520 1618 1560 dominico,
1633 1530 1729 1563 saepe

987 1585 1084 1607 unam
1109 1574 1370 1618 percutientibus
1395 1574 1568 1615 maxillam,
1594 1575 1729 1607 alteram

987 1628 1089 1661 laetus
1115 1628 1263 1660 exhibuit
1280 1639 1287 1668 ;
1316 1627 1512 1660 minantibus
1529 1627 1642 1660 stricto
1660 1628 1729 1670 gla-

987 1681 1039 1714 dio
1065 1691 1185 1721 necem,
1206 1681 1255 1714 vel
1282 1686 1377 1724 caput
1402 1681 1531 1720 obtulit,
1547 1681 1596 1713 vel
1614 1685 1729 1724 pectus

986 1736 1134 1779 aperuit,
1159 1735 1264 1768 sciens
1295 1735 1456 1774 animam,
1482 1745 1545 1777 qua
1570 1734 1729 1776 diligebat

986 1789 1095 1828 Deum,
1121 1789 1204 1821 mori
1231 1798 1294 1821 non
1322 1799 1429 1832 posse,
1450 1788 1510 1821 nisi
1529 1788 1567 1820 ab
1586 1788 1655 1831 ipsa
1672 1788 1729 1821 Dei

987 1842 1175 1882 dilectione,
1193 1842 1234 1874 ob
1260 1852 1355 1885 quam
1381 1852 1471 1875 mors
1497 1841 1727 1881 intentabatur,

987 1901 1144 1929 cessaret:
1171 1895 1197 1928 si
1223 1894 1294 1938 quis
1329 1894 1418 1928 illius
1451 1894 1551 1927 vicem
1577 1894 1725 1934 doleret,

987 1949 1204 1992 corripiebat,
1245 1948 1424 1982 admonens
1466 1959 1539 1981 eum
1576 1948 1728 1991 ignorare

987 2008 1144 2046 quantum
1170 2002 1203 2035 in
1229 2002 1410 2035 tolerandis
1436 2013 1495 2045 pro
1520 2002 1645 2036 Christo
1672 2013 1729 2046 op—

987 2056 1131 2100 probriis
1151 2055 1324 2099 voluptatis
1342 2055 1478 2088 inesset.
1499 2055 1560 2089 Sed
1583 2056 1636 2099 qui
1655 2066 1730 2099 pro-

987 2110 1067 2152 priis
1086 2120 1150 2142 non
1177 2109 1369 2142 movebatur
1393 2108 1495 2149 malis,
1513 2109 1619 2142 aliena
1640 2115 1729 2143 sorte

987 2163 1164 2203 moerebat,
1189 2163 1346 2195 miserans
1371 2162 1631 2196 adversariorum
1658 2173 1729 2196 caen

987 2217 1126 2256 citatem,
1153 2216 1298 2249 furorem
1324 2226 1492 2256 excusans,
1510 2216 1728 2250 calamitatem

987 2270 1174 2312 deplorans,
1194 2274 1224 2302 et
1250 2268 1384 2302 fervidis
1401 2270 1438 2302 ad
1456 2269 1555 2302 Deum
1573 2269 1728 2312 precibus

986 2333 1047 2366 pro
1070 2333 1182 2355 corum
1213 2322 1314 2354 salute
1348 2322 1608 2365 deprecabatur,
1634 2327 1730 2365 atquc

988 2377 1040 2416 ita,
1067 2375 1341 2419 quemadmodum
1368 2375 1451 2408 servi
1478 2375 1533 2407 Dei
1559 2376 1674 2415 solent,
1697 2385 1729 2407 se

988 2429 1026 2462 de
1053 2429 1119 2461 suis
1145 2429 1284 2461 inimicis
1308 2428 1538 2467 ulciscebatur,
1565 2433 1599 2459 ut
1626 2427 1730 2459 cuius-

988 2493 1049 2526 quc
1070 2482 1221 2522 animum,
1241 2492 1305 2525 quo
1324 2481 1425 2524 magis
1441 2481 1501 2513 sibi
1527 2481 1730 2524 experiretur

987 2536 1172 2577 insensum,
1208 2546 1281 2568 eum
1318 2535 1496 2568 maioribus
1532 2535 1731 2567 demulceret

989 2590 1103 2623 officiis
1129 2589 1310 2623 charitatis.

1033 2644 1048 2687 ἓ
1073 2643 1126 2679 222.
1154 2643 1281 2677 Etenim
1313 2652 1377 2678 una
1415 2649 1481 2676 erat
1520 2643 1728 2687 sollicitudo,

1733 245 1781 272 An.
1800 245 1829 273 C.
1853 246 1920 273 1737

1763 2636 1927 2658 Aideiitisnmns

1744 2667 1802 2685 tutor
1819 2663 1865 2685 Drt.
