2232 3178
32 214 80 241 An.
97 211 127 240 G.
148 209 215 239 ¹738

826 209 970 233 CLEMENS
999 209 1039 231 ΧΠ
1066 209 1112 231 PP.

221 260 353 302 quarta,
380 259 497 298 media,
524 263 555 292 et
580 258 690 302 quavis
714 259 777 292 alia
802 259 960 291 fructuum

221 317 321 355 parte,
347 312 491 345 subsidio
516 313 610 345 etiam
637 312 826 344 charitativo
855 317 886 344 et
912 322 984 345 ex-,

221 371 341 405 cusam,
358 370 389 397 et
405 375 612 408 quocumque
628 365 690 397 alio
706 371 767 396 tam
784 364 961 402 ordinario,

221 428 316 461 quam
343 414 601 450 extraordinario
638 427 737 449 onere.
756 443 763 456 ‚
796 416 963 458 cogitabili
985 422 986 425 ’

221 472 272 503 vel
298 470 504 513 excogitabili
520 469 537 509 ¹,
558 470 654 502 etiam
674 470 766 509 reali,
794 475 964 512 perpetuo,
985 470 987 511 ξ

221 524 270 556 vel
290 523 327 556 ad
348 529 485 566 tempus,
502 522 749 566 quomodolibet
766 527 963 565 nuncupato,

222 576 321 609 etiam
346 586 406 619 pro
442 575 670 619 patriarchalis
700 576 964 618 Ulyssiponensis

221 629 454 669 occidentalis,
493 640 529 661 ac
565 629 899 671 archiepiscopalium
936 635 966 661 et

222 682 455 725 episcopalium
482 682 694 714 ecclesiarum
717 682 937 724 praefatarum

221 735 271 767 vel
304 734 369 767 illis
406 740 459 766 aut
483 735 657 777 unicuique
683 745 718 766 ex
753 734 965 776 dignitatibus

223 799 258 821 ac
275 788 519 821 canonicatibus
545 793 577 820 et
602 787 811 831 praebendis,
839 798 965 820 necnon

223 842 493 875 canonicatibus'2
529 852 601 874 cum
640 840 772 874 dimidia
810 841 967 884 praeben-

224 895 283 934 da,
317 905 373 927 seu
400 894 543 927 dimidiis
569 894 812 926 canonicatibus
851 899 882 926 et
920 895 966 927 di-

223 948 332 981 midiis
353 948 550 991 praebendis
570 958 777 987 annexarum,
800 958 873 980 cum
893 950 967 980 cura

224 1007 254 1035 et
279 1002 348 1034 sine
375 1004 468 1041 cura,
496 1002 726 1041 ecelesiarum,
753 1002 968 1044 capellarum,

225 1055 290 1088 sive
313 1055 472 1094 altarium,
493 1055 676 1097 respective
695 1055 825 1093 fabrica,
844 1060 874 1087 et
893 1065 969 1097 qua-

224 1107 272 1140 vis
298 1108 394 1141 etiam
421 1107 506 1140 dicta
532 1108 711 1150 apostolica
729 1118 784 1140 seu
804 1107 970 1140 ordinaria

225 1161 403 1204 respective
425 1161 618 1193 auctoritate
637 1167 668 1193 et
688 1160 776 1203 regia
797 1165 969 1203 potestate,

225 1225 261 1247 ac
285 1224 322 1246 ex
348 1224 550 1257 quacumque
577 1214 672 1246 etiam
692 1213 830 1255 urgenti,
851 1223 970 1254 urgen-

226 1267 350 1300 tissima
386 1271 417 1300 et
454 1267 492 1299 de,
529 1266 723 1299 necessitate
760 1266 970 1309 exprimenda

226 1323 340 1360 causa,
368 1320 464 1353 etiam
490 1331 550 1364 pro
585 1320 760 1352 seminario
794 1330 970 1362 puerorum

227 1374 473 1413 ecclesiastico,
500 1374 611 1406 elassis
638 1373 816 1407 triremium
845 1384 970 1416 repara-

227 1427 324 1467 tione,
343 1432 375 1460 et
396 1427 515 1460 fabrica
537 1427 691 1460 basilicae
710 1426 868 1469 Principis
887 1427 973 1470 Apo-

227 1481 386 1513 stolorum
414 1480 453 1513 de
479 1480 563 1512 Urbe
584 1507 591 1519 ,
619 1479 767 1512 Cruciata
793 1481 914 1517 sancta,
942 1485 974 1512 et

228 1533 433 1577 expeditione
459 1538 573 1566 eontra
603 1533 721 1566 Turcas
748 1544 783 1565 ac
814 1533 895 1566 alios
923 1543 973 1565 or-

229 1587 392 1619 thodoxae
429 1586 503 1619 fidei
544 1587 675 1625 hostes,
712 1586 808 1618 etiam
846 1586 884 1618 ad
918 1586 974 1617 im—

229 1639 388 1683 peratoris
407 1666 414 1679 ,
453 1649 586 1681 regum,
626 1639 836 1681 reginarum,
877 1639 974 1672 etiam

229 1693 448 1735 Portugalliae
478 1697 509 1726 et
539 1692 766 1735 Algarbiorum
796 1703 975 1735 regnorum

228 1746 448 1790 praefatorum
470 1772 477 1785 ‚
504 1755 634 1778 necnon
672 1745 788 1778 ducum
809 1772 816 1785 ‚
851 1756 976 1778 rerum-

230 1799 450 1842 publicarum,
477 1804 507 1831 et
532 1798 670 1831 aliorum
698 1809 976 1842 quorumcumque

230 1851 416 1895 principum
441 1852 646 1891 instantiam,
673 1851 824 1883 intuitum
851 1856 883 1884 et
901 1862 976 1883 con-

232 1904 499 1948 templationem,
525 1916 562 1937 ac
587 1915 646 1947 pro
672 1915 783 1937 eorum
817 1911 848 1936 et
884 1903 976 1936 Sedis
997 1910 999 1921 ⁴

232 1959 438 2002 Apostolicae
460 1959 626 2001 praefatae
646 1957 907 1997 necessitatibus,
924 1963 977 1990 aut

231 2011 310 2045 alias
329 2011 483 2044 canonice
504 2012 551 2043 vel
571 2012 609 2044 de
629 2012 709 2045 sacto
731 2011 906 2054 impositis,
927 2012 975 2044 vel

232 2075 291 2108 pro
318 2069 465 2108 tempore
488 2065 738 2108 quomodolibet
756 2064 975 2107 imponendis,

235 2119 282 2151 vel
316 2118 440 2151 eisdem
477 2118 690 2161 patriarchali
729 2117 977 2161 Ulyssiponensi

233 2171 440 2211 occidentali,
455 2181 491 2204 ac
508 2171 845 2214 archiepiscopalibus
865 2176 896 2204 et
915 2171 978 2214 epi-
998 2189 1000 2214 5

234 2224 418 2267 scopalibus
443 2225 601 2264 ecclesiis,
627 2230 681 2256 aut
706 2224 919 2266 dignitatibus
946 2217 999 2257 et¹

233 2278 476 2311 canonicatibus
503 2284 534 2310 et
558 2278 764 2321 praebendis,
782 2288 907 2311 necnon
927 2289 978 2310 ca-
998 2278 999 2285 ¹

234 2332 439 2377 nonicatibtis
462 2342 532 2364 cum
552 2332 684 2364 dimidia
704 2332 902 2374 praebenda,
920 2342 976 2364 seu

235 2384 377 2418 dimidiis
403 2385 647 2418 canonicatibus
673 2391 704 2417 et
729 2384 871 2417 dimidiis
889 2395 979 2428 prae-

236 2438 351 2471 bendis
376 2438 530 2482 praefatis
549 2465 556 2477 ,
582 2449 618 2470 ex
646 2438 861 2478 fundatione,
889 2438 978 2470 insti·
999 2437 1000 2440 ’

237 2491 385 2531 tutione,
410 2492 458 2524 vel
484 2496 616 2530 statuto,
642 2490 706 2523 sive
732 2491 1000 2535 consuetudine„

275 2564 283 2586 1
308 2561 398 2589 Potius
418 2562 476 2597 lege
499 2562 719 2596 incircoqitabt'li
738 2562 774 2592 (a.
792 2561 839 2594 T.).

271 2606 287 2635 Ξ
307 2607 447 2634 Coniunet.
470 2610 495 2634 ec
517 2606 577 2633 binc
598 2605 739 2633 abiicimus
758 2612 798 2640 (u.
815 2607 863 2641 τ.).

1652 198 1715 231 397

1005 257 1102 289 etiam
1128 256 1252 289 ratione
1279 257 1484 296 muletarum,
1511 256 1559 288 vel
1578 255 1750 288 cuiuslibet

1005 310 1139 341 alterius
1159 320 1294 352 poenae,
1312 308 1549 347 diminutionis,
1568 308 1750 340 amissionis

1006 373 1061 394 seu
1081 362 1199 400 oneris,
1219 362 1282 394 sive
1301 372 1504 405 quocumque
1523 361 1587 393 alio
1604 361 1747 401 nomine,

1006 422 1059 447 aut
1083 415 1146 447 alio
1172 415 1318 457 quolibet
1345 414 1443 446 modo
1470 420 1501 446 et
1526 415 1638 452 causa,
1665 424 1751 446 nunc

1007 473 1038 500 et
1064 478 1121 510 pro
1150 474 1294 510 tempore
1316 467 1495 511 respective
1515 467 1750 505 inliaerentis¹‚

1008 526 1062 553 aut
1088 531 1169 564 quae
1196 532 1252 554 seu
1279 521 1333 564 qui
1359 532 1394 553 ex
1422 521 1515 553 dictis
1543 521 1590 553 vel
1606 520 1677 553 aliis
1700 520 1752 552 liic

1008 585 1071 607 non
1099 574 1262 616 expressis
1291 580 1344 606 aut
1377 574 1492 606 suturis
1519 579 1550 606 et
1575 584 1638 606 non
1665 583 1750 616 prae-

1009 628 1082 660 visis
1109 628 1215 660 causis
1242 628 1273 659 iu
1301 627 1549 659 diminutionem
1576 627 1750 666 fructuum,

957 681 1193 721 ‚ireddituum
1236 687 1266 713 et
1307 687 1522 723 proventuum
1568 680 1751 713 redundare

988 734 1153 776 possint,
1182 744 1216 765 ac
1241 733 1336 766 etiam
1364 743 1568 775 quacumque
1595 732 1752 775 pensione.

1010 797 1108 827 super
1144 786 1264 819 eisdem
1302 785 1479 825 fructibus,
1507 785 1686 817 redditibus
1722 791 1753 818 et

1011 838 1231 882 proventibus,
1249 838 1425 882 apostoliea
1449 837 1640 870 auctoritate
1662 848 1754 880 prae-

1012 892 1088 931 fata,
1116 892 1209 924 etiam
1236 891 1404 934 perpetuo,
1431 890 1526 923 etiam
1555 891 1586 922 in
1613 891 1753 923 savorem

1013 946 1180 978 tribunalis
1195 956 1302 978 sacrate
1322 944 1539 988 inquisitionis
1554 950 1665 977 contra
1683 945 1754 977 bae-

1012 997 1143 1031 reticam
1170 998 1381 1040 pravitatem,
1407 998 1455 1030 vel
1484 997 1657 1030 cuiuslibet
1682 998 1753 1030 alte-

1013 1052 1078 1083 rius
1104 1052 1147 1094 pii
1175 1052 1249 1089 loci,
1274 1052 1321 1083 vel
1348 1051 1425 1084 alias
1452 1050 1702 1094 quomodolibet
1724 1050 1754 1082 in

1013 1105 1156 1137 futurum
1196 1104 1412 1143 reservanda,
1440 1114 1519 1146 quae
1557 1103 1665 1136 onmia
1704 1113 1756 1145 pa-

1015 1158 1155 1191 triarcba
1173 1157 1433 1201 Ulyssiponeusis
1453 1157 1678 1196 occidentalis,
1706 1167 1755 1188 ar-

1013 1211 1213 1254 chiepiscopi
1240 1217 1270 1244 et
1295 1211 1465 1254 episcopi,
1492 1220 1618 1243 necnon
1653 1210 1757 1252 digni-

1014 1271 1093 1298 tates
1129 1270 1157 1298 et
1191 1265 1337 1297 canonici
1363 1265 1499 1308 praefati
1524 1274 1609 1296 nunc
1642 1269 1672 1296 et
1699 1274 1756 1307 pro

1014 1324 1161 1361 tempore
1199 1318 1370 1350 existentes
1407 1319 1531 1350 solvere
1569 1322 1756 1358 teneantur,

1015 1372 1140 1404 etiamsi
1167 1372 1198 1404 in
1222 1372 1483 1415 impositionibus
1505 1371 1692 1404 huiusmodi
1711 1382 1758 1403 ca-

1015 1431 1129 1458 veatur
1154 1435 1304 1468 expresse
1349 1425 1435 1468 quod
1472 1425 1673 1468 pensionarii
1700 1435 1756 1457 seu

1016 1479 1218 1512 reservatarii
1235 1479 1336 1522 partis
1357 1480 1515 1512 fructuum
1534 1478 1758 1521 patriarchalis

1018 1533 1277 1576 Ulyssiponensis
1306 1533 1514 1566 occidentalis
1541 1544 1576 1565 ac
1596 1532 1758 1575 archiepi-

1017 1585 1194 1629 scopalium
1233 1592 1262 1619 et
1288 1586 1520 1629 episcopalium
1550 1585 1758 1618 ecclesiarum

1019 1639 1234 1682 praefatarum
1252 1666 1259 1679 ,
1286 1650 1320 1671 ac
1347 1639 1537 1679 dignitatum
1572 1645 1603 1671 et
1627 1640 1760 1671 canoni-

1019 1698 1147 1725 catuum
1175 1703 1244 1724 cum
1272 1692 1404 1725 dimidia
1425 1692 1622 1735 praebenda,
1644 1703 1699 1725 seu
1719 1692 1760 1725 di-

1020 1746 1192 1778 midiorum
1219 1746 1464 1778 canonicatuum
1491 1751 1522 1778 et.
1551 1745 1759 1777 dimidiarum

1021 1799 1279 1842 praebendarum
1293 1810 1367 1842 prae
1375 1799 1521 1838 satorum,
1534 1809 1593 1842 pro
1608 1801 1672 1831 rata
1686 1809 1761 1842 pen-

1020 1853 1161 1890 sionum,
1184 1851 1436 1884 reservatiouum
1456 1857 1485 1883 et
1504 1851 1759 1895 applicationum

1020 1917 1149 1938 suarum
1171 1906 1373 1948 quantumvis
1392 1911 1623 1948 exemptarum,
1645 1905 1761 1938 contri-

1020 1960 1118 1992 buere
1145 1963 1326 2000 tmeantur⁸
1343 1970 1378 1991 ac
1400 1959 1488 1999 alias,
1516 1958 1546 1990 in
1565 1958 1714 1991 omnibus
1731 1963 1763 1991 et

1021 2023 1080 2055 per
1106 2012 1212 2045 onmia
1238 2018 1267 2044 et
1293 2012 1428 2044 omniuo
1456 2012 1561 2055 quoad
1595 2011 1704 2044 onmia
1727 2012 1763 2045 li-

1021 2065 1127 2105 beros,
1155 2065 1313 2097 immunes
1332 2071 1362 2097 et
1383 2070 1556 2107 exemptos,
1584 2070 1681 2108 prout
1706 2075 1763 2108 per

1021 2119 1147 2151 easdem
1175 2123 1358 2161 praesentes
1384 2118 1554 2150 eximimus
1588 2123 1619 2150 et
1648 2118 1763 2150 libera-

1022 2182 1101 2211 mus,
1128 2182 1162 2203 ac
1188 2177 1352 2214 exemptos
1379 2177 1409 2203 et
1434 2171 1588 2204 liberatos
1610 2182 1677 2204 esse
1702 2182 1761 2204 vo-

1022 2226 1159 2267 lumus),
1186 2226 1244 2257 sub
1270 2224 1509 2258 conditionibus
1535 2224 1614 2256 infra
1648 2225 1763 2267 positis

1021 2277 1160 2319 exigere,
1188 2279 1293 2310 levare
1320 2284 1349 2310 et
1375 2277 1403 2309 in
1430 2287 1615 2310 communes
1637 2287 1712 2309 usus
1734 2283 1764 2309 et

1022 2332 1192 2364 utilitatem
1220 2331 1379 2373 praefatae
1408 2330 1634 2373 patriarchalis
1660 2331 1763 2363 eccle-

999 2413 1000 2432 ,
1021 2385 1085 2417 siae
1106 2384 1367 2428 Ulyssiponeusis
1386 2384 1605 2422 occidentalis,
1623 2390 1655 2415 ut
1673 2395 1764 2426 prae-

1022 2438 1131 2478 fertur,
1157 2438 1292 2480 eiusque
1319 2437 1510 2477 dignitatum
1536 2448 1571 2469 ac
1593 2437 1765 2470 canonico-

1021 2502 1114 2531 rum,
1141 2497 1386 2532 ceterorumque
1414 2490 1634 2522 ministrorum
1669 2490 1696 2522 ei
1732 2490 1764 2523 in

1057 2564 1066 2588 1
1090 2562 1232 2588 Videretur
1253 2561 1342 2596 potius
1363 2560 1504 2595 legendum
1526 2561 1743 2588 inhaerentibus
1758 2583 1765 2595 ,

997 2628 1000 2637 ,
1021 2615 1117 2641 pompe
1137 2606 1257 2637 ‹lec—inni,
1280 2608 1395 2640 quartu,
1416 2606 1522 2639 merita,
1540 2610 1591 2632 cte.
1608 2606 1646 2640 (u.
1662 2607 1711 2638 τ.).

1763 208 1779 232 Α
1786 215 1798 231 u

1805 227 1811 234 .
1829 208 1856 233 C.
1877 208 1942 236 ¹738
