2232 3178
287 249 334 276 An.
353 248 381 276 c.
406 247 473 275 1738
520 239 584 273 4⁶26

369 2407 413 2431 §L

325 2432 355 2454 1⁷¹0
376 2432 482 2453 ronfnssa-

299 2459 336 2479 riis

299 2491 353 2506 tuln.

375 2466 389 2479 r.
398 2460 482 2484 lignosa-

641 305 788 329 REGULAE
825 304 924 328 CAPUT
949 303 1063 327 xxxvu.

599 359 705 378 Sollicite
720 362 776 377 vero
791 357 897 376 minister
909 357 1037 379 provideat.
1054 358 1101 376 eto.

505 421 601 451 CAPET
622 427 730 448 xxxvtl.
753 435 792 440 —
814 418 853 447 De
875 418 1018 454 diligentia
1040 417 1191 446 adhibenda

542 479 557 497 α
578 468 713 507 praelatis
735 477 799 505 erga
821 467 1017 495 observantitzm
1039 465 1159 503 regulae.

521 545 540 565 ι.
564 534 720 564 Hortamur
742 533 772 562 in
795 532 915 562 Domino
942 540 1043 561 omnes
1065 531 1220 570 praelatos,

481 584 540 613 sint
573 582 654 612 valde
687 581 804 610 solliciti
833 581 861 610 in
886 579 1072 609 observantia
1105 583 1221 608 sanctae

482 636 598 662 nostrae
621 630 750 668 regulae,
764 631 839 659 sicut
862 629 922 667 ipsa
946 629 1085 667 disponit,
1099 632 1129 657 ut
1146 628 1222 666 ipsov

482 690 546 711 rum
564 679 711 718 exempti*
730 678 839 707 subditi
864 677 1021 716 perfectius
1041 677 1221 715 adimpleant

481 730 561 760 illius
588 732 755 767 praecepta.
780 726 919 766 Ipsosque
951 726 1093 764 praelatos
1116 725 1150 754 de
1173 725 1223 754 tlo-

483 779 574 808 cendo
598 786 768 811 monemus,
792 785 828 805 ne
853 785 883 805 se
905 775 1038 805 iudicent
1060 775 1157 812 legum
1180 783 1224 803 ar-

484 828 578 858 bitros
601 827 719 865 quando
748 834 858 864 poenae
888 834 945 854 non
969 828 1157 853 reservantur
1179 832 1225 852 ar-

484 877 571 907 bitrio
594 876 733 911 illorum,
758 879 785 904 ct
809 878 838 903 ut
867 874 983 912 penitus
1005 873 1120 902 sublato
1143 882 1223 912 prae-

482 931 564 956 textu
588 924 703 964 pietatis
720 924 749 953 in
768 928 889 952 matrem
902 922 1073 960 religionem
1087 920 1225 950 exutiles²

485 974 541 1014 ipsi
567 973 668 1011 vigiles
684 976 712 1001 ct
734 975 864 1010 pastores
887 980 939 1009 pro
957 969 1068 999 viribus
1087 973 1225 998 tueantur

485 1023 724 1058 observantiam,
751 1019 948 1059 praecipimus
976 1018 1004 1047 in
1029 1018 1137 1047 virtute
1160 1027 1226 1047 san-

485 1075 548 1101 ctae
571 1070 765 1104 obedientiae,
790 1072 818 1098 et
840 1067 893 1097 sub
917 1071 1074 1107 praecepto
1096 1066 1224 1103 formali,

485 1118 623 1149 omnibus
645 1122 673 1147 et
697 1116 822 1154 singulis
848 1115 1036 1155 quantumvis
1065 1115 1227 1153 superiori-

485 1168 541 1198 bus
563 1172 680 1196 nostrae
703 1165 856 1203 religionis
879 1164 1027 1203 praelatis,
1045 1163 1153 1202 quibus
1176 1172 1227 1202 per

486 1217 538 1246 has
561 1215 787 1245 constitutiones
802 1213 882 1242 nulla
906 1212 994 1242 fuerit
1011 1213 1165 1242 commissa
1187 1213 1227 1242 fa-

486 1265 592 1300 cultas,
607 1264 682 1304 quod
701 1263 821 1293 minime
837 1263 1008 1301 dispensare
1025 1266 1226 1300 praesumant,

487 1323 540 1344 nec
563 1313 691 1343 audeant
713 1311 919 1348 dissimulare,
943 1311 1058 1350 quando
1081 1311 1175 1349 culpis
1197 1311 1226 1340 in

486 1363 595 1393 eisdem
618 1361 757 1391 statuitur
781 1370 872 1399 poena
894 1359 1108 1398 suspensionis,
1132 1359 1228 1398 priva-

486 1413 586 1449 tionis,
601 1415 649 1441 aut
664 1409 869 1440 inhabilitatis.
887 1408 967 1443 Quod
984 1408 1100 1447 quidem
1118 1408 1229 1447 praeci-

487 1462 584 1501 pimus
606 1460 659 1490 sub
682 1460 783 1489 eadem
807 1460 912 1498 poena,
930 1468 979 1488 reo
996 1468 1053 1488 non
1070 1459 1226 1497 applicata,

487 1519 574 1550 quam
591 1510 685 1538 solum
711 1508 847 1537 minister
869 1507 1016 1545 generalis
1037 1507 1145 1545 poterit
1171 1507 1229 1536 dis-

487 1567 633 1598 pensare,
663 1556 782 1586 attentis
814 1555 1043 1585 circumstantiis
1074 1564 1147 1594 quae
1180 1564 1227 1584 oc-

488 1610 620 1636 currant.

527 1664 557 1684 11.
581 1654 684 1684 Nullus
707 1653 855 1692 praelatus
878 1652 916 1683 ita
940 1662 970 1682 se
992 1655 1115 1691 occupet
1134 1653 1162 1681 in
1180 1660 1230 1681 ne-

488 1704 586 1742 gotiis,
604 1703 692 1732 etiam
710 1710 866 1731 causarum
889 1701 1017 1740 piarum,
1035 1700 1112 1740 quod
1128 1710 1141 1730 a
1153 1702 1162 1717 ³
1178 1710 1230 1738 gu-

488 1752 591 1781 bernio
620 1751 724 1781 domus
750 1754 778 1779 et
808 1750 869 1779 vita
902 1751 1051 1779 communi
1081 1750 1230 1789 sequenda

489 1801 675 1839 impediatur.
692 1799 750 1829 Nec
766 1798 891 1829 subditis
907 1798 936 1828 id
957 1799 1052 1837 ipsum
1069 1799 1128 1828 ullo
1145 1799 1230 1828 modo

490 1849 618 1889 permitti
641 1848 754 1877 debeat.

528 1907 569 1928 111.
593 1897 717 1927 Ministri
740 1907 754 1927 a
778 1897 839 1927 suis
855 1896 1053 1926 conventibus
1075 1905 1126 1926 seu
1143 1896 1230 1926 colle-

489 1946 545 1984 giis
568 1946 730 1976 absentiam
753 1946 830 1975 ultra
853 1949 917 1974 octo
945 1944 1007 1974 dies
1035 1954 1093 1974 non
1122 1944 1231 1974 faciant

489 1995 552 2025 sine
575 1995 695 2025 licentia
717 1994 762 2024 sui
784 1993 984 2033 provincialis.

652 2078 800 2102 REGULAE
826 2077 926 2101 CAPUT
949 2077 1077 2100 XXXVIII.

629 2134 679 2151 Non
693 2133 764 2151 nceat
778 2132 935 2154 superioribus
950 2131 1094 2150 subditorum

698 2168 858 2187 confessiones
873 2167 961 2189 audire,
978 2168 1024 2186 etc.

491 2226 589 2255 CAPUT
612 2233 731 2254 xxxviii.
755 2242 794 2246 —
816 2224 855 2253 De
876 2224 1065 2263 confessarz'iS,
1087 2224 1232 2262 praediea-

531 2274 649 2310 lorilms,
678 2273 839 2311 lectoribus,
863 2273 1045 2311 studentibus,
1066 2272 1187 2311 colleyc‘is
1209 2277 1233 2301 et

533 2322 712 2352 bibliothecis.

532 2398 552 2419 1.
575 2388 745 2418 Visitatores
774 2387 804 2417 in
827 2386 958 2426 qualibet
988 2387 1156 2417 visitatione
1186 2387 1234 2417 de-

495 2442 595 2477 putent
616 2437 645 2466 in
666 2436 784 2475 scriptis
799 2435 993 2465 confessarios
1010 2445 1060 2474 pro
1077 2436 1233 2474 religiosis;

493 2487 670 2524 illorumque
686 2485 806 2514 facultas
822 2484 938 2514 durabit
954 2494 1044 2524 usque
1061 2485 1096 2514 ad
1112 2494 1236 2524 sequen-

529 2548 543 2573 1
564 2548 668 2574 Forsan
687 2546 818 2580 escemplo
838 2546 880 2573 vel
902 2547 1042 2581 emeniplis
1061 2550 1099 2579 (R.
1116 2548 1163 2580 T.).

529 2591 545 2617 2
565 2591 603 2617 An
620 2594 693 2617 recta
709 2590 788 2617 lectio
804 2589 903 2616 iudicet
917 2591 1032 2626 quisque
1048 2591 1120 2618 scius
1135 2596 1173 2626 tn.
1186 2590 1234 2626 T.).

530 2636 547 2662 3
568 2635 719 2671 Praeposit.
742 2644 760 2663 a
778 2635 914 2663 redundat
933 2637 971 2671 (n.
989 2635 1037 2668 T.).

1064 243 1243 269 BULLARIUM
1267 243 1420 268 ROMANUM

1265 296 1320 321 tem
1338 292 1547 331 visitationem,
1564 292 1593 322 in
1610 302 1678 332 qua,
1695 292 1770 322 facta.
1788 291 2000 330 designatione,

1263 345 1356 370 cesset
1379 341 1534 380 praeterita
1549 365 1557 379 ,
1581 340 1695 371 etiamsi
1718 349 1854 370 concessa
1877 340 1964 370 suerit
1985 350 2001 370 a

1264 390 1393 428 praelato
1415 389 1559 428 superiori
1592 389 1634 418 illi
1664 389 1714 428 qui
1744 393 1812 418 tunc
1834 389 1942 419 visitat.
1966 388 2002 419 Et

1264 438 1372 475 nullus,
1396 438 1457 467 sive
1480 438 1595 476 hospes,
1618 437 1678 467 sive
1701 437 1920 475 conventualis,
1945 436 2001 466 nisi

1263 492 1346 516 antea
1369 487 1457 516 fuerit
1480 487 1626 526 praelatus
1643 486 1777 525 superior
1793 485 1872 515 illius
1887 485 2000 522 domus,

1264 535 1308 564 vel
1340 535 1477 564 definitor
1498 534 1661 572 generalis,
1686 534 1730 563 vel
1754 533 1888 563 minister
1910 533 2000 570 illius,

1264 583 1370 613 audeat
1389 583 1588 612 confessiones
1604 582 1807 620 religiosorum
1823 581 1923 611 audire
1938 581 2002 611 sine

1266 632 1412 670 praedicta
1445 631 1649 669 designatione
1683 641 1734 670 pro
1770 631 1820 660 illo
1857 634 2003 660 conventu

1267 680 1309 710 vel
1334 680 1454 718 collegio
1471 703 1478 716 ‚
1503 680 1532 709 in
1566 689 1623 719 quo
1658 679 1778 715 existit,
1802 678 1934 718 quamvis
1968 678 2004 708 ad

1266 738 1371 758 munus
1404 729 1480 758 istud
1514 729 1669 767 deputatus
1701 727 1738 756 sit
1771 735 1823 766 pro
1857 727 1913 756 alio
1936 735 2005 756 con-

1267 782 1352 808 ventu
1371 778 1414 807 vel
1431 778 1551 815 collegio
1569 777 1656 807 etiam
1674 776 1802 806 eiusdem
1826 775 2003 815 provinciae.

1306 836 1335 856 n.
1360 828 1463 856 Patres
1497 830 1591 856 tamen
1615 825 1782 855 definitores
1805 824 1956 864 generales
1977 833 2006 854 a·

1267 875 1379 906 ctuales
1401 875 1518 905 Ordinis
1541 877 1569 904 in
1593 878 1652 904 toto
1674 874 1803 910 Ordine,
1828 873 1954 903 familiae
1975 873 2005 903 in

1267 926 1321 954 sua
1344 924 1471 960 familia,
1497 928 1524 953 et
1556 923 1725 953 definitores
1752 921 1947 961 provinciales
1977 931 2008 951 a-

1268 974 1378 1004 ctuales
1396 974 1472 1003 intra
1489 982 1569 1002 suam
1588 972 1772 1012 provinciam
1793 975 1930 1010 poterunt
1944 970 2008 1001 ahs-

1268 1032 1324 1062 que
1346 1019 1519 1051 limitatione
1552 1021 1655 1051 audire
1683 1020 1880 1050 confessiones
1912 1020 2009 1050 cuius-

1269 1071 1339 1100 libet
1371 1070 1499 1108 religiosi
1531 1069 1625 1099 nostri
1647 1069 1786 1106 Ordinis,
1810 1072 1839 1098 et
1871 1068 2008 1099 similiter

1269 1120 1442 1158 cuicumque
1459 1118 1603 1148 sacerdoti
1619 1118 1722 1147 idoneo
1738 1121 1854 1156 peccata
1874 1126 1925 1146 sua
1941 1126 2010 1147 con-

1269 1168 1357 1198 fiteri.
1381 1168 1488 1197 Eodem
1511 1167 1596 1196 modo
1619 1171 1715 1205 patres
1745 1165 1871 1195 ministri
1900 1165 2009 1204 absque

1270 1217 1444 1247 lisnitatione
1479 1216 1611 1255 excipere
1651 1218 1772 1254 possunt
1811 1213 2009 1244 confessiones

1270 1274 1389 1295 suorum
1412 1264 1608 1302 subditorum,
1626 1264 1656 1293 in
1671 1262 1787 1292 casibus
1803 1272 1818 1292 a
1834 1263 1937 1301 regula
1952 1263 2011 1293 dis-

1271 1315 1394 1353 positis,
1425 1318 1454 1343 et
1486 1314 1633 1352 ipsemet¹
1655 1311 1789 1342 confiteri
1810 1316 1927 1351 peccata
1958 1320 2010 1341 sua

1270 1363 1391 1393 cuilibet
1413 1363 1529 1393 subdito
1552 1372 1604 1392 suo
1625 1362 1740 1392 idoneo.

1310 1421 1350 1442 111.
1374 1412 1511 1451 Magister
1533 1411 1710 1441 novitiorum
1733 1410 1931 1441 confessiones
1963 1420 2011 1441 eo-

1271 1471 1336 1492 rum
1358 1461 1470 1491 audiat:
1496 1460 1584 1490 semel
1608 1464 1702 1489 tamen
1719 1460 1748 1489 in
1765 1459 1895 1499 quolibet
1912 1469 2012 1490 mense

1272 1511 1330 1550 (die
1349 1520 1363 1540 a
1387 1515 1467 1549 patre
1492 1509 1626 1539 ministro
1649 1509 1837 1547 assignanda)
1861 1509 2012 1548 permitta-

1272 1565 1320 1590 tur
1342 1559 1400 1588 illis
1423 1557 1557 1588 confiteri
1581 1557 1666 1587 alteri
1699 1557 1877 1587 confessario
1907 1566 2013 1597 appro-

1272 1608 1340 1638 bato
1373 1617 1425 1647 pro
1457 1606 1623 1644 religiosis,
1647 1605 1827 1644 designando
1859 1605 1946 1636 etiam
1977 1606 2012 1636 ab

1272 1657 1372 1687 eodem
1407 1656 1551 1685 ministro.
1576 1655 1721 1684 Recenter
1743 1654 1867 1694 professi
1899 1664 2014 1695 semper

1272 1706 1466 1735 confiteantur
1489 1713 1541 1733 suo
1564 1705 1715 1742 magistro,
1742 1706 1772 1732 et
1794 1703 1879 1733 alteri
1901 1704 2014 1734 confes-

1272 1755 1348 1784 sario
1371 1764 1405 1783 ex
1427 1753 1605 1793 approbatis,
1629 1752 1794 1791 deputando
1817 1753 1903 1782 etiam
1929 1761 1944 1782 a
1960 1753 2015 1782 mi-

1272 1803 1376 1833 nistro.
1395 1802 1532 1841 Idemque
1552 1802 1734 1839 intelligatur
1752 1801 1787 1830 de
1806 1800 1924 1839 collegis
1942 1801 2015 1831 arti-

1273 1852 1325 1882 bus
1344 1851 1537 1882 studentibus.

1313 1910 1352 1931 Ν.
1376 1900 1405 1931 Si
1427 1901 1458 1930 in
1481 1900 1578 1939 aliquo
1601 1903 1748 1929 conventu
1768 1899 1811 1929 vel
1827 1899 1950 1938 collegio
1967 1899 2016 1930 de-

1275 1950 1374 1980 ficiant
1397 1949 1563 1979 sacerdotes
1586 1948 1736 1987 approbati
1766 1958 1781 1977 a
1811 1948 2015 1987 superioribus

1275 2008 1326 2038 pro
1349 1998 1529 2037 excipiendis
1552 1997 1785 2027 confessionibus
1800 1997 2015 2036 religiosorum,

1274 2048 1408 2077 minister
1430 2047 1549 2086 deputet
1575 2047 1695 2076 idoneos
1725 2051 1753 2076 et
1775 2046 1810 2076 ad
1831 2047 1859 2076 id
1882 2055 2016 2077 necessa-

1276 2097 1334 2126 rios
1350 2120 1358 2134 ,
1382 2096 1473 2125 donec
1496 2096 1534 2124 sit
1555 2095 1638 2133 copia
1661 2094 1899 2134 approbatorum.
1934 2095 2017 2126 Pote-

1275 2146 1369 2184 ritque
1393 2149 1450 2175 tani
1473 2145 1537 2174 istis
1554 2153 1640 2183 quam
1657 2144 1716 2174 illis
1733 2144 1861 2183 (quando
1875 2144 2016 2183 expedire

1275 2194 1460 2233 iudicaverit)
1490 2193 1630 2233 impedire
1653 2203 1689 2222 ne
1711 2193 1831 2222 audiant
1859 2194 2016 2224 confessio-

1276 2252 1337 2272 nes,
1362 2243 1397 2272 Et
1419 2241 1539 2271 cuilibet
1558 2251 1595 2271 ex
1613 2241 1668 2271 sibi
1685 2241 1810 2271 subditis
1826 2241 1932 2280 poterit
1947 2242 2016 2272 dare

1276 2292 1443 2321 facultatem
1476 2291 1632 2321 confitendi
1665 2291 1840 2330 cuicumque
1872 2291 2016 2321 sacerdoti

1276 2341 1380 2370 idoneo
1402 2341 1447 2370 sui
1470 2345 1641 2375 conventus,
1665 2340 1752 2369 etiam
1775 2349 1832 2369 non
1849 2340 1985 2379 deputato
2001 2350 2016 2370 a

1276 2389 1422 2428 superiori
1445 2389 1585 2427 praelato,
1611 2388 1722 2417 tametsi
1747 2388 1785 2417 sit
1808 2388 1890 2427 copia
1912 2397 2016 2428 appro-

1277 2438 1428 2467 batorum:
1453 2437 1481 2466 id
1505 2442 1601 2466 tamen
1625 2445 1692 2466 raro
1717 2437 1776 2466 fiat.

1317 2495 1343 2515 v.
1369 2485 1489 2521 Quando
1511 2485 1639 2523 religiosi
1663 2485 1755 2514 nostri
1774 2485 1830 2514 iter
1844 2485 1956 2516 faciunt
1972 2485 2018 2515 vel

1278 2539 1347 2565 sunt
1366 2534 1395 2563 in
1418 2534 1516 2572 aliquo
1540 2533 1644 2572 oppido
1667 2533 1716 2562 ubi
1739 2533 1948 2564 monasterium
1966 2543 2018 2563 no-

1279 2588 1371 2612 strum
1406 2592 1464 2612 non
1496 2587 1561 2620 est,
1585 2591 1639 2612 nec
1661 2581 1787 2612 habeant
1808 2582 2017 2613 confessarium

1315 2637 1326 2662 1
1349 2634 1463 2663 Videtur
1480 2635 1625 2671 tegendum
1643 2635 1760 2671 ipsimet
1779 2635 1818 2672 (R.
1839 2632 1890 2671 aa),
