2232 3178
271 205 365 231 amc.
391 203 457 231 ¹738
502 195 565 229 3:38

466 254 497 285 in
524 253 569 285 eis
595 257 745 285 caveatur
770 262 921 295 expresse
948 252 1032 295 quod
1055 252 1117 285 illis
1139 262 1198 295 per

467 316 688 349 quascumque
715 305 838 338 litteras
865 305 1075 348 apostolicaS‚
1102 305 1197 338 etiam

465 364 553 390 motu
581 358 674 390 simili
702 358 804 400 deque
829 358 897 401 pari
924 358 1121 400 apostolieae
1143 369 1198 401 po-

466 410 590 442 tcstatis
618 410 822 451 plenitudine
859 420 918 452 pro
953 414 1096 453 tempore
1122 420 1198 442 cou-

465 473 580 500 cessas,
609 472 829 505 spiascumque
856 463 951 495 etiam
979 463 1199 505 derogatori-'1-

466 526 533 547 rum
556 516 777 557 derogatorias
809 516 970 549 clausulas
1000 516 1031 548 in
1065 527 1098 549 se
1123 527 1198 549 con-

466 569 619 607 timentes,
640 567 719 600 illis¹
741 569 891 611 derogari
918 580 982 602 non
1009 569 1119 612 possit,
1141 580 1197 602 ne-

464 631 525 663 que
557 625 731 652 censeatur
763 621 809 653 eis
843 622 1050 663 derogatum;
1078 622 1196 665 quibus

463 672 614 705 omnibus
647 678 678 705 et
708 673 865 715 singulis,
893 674 1019 706 etiamsi
1057 675 1095 708 de
1133 675 1197 707 illis

463 735 643 768 eorumque
662 726 735 758 totis
755 726 923 758 tenoribus
942 726 1103 768 specialis,
1123 737 1196 770 spe-

463 777 576 818 cifica,
616 788 771 821 expressa
807 784 838 811 et
873 779 1039 811 individua
1075 780 1197 812 mentio

464 831 635 869 facienda,
683 836 737 863 aut
779 831 887 874 aliqua
935 831 998 864 alia
1040 832 1197 875 exquisita

463 884 564 916 forma
600 884 637 916 ad
678 884 740 916 hoe
775 884 932 917 servanda
958 885 1061 923 soret,
1088 895 1197 917 eorum

462 942 591 969 tenores
626 936 747 969 eisdem
783 937 1028 980 praesentibus,
1062 937 1197 980 perinde

463 1000 498 1022 ac
516 989 540 1021 si
563 990 601 1022 de
628 990 726 1022 verbo
745 991 784 1022 ad
806 990 939 1023 verbum
964 990 1045 1024 nihil
1067 991 1196 1034 penitus

462 1043 584 1076 omisso
611 1043 663 1075 liic
688 1043 799 1075 inserti
828 1043 947 1083 forent,
965 1054 1024 1086 pro
1049 1046 1145 1087 plene
1167 1049 1198 1077 et

462 1096 660 1129 sufficienter
685 1096 846 1139 expressis
871 1102 903 1130 et
927 1097 1055 1129 insertis
1081 1098 1198 1130 haben—

463 1155 509 1181 tes
527 1176 534 1189 ‚
561 1149 625 1182 illis
652 1149 730 1181 alias
756 1150 786 1181 in
813 1160 872 1182 suo
899 1150 1018 1183 robore
1044 1160 1198 1193 perman-

462 1203 552 1242 suris,
579 1203 616 1234 ad
643 1202 897 1244 praem1ssorum
924 1203 1067 1235 omnium
1087 1208 1118 1236 et
1135 1203 1199 1236 sin-

462 1256 609 1297 gulorum
627 1255 860 1288 validissimum
878 1255 1036 1295 effectum,
1057 1256 1116 1289 hac
1131 1256 1197 1289 viee

463 1309 642 1348 dumtaxat,
678 1308 835 1341 latissime
873 1313 903 1340 et
938 1309 1128 1352 plenissime
1162 1321 1198 1342 ae

461 1361 661 1393 sufficienter
686 1371 813 1393 necnon
847 1362 1035 1404 specialiter
1071 1367 1103 1395 et
1138 1373 1194 1395 ex-

461 1425 573 1456 presse
593 1418 681 1447 motu
708 1414 802 1447 simili
830 1415 1038 1457 derogamus;
1065 1415 1198 1448 ceteris-

461 1478 523 1509 que
544 1467 716 1500 contrariis
737 1468 1005 1511 quibuscumque.

295 1531 308 1550 Α
325 1536 449 1561 pronaum-
504 1521 519 1563 g
537 1520 590 1552 16.
606 1521 760 1553 Volumus
779 1526 886 1554 autem
903 1522 988 1564 quod
1004 1532 1062 1565 pro
1079 1527 1196 1565 tempo-

268 1557 493 1605 21⁵·2lt'3't'1'31'23331·e
515 1573 727 1616 promovendi
751 1573 787 1605 ad
814 1574 1061 1616 patriarchalem
1081 1574 1196 1618 Ulyssi-

358 1616 384 1630 itti
399 1616 449 1635 aliu-

267 1642 298 1655 sn
408 1637 640 1668 ...mponensern
661 1626 896 1660 occidentalem
923 1638 959 1659 ae
978 1628 1195 1670 archiepisco-

267 1669 362 1709 rlsfi'umo
387 1664 447 1710 nisio
460 1681 548 1721 pales
563 1685 593 1712 et
608 1679 811 1722 episcopales
831 1680 983 1713 ecclesias
1003 1681 1194 1723 praedictas,

267 1719 490 1764 lill'sssfflarlllflfiiin
518 1732 725 1775 expeditione
745 1733 924 1766 litterarum
944 1727 1194 1777 apostolicarum

267 1768 377 1790 mmm*
460 1797 558 1829 super
574 1787 783 1829 promotione
802 1787 840 1819 de
859 1797 971 1820 eorum
990 1788 1140 1830 personis
1157 1789 1194 1821 ad

461 1840 591 1871 easdem
629 1840 877 1882 patriarchalem
912 1840 1194 1884 Ulyssiponcnsem

459 1892 690 1924 occidentalem
711 1903 746 1924 ac
766 1892 1063 1936 archiepiscopales
1082 1898 1112 1926 et
1130 1894 1195 1937 epi-

460 1946 610 1988 scopales
633 1944 784 1977 ecclesias
803 1945 980 1988 apostolica
1004 1946 1195 1979 auctoritate

459 1998 625 2040 praedicta
661 1997 820 2037 iacienda,
846 1998 1067 2031 reductionem
1106 2005 1194 2032 taxae

459 2061 513 2083 seu
545 2050 721 2083 communis
758 2055 890 2094 propter
927 2051 1191 2085 dismembratio-

458 2113 531 2136 nem
573 2103 686 2136 tertiae
724 2104 827 2147 partis
866 2114 972 2136 earum
1012 2105 1170 2138 fructuum
1188 2131 1194 2144 ,

458 2156 642 2189 reddituum
669 2161 700 2189 et.
720 2162 933 2199 proventuum
952 2158 1192 2200 praedictorum

456 2219 516 2252 per
535 2219 592 2241 nos
609 2215 644 2241 ut
660 2209 842 2252 praefertur
858 2210 971 2242 saetam
990 2210 1078 2243 nullo
1096 2211 1193 2243 modo

458 2262 674 2304 praetendere
699 2263 839 2301 valeant,
861 2262 996 2305 perinde
1021 2273 1057 2295 ae
1080 2262 1105 2295 si
1132 2263 1194 2295 dis-

458 2314 667 2353 membratio,
695 2315 854 2358 separatio
880 2325 916 2347 ac
940 2316 1110 2356 seiunctio,
1135 2326 1193 2348 nee

458 2377 521 2399 non
535 2366 709 2409 applicatio
723 2372 753 2399 et
766 2367 989 2410 appropriatio
1008 2368 1192 2402 huiusmodi

458 2420 559 2452 sactae
585 2429 648 2452 non
676 2419 825 2452 fuissent.

501 2473 516 2516 ἓ
549 2472 602 2505 17.
639 2472 791 2506 Volumus
828 2478 997 2517 praeterea
1038 2474 1121 2517 quod
1160 2485 1194 2508 0-

338 2477 447 2498 soi-vanna

266 2506 373 2529 quantitas
385 2510 404 2524 ιιι
416 2505 447 2524 ln-

495 2587 503 2612 1
528 2586 582 2614 Vox
602 2587 661 2615 illis
681 2587 834 2624 importune
853 2587 967 2625 repetita
987 2588 1023 2625 (a.
1039 2588 1087 2623 τ.).

1046 202 1229 227 BULLARIUM
1254 203 1410 228 ROMANUM

2150 107 2163 118 x

1243 252 1366 285 mnium
1392 257 1424 286 et
1448 253 1649 296 singulorum
1676 254 1848 296 fructuum,
1869 255 2022 290 reddi-sce
2038 270 2114 293 interis
2135 278 2169 294 u-
2190 282 2192 315 ι,

2188 320 2192 353 l

1243 311 1330 338 tuum
1357 311 1388 338 et
1413 313 1628 349 proventuum
1655 307 1795 352 desuper
1813 301 2071 352 expresso-p‘““'²'

1242 369 1312 390 rum
1348 359 1589 401 praedictorum
1616 360 1736 400 tertia,
1760 360 1914 401 dimidia,
1942 372 1978 395 ac

1242 414 1305 443 tres
1331 421 1367 443 ex
1393 416 1532 454 quatuor
1557 412 1735 455 respective
1754 418 1870 455 partes,
1889 423 1906 446 a
1924 424 1978 447 no-

1241 462 1290 495 bis
1316 473 1374 506 per
1399 469 1605 506 praesentes,
1632 469 1667 496 ut
1690 465 1892 507 praefertur,
1920 466 1978 499 dis·

1242 515 1438 548 membratae
1465 521 1495 549 et
1521 516 1701 560 applicatae
1727 517 1922 560 praedictae,
1943 518 1976 551 in

1242 568 1429 600 eorumdem
1455 568 1613 602 fructuum
1639 570 1768 612 specie,
1797 580 1977 614 eorumque

1242 621 1404 653 eventuali
1432 622 1625 665 quantitate,
1661 622 1785 656 etiamsi
1815 623 1976 667 quantitas

1242 673 1427 707 huiusmodi
1454 675 1558 708 maior
1578 677 1627 708 vel
1646 676 1750 709 minor
1767 677 1865 709 suerit
1882 687 1978 720 quan·

1243 726 1330 758 titate
1363 727 1417 759 itte
1453 737 1535 770 quae
1567 728 1798 771 praesentibus
1825 738 1977 771 expressa

1243 779 1417 822 reperitur,
1445 780 1585 822 persolvi
1606 781 1755 813 debeant.

1284 832 1298 874 ξ,
1323 831 1376 864 18.
1403 832 1486 865 Nulli
1513 843 1590 875 ergo
1610 833 1740 866 omnino
1758 833 1923 866 hominum
1941 833 1979 867 li·
2014 848 2099 870 poenae
2121 842 2187 872 cnm-'1
2229 842 2232 870 ζ

1988 877 2019 896 tra
2032 877 2170 898 temni-atero!

1241 889 1312 916 eeat
1338 885 1421 917 hanc
1441 885 1591 928 paginam
1608 891 1738 919 nostrae
1756 886 1975 928 resolutionis,
1987 901 2059 922 banau
2075 902 2144 925 mnus.
2185 917 2188 929 ,

1241 937 1506 980 approbationis,
1535 938 1788 972 confirmationis
1807 966 1815 980 ‚
1843 939 1976 973 innova-

1243 990 1362 1031 tionis,
1389 991 1607 1034 separationis
1626 1018 1633 1032 ,
1659 992 1977 1034 dismembrationis,

1242 1043 1471 1084 seiunctionis‚
1498 1045 1734 1088 exemptionis,
1760 1045 1974 1087 liberationis,

1242 1097 1488 1139 applicationis,
1518 1097 1812 1141 appropriationis,
1845 1109 1977 1131 eonces-

1243 1149 1362 1188 sionis‚
1390 1149 1525 1189 indulti,
1558 1150 1801 1190 reservationis,
1835 1151 1977 1194 assigna-

1243 1202 1349 1244 tionis,
1376 1203 1562 1243 sanationis,
1590 1203 1864 1246 reintegrationis,
1890 1215 1978 1237 reva-

1243 1255 1416 1295 tutationis,
1436 1256 1686 1295 commissionis,
1705 1257 1860 1299 mandati,
1875 1258 1979 1291 decla-

1242 1308 1397 1348 rationis,
1423 1309 1551 1350 statuti,
1577 1310 1698 1343 decreti
1719 1337 1727 1350 ,
1755 1311 1976 1353 derogationis

1243 1365 1273 1393 et
1297 1361 1469 1394 voluntatis
1495 1361 1682 1404 infringere,
1708 1364 1758 1396 vel
1784 1363 1812 1396 ei
1830 1374 1909 1396 ausu
1933 1368 1978 1397 te-

1241 1413 1380 1446 merario
1397 1414 1570 1455 contraire3
1590 1415 1614 1446 si
1635 1416 1706 1458 quis
1723 1421 1828 1449 autem
1848 1416 1910 1449 hoc
1929 1421 1975 1449 at-

1242 1470 1367 1499 tentare
1407 1467 1688 1510 praesumpserit,
1720 1468 1976 1510 indignationem

1241 1518 1474 1562 omnipotentis
1498 1519 1554 1552 Dei
1580 1530 1616 1552 ac
1639 1521 1809 1553 beatorum
1834 1520 1920 1554 Petri
1946 1526 1979 1554 et

1242 1572 1329 1604 Pauli
1350 1573 1569 1615 apostolorum
1595 1573 1664 1606 eius
1701 1584 1734 1607 se
1766 1574 1894 1607 noverit
1929 1574 1978 1607 in-

1241 1635 1422 1657 cursurum.

1284 1679 1397 1711 Datum
1424 1679 1565 1720 Romae,
1591 1680 1676 1724 apud
1702 1680 1732 1713 S.
1760 1680 1891 1714 Mariam
1916 1681 1978 1714 Ma-

1241 1732 1359 1772 iorem,
1398 1743 1483 1765 anno
1523 1733 1755 1767 incarnationis
1794 1734 1978 1768 dominicae
2160 1759 2170 1776 ,

1239 1795 1442 1825 tunccxxxvn,
1458 1796 1488 1819 Vl
1502 1786 1573 1820 idus
1588 1787 1755 1829 februarii,
1771 1787 1978 1831 pontificatus
2167 1792 2187 1823 t<

1240 1838 1341 1871 nostri
1367 1849 1453 1871 anno
1478 1849 1544 1872 vm.
2168 1845 2187 1878 ¹,

1275 1908 1333 1935 Dat.
1356 1909 1399 1936 die
1419 1909 1434 1936 8
1453 1909 1584 1936 februarii
1612 1911 1693 1943 1738,
1715 1911 1810 1947 pontif.
1832 1919 1902 1939 anno
1923 1918 1975 1939 vlu.

1358 1971 1426 2000 Loco
1449 1973 1466 2008 †
1490 1971 1590 2001 Bullae
1611 1981 1721 2002 aureae.

1540 2169 1670 2203 CCXIX.

1238 2265 1421 2298 Reservatio
1448 2266 1532 2298 iuris
1551 2267 1745 2309 patronattis
1769 2272 1798 2300 et
1820 2278 1976 2311 praesen-

1284 2318 1378 2352 tandi
1402 2319 1445 2352 ad
1469 2329 1576 2352 omnes
1600 2319 1779 2362 diqnitates
1810 2332 1847 2354 ac
1882 2332 1977 2355 cano-

1281 2372 1408 2404 nicatus
1433 2375 1461 2404 et
1483 2371 1682 2414 praehendas
1704 2377 1869 2417 ceteraque
1887 2374 1978 2408 bene-

1280 2423 1356 2466 ficia
1374 2424 1573 2457 cathedralis
1594 2424 1854 2468 Ulyssiponensis
1871 2427 1977 2460 orien-

1283 2476 1359 2508 talis
1389 2477 1593 2509 serenissimo
1623 2477 1771 2521 principi
1801 2479 1922 2512 Ioanni
1953 2479 1979 2513 V

1281 2529 1411 2572 eiusque
1435 2529 1668 2563 successoribus
1688 2531 1919 2575 Portuqalliae
1946 2536 1976 2565 et

1281 2581 1307 2616 A
1316 2582 1518 2628 lqarbiorum
1535 2583 1673 2627 reyibus.

1986 209 2037 235 An.
2052 209 2080 234 c.
2103 206 2173 240 ¹738r

2185 934 2187 947 t

2173 956 2187 979 x}
