2232 3178
28 246 79 274 An.
92 244 123 273 C.
147 243 213 272 ¹735

854 239 996 264 CLEMENS
1020 238 1068 262 xii
1091 239 1143 263 PP-

225 291 321 325 nibus
347 290 425 324 alias
451 289 613 323 translatis
631 289 748 322 iterum
775 289 965 322 transferen-

226 343 283 385 dis,
308 354 343 377 ac
368 344 556 387 quorumvis
582 343 720 377 aliorum
747 343 966 375 Romanorum

225 397 417 431 Pontificum
453 397 740 441 praedecessorum
780 401 966 428 nostrorum

225 456 256 483 et
281 451 449 494 quibusvis
474 451 544 484 aliis
577 449 776 494 apostolicis,
794 459 829 481 ac
849 449 881 480 in
899 448 966 480 uni-

224 504 401 538 versalibus
440 504 755 548 provincialibusque
780 507 811 535 et
837 501 968 545 synoda·

226 558 309 591 libus
348 558 496 592 conciliis
535 557 647 598 editiS,
675 555 879 600 generalibus
921 554 967 587 vel

226 611 437 656 specialibus,
463 611 751 645 constitutionibus
777 614 807 642 et
838 609 968 642 ordina-

227 666 389 706 tionibus,
417 676 544 699 necnon
581 664 708 707 legibus
741 664 834 697 etiam
861 663 966 706 impe-

228 719 362 752 rialibus
398 724 429 751 et
463 717 739 761 municipalibus,
777 722 839 749 tam
875 715 968 748 Urbis

228 783 323 816 quam
348 772 482 805 aliarum
519 771 682 805 civitatum
710 776 740 803 et
765 771 912 803 locorum
939 769 969 801 in

228 826 343 869 quibus
368 826 451 859 cives
469 824 636 868 originarii
656 824 752 857 creati
771 823 917 863 existitis,
941 829 971 856 et

228 879 412 923 quarumvis
445 879 661 919 ecclesiarum,
686 877 969 917 monasteriorum,

228 932 383 966 Ordinum
398 938 429 966 et
446 932 617 976 hospitalis
635 931 882 975 praedictorum⁷
901 941 972 964 nec-

229 996 295 1020 non
320 986 508 1030 quorumvis
545 985 758 1028 collegiorum
790 991 821 1017 et.
845 984 968 1017 officio<

229 1049 299 1072 rum
318 1040 422 1072 dictae
442 1038 565 1079 Curiae,
587 1044 618 1071 et
635 1048 824 1081 regnorum,
846 1037 972 1081 provin-

230 1093 349 1126 ciarum
386 1099 417 1126 et
441 1092 537 1126 Urbis
574 1103 609 1126 ac
639 1093 775 1125 aliarum
810 1091 972 1124 civitatum

230 1152 260 1180 et
286 1148 431 1180 locorum
457 1157 493 1180 ac
524 1146 673 1180 Gamerae
709 1145 969 1189 praedictorum,

231 1201 326 1234 etiam
352 1200 540 1240 iuramento,
567 1199 813 1233 confirmatione
849 1205 974 1242 aposto-

230 1254 302 1295 lica,
328 1256 376 1288 vel
402 1254 513 1298 quavis
538 1253 688 1286 firmitate
714 1253 775 1286 alia
801 1252 973 1292 roboratis,

231 1309 359 1341 statutis
385 1314 415 1341 et
441 1307 746 1346 consuetudinibus,
774 1305 974 1338 stabilimen-

232 1362 290 1403 tis,
316 1362 427 1395 usibus
457 1367 489 1394 et
516 1353 654 1401 naturis,
680 1359 804 1393 etiamsi
838 1360 876 1392 de
909 1359 973 1391 illis

232 1415 395 1448 servandis
420 1419 450 1447 et
475 1425 541 1447 non
568 1413 782 1456 impetrandis
808 1412 922 1445 litteris
947 1423 976 1444 a·

231 1468 399 1513 postolicis
423 1474 535 1501 contra
559 1478 611 1508 ea,
636 1478 696 1500 nec
721 1466 814 1499 etiam
840 1467 878 1499 ab
912 1466 974 1499 alio

234 1524 282 1556 vel
316 1523 356 1555 ab
391 1522 460 1555 aliis
495 1521 674 1565 impetratis
707 1526 761 1553 aut
793 1519 869 1553 alias
901 1531 975 1563 quo-

232 1576 413 1609 modolibet
433 1574 596 1609 concessis
621 1574 752 1614 utendo,
771 1585 828 1607 vos
848 1584 905 1617 per
921 1584 976 1606 vos

233 1631 280 1663 vel
320 1635 549 1674 procuratores
584 1634 706 1662 vestros
749 1627 976 1671 praestiteritis

234 1683 342 1718 forsan
377 1683 534 1716 hactenus
566 1683 615 1716 vel
646 1693 702 1716 vos
739 1681 770 1714 in
810 1687 974 1725 posterum

234 1743 397 1781 praestare
427 1735 599 1779 contigerit
635 1735 874 1775 iuramentum,
913 1735 977 1778 pri-

233 1790 358 1833 vilegiis
384 1800 524 1834 quoque,
551 1789 683 1822 indultis
711 1794 741 1821 et
765 1788 880 1821 litteris
905 1799 977 1832 apo-

235 1842 366 1884 stolicis,
385 1843 478 1876 dictis
500 1842 655 1883 ecclesiis,
682 1841 898 1882 monasteriis,
921 1841 993 1874 Or-'

236 1896 363 1930 dinibus
384 1902 416 1929 et
432 1896 658 1940 hospitalibus,
675 1896 872 1939 illorumque
890 1906 978 1939 prae-

237 1950 372 1991 sulibus,
396 1960 451 1983 seu
483 1949 800 1983 administratoribus
827 1955 857 1982 et
884 1959 977 1992 supe-

237 2003 395 2044 rioribus,
423 2014 458 2037 ac
482 2003 661 2047 magistris,
696 2003 974 2046 praeceptoribus,

238 2057 409 2101 prioribus,
436 2058 603 2099 militibus,
630 2058 727 2091 etiam
751 2057 899 2097 antianis,
928 2067 977 2089 ca-

239 2110 360 2154 pitulis,
384 2111 606 2151 conventibus,
631 2110 814 2144 civitatibus
832 2116 862 2143 et
887 2110 978 2150 loci&

241 2163 372 2207 aliisque
398 2164 586 2208 praedictis,
613 2175 649 2197 ac
677 2164 806 2197 illorum
841 2174 979 2196 commu·

242 2216 393 2251 nitatibus
415 2224 445 2252 et
460 2219 734 2259 universitatibus,
753 2218 892 2261 aliisque
909 2228 978 2262 per-

243 2269 343 2311 sonis,
368 2271 462 2304 etiam
487 2271 746 2316 particularibus,
774 2282 902 2305 necnon
935 2282 979 2304 ar-

244 2322 469 2368 chiepiscopis
484 2325 642 2369 episcopis
657 2331 688 2358 et
705 2325 775 2359 aliis
790 2325 979 2365 Ordinariis,

244 2374 337 2409 etiam
377 2377 496 2410 eisdem
532 2379 773 2419 cardinalibus,
809 2389 844 2411 ac
877 2379 978 2412 dictae

244 2428 354 2462 Curiae
379 2430 579 2472 officialibus,
605 2432 799 2476 illorumque
821 2432 977 2476 collegiis,

243 2492 279 2514 ac
304 2482 399 2515 etiam
427 2483 640 2524 decimarum,
666 2485 893 2528 pedagiorum,
928 2496 980 2529 ga-

243 2535 401 2568 bellarum
426 2541 457 2569 et
481 2533 616 2570 onerum
640 2538 844 2573 exactoribus
869 2546 899 2573 et
926 2551 980 2583 ap-

243 2589 454 2633 paltatoribus
478 2596 509 2623 et
534 2591 670 2624 aliorum
696 2602 829 2625 onerum
856 2594 982 2627 redem-

242 2643 412 2687 ptorihus,
438 2643 498 2678 sub
530 2645 789 2691 quibuscamque
815 2647 982 2682 tenoribus

1009 293 1040 320 et
1065 287 1195 327 formis,
1223 298 1258 320 ae
1284 297 1355 320 cum
1381 286 1546 330 quibusvis
1571 285 1666 318 etiam
1698 285 1750 317 de-

1009 341 1245 384 rogatoriarum
1271 340 1497 383 derogatoriis,
1523 339 1658 382 aliisque
1685 338 1750 370 effi-

1010 394 1187 427 cacissimis
1213 400 1244 427 et
1269 394 1407 427 insolitis
1434 392 1596 431 clausulis,
1623 402 1657 424 ac
1682 391 1750 423 irri-

1012 448 1149 480 tantibus
1170 453 1201 480 et
1225 448 1294 480 aliis
1322 447 1469 487 decretis,
1497 456 1554 490 per
1579 454 1751 488 quoscum-

1012 511 1072 544 que
1098 501 1258 534 Romanos
1283 500 1453 534 Pontifices
1480 499 1749 543 praedecessores

1012 558 1156 595 nostros,
1183 566 1217 587 ac
1251 555 1346 587 etiam
1373 564 1432 587 nos
1464 559 1494 585 et
1519 552 1634 585 Sedem
1662 560 1751 594 prae-

1013 608 1148 647 dictam,
1186 608 1281 641 etiam
1318 606 1602 645 concistorialiter,
1640 616 1675 637 ac
1713 605 1750 636 de

1013 661 1203 694 eorumdem
1240 661 1449 694 cardinalium
1486 659 1632 698 consilio,
1658 658 1750 691 eliam

1013 726 1071 759 per
1097 715 1227 748 modum
1251 714 1358 747 statuti
1378 720 1405 746 et
1426 713 1664 747 constitutionis
1683 722 1753 754 per-

1013 774 1197 812 petuorum,
1217 779 1251 801 ac
1269 771 1356 801 motu
1376 773 1406 800 et
1425 767 1557 799 scientia
1578 765 1750 804 similibus,

1015 823 1120 866 deque
1139 822 1338 866 apostolicae
1353 820 1522 864 potcstatis
1537 818 1751 863 plenitudine,

1014 875 1062 908 vel
1088 876 1126 908 ad
1153 875 1372 919 imperatoris,
1398 884 1529 917 regum,
1555 872 1753 916 reginarum,

1016 930 1143 970 ducum,
1168 929 1396 962 marchionum
1423 933 1454 960 et
1480 927 1618 960 aliorum
1638 925 1755 969 priuci-

1016 995 1090 1028 pam
1115 983 1310 1024 instantiam,
1337 993 1393 1016 sen
1413 982 1538 1014 illorum
1560 980 1757 1023 contempla-

1017 1039 1117 1079 tione,
1137 1038 1170 1071 in
1197 1048 1317 1081 genere
1343 1038 1394 1070 vel
1420 1037 1451 1069 in
1478 1036 1596 1079 specie,
1617 1045 1652 1067 ac
1677 1034 1756 1067 alias

1017 1092 1264 1136 quomodolibet
1282 1091 1378 1124 etiam
1396 1089 1520 1122 iteratis
1538 1088 1661 1121 vicibus
1681 1097 1757 1120 con-

1017 1146 1128 1186 cessis,
1153 1144 1278 1178 etiamsi
1305 1146 1336 1178 in
1364 1144 1409 1177 eis
1435 1155 1472 1176 ac
1498 1141 1624 1175 statutis
1651 1146 1682 1173 et
1699 1147 1758 1173 sta-

1016 1199 1198 1233 bilimentis
1224 1198 1397 1242 praedictis
1423 1202 1572 1230 caveatur
1608 1204 1757 1237 expresse

1019 1255 1067 1287 vel
1094 1253 1202 1291 tacite,
1230 1252 1314 1295 quod
1347 1250 1442 1283 Urbis
1475 1250 1534 1282 nisi
1570 1247 1757 1290 originariis

1018 1307 1140 1339 civibus
1176 1305 1317 1339 romanis
1349 1315 1385 1337 ac
1422 1303 1536 1336 civium
1568 1302 1757 1335 eorumdem

1019 1360 1092 1394 tiliis
1111 1360 1330 1399 conserantur,
1353 1358 1505 1402 quodque
1530 1356 1758 1389 nonnullarum

1019 1414 1231 1448 ecclesiarum
1263 1411 1432 1451 beneficia,
1469 1411 1528 1444 nisi
1556 1421 1614 1454 per
1647 1420 1760 1453 perso-

1019 1478 1075 1501 nas
1100 1467 1245 1500 illustres
1271 1467 1319 1498 vel
1346 1465 1486 1504 nobiles,
1515 1475 1551 1497 ac
1577 1464 1671 1496 etiam
1698 1462 1761 1495 ori—

1019 1521 1159 1565 ginarios
1184 1520 1281 1560 cives,
1307 1524 1361 1552 aut
1386 1518 1464 1551 alias
1492 1522 1579 1550 certo
1605 1516 1702 1549 modo
1729 1516 1760 1547 in

1018 1575 1083 1608 illis
1110 1584 1264 1617 expresso
1291 1572 1492 1616 qualificatos
1519 1569 1658 1604 obtineri
1696 1579 1760 1601 non

1019 1628 1153 1672 possint,
1181 1633 1212 1660 et
1236 1627 1315 1659 nulli
1342 1625 1372 1658 in
1399 1625 1484 1658 cives
1502 1624 1596 1657 Urbis
1623 1634 1657 1656 ac
1690 1621 1762 1654 civi-

1020 1689 1129 1722 tatum,
1156 1681 1362 1724 oppidorum,
1391 1685 1548 1712 terrarum
1567 1682 1595 1709 et
1613 1677 1760 1710 locorum

1020 1735 1209 1770 huiusmodi
1236 1733 1379 1773 admitti,
1406 1743 1461 1766 scu
1480 1732 1609 1765 illorum
1636 1730 1763 1774 privile-

1019 1791 1081 1834 giis
1105 1790 1150 1822 uti
1176 1788 1314 1833 possint,
1341 1787 1401 1820 nisi
1428 1786 1518 1830 prius
1546 1786 1575 1818 in
1604 1784 1697 1817 dictis
1722 1783 1762 1815 ci-

1020 1844 1183 1884 vitatibus,
1209 1841 1353 1886 oppidis,
1392 1841 1486 1874 terris
1520 1845 1550 1872 et
1586 1838 1664 1872 locis
1703 1847 1762 1880 per

1021 1901 1142 1931 certum
1169 1902 1297 1939 tempus
1323 1893 1560 1932 habitaverint,
1585 1902 1640 1924 scu
1667 1891 1761 1924 etiam

1021 1951 1053 1984 in
1079 1951 1142 1984 illis
1168 1949 1255 1982 bona
1288 1948 1383 1981 ctiam
1421 1946 1549 1980 stabilia
1581 1945 1686 1978 forsan
1723 1944 1762 1976 ad

1021 2010 1146 2038 certum
1163 2004 1306 2037 valorem
1322 2000 1529 2035 ascendentia
1546 1999 1763 2043 possederint,

1022 2058 1175 2102 quodque
1200 2055 1446 2101 praeceptorias)
1472 2060 1503 2087 et
1521 2054 1583 2086 alia
1604 2051 1763 2086 beneficia

1022 2120 1248 2155 quaecumque
1270 2109 1346 2142 dicti
1369 2106 1538 2151 hospitalis
1561 2112 1622 2139 tam
1642 2116 1678 2138 ex
1696 2105 1763 2137 eius

1022 2164 1228 2198 institutione
1265 2173 1360 2206 quam
1394 2173 1430 2195 ex
1468 2160 1762 2194 stabilimentoruni

1023 2219 1265 2264 praedictorum
1303 2215 1516 2260 dispositione
1553 2213 1762 2258 pensionibus

1022 2272 1152 2305 clericis
1182 2269 1406 2304 saecularibus
1441 2274 1472 2301 et
1503 2268 1575 2301 aliis
1612 2265 1761 2310 personis

1022 2327 1119 2359 ctiam
1146 2325 1322 2369 apostolica
1347 2323 1536 2355 auctoritate
1563 2319 1760 2353 reservandis

1022 2378 1146 2422 gravari
1174 2389 1239 2411 non
1266 2377 1412 2420 possint,
1453 2375 1603 2419 quodque
1639 2373 1763 2405 stabili-

1024 2432 1142 2465 inentis
1168 2436 1199 2464 ct
1236 2429 1412 2474 privilegiis
1439 2426 1631 2471 praedietis,
1665 2425 1760 2457 etiam

1023 2485 1135 2528 vigore
1162 2483 1337 2527 implicitae
1364 2479 1581 2523 derogationis
1609 2479 1761 2512 latissime.

1023 2537 1257 2577 extendendae,
1284 2537 1378 2569 etiam
1397 2545 1455 2579 per
1473 2543 1690 2576 quascumque
1717 2531 1764 2564 lit-

1025 2598 1110 2627 teras
1136 2590 1329 2636 apostolieas
1349 2594 1379 2622 et
1400 2587 1528 2631 quasvis
1554 2586 1648 2619 etiam
1671 2586 1764 2618 dero·

1024 2645 1223 2690 gatoriarum
1248 2641 1481 2686 derogatorias,
1510 2640 1710 2674 efficaciores
1736 2643 1765 2672 ct

1670 227 1711 260 83
1757 236 1808 263 An.
1825 236 1854 263 c.
1876 237 1942 264 1735
