2232 3178
43 229 90 257 ΑΙΙ.
103 225 131 254 G.
153 223 218 252 ¹738

86 2506 115 2529 Do
131 2498 222 2535 ea‘puuto

49 2536 184 2558 ΝΙΠΟΠΙΠἎΗ.

842 219 984 245 CLEMENS

227 271 283 301 alia
298 280 330 301 re
346 275 463 301 nostrae
482 271 646 301 austeritati
663 271 796 310 opposita
812 274 933 300 utantur
944 271 963 307 ¹,

226 321 282 350 iter
294 320 412 356 saciant,
431 320 502 349 vela
519 324 667 350 conventu
684 323 799 356 exeant,
815 318 871 347 nisi
887 327 964 354 raro,

227 373 255 398 et
276 368 353 398 iusta
374 369 408 398 de
432 370 532 406 causa,
549 369 593 398 vel
611 369 639 398 in
659 377 773 406 agrum,
791 368 870 397 iuxta
889 367 965 396 dicta

227 417 262 447 de
284 417 425 447 charitate
447 427 516 455 erga
540 417 671 447 Infirmos
694 426 775 446 num.
798 425 858 446 vin.

265 475 326 496 vni.
349 467 452 496 Nullus
478 467 651 505 religiosus,
675 466 728 496 sub
753 467 847 505 poena
869 465 966 503 gravis

227 515 340 554 culpae,
364 525 379 544 e
401 515 486 545 domo
503 516 671 554 egrediatur
690 515 725 544 ad
747 514 858 552 agenda
881 522 968 550 nego-

227 563 266 593 tia
295 564 505 601 saecularium,
529 565 616 594 etiam
640 573 758 594 suorum
791 568 964 602 parentum3

227 612 251 641 si
274 616 371 642 tamen
394 613 545 643 commode
567 613 703 642 excusari
726 621 782 641 non
807 611 914 650 possit,
938 610 967 639 id

227 660 314 690 liceat
335 661 374 699 ei,
392 661 513 692 obtenta
530 662 611 701 prius
633 662 757 691 alicuius
780 660 903 700 praelati
921 668 969 689 su-

228 709 352 748 perioris
375 709 508 740 lleentia.

413 787 560 810 ancoras
586 787 686 810 aanor
709 787 790 810 xxvr

260 834 395 855 lut-amenta
409 841 455 854 nou
470 837 563 857 faciant.
579 836 622 854 nist
638 840 718 858 magua
732 836 871 856 necessitas.
886 835 933 853 eto.

227 882 324 913 CAPUT
347 892 427 913 xxvi.
446 901 485 906 —
506 883 545 913 De
567 883 783 912 circumstantiis
812 892 880 922 qnae
908 892 970 911 con-

267 941 380 962 currere
401 932 496 962 debent
515 942 567 970 pro
589 933 754 961 iuramentis
775 942 789 960 u
809 932 908 960 nostris
927 941 969 960 re-

268 980 374 1019 ligiosis
395 981 541 1020 faciendis.

268 1037 433 1067 Iuramenta
457 1048 515 1068 non
544 1038 671 1074 saciant,
702 1038 758 1068 nisi
789 1047 893 1076 magna
922 1047 970 1067 oc-

228 1087 356 1117 currerit
388 1088 547 1117 necessitas
580 1087 608 1116 in
643 1088 739 1117 causis
766 1088 850 1117 iustis
872 1092 900 1116 et
921 1087 970 1116 ho-

228 1136 331 1172 nestis,
355 1145 421 1166 cum
449 1136 568 1166 licentia
594 1137 639 1166 sui
663 1137 782 1175 praelati
799 1160 806 1174 ‚
832 1136 875 1165 vel
897 1136 968 1165 iussi

229 1184 264 1215 ab
287 1185 386 1224 aliquo
409 1185 458 1224 qui
483 1185 510 1214 id
534 1186 702 1224 praecipere
726 1185 768 1215 eis
790 1185 892 1224 possit.
916 1184 969 1220 Qui

230 1238 326 1264 autem
342 1234 452 1274 absque
468 1235 531 1264 istis
548 1234 778 1264 circumstantiis
794 1234 968 1271 Iuraverint‚

230 1282 387 1323 disciplina.
409 1283 596 1313 conventuali
620 1283 796 1322 plectantur.

406 1359 554 1383 REGULAE
577 1359 677 1383 CAPUT
703 1360 799 1383 XXVII.

308 1407 404 1431 Pignora
418 1413 464 1426 non
478 1409 592 1431 accipiant
603 1422 608 1430 ,
624 1409 756 1431 depositum
770 1408 827 1430 auri,
843 1409 890 1427 etc.

229 1456 326 1487 CAPUT
349 1466 438 1486 xxvtt.
460 1475 494 1478 —
517 1457 684 1486 Prohibetur
710 1459 810 1486 nostris
836 1457 971 1495 religiosis

323 1507 442 1545 acceptio
460 1507 610 1545 pignorum
632 1510 656 1535 et
678 1507 873 1545 depositorum.

270 1564 419 1603 Praecipit
441 1569 541 1594 nostra
558 1565 658 1603 regula
675 1565 770 1604 capite
792 1565 859 1601 isto,
877 1575 913 1595 ne
930 1565 972 1604 pi-

231 1622 321 1651 gnora
345 1613 389 1642 vel
413 1613 541 1652 deposita
566 1614 642 1651 auri,
667 1614 792 1651 argenti,
816 1614 861 1644 vel
885 1623 972 1653 pecu-

230 1663 298 1692 niae
312 1672 327 1692 a
340 1663 449 1693 nostris
460 1663 670 1702 suscipiantur.
683 1664 778 1698 Quare
793 1664 843 1702 qui
857 1668 972 1693 contra-

231 1711 361 1751 venerit,
379 1716 527 1751 tamquam
545 1712 666 1742 violator
682 1712 800 1750 regulae
819 1712 970 1752 puniatur.

399 1788 547 1812 REGULAE
574 1789 674 1812 CAPUT
698 1789 808 1813 XXVIII.

330 1837 354 1856 st
369 1837 430 1860 quod
444 1838 527 1856 viuum
541 1837 564 1856 in
579 1842 605 1856 re
620 1842 677 1860 quae
700 1838 815 1859 venditur,
831 1838 879 1857 etc.

231 1880 327 1911 CAPUT
350 1889 450 1911 xxvnt.
474 1898 514 1902 —
546 1881 725 1920 Praecipitat·
757 1881 826 1920 quod
851 1881 972 1920 defectus

309 1932 351 1960 rei
371 1931 528 1960 vendendae
550 1931 742 1967 manifestetur
764 1932 890 1970 emptori.

270 1988 411 2027 Religiosi
435 1988 529 2018 nostri
545 1989 677 2018 veritatis
699 1993 726 2018 et
742 1989 871 2019 iustitiae
893 1998 971 2018 ama-

231 2041 309 2067 tores
332 2047 395 2067 esse
418 2037 535 2074 debcnt3
553 2037 618 2067 ideo
637 2038 825 2067 manifestent
847 2037 972 2077 emptori

231 2085 346 2123 vitium,
375 2085 398 2115 si
421 2085 539 2125 aliquod
562 2090 663 2116 notum
686 2086 758 2126 ipsis
781 2087 876 2121 suerit,
894 2087 924 2116 in
941 2095 972 2116 re

231 2144 318 2173 quam
336 2134 462 2164 vendere
479 2135 590 2170 volunt,
610 2135 664 2164 sub
683 2137 778 2175 poena
793 2136 890 2174 gravis
912 2136 972 2166 cul-

232 2192 285 2222 pae
307 2183 484 2222 infligendae
506 2193 563 2214 non
587 2184 740 2215 indicanti.

409 2259 557 2283 REGULAE
583 2260 683 2284 CAPUT
715 2262 797 2285 XXIX.

232 2310 362 2332 capucium
377 2311 396 2329 at
411 2310 461 2329 fler-¹
476 2311 552 2333 possit
567 2310 662 2333 singultu
677 2311 799 2330 domtutct·
813 2311 908 2332 diebus.
925 2313 973 2331 ete.

271 2357 367 2388 CAPUT
392 2367 470 2388 xxtx.
494 2375 532 2382 --
555 2358 594 2388 De
616 2358 737 2398 capituto
759 2359 934 2389 conventuali

409 2412 434 2437 ct
455 2409 614 2437 consiliat-is
635 2412 792 2437 conventus.

272 2473 291 2495 1.
315 2465 418 2495 Nullus
441 2465 498 2495 nisi
527 2466 674 2503 sacerdos,
698 2470 726 2496 et
749 2470 812 2505 post
842 2471 901 2497 tres
924 2476 974 2497 an-

232 2522 285 2544 nos
300 2523 315 2544 a
335 2514 526 2554 professione,
544 2519 644 2545 votum
668 2514 771 2545 habeat
792 2515 821 2545 in
845 2515 974 2556 capitulo

233 2563 429 2594 conventuali.

269 2621 281 2645 1
303 2618 375 2647 Edit.
396 2618 480 2646 Main.
502 2618 567 2654 tegit
588 2621 712 2649 utuntur
727 2618 766 2654 (a.
782 2619 832 2654 r.).

1009 218 1056 243 XII
1079 218 1132 242 Pr.

1048 276 1077 296 11.
1095 265 1228 302 Quando,
1247 266 1326 296 iuxta
1344 270 1472 296 nostram
1490 265 1621 304 regulam
1638 269 1664 294 et
1681 274 1749 295 con-

1009 316 1189 349 stitutiones,
1207 325 1252 344 res
1269 316 1365 354 aliqua
1389 325 1402 344 a
1420 315 1546 353 capitulo
1562 314 1748 344 conventuali

1009 364 1128 393 decerni
1152 364 1248 399 debet,
1263 365 1398 403 superior
1413 364 1491 393 illam
1509 368 1650 402 proponat
1673 372 1750 392 com-

1011 413 1146 442 munitati
1170 413 1215 442 die
1238 413 1435 449 antecedenti,
1452 418 1479 442 et
1502 413 1530 441 in
1553 412 1686 451 sequenti
1702 412 1751 441 de-

1011 461 1130 490 finiatur
1152 471 1203 500 per
1225 466 1338 490 secreta
1371 461 1507 499 suffragia
1532 470 1547 490 a
1571 461 1699 500 praelato
1722 465 1750 490 et

1010 509 1187 538 consiliariis
1210 509 1381 547 regulando.

1050 567 1091 587 111.
1113 558 1148 587 Ut
1171 568 1287 597 semper
1309 562 1422 588 constet
1444 568 1587 596 quaenam
1611 568 1657 588 res
1679 558 1751 587 defi-

1010 606 1089 636 nitae
1113 611 1140 636 et
1163 607 1373 636 determinatae
1404 611 1472 636 sunt
1493 616 1507 635 a
1531 607 1661 645 capitulo
1683 617 1752 636 con-

1012 655 1162 692 ventuali,
1187 655 1215 684 in
1239 655 1371 694 quolibet
1401 659 1547 684 conventu
1579 660 1607 685 et
1629 656 1751 693 collegio

1012 703 1049 733 sit
1072 704 1252 733 secretarius
1275 703 1384 733 electus
1401 704 1434 733 de
1453 713 1575 742 corpore
1598 705 1690 743 ipsius
1706 713 1753 733 ca·

1013 753 1120 792 pituli,
1144 758 1172 783 et
1194 753 1229 783 ab
1253 753 1353 783 eodem
1386 753 1514 792 capitulo
1541 763 1607 783 cum
1630 754 1752 783 consilio

1013 802 1039 830 et
1061 811 1183 831 assensu
1207 802 1414 840 provincialis3
1439 802 1488 841 qui
1516 802 1634 840 quidem
1659 812 1754 832 secre-

1013 850 1104 879 tarius
1126 850 1155 880 in
1180 850 1255 880 libro
1270 851 1303 879 ad
1320 851 1347 880 id
1364 851 1508 881 destinato
1531 851 1639 882 scribat
1656 852 1753 881 omnia

1013 899 1127 929 decreta
1152 900 1293 938 praedicti
1312 900 1445 938 capituli,
1462 900 1686 939 approbationes
1702 900 1755 931 Or-

1013 947 1208 987 dinariorum,
1227 953 1254 978 et
1276 949 1402 985 similia;
1431 953 1459 978 et
1483 954 1635 988 postquam
1658 959 1689 979 ea
1714 950 1753 980 Ie-

1013 997 1089 1034 gerit
1113 996 1169 1035 ipsi
1199 997 1345 1035 capitulo,
1370 997 1505 1026 minister
1537 1002 1564 1027 et
1593 998 1754 1028 consiliarii

1013 1044 1213 1081 subscribant,
1231 1050 1259 1075 et
1275 1045 1337 1084 ipse
1354 1055 1469 1086 quoque
1492 1047 1667 1076 secretarius
1684 1052 1756 1077 tam-

1013 1103 1099 1132 quam
1122 1098 1272 1124 attestans.

1052 1151 1091 1171 tv.
1116 1142 1154 1172 De
1176 1143 1312 1173 omnibus
1343 1144 1416 1173 actis
1449 1148 1477 1174 et
1499 1144 1702 1174 determinatis
1725 1145 1755 1175 in

1013 1191 1142 1230 capitulo
1175 1202 1290 1231 semper
1323 1193 1506 1223 custodiatur
1540 1198 1698 1223 secretum.
1726 1193 1756 1224 Si

1014 1241 1080 1279 quis
1096 1250 1164 1271 vero
1186 1242 1298 1280 aliquid
1322 1242 1498 1272 revelaverit
1521 1242 1586 1272 aliis
1609 1243 1755 1281 reIIgiosis

1014 1300 1071 1319 non
1095 1291 1305 1329 capitularibus
1322 1292 1366 1321 vel
1388 1291 1588 1321 saecularibus
1606 1316 1614 1329 ,
1631 1292 1756 1321 maxime

1015 1340 1130 1378 quando
1148 1340 1296 1379 praelatus
1312 1345 1458 1370 secretum
1480 1341 1706 1377 commendavit,
1721 1340 1757 1370 ad

1015 1388 1170 1418 arbitrium
1195 1389 1384 1429 provincialis
1408 1390 1539 1429 privetur
1566 1399 1635 1419 voce
1658 1390 1756 1419 activa

1014 1437 1043 1467 in
1067 1439 1195 1477 capitulo
1218 1439 1419 1476 conventuali,
1443 1439 1522 1468 iuxta
1546 1439 1757 1469 inconvenien-

1015 1487 1054 1517 tia
1078 1497 1112 1517 ex
1135 1488 1314 1518 revelatione
1337 1488 1528 1527 subsequuta.

1055 1545 1074 1565 1.
1104 1536 1136 1566 In
1159 1536 1288 1576 quolibet
1320 1542 1465 1567 conventu
1489 1546 1541 1566 seu
1563 1537 1685 1576 collegio
1708 1547 1758 1577 pa-

1017 1588 1061 1614 ter
1084 1585 1274 1623 provincialis
1303 1585 1436 1623 designet
1469 1591 1594 1624 quatuor
1623 1587 1757 1616 consilia·
1788 1611 1791 1614 i

1016 1686 1043 1711 et
1066 1682 1095 1711 in
1120 1691 1221 1711 eorum
1242 1682 1376 1712 absentia
1391 1683 1440 1712 alii
1463 1683 1531 1713 duo.
1550 1684 1667 1713 Etcum
1690 1688 1757 1713 actu

1016 1731 1226 1761 exercentibus
1249 1732 1382 1761 consulat
1410 1734 1558 1771 praelatus
1587 1742 1688 1763 omnes
1711 1743 1758 1763 res

1016 1780 1050 1809 ad
1073 1786 1234 1811 conventus
1257 1781 1541 1811 administrationem
1565 1783 1758 1821 pertinetiteS‚

1016 1830 1147 1869 exceptis
1169 1830 1354 1868 gravioribus
1383 1830 1560 1870 maiorisque
1593 1831 1755 1870 ponderis:

1017 1879 1088 1908 istae
1110 1879 1187 1908 enim
1208 1889 1259 1918 per
1271 1880 1414 1909 maiorem
1431 1885 1542 1919 partem
1555 1880 1676 1919 capituli
1693 1889 1760 1910 con-

1018 1928 1162 1958 ventualis
1185 1928 1303 1958 decerni
1327 1928 1443 1958 debent.

1056 1986 1085 2006 11.
1116 1977 1149 2006 In
1182 1977 1305 2015 singulis
1341 1977 1533 2007 conventibus
1567 1981 1594 2007 et
1628 1978 1759 2016 collchis

1016 2026 1149 2064 singulae
1166 2026 1224 2055 sint
1237 2035 1289 2066 pro
1306 2027 1507 2056 custodiendis
1527 2028 1660 2066 pecuniis
1673 2037 1758 2057 arcae

1017 2075 1105 2104 trium
1130 2075 1277 2112 clavium,
1300 2085 1424 2115 quarum
1454 2076 1575 2105 alteram
1600 2076 1756 2115 superior,

1016 2129 1044 2154 et
1071 2125 1143 2154 duas
1178 2125 1249 2154 alias
1272 2125 1434 2154 consiliarii
1468 2125 1597 2155 officium
1619 2134 1759 2155 exercen-

1016 2178 1059 2204 tes
1081 2174 1217 2204 habeant.
1246 2174 1280 2204 Et
1303 2175 1366 2204 sine
1394 2174 1564 2204 assistentia
1585 2179 1758 2204 cunctorum

1017 2223 1117 2261 trium,
1140 2223 1311 2262 neutiquam
1335 2232 1401 2252 arca
1424 2223 1479 2253 ista
1501 2223 1663 2262 aperiatur.

1055 2281 1095 2302 111.
1110 2272 1142 2302 In
1158 2272 1237 2302 dicut
1249 2273 1318 2302 arca
1334 2272 1370 2302 sit
1386 2272 1470 2309 liber,
1489 2272 1518 2302 in
1538 2282 1595 2311 quo
1611 2271 1760 2302 scribatur

1016 2321 1110 2350 omnis
1124 2321 1247 2360 pecunia
1270 2330 1344 2360 quae
1366 2321 1510 2360 recipitur
1525 2325 1553 2350 et
1570 2321 1756 2360 expenditur,

1016 2374 1044 2400 et
1066 2379 1100 2399 ex
1124 2379 1181 2409 quo
1204 2370 1346 2409 procedit.
1370 2370 1413 2400 Sit
1429 2369 1517 2399 etiam
1534 2369 1609 2399 alter
1625 2369 1710 2405 liber,
1729 2369 1758 2398 iu

1016 2428 1073 2458 quo
1097 2419 1174 2449 clare
1204 2423 1231 2448 et
1263 2419 1401 2448 distIncte
1432 2418 1579 2448 scribatur
1612 2418 1758 2457 quomodo

1016 2467 1197 2498 satisfactum
1220 2471 1263 2497 est
1285 2466 1424 2496 oneribus
1454 2466 1630 2504 missarum,
1655 2466 1760 2495 sutl'ra-

1017 2517 1149 2555 giorum,
1171 2520 1395 2554 ceterarumque
1418 2514 1628 2553 obligationum
1656 2525 1758 2554 perpe-

1018 2569 1134 2596 tuarum
1168 2569 1197 2595 et
1229 2564 1459 2604 temporalium,
1491 2573 1565 2603 quae
1599 2569 1759 2594 conventus

1017 2615 1115 2654 habet,
1132 2619 1160 2646 et
1175 2614 1304 2654 qualiter
1326 2613 1414 2644 etiam
1433 2613 1470 2643 sit
1493 2613 1674 2644 satisfactum
1691 2613 1760 2643 mis-

1647 206 1710 239 419
1757 215 1808 242 An.
1826 215 1856 243 c.
1879 215 1944 243 ¹738

1808 1584 1837 1605 De
1853 1573 1953 1604 crinsilia-

1767 1612 1804 1631 rits
1813 1614 1952 1631 conventuum

1017 1633 1086 1670 rios,
1100 1643 1135 1663 ex
1149 1634 1256 1672 quibus
1271 1634 1328 1664 duo
1342 1634 1428 1673 primi
1442 1635 1570 1664 officinm
1588 1641 1755 1672 exerceant,
1768 1640 1788 1667 et
1811 1644 1883 1658 2⁰ffl¹¹¹
1907 1637 1953 1657 Offi-
