2232 3178
41 211 88 240 An.
103 210 133 238 C.
153 209 219 238 ¹738

227 257 313 298 illis,
342 256 379 290 ad
407 268 488 301 quos
518 262 642 301 spectat
673 263 704 291 et
732 268 791 302 pro
821 263 968 302 tempore

227 311 497 355 quandocumque
543 312 726 355 spectabit,
777 312 968 355 plenissime

226 363 423 407 suffi‘agari3
461 364 573 408 sicque
609 366 641 398 in
685 365 871 408 praemissis
910 376 969 408 per

226 428 449 461 quoscumque
474 418 597 451 iudices
623 419 807 452 ordinarios
832 424 863 451 et
880 418 969 451 dele-

225 475 324 513 gatos,
343 471 437 503 etiam
464 482 631 504 causarum
657 472 769 515 palatii
795 471 966 514 apostolici

225 523 399 563 auditores,
417 523 552 557 iudicari
580 529 611 556 et
635 524 761 557 definiri
781 524 913 563 debere,
931 535 967 557 ac

223 576 350 609 irritum
381 581 414 609 et
437 577 534 610 inane
566 577 591 609 si
617 587 710 610 secus
741 587 840 620 super
868 576 919 609 his
951 586 967 608 a

223 639 401 672 quoquam,
439 629 551 673 quavis
580 628 792 670 auctoritate,
824 629 968 662 scienter

223 683 272 716 vel
298 683 499 725 ignoranter,
527 683 702 725 contigerit
725 683 890 715 attentari.

266 737 280 780 ἓ
304 735 336 768 4.
355 735 423 769 Νοη
449 736 653 769 obstantibus
680 736 964 769 constitutionibus

222 794 253 823 et
290 789 550 822 ordinationibus
585 789 782 832 apostolicis,
820 800 963 830 necnon,

222 848 380 888 quatenus
406 854 487 887 opus
513 843 562 885 sit7
581 843 764 886 provinciae
790 849 820 876 ct
837 843 965 876 Ordinis

221 897 472 940 praedictorum,
501 897 595 930 etiam
622 896 818 936 iuramento,
848 897 964 930 contir-

220 951 362 984 matione
384 951 574 994 apostolica,
601 952 649 984 vel
676 951 786 995 quavis
813 951 963 984 firmitate

4 978 10 1246 Ι
221 1002 282 1036 alia
306 1004 479 1044 roboratis,
504 1004 630 1037 statutis
663 1010 694 1037 et
721 1005 964 1038 consuetudini-

101 744 211 769 »erogatio

36 774 190 793 contrariorum.

219 1056 290 1097 bus,
315 1057 493 1100 privilegiis
521 1068 672 1101 quoque⁷
694 1057 830 1091 indultis
857 1064 886 1091 ct
912 1058 963 1091 lit-

221 1110 296 1143 teris
317 1111 506 1154 apostolicis
523 1111 555 1144 in
577 1112 777 1144 contrarium
802 1112 962 1156 praemis-

219 1174 329 1197 sorum
362 1165 609 1208 quomodolibet
645 1166 820 1207 concessis,
846 1167 962 1199 contir-

219 1217 313 1250 matis
341 1222 372 1249 et
398 1217 582 1258 innovatis;
611 1219 728 1261 quibus
754 1219 904 1251 omnibus
931 1225 961 1252 et

217 1270 380 1313 singulis,
408 1271 538 1303 illorum
566 1276 697 1304 tenores
725 1272 959 1315 praesentibus,

216 1332 275 1365 pro
310 1325 407 1367 plene
440 1329 471 1356 et
503 1324 704 1357 sufficienter
728 1325 889 1368 expressis
922 1336 959 1358 ac

216 1375 255 1409 de
281 1376 377 1410 verbo
404 1377 442 1410 ad
466 1378 596 1411 verbum
623 1378 751 1411 insertis
777 1379 957 1420 habenteS‚

215 1428 278 1462 illis
295 1430 372 1462 alias
400 1430 430 1462 in
450 1441 506 1463 suo
524 1431 643 1464 robore
668 1432 899 1474 permansuris,
918 1433 957 1465 ad

215 1483 471 1525 praemissorum
489 1483 654 1525 effectum,
674 1485 733 1517 hac
750 1485 818 1517 vice
836 1485 958 1517 dumta-

213 1541 265 1569 xat
279 1563 286 1577 ,
312 1536 498 1580 specialiter
516 1542 546 1570 et
564 1548 717 1582 expresse
744 1538 956 1580 derogamus;

214 1589 394 1634 ceterisque
421 1591 594 1623 contrariis
621 1591 892 1636 quibuscumque.

258 1643 329 1687 §5
360 1644 514 1676 Volumus
553 1650 658 1677 autem
699 1650 733 1677 ut
770 1646 956 1679 earumdem

213 1697 436 1742 praesentium
459 1698 641 1731 litterarum
662 1699 881 1742 transumptis,
901 1711 955 1733 seu

214 1751 382 1794 exemplis,
399 1751 495 1784 etiam
511 1752 689 1795 impressis,
704 1763 802 1786 manu
820 1753 956 1786 alicuius

213 1805 331 1838 notarii
353 1805 475 1847 publici
493 1804 695 1849 subscriptis,
716 1811 747 1839 et
761 1806 868 1849 sigillo
886 1817 956 1850 per-

212 1868 310 1891 sonae
336 1858 368 1891 in
394 1857 616 1891 ecclesiastica
648 1859 807 1902 dignitate
840 1861 956 1893 consti-

213 1915 299 1945 tutae
328 1911 485 1951 munitis,
517 1912 631 1945 eadem
656 1923 792 1957 prorsus
817 1913 897 1947 fides
923 1914 953 1946 in

212 1965 332 1999 iudicio
359 1970 391 1999 et
416 1970 505 1999 extra
530 1966 610 1999 illud
637 1966 844 2007 adhibeatur,
872 1978 952 2011 quae

211 2018 290 2062 ipsis
307 2019 534 2062 praesentibus
563 2019 777 2054 adhiberetur
802 2020 826 2053 si
846 2021 953 2054 forent

211 2071 371 2105 exhibitae
389 2073 438 2105 vel
459 2076 622 2106 ostensae.

252 2124 366 2158 Datum
387 2125 519 2166 Rornae,
541 2126 626 2169 apud
650 2126 682 2160 S.
699 2126 828 2161 Mariam
855 2125 952 2162 Maio-

208 2189 298 2221 rem,
319 2180 379 2212 sub
405 2180 525 2213 annulo
550 2179 725 2213 Piscatoris
746 2208 753 2222 ,
778 2182 829 2214 die
853 2189 951 2216 xxvnr

207 2233 282 2266 maii
315 2242 545 2274 MDccxxxvnl,
589 2233 803 2276 pontificatus
846 2235 950 2268 nostri

209 2294 294 2319 anno
321 2295 388 2319 vni.

243 2347 300 2375 Dat.
323 2347 365 2375 die
385 2347 420 2375 28
440 2347 502 2375 maii
526 2348 604 2382 ¹738,
626 2349 719 2384 pontif.
742 2358 812 2378 anno
833 2357 890 2377 vui.

62 1645 203 1673 Transumpus

30 1671 94 1693 danda
109 1673 165 1694 fides.

492 2480 562 2513 CCX
570 2480 660 2513 XXV.

209 2545 327 2585 Variae
350 2550 571 2585 ordinationes
606 2561 664 2594 pro
696 2551 897 2585 restituenda
920 2557 948 2585 et

250 2604 469 2639 conservanda
500 2606 537 2640 in
569 2604 728 2649 hospitali
751 2604 783 2639 S.
812 2605 947 2640 Ioannis

845 209 986 235 CLEMENS
1011 210 1056 235 ΧΠ
1080 211 1131 236 Pr.

1654 201 1718 235 389
1765 210 1818 238 An.
1835 211 1864 238 c.
1884 212 1951 240 1738

1057 258 1354 302 Hz'erosolymz'lam'
1378 259 1608 293 consuetudine
1625 269 1757 293 arman-

1057 312 1093 345 di
1118 323 1214 346 nares
1234 317 1347 346 contra
1369 313 1511 357 piratas,

1220 402 1356 429 Clemens
1379 403 1460 436 Papa
1478 403 1542 435 ΧΠ,

1127 447 1162 473 ad
1184 450 1363 480 perpetuam
1385 447 1431 474 rei
1451 447 1640 474 memoriam.

1055 525 1250 568 Praecipuas
1301 527 1499 569 apostolicae
1551 527 1752 560 auctoritatis
1793 536 1914 559 Exordium,

1011 578 1245 622 charitatisque
1272 585 1392 622 partes,
1413 580 1542 623 quibus,
1561 591 1621 624 pro
1643 581 1753 614 debito

1010 633 1183 674 pastoralis
1206 633 1300 665 officii
1327 635 1426 665 nostri
1450 634 1628 667 ministerio
1655 645 1671 666 a
1696 634 1754 667 nii-

1011 685 1257 719 sericordiarum
1277 693 1367 729 patre
1394 688 1489 720 nobis
1512 688 1664 728 iniuncto,
1684 688 1752 721 sine

1010 749 1221 781 personarum
1241 740 1432 782 acceptione
1450 741 1487 772 ad
1505 741 1649 773 omnium
1670 741 1755 773 chri-

1010 791 1103 824 stiani
1119 792 1260 824 nominis
1277 793 1444 825 nationum
1458 794 1645 836 profectum,
1665 805 1753 827 corn-

1010 845 1141 877 modum
1165 845 1414 889 utilitatemque,
1436 851 1536 889 prout
1555 852 1751 890 temporum,

1009 909 1115 930 rerum
1143 904 1173 931 et
1197 909 1411 942 personarum
1438 900 1593 942 qualitate
1617 902 1750 943 pensata

1008 951 1038 983 in
1065 951 1201 984 Domino
1229 952 1444 995 perspicimus
1471 953 1634 996 expedire,
1663 953 1751 985 solli-

1008 1005 1058 1036 citi
1085 1005 1259 1047 advigilare
1279 1010 1437 1045 tenemur,
1455 1007 1550 1039 hilari
1571 1006 1749 1049 libentique

1007 1058 1115 1091 animo
1141 1059 1306 1102 suscipere
1333 1070 1368 1091 ac
1394 1070 1549 1102 peragere
1577 1061 1746 1102 gestimus.

1051 1112 1064 1154 ἓ
1090 1111 1120 1143 1.
1146 1111 1222 1144 Cum
1242 1117 1348 1145 autem
1369 1113 1464 1145 nobis
1482 1113 1660 1146 innotuerit
1676 1123 1750 1156 pau-
1783 1119 1812 1139 Ad
1825 1120 1943 1145 augendum

1760 1152 1844 1166 naxium
1886 1146 1945 1166 Mon-

1006 1174 1057 1195 cas
1092 1164 1149 1195 sub
1187 1164 1304 1197 vexillo
1341 1165 1514 1207 hospitalis
1552 1166 1582 1198 S.
1618 1166 1944 1224 hannissssszss¹⁰ffgwssg¹n¹¹2¹gg

1005 1216 1292 1260 llierosolymitani
1323 1217 1354 1249 in
1381 1217 1487 1250 insula
1516 1219 1672 1252 Melitensi
1699 1230 1748 1251 ar·
1760 1226 1814 1246 latae
1831 1226 1896 1251 'eses-

1004 1271 1082 1302 mari
1110 1280 1214 1309 naves
1242 1281 1277 1303 ex
1305 1282 1368 1313 quo
1395 1282 1459 1304 non
1486 1273 1556 1305 leve
1585 1272 1748 1315 praeiudi—

1004 1324 1088 1356 cium
1105 1323 1215 1356 inserri
1233 1324 1399 1356 videbatur
1411 1325 1531 1357 nedum
1547 1325 1746 1369 pauperibus

1003 1377 1131 1410 Graecis
1158 1378 1353 1418 christianis,
1380 1379 1434 1421 qui
1463 1390 1479 1412 a
1501 1379 1644 1422 piraticis
1666 1381 1746 1412 navi-

1002 1431 1062 1464 bus
1081 1432 1140 1464 sub
1160 1431 1278 1464 exteris
1296 1432 1424 1465 vexillis
1443 1433 1572 1465 armatis
1591 1433 1745 1466 facillime

1003 1485 1259 1528 depraedantur,
1286 1495 1395 1518 verum
1423 1486 1483 1528 ipsi
1510 1486 1604 1518 etiam
1632 1487 1745 1530 hospi-

1002 1538 1067 1577 tali,
1093 1538 1181 1581 quod
1208 1539 1245 1570 ad
1272 1538 1535 1572 christifidelium
1574 1540 1744 1573 tuitionem

1002 1592 1142 1634 expertis
1167 1591 1273 1624 nautis
1297 1591 1328 1623 in
1355 1592 1655 1635 opportunitatibus
1673 1603 1744 1635 pro-

1001 1643 1103 1676 videri
1129 1644 1267 1677 minime
1281 1645 1466 1687 potuisset:
1487 1645 1563 1678 hinc
1582 1651 1630 1678 est
1655 1647 1741 1689 quod

1001 1707 1079 1737 nos,
1105 1696 1178 1740 qui¹
1204 1703 1267 1730 tam
1288 1698 1450 1741 hospitale
1474 1699 1677 1741 praedictum
1705 1699 1742 1732 il-

1000 1750 1127 1793 liusque
1143 1761 1294 1793 magnum
1310 1751 1499 1793 magistrum
1516 1757 1547 1784 et
1561 1752 1676 1785 fratres
1691 1752 1742 1785 ad-

1000 1814 1111 1836 versus
1138 1814 1360 1848 quoscumque
1388 1805 1589 1838 orthodoxae
1614 1805 1742 1848 religio-

999 1856 1048 1889 nis
1067 1857 1178 1890 hostes
1196 1858 1335 1890 assiduis
1352 1858 1520 1891 laboribus
1538 1865 1569 1892 et
1586 1859 1740 1902 periculis

999 1910 1188 1944 dimicantes
1214 1917 1352 1954 paterno
1383 1912 1633 1956 complectimur
1665 1913 1740 1946 affe-

998 1970 1064 2003 ctu,
1092 1975 1189 2008 quam
1217 1964 1349 1997 eosdem
1375 1964 1516 1999 Graecos
1542 1965 1740 1999 christianos

997 2017 1028 2050 in
1054 2017 1232 2050 visceribus
1258 2018 1328 2051 Iesu
1354 2017 1471 2051 Christi
1498 2019 1684 2062 diligimus,
1704 2024 1740 2051 ut

996 2071 1200 2104 inordinatae
1215 2071 1289 2105 huic
1305 2071 1350 2105 rei
1366 2072 1524 2105 salutares
1542 2073 1628 2115 leges
1643 2078 1738 2117 atque

996 2130 1181 2168 opportuna
1214 2125 1358 2158 remedia
1390 2125 1642 2168 adhiberentur,
1671 2126 1739 2160 diu-

997 2180 1091 2211 turna
1115 2179 1318 2222 maturaque,
1345 2179 1428 2212 sicut
1453 2179 1575 2222 negotii
1602 2180 1739 2222 gravitas

995 2232 1170 2275 flagitabat,
1186 2232 1423 2266 consultatione
1441 2233 1595 2274 adhibita,
1611 2233 1739 2267 auditis-

995 2296 1058 2330 que
1079 2286 1221 2329 desuper
1242 2287 1475 2319 nonnullorum
1502 2287 1738 2320 venerabilium

996 2340 1128 2372 fratrum
1146 2344 1335 2372 nostrorum
1362 2340 1393 2372 S.
1414 2340 1452 2372 R.
1472 2339 1504 2372 E.
1523 2339 1736 2373 cardinalium

994 2393 1189 2433 sententiis,
1215 2403 1273 2436 pro
1301 2393 1394 2434 sacili,
1420 2395 1506 2426 recta
1533 2399 1564 2426 ct
1589 2394 1737 2427 ordinata

992 2446 1231 2490 praedictarum
1249 2446 1376 2478 navium
1395 2446 1574 2479 directione
1600 2455 1737 2490 sequen-

993 2502 1054 2532 tem
1081 2509 1226 2532 normam
1245 2499 1414 2543 perpetuis
1442 2499 1558 2532 suturis
1584 2500 1736 2543 tempori-

992 2553 1050 2585 bus
1086 2553 1255 2585 valituram
1292 2552 1517 2595 praescribere
1548 2563 1583 2586 ac
1608 2553 1734 2587 sancire

1029 2616 1037 2641 1
1062 2615 1164 2643 Vocem
1186 2615 1238 2649 qu?
1257 2622 1305 2641 nos
1326 2614 1449 2642 addimus
1468 2616 1505 2643 (tt.
1522 2615 1571 2649 r).
