2232 3178
225 249 322 277 amc.
344 248 412 276 ¹735
458 238 499 273 86

252 310 316 331 {lutus
332 310 408 330 ‹ieeu-
462 298 521 341 gs).
538 298 691 331 Volumus
713 302 819 331 autem
845 302 880 329 ut
905 298 1046 341 ipsarum
1068 308 1161 341 prae-

225 340 313 389 {32:335}
338 341 560 384 tl‘alla'sentium
588 352 767 385 litterarum
795 352 1016 395 transumptis,
1034 363 1090 385 seu
1110 362 1160 385 ex-

225 391 283 411 ¹¹¹¹⁶⁵'
419 406 544 448 emplis,
571 406 665 438 etiam
695 405 878 447 impressis,
902 416 997 438 manu
1021 406 1158 438 alicuius

418 458 536 491 notarii
575 458 697 500 publici
735 457 952 500 subscriptis,
989 464 1020 490 et
1051 458 1159 501 sigillo

417 521 580 554 personae
607 511 638 543 in
664 511 884 543 ecclesiastica
902 511 1062 553 dignitate
1084 521 1160 543 con-

417 566 547 599 stitutae
585 566 731 605 munitis,
758 566 872 599 eadem
905 577 1038 609 prorsus
1078 565 1159 599 tides

419 620 449 652 in
478 619 595 651 iudicio
628 624 660 651 et
691 624 779 652 extra
816 619 1037 660 adhibeatur,
1077 630 1159 663 quae

417 672 645 716 praesentibus
664 672 741 715 ipsis
768 672 980 706 adhiberetur
1005 673 1030 705 si
1050 673 1160 706 forent

417 725 580 758 exhibitae
612 727 661 758 vel
688 731 849 758 ostensae.

460 779 573 811 Datum
597 779 730 819 Romae,
748 779 833 822 apud
859 779 890 812 S.
911 780 1041 812 Mariam
1066 780 1160 813 Maio-

417 842 495 871 rem,
522 832 580 864 sub
606 833 726 865 annulo
749 832 936 873 piscatoris,
954 833 1006 866 die
1025 844 1093 867 xxvi
1109 844 1158 867 se-

416 885 575 928 ptembris
597 895 782 926 mocexxxv,
817 886 1024 930 pontificatus
1052 887 1157 920 nostri

417 949 501 972 anno
528 950 570 973 v1.

453 999 512 1027 Dat.
532 1001 576 1028 die
591 1001 625 1028 26
639 1001 808 1037 septembris
824 1001 899 1035 1735,
917 1002 1018 1037 pontif.
1035 1010 1107 1029 anno
1123 1009 1156 1029 vi.

714 1145 855 1179 CLXVII.

421 1225 634 1268 Confirmatio
674 1226 793 1259 decreti
832 1226 1100 1269 Conyreyatiom's
1132 1236 1160 1259 e-

458 1280 663 1322 piscoporum
689 1283 717 1312 el
741 1278 961 1322 regularium,
1000 1289 1064 1322 quo
1099 1286 1159 1312 sta-

463 1333 569 1364 tuitur
588 1359 595 1373 ‚
644 1332 842 1375 presbyteros
892 1332 1160 1376 Conqreqastom‘s

460 1385 493 1418 S.
522 1385 698 1428 He'ppolytz'
730 1387 766 1418 in
799 1386 950 1429 partibus
981 1385 1157 1419 Indiarum

460 1449 525 1471 non
547 1449 637 1482 posse
655 1439 770 1472 habere
784 1440 820 1471 in
836 1439 995 1483 reliqione
1012 1439 1159 1483 aliquam

458 1492 698 1535 praelaturam.

628 1572 764 1600 Clemens
784 1574 864 1607 Papa
884 1573 948 1605 xil,

557 1617 593 1644 ad
612 1617 747 1645 futuram
766 1618 812 1645 rei
832 1618 1017 1646 memoriam.

249 1697 278 1718 Ex
302 1697 406 1723 pravscri·
460 1688 475 1732 ἓ
499 1688 530 1721 t.
557 1687 676 1732 Nuper,
698 1699 756 1732 pro
782 1694 875 1733 parte
902 1690 1097 1723 dilectorum
1126 1690 1160 1723 si-

223 1727 258 1750 pto
320 1725 406 1749 regulae

223 1757 276 1771 unus
325 1753 404 1787 tamma
418 1741 536 1775 liorum
556 1742 688 1775 fratrum
709 1741 885 1775 delinitorii
904 1743 1066 1786 generalis
1081 1743 1160 1777 Con-

223 1777 323 1824 ἓῖἷὶῗωε
359 1783 616 1838 ””[’ςιές3ιίοηίε
642 1795 816 1829 Charitatis
836 1797 896 1829 sub
916 1797 1008 1830 titulo
1028 1797 1059 1830 S.
1083 1798 1160 1841 Ilip-

416 1849 517 1894 polyti
538 1849 684 1893 martyris
703 1849 734 1882 in
753 1850 881 1883 civitate
896 1850 1057 1884 lilexicana
1075 1852 1160 1885 aliis-

417 1912 481 1947 que
521 1903 666 1947 partibus
706 1904 869 1938 Indiarum
907 1904 1158 1939 Occidentalium

417 1966 435 1990 a
458 1957 558 1990 felicis
583 1957 822 1991 recordationis
847 1956 1037 1991 Innocentio
1073 1959 1159 2002 Papa

417 2007 470 2042 ΧΠ
495 2010 746 2053 praedecessore
764 2015 877 2044 nostro
903 2010 936 2043 in
962 2011 1157 2054 religionem

417 2068 558 2104 erectae,
573 2063 823 2107 Congregationi
849 2065 1082 2098 venerabilium
1101 2066 1160 2099 sra-

417 2120 500 2150 trum
537 2122 724 2151 nostrorum
761 2117 792 2151 S.
821 2117 857 2150 R.
882 2117 916 2150 E.
946 2119 1158 2152 cardinalium

416 2170 557 2213 negotiis
595 2176 626 2204 et
662 2170 954 2204 consultationibus
991 2172 1160 2216 episcopo-

415 2231 487 2257 rum
513 2228 544 2257 et
576 2223 774 2267 regularium
809 2224 1071 2268 praepositorum
1110 2237 1160 2259 ex-

415 2277 541 2321 posito,
576 2277 684 2320 quod,
709 2288 782 2310 cum
818 2288 877 2321 per
909 2278 1158 2312 constitutiones

416 2329 520 2363 dictae
545 2329 815 2373 Congregationis
848 2331 982 2364 fratrum
1020 2332 1162 2364 auctori-

416 2388 482 2417 tate
525 2384 705 2427 apostolica
745 2384 951 2417 confirmatas
990 2391 1160 2418 caveretur

416 2437 503 2471 illius
528 2438 644 2471 fratres
671 2448 739 2470 esse
766 2437 886 2471 debere
912 2437 1021 2479 laicos,
1047 2445 1159 2482 utpote

418 2491 589 2534 deputatos
632 2491 835 2524 assistentiae
870 2497 1079 2534 aegrotorum
1128 2493 1159 2526 in

417 2543 636 2587 hospitalibus
651 2544 848 2587 degentium,
864 2549 895 2577 et
912 2544 943 2577 in
962 2547 1158 2588 unaquaque

419 2597 516 2631 domo
542 2608 641 2631 unum
676 2603 800 2631 tantum
834 2598 872 2631 ad
899 2598 1158 2642 presbyteratum

417 2651 601 2695 promoveri
627 2661 738 2695 posse,
775 2651 832 2685 sed
858 2651 975 2686 deinde
1012 2662 1158 2696 comper-

999 248 1184 273 BULLARIUM
1207 248 1366 274 ROMANUM

1204 303 1267 330 tum
1295 298 1407 331 suisset
1426 309 1523 332 unum
1543 299 1704 332 dumtaxat
1717 300 1943 344 presbyterum

1203 351 1424 395 spiritualibus
1449 353 1695 386 necessitatibus
1729 353 1943 398 hospitalium

1203 410 1234 437 et
1259 412 1465 449 aegrotorum
1491 407 1673 440 huiusmodi
1696 418 1761 441 non
1787 408 1943 447 sufficere,

1204 459 1254 492 die
1287 470 1344 493 xxx
1377 460 1572 504 septembris
1606 470 1766 495 moccxxix
1800 461 1944 504 praefata

1203 512 1417 556 Congregatio
1436 513 1660 554 cardinalium,
1682 514 1839 547 referente
1864 515 1945 548 dile-

1203 570 1254 598 cto
1274 565 1339 599 filio
1358 572 1469 599 nostro
1485 566 1647 600 Ludovico
1666 567 1808 600 eiusdem
1826 567 1941 600 S.R.E.

1202 619 1356 652 cardinali
1377 620 1508 662 Belluga
1527 625 1558 652 et
1575 620 1729 653 Moncada
1743 625 1942 664 nuncupato,

1203 671 1384 705 indulserat
1415 678 1450 705 ut
1480 673 1543 706 duo
1570 673 1601 705 in
1636 673 1772 715 singulis
1805 673 1946 716 hospita-

1202 723 1286 757 libus
1311 725 1485 768 praedictis
1512 736 1582 759 esse
1601 730 1736 769 possent
1752 725 1943 770 presbyteri,

1203 782 1233 810 et
1260 778 1291 810 in
1318 778 1468 811 domibus
1495 779 1681 812 matricibus
1708 784 1789 820 tres,
1814 779 1874 812 sub
1900 778 1945 811 di-

1202 831 1303 863 versis
1344 836 1448 864 tamen
1487 833 1754 866 conditionibus:
1793 832 1944 865 nimirum

1203 885 1290 927 quod
1323 886 1434 919 nullus
1471 892 1727 929 promoveretur
1761 886 1800 919 ad
1837 896 1944 920 sacros

1203 938 1335 971 ordines
1371 940 1430 971 nisi
1458 941 1571 973 saltem
1599 950 1653 973 sex
1679 950 1782 973 annos
1817 940 1944 984 profes-

1202 991 1305 1024 sionis
1331 991 1360 1024 in
1387 992 1545 1035 religione
1580 993 1667 1026 iuxta
1692 993 1792 1026 dictas
1826 993 1945 1026 consti-

1204 1044 1345 1078 tutiones
1371 1046 1561 1089 habuisset,
1588 1052 1638 1084 et,
1665 1047 1705 1080 ad
1732 1045 1884 1080 effectum
1910 1056 1944 1079 se

1203 1098 1417 1140 promovendi
1449 1099 1486 1131 ad
1514 1099 1794 1143 presbyteratum,
1820 1099 1945 1132 directe

1203 1153 1253 1185 vel
1280 1151 1439 1186 indirecte
1473 1153 1519 1185 uti
1553 1154 1675 1186 valeret
1709 1153 1945 1186 intercessione

1203 1215 1259 1237 seu
1296 1206 1492 1239 mediatione
1527 1207 1659 1239 alterius
1694 1217 1852 1250 personae
1886 1217 1946 1250 pro

1204 1258 1333 1291 licentia
1361 1270 1377 1292 a
1402 1260 1572 1302 superiore
1596 1261 1644 1293 vel
1675 1260 1859 1294 definitorio
1894 1271 1947 1304 ge-

1204 1313 1305 1346 nerali
1333 1313 1435 1346 dictae
1461 1314 1729 1357 Congregationis
1754 1314 1943 1354 obtinenda,

1203 1366 1257 1398 sed
1283 1367 1517 1410 proponendus
1543 1372 1626 1400 esset
1651 1367 1756 1400 eidem
1781 1367 1946 1411 superiori

1203 1420 1346 1462 generali
1373 1430 1389 1452 a
1414 1421 1584 1464 superiore
1622 1426 1654 1454 et
1686 1421 1830 1465 capitulo
1867 1431 1946 1454 con-

1203 1473 1407 1506 ventualibus
1431 1474 1566 1515 domus,
1600 1475 1649 1507 cui
1684 1474 1723 1507 de
1755 1475 1945 1519 presbytero

1203 1526 1439 1569 providendum
1472 1527 1613 1567 veniret;
1639 1527 1765 1571 ipsique
1797 1528 1946 1572 superior

1205 1584 1236 1613 et
1260 1581 1437 1623 capitulum
1463 1582 1694 1614 conventuales
1731 1582 1890 1626 superiori
1915 1587 1946 1615 et

1204 1632 1391 1667 definitorio
1429 1635 1573 1677 generali
1607 1634 1754 1668 indicare
1785 1635 1947 1668 deberent

1205 1697 1372 1730 personas,
1401 1698 1479 1730 quas
1505 1687 1692 1722 huiusmodi
1714 1688 1850 1732 gradum
1873 1699 1947 1732 pro-

1204 1741 1322 1773 mereri
1348 1741 1534 1783 crederent,
1554 1746 1599 1781 et,
1619 1742 1644 1774 si
1666 1742 1826 1785 quispiam
1853 1742 1947 1776 aliter

1204 1794 1243 1826 ad
1268 1794 1527 1838 presbyteratum
1547 1801 1715 1838 promotus
1734 1796 1860 1838 suisset,
1880 1807 1946 1830 sus·

1203 1849 1397 1892 pensionem
1423 1860 1440 1882 a
1465 1849 1581 1883 divinis
1615 1850 1686 1893 ipso
1721 1850 1803 1884 sacto
1837 1851 1946 1883 incur-

1204 1907 1300 1945 reret,
1321 1913 1338 1935 a
1363 1914 1424 1946 qua
1450 1903 1580 1936 nonnisi
1605 1913 1664 1946 per
1680 1903 1843 1937 Summum
1864 1904 1946 1938 Pon-

1205 1955 1322 1989 tificem
1349 1966 1408 1999 pro
1435 1961 1578 2000 tempore
1605 1957 1794 1991 existentem
1820 1957 1944 1991 absolvi

1203 2015 1328 2052 posset3
1351 2010 1504 2053 quodque
1523 2010 1555 2043 in
1572 2010 1709 2053 singulis
1734 2011 1946 2045 conventibus

1204 2062 1378 2106 nequirent
1402 2074 1472 2097 esse
1496 2064 1608 2107 plures
1634 2075 1730 2108 quam
1757 2064 1819 2098 duo
1856 2074 1947 2108 pres·

1203 2116 1322 2160 byteri,
1345 2116 1487 2160 exceptis
1514 2117 1663 2150 domibus
1688 2117 1888 2159 matricibus,
1909 2121 1945 2150 ut

1204 2170 1396 2213 praefertur,
1423 2172 1455 2203 in
1479 2171 1596 2214 quibus
1622 2176 1685 2205 tres
1712 2171 1945 2214 permitteban-

1205 2229 1264 2265 tur,
1283 2223 1326 2257 ita
1351 2228 1401 2265 ut,
1421 2224 1446 2257 si
1474 2224 1544 2268 quis
1561 2225 1646 2258 ultra
1664 2224 1750 2257 hunc
1774 2235 1945 2258 numerum

1204 2278 1243 2310 ad
1269 2277 1530 2321 presbyteratum
1555 2283 1818 2321 promoveretur,
1857 2277 1882 2311 si
1912 2277 1944 2311 id

1204 2331 1349 2364 eveniret
1373 2341 1409 2364 ex
1436 2330 1569 2374 propria
1594 2332 1700 2375 culpa,
1729 2331 1849 2364 tamdiu
1878 2341 1945 2364 sus-

1203 2395 1323 2428 pensus
1348 2390 1546 2425 remaneret,
1572 2385 1676 2418 donec
1700 2384 1817 2428 aliquis
1853 2385 1943 2418 loeus

1203 2449 1264 2481 per
1300 2438 1423 2471 obitum
1455 2439 1636 2482 presbyteri
1675 2444 1820 2477 vacaret;
1847 2449 1944 2482 supe-

1204 2492 1307 2525 riores
1333 2502 1419 2532 vero‚
1442 2492 1494 2535 qui
1521 2492 1584 2525 hoc
1609 2492 1845 2535 permisissent,
1871 2497 1944 2535 post

1203 2546 1370 2588 expletum
1395 2545 1536 2578 officium
1569 2556 1647 2579 voce
1683 2546 1782 2579 activa
1818 2551 1849 2579 et
1873 2556 1944 2589 pas-

1202 2599 1268 2631 siva
1300 2598 1417 2642 privati
1455 2604 1579 2641 essent,
1616 2599 1797 2644 presbyteri
1835 2604 1943 2632 autem

1202 2658 1443 2687 sacrosanctum
1479 2654 1600 2688 missae
1631 2653 1823 2688 sacrificium
1854 2653 1944 2689 iuxta

1949 250 1998 278 An.
2014 250 2044 278 C.
2065 252 2133 281 1735

2203 0 2227 28 JJl
2231 3 2232 9 ¹
