2232 3178
37 209 83 235 Au.
97 206 126 233 G.
146 203 215 232 1738

842 200 984 226 CLEMENS
1011 200 1058 224 XII
1083 201 1121 225 PP
1127 218 1132 224 .

222 251 394 285 vestiturae
416 255 448 283 et
471 250 697 284 infeudationis
722 250 908 294 praedictae
927 261 964 283 ac

223 304 335 337 directi
373 303 507 337 dominii
533 304 637 337 nostri
663 314 723 336 usu
750 310 782 337 et
807 303 962 336 exercitio

222 358 410 397 abstinere,
434 358 491 390 sed
523 358 649 401 potius,
673 358 764 390 novis
800 368 835 390 ac
871 357 962 390 iustis

223 411 325 444 causis
351 410 394 443 ita
413 411 633 450 suadentibus,
659 410 889 454 praesentique
915 420 965 442 re-

222 475 294 498 rum
319 469 350 497 et
376 470 556 507 temporum
594 469 677 497 statu
715 469 866 496 accurate
895 473 966 506 per-

222 528 337 562 penso,
365 518 585 550 Romanorum
612 517 802 550 Pontificum
827 517 987 559 praede-r

223 581 389 605 cessorum
415 575 602 603 nostrorum
628 569 771 612 vestigiis
791 569 965 602 inhaeren-

223 625 275 665 do,
291 630 404 658 nostra
422 629 454 657 et
470 624 613 657 eiusdem
629 623 763 661 Sanctae
779 622 869 655 Sedis
895 622 965 655 iura
986 649 987 652 ,

222 689 283 722 per
300 688 417 711 novam
434 677 680 710 concessionem
699 677 889 709 huiusmodi
916 687 964 709 as-

223 891 430 931 consistorio,
459 896 491 923 et
515 890 634 923 deinde
661 889 756 922 etiam
784 890 815 922 in
842 890 903 922 alia
929 889 966 922 si-

223 945 291 978 mili
317 943 571 986 congregatione
591 944 736 986 generali
763 944 801 976 ad
828 943 888 976 hoc
913 954 966 976 no-

221 998 368 1031 minatim
407 997 518 1029 habita
553 998 611 1029 sub
650 997 700 1030 die
738 1007 768 1030 ix
806 996 964 1040 praedicti

221 1051 342 1085 mensis
378 1051 453 1083 maii
490 1050 523 1082 in
549 1050 661 1083 eodem
698 1050 818 1093 palatio
845 1055 966 1090 nostro,

223 1105 335 1148 ibique
361 1104 512 1137 mandato
537 1103 778 1147 procurationis
796 1103 897 1146 ipsius
915 1103 966 1136 Ca-

221 1159 284 1192 roli
319 1157 450 1201 publice
487 1161 519 1189 et
554 1157 617 1189 alta
649 1167 725 1190 voce
756 1157 901 1199 perlecto
935 1161 966 1188 et

225 1211 399 1254 diligenter
416 1210 814 1253 inspecto,deliberatione
831 1211 965 1249 matura,
987 1232 989 1236 .

225 1265 267 1298 de.
291 1265 436 1307 ipsorum
463 1263 596 1295 fratrum
622 1263 755 1296 consilio
787 1262 910 1306 pariter
935 1267 967 1295 et

224 1327 377 1356 assensu,
403 1322 434 1349 et
460 1327 496 1349 ex
522 1317 608 1348 certa
634 1318 745 1349 nostra
775 1316 910 1348 scientia
936 1320 968 1349 et

225 1371 265 1404 de
299 1369 498 1414 apostolicae
534 1370 703 1412 potestatis
740 1368 964 1412 plenitudine,

222 1423 256 1456 in
290 1423 421 1456 nomine
459 1422 560 1455 Patris
594 1427 625 1455 et
654 1422 725 1454 Filii
760 1427 791 1455 et
827 1421 966 1464 Spiritus

224 1476 332 1509 Sancti
359 1475 577 1508 obedientiam
602 1475 641 1507 ab
668 1475 782 1508 eodem
810 1474 967 1507 cardinali

225 1529 264 1562 de
282 1529 464 1572 Aequaviva
481 1534 693 1572 procuratore
712 1528 843 1561 nomine
868 1527 969 1571 ipsius

225 1582 330 1616 Caroli
355 1582 449 1616 nobis
482 1587 513 1614 et
537 1582 611 1614 Sedi
644 1587 675 1615 et
696 1581 848 1615 Camerae
875 1592 991 1625 prae-1

225 1636 318 1669 dictis
343 1641 377 1668 ut
401 1635 624 1679 praemittitur
648 1636 845 1679 praestitam,
873 1636 969 1669 item-

226 1700 289 1734 que
310 1689 499 1732 homagium
519 1694 549 1722 et
567 1689 784 1722 iuramentum
803 1689 970 1722 fidelitatis

225 1742 411 1776 huiusmodi
428 1743 514 1775 laeto
537 1749 632 1786 atque
659 1743 754 1785 hilari
780 1743 888 1776 animo
914 1743 969 1775 ad-

225 1796 392 1835 mittimus,
420 1806 455 1828 ac
480 1806 615 1838 regnum
651 1796 757 1839 ipsum
784 1796 912 1830 Siciliae
940 1803 971 1830 et

225 1849 429 1883 Hierusalem
467 1860 538 1882 cum
575 1851 642 1882 tota
684 1851 767 1882 terra
804 1850 971 1893 praedicta

226 1966 297 1990 rum
323 1956 468 1989 eiusdem
494 1955 654 1989 Ecclesiae
680 1955 857 1996 Romanae,
879 1967 972 1990 exce-

226 2011 280 2053 pta
306 2009 433 2042 civitate
457 2009 684 2042 Beneventani}
720 2020 793 2041 cuni
820 2009 888 2043 eius
915 2016 972 2043 ter-

226 2063 342 2096 ritorio
368 2068 401 2095 et
437 2063 583 2095 districtu
615 2068 646 2096 et
674 2063 881 2106 pertinentiis
914 2075 973 2107 per

226 2126 286 2150 nos
319 2126 377 2149 seu
403 2116 566 2149 Romanos
593 2115 766 2149 Pontifices
800 2117 972 2158 distinctis,

228 2181 265 2203 ac
290 2180 403 2202 eorum
429 2169 567 2209 incolis,
597 2180 693 2212 quam
726 2170 823 2203 nobis
840 2197 849 2211 ,
876 2176 974 2214 prout

228 2223 317 2255 illam
339 2222 398 2255 sibi
426 2222 545 2255 dudum
564 2223 728 2265 praedicta
745 2222 886 2256 Ecclesia
903 2235 974 2267 spe-

229 2275 355 2309 cialiter
392 2275 526 2308 retinuit
561 2281 592 2307 et
627 2276 820 2315 reservavit,
857 2277 972 2310 harum

230 2329 326 2369 serie,
346 2330 411 2360 una
428 2339 498 2361 cuni
518 2330 603 2361 terra
618 2328 819 2361 Pontiscurvi
839 2329 973 2374 eiusque

229 2381 407 2421 territorio,
430 2381 524 2415 nobis
546 2387 576 2414 et
595 2381 701 2414 eidem
718 2382 881 2416 Ecclesiae
900 2394 974 2426 spe-

229 2434 355 2468 cialiter
380 2445 594 2474 reservamus,
622 2435 728 2467 eidcm
757 2436 871 2469 Carolo
898 2437 973 2470 Bor-

228 2488 327 2522 honio
349 2487 577 2531 Hispaniarum
604 2488 719 2520 Infanti
744 2499 805 2531 pro
830 2500 864 2522 se
894 2490 974 2523 suis-

1008 249 1040 282 in
1060 253 1269 293 perpetuum,
1295 260 1367 283 cum
1393 250 1455 283 hoc
1480 249 1567 293 quod
1593 249 1678 281 inter
1704 248 1752 281 di-

1008 309 1077 336 ctos
1092 304 1324 336 descendentes
1338 304 1498 336 masculos
1513 307 1659 336 servetur
1674 312 1753 335 sem-

1008 367 1067 399 per
1090 356 1371 399 primogeniturae
1397 356 1487 396 ratio,
1514 362 1545 388 et
1569 356 1753 399 praevaleat

1008 410 1232 453 praerogativa
1250 411 1366 450 lineae,
1382 410 1486 453 iisque
1511 409 1751 450 deficientibus,

1009 469 1040 496 et
1065 463 1208 496 eiusdem
1227 462 1333 497 Caroli
1355 463 1451 496 lineis
1470 463 1623 496 masculis
1649 462 1753 495 extin-

1009 516 1080 556 ctis,
1117 517 1293 549 succedant
1328 516 1426 549 ceteri
1465 517 1611 549 eiusdem
1647 515 1753 548 Caroli

1009 570 1124 601 fratres
1161 580 1196 601 ex
1234 569 1410 602 carissimis
1447 569 1479 601 in
1516 569 1645 602 Christo
1679 568 1753 601 filiis

1009 622 1163 665 Philippo
1182 628 1212 655 et
1229 622 1415 655 Elisabetha
1429 622 1657 665 Hispaniarum
1675 632 1753 664 rege

986 699 988 724 ,Ι
1009 680 1040 708 et
1060 675 1171 717 regina
1196 676 1369 709 catholicis
1389 676 1543 719 utrinque
1569 674 1752 708 coniunctis

223 741 330 764 serere
356 736 388 764 et
412 740 604 764 conservare
626 730 839 769 intendentes,
857 729 963 761 habita
986 725 988 748 ⁵

222 794 319 828 super
344 784 394 817 his
421 794 493 816 cum
530 782 770 816 venerabilibus
808 782 964 815 fratribus
986 796 987 815 ι

222 838 341 872 nostris
375 838 405 871 S.
434 837 471 870 P..
491 837 526 870 E.
555 836 770 869 cardinalibus
807 836 897 879 prius
934 836 988 868 in¹

1011 729 1076 761 nati
1103 734 1135 761 et
1162 729 1328 768 nascituri,
1355 740 1533 772 eorumque
1561 728 1755 761 descenden-

1010 788 1056 813 tes
1096 782 1232 815 masculi
1269 792 1327 825 per
1363 783 1481 816 lineam
1521 782 1753 822 masculinam,

1009 837 1135 868 servata
1171 835 1282 868 itidem
1308 836 1392 868 inter
1428 836 1515 879 ipsos
1551 836 1666 868 fratres
1703 846 1756 868 eo-

1009 899 1144 932 rumque
1171 889 1405 922 descendentes
1431 890 1594 922 masculos
1623 898 1755 932 semper

1010 943 1080 985 lege
1114 943 1389 986 primogeniturae
1422 948 1451 974 et
1482 943 1586 975 lineae
1619 953 1755 985 praero-

1010 996 1129 1039 gativa,
1152 996 1271 1039 quibus
1294 997 1389 1029 etiam
1416 995 1641 1029 deficientibus
1659 995 1754 1028 lineis

1011 1049 1171 1089 masculis,
1188 1049 1345 1092 praedicti
1361 1049 1464 1082 Caroli
1484 1059 1682 1092 suorumque
1698 1048 1756 1080 sra-

1012 1108 1095 1135 trum
1122 1103 1275 1145 utrinque
1292 1103 1554 1143 coniunctorum,
1571 1103 1658 1135 iuxta
1675 1102 1756 1135 ordi-

1011 1167 1083 1189 nem
1111 1161 1142 1188 et
1169 1156 1415 1199 dispositionem
1442 1156 1542 1196 iuris,
1569 1156 1700 1188 veniant
1725 1161 1757 1189 et

1012 1209 1188 1241 succedant
1225 1209 1364 1242 feminae
1400 1209 1606 1252 superstites,
1633 1211 1755 1242 servata

1011 1261 1107 1294 etiam
1147 1261 1233 1294 inter
1269 1261 1412 1305 ipsarum
1449 1262 1688 1296 descendentes
1725 1267 1757 1295 et

1011 1315 1112 1348 lineas
1138 1316 1362 1359 praerogativa
1388 1326 1481 1349 sexus
1499 1322 1529 1349 et
1552 1316 1656 1349 lineae
1682 1326 1756 1348 cum

1010 1369 1125 1403 ordine
1151 1370 1440 1413 primogeniturae,
1468 1370 1500 1402 in
1526 1370 1656 1403 seudum
1681 1381 1756 1413 per-

1010 1429 1154 1467 petuum,
1175 1434 1233 1466 pro
1256 1423 1350 1456 solito
1376 1434 1484 1457 annuo
1509 1435 1607 1457 censu
1629 1430 1753 1467 septem

1010 1477 1098 1509 mille
1126 1477 1314 1509 ducatorum
1340 1477 1494 1510 similium
1522 1482 1553 1510 et
1581 1478 1678 1510 unius
1705 1488 1757 1521 pa-

1012 1530 1131 1562 rasreni
1165 1530 1229 1562 albi
1255 1535 1291 1562 ut
1316 1530 1498 1573 praefertur
1525 1531 1698 1570 solvendo,
1727 1537 1759 1564 et

1011 1584 1202 1627 ceteroquin
1239 1584 1271 1616 in
1308 1584 1458 1616 omnibus
1495 1589 1526 1617 et
1561 1594 1620 1627 per
1649 1584 1758 1617 onmia

1012 1636 1071 1668 sub
1095 1636 1351 1675 conditionibus,
1366 1637 1470 1669 modis
1486 1642 1516 1669 et
1529 1637 1653 1676 formis,
1671 1637 1758 1670 adie-

1013 1690 1187 1731 ctionibus,
1213 1690 1497 1733 promissionibus,
1523 1690 1687 1730 clausulis,
1707 1701 1758 1723 vo-

1013 1743 1193 1776 luntatibus
1226 1748 1258 1775 et
1292 1743 1555 1776 ordinationibus
1581 1743 1613 1775 in
1642 1743 1758 1776 litteris

1014 1797 1182 1840 utriusque
1210 1795 1290 1835 lulii,
1310 1795 1496 1835 Clementis,
1514 1795 1669 1839 Gregorii,
1685 1797 1759 1829 Ale-

991 1850 1128 1899 ¹xandri
1153 1856 1183 1883 et
1209 1850 1389 1883 Innocentii
1419 1855 1516 1894 atque
1543 1850 1758 1883 concessione

226 1903 307 1936 citra
332 1902 471 1935 Pharum
496 1913 599 1945 usque
635 1903 674 1935 ad
707 1903 846 1935 conlinia
871 1905 993 1936 terra-¹

1013 1905 1130 1937 Leonis
1156 1905 1447 1948 praedecessorum
1466 1903 1656 1937 huiusmodi
1682 1914 1760 1936 con-

1015 1957 1121 1997 tentis,
1147 1968 1283 2000 quarum
1310 1957 1536 1990 remissionem
1563 1968 1623 2000 per
1652 1968 1711 1991 nos
1729 1962 1760 1990 et

1013 2011 1130 2044 Sedent
1167 2011 1370 2053 praedictam
1409 2011 1524 2043 factam
1561 2011 1660 2044 fuisse
1694 2022 1759 2044 non

1014 2063 1196 2107 apparebit,
1223 2063 1309 2096 omni
1337 2064 1465 2096 meliori
1496 2074 1560 2107 quo
1589 2074 1760 2107 possumus

1015 2118 1112 2150 modo
1141 2117 1351 2150 concedimus
1377 2123 1409 2150 et
1437 2117 1624 2159 elargimur,
1649 2128 1685 2150 ac
1711 2128 1761 2151 re-

1016 2182 1115 2213 gnum
1155 2171 1260 2214 ipsum
1298 2171 1384 2204 dicto
1417 2171 1558 2211 Carolo,
1594 2172 1692 2205 modo
1729 2177 1761 2204 et

1017 2225 1116 2258 l'orrna
1149 2224 1363 2268 praemissis,
1402 2224 1631 2264 intendamus,
1672 2235 1761 2257 eum-

1016 2288 1078 2320 que
1105 2278 1143 2311 de
1169 2277 1225 2310 illo
1251 2289 1310 2321 per
1335 2278 1436 2321 ipsius
1460 2277 1588 2310 Troiani
1614 2278 1760 2310 cardina-

1016 2331 1054 2363 lis
1081 2331 1120 2363 de
1149 2331 1330 2374 Acquaviva
1355 2331 1577 2373 procuratoris
1603 2331 1642 2363 ad
1667 2341 1760 2364 oscu—

1016 2385 1082 2417 lum
1104 2385 1222 2427 pedum
1245 2389 1431 2417 nostrorum
1458 2383 1690 2416 admissionem
1712 2383 1760 2416 in—

1015 2438 1181 2470 vestimus.

1060 2492 1075 2535 §
1100 2492 1153 2524 ll.
1182 2492 1330 2524 volentes
1357 2496 1389 2523 ct
1414 2491 1634 2532 intendentes,
1658 2496 1692 2524 ut
1714 2491 1760 2525 in-

1644 190 1709 225 383
1757 200 1805 225 An.
1825 199 1854 226 c.
1878 199 1947 227 1738

1810 2500 1885 2521 Carula
1908 2507 1952 2526 regi

1770 2527 1864 2547 iniuncta
1876 2528 1907 2547 lex
1917 2528 1953 2548 ile·

229 2552 290 2584 que
306 2541 502 2575 haeredibus
517 2546 548 2573 et
561 2541 809 2575 successoribus
824 2544 973 2577 masculis

228 2605 287 2639 per
311 2595 431 2630 lineam
456 2595 667 2630 masculinam
691 2596 973 2641 descendentibus,

1017 2546 1063 2578 fra
1090 2555 1207 2577 annum
1234 2556 1251 2578 a
1276 2546 1350 2577 data
1383 2544 1601 2588 praesentium
1628 2553 1873 2589 comp11-cia=-an‹i·,
1886 2560 1906 2574 <e
1921 2561 1953 2574 re-

1769 2586 1830 2604 guum
1846 2581 1955 2600 liii-tisino-

1017 2598 1151 2631 tandum
1177 2598 1262 2630 idem
1288 2598 1422 2632 Carolus
1459 2608 1513 2631 rex
1551 2598 1790 2643 privilegiumdi
1810 2607 1906 2628 obunere
1928 2613 1952 2630 ex
