2232 3178
34 720 37 754 i

35 757 37 769 ι

34 774 37 791 l

33 923 37 939 t

60 216 107 244 An.
122 212 150 242 C.
170 210 236 240 1738

110 809 232 831 Procurator

60 837 156 864 generat-'s
162 837 232 861 Papae

60 865 156 890 supplicat
195 868 232 888 pro

60 891 169 917 apostolica
184 894 232 909 con·

60 918 156 938 armenon
161 922 179 938 e.

83 1128 154 1150 Annuit
180 1128 233 1148 Pon·

61 1156 114 1178 tif-x.

855 210 996 234 caeneus
1021 210 1066 234 xu
1092 210 1141 235 pp,
1664 199 1728 233 483
1775 209 1823 236 An.
1840 209 1867 236 C.
1892 210 1956 237 1738

243 257 553 289 reverendissimorum
590 257 621 288 S.
652 258 687 288 R.
718 258 750 289 E.
784 258 977 288 cardinalium

243 307 369 346 negotiis
391 311 419 337 et
440 307 703 337 consultationibus
728 307 929 346 episcoporum
953 312 980 337 et

243 355 421 394 regularium
444 355 624 395 praeposita,
641 356 787 385 referente
810 356 981 386 eminentis-

243 404 316 434 simo
338 404 457 434 domino
480 404 620 434 cardinali
647 404 756 434 Gentili
790 409 926 444 ponente,
950 414 980 435 re

242 453 373 492 undique
415 457 528 483 mature
563 456 731 493 perpensa,
769 454 981 492 suprascriptas

243 501 471 532 constitutiones
506 502 621 532 censuit
657 511 720 532 esse
756 501 979 541 approbandas,

243 553 331 589 prout
354 549 517 588 praesentis
540 549 650 580 decreti
669 550 768 588 vigore
785 549 910 588 benigne
933 560 983 589 ap-

245 597 349 637 probat
371 602 458 637 atque
485 598 651 629 confirmat.
674 599 799 635 Romae,
833 598 879 628 die
912 607 982 628 xxm

243 646 358 684 augusti
389 655 581 677 rinccxxxvu.
613 666 652 671 -
684 647 767 678 Card.
797 647 982 677 Faaxctscos

243 694 440 733 Bannamxus,
457 696 634 735 praefectus.
648 715 687 720 —
700 696 729 727 C.
745 696 983 736 archiepiscopus

241 744 404 780 Damiatae‚
426 745 611 775 secretarius.
636 745 703 775 Loco
724 747 742 782 ᾧ
762 745 860 784 sigilli.

285 794 300 837 ξ
325 793 357 827 3.
384 792 487 831 Quare
513 794 696 837 praedictus
721 799 915 838 procurator
929 804 984 836 ge-

243 847 362 881 neralis
388 847 482 880 nobis
509 847 679 881 humiliter
704 848 881 892 supplicari
908 848 985 881 fecit

242 905 277 933 ut
301 900 524 944 praeinsertas
549 901 802 934 constitutiones
822 906 853 934 et
873 902 984 934 decre-

244 959 311 986 tum
337 953 525 986 huiusmodi
550 955 746 997 apostolicae
763 953 985 988 confirmatio-

243 1006 293 1039 nis
318 1006 501 1049 patrocinio
518 1007 711 1040 communiri
727 1007 766 1040 de
783 1007 984 1050 benignitate

243 1059 419 1102 apostolica
444 1060 666 1102 dignaremur.

287 1113 304 1154 5
336 1112 369 1145 4.
397 1111 461 1145 Nos
490 1113 598 1155 igitur,
631 1113 733 1156 ipsius
765 1114 984 1156 procuratoris

242 1166 409 1208 generalis
433 1166 515 1199 votis
542 1166 602 1198 hac
620 1166 652 1198 in
673 1176 718 1205 re,
738 1173 894 1209 quantum
914 1178 985 1200 cum

243 1219 379 1252 Domino
400 1229 584 1262 possumus,
603 1219 823 1253 favorabiliter
844 1230 986 1254 annuere

243 1273 409 1313 volentes,
437 1284 575 1317 eumque
609 1284 627 1307 a
659 1273 827 1317 quibusvis
859 1285 988 1307 excom-

242 1326 483 1367 municationis,
508 1326 733 1370 suspensionis
759 1332 791 1360 et
810 1327 987 1367 interdicti,

242 1380 380 1424 aliisque
405 1380 633 1414 ecclesiasticis
659 1380 847 1421 sententiis,
873 1391 987 1414 censu-

242 1433 286 1467 ris
318 1439 351 1467 et
381 1433 517 1478 poenis,
545 1445 563 1467 a
595 1434 665 1467 iure
690 1435 741 1467 vel
767 1433 806 1467 ab
833 1434 985 1474 homine,

242 1486 356 1530 quavis
381 1487 554 1520 occasione
580 1488 629 1520 vel
655 1488 750 1520 causa
770 1486 853 1526 latis,
873 1487 898 1520 si
918 1487 988 1530 qui-

241 1540 302 1573 bus
338 1541 587 1585 quomodolibet
612 1540 787 1574 innodatus
813 1540 929 1581 existit,
949 1541 987 1574 ad

243 1592 395 1627 effectum
422 1593 646 1637 praesentium
678 1594 845 1627 dumtaxat
874 1604 988 1627 conse-

243 1647 427 1689 quendum,
458 1647 574 1679 harum
599 1647 684 1680 serie
713 1647 922 1680 absolventes
956 1652 989 1680 et

242 1700 428 1733 absolutum
449 1700 516 1733 fore
539 1705 722 1739 censentes,
741 1700 987 1743 supplicationi-

243 1754 304 1786 bus
324 1754 393 1786 eius
411 1753 542 1787 nomine
566 1753 660 1786 nobis
685 1763 784 1796 super
802 1754 865 1786 boc
885 1754 987 1787 humi·

244 1805 320 1839 liter
344 1806 508 1850 porrectis
534 1806 702 1845 inclinati,
727 1817 841 1839 omnes
867 1811 898 1840 et
923 1806 987 1839 sin-

244 1860 335 1901 gulas
361 1859 613 1893 constitutiones
637 1860 873 1904 praeinsertas,
900 1865 930 1893 et
955 1860 986 1894 in

244 1912 289 1945 eis
315 1917 469 1946 contenta
502 1923 743 1957 quaecumque,
768 1924 898 1947 necnon
933 1914 983 1947 di-

243 1970 312 1999 ctae
352 1965 621 2009 Congregationis
658 1966 841 2007 decretum,
881 1972 987 2001 aucto-

243 2019 338 2053 ritate
364 2019 564 2064 apostolica,
592 2025 708 2054 tenore
741 2021 984 2065 praesentium,

243 2078 403 2117 perpetuo
430 2073 659 2107 confirmamus
691 2079 724 2107 et
754 2074 985 2118 approbamus,

245 2125 375 2170 illisque
393 2126 590 2160 inviolabilis
608 2127 810 2171 apostolicae
827 2128 987 2162 firmitatis

243 2178 343 2212 robur
367 2179 550 2220 adiicimus,
577 2190 613 2213 ac
644 2190 757 2214 omnes
785 2186 815 2214 et
841 2181 987 2224 singulos

244 2232 322 2266 iuris
348 2239 380 2267 et
404 2233 477 2267 facti
503 2244 539 2267 ac
565 2234 806 2268 solemnitatum
836 2245 988 2278 quarum-

244 2296 382 2330 cumque
408 2287 439 2319 in
462 2286 621 2320 similibus
648 2287 745 2320 etiam
771 2288 811 2320 de
848 2287 987 2321 necessi-

243 2345 306 2373 tate
345 2339 620 2373 observandarum
661 2339 781 2373 aliosve
818 2340 985 2383 quoslibet

245 2393 340 2426 etiam
355 2393 506 2426 formales
529 2399 560 2426 et
577 2392 808 2426 substantiales
828 2393 982 2434 defectus,

243 2445 269 2477 si
304 2445 358 2489 qui
395 2446 427 2478 in
465 2446 652 2489 praemissis
686 2445 911 2489 principaliter
935 2448 982 2480 vel

244 2499 424 2532 accessorie
450 2504 503 2532 aut
527 2498 628 2531 alias¹
655 2499 769 2542 quovis
803 2499 900 2532 modo
935 2499 983 2532 in-

244 2552 453 2593 tervenerint,
480 2562 537 2585 seu
563 2551 779 2585 intervenisse
806 2551 881 2594 dici,
908 2562 984 2586 cen-

280 2616 292 2642 1
314 2613 386 2643 Edit.
407 2613 491 2643 Main.
513 2614 580 2649 legit
598 2614 660 2643 αῑία
679 2614 721 2650 (a.
736 2614 785 2650 T.).

1022 259 1084 292 seri
1118 260 1167 293 vel
1198 259 1369 302 praetendi
1396 259 1539 302 possint,
1573 258 1700 302 penitus
1734 263 1765 291 et

1022 312 1156 345 omnino
1182 314 1370 355 supplemus
1397 318 1429 345 et
1454 322 1618 344 sanamus.

1066 365 1080 407 ἓ
1105 365 1136 397 5.
1164 365 1396 404 Decernenies,
1423 365 1551 398 easdem
1574 368 1764 408 praesentes
1802 377 1864 397 nim
1883 377 1959 397 mons

1024 418 1150 450 litteras
1185 429 1221 451 ac
1256 419 1507 452 constitutiones
1540 423 1572 450 et
1600 418 1763 450 decretum
1776 405 1960 450 l'sssiiiii-'nss'fiiiil

1024 472 1230 514 praeinserta
1243 482 1372 515 semper
1385 470 1487 511 firma,
1503 471 1607 504 valida
1622 476 1652 503 et
1665 471 1766 503 effica-
1777 460 1847 478 'mm'

1025 523 1083 557 cia¹
1099 525 1238 557 existere
1254 530 1286 557 et
1300 525 1376 563 fore,
1393 535 1536 567 suosque
1551 524 1717 567 plenarios
1735 529 1767 556 et

1025 578 1170 621 integros
1195 577 1328 610 effectus
1353 577 1461 610 sortiri
1484 583 1516 610 et
1538 577 1704 615 obtinere,
1731 587 1768 608 ac

1025 631 1110 670 illis,
1146 631 1185 663 ad
1221 641 1302 674 quos
1327 636 1453 674 spectat
1478 636 1509 663 et
1533 641 1592 673 pro
1619 636 1767 672 tempore

1026 683 1300 727 quandocumque
1318 683 1490 727 spectabit,
1509 683 1540 715 in
1567 683 1717 716 omnibus
1737 688 1769 715 et

1026 747 1084 781 per
1108 736 1216 770 omnia
1244 737 1437 780 plenissime
1463 736 1647 779 suffragari,
1678 742 1709 769 et
1729 737 1767 768 ab

1027 791 1073 824 eis
1108 790 1288 834 respective
1321 790 1556 823 inviolabiliter
1588 789 1768 829 observari,

1027 845 1138 887 sicque
1158 843 1188 876 in
1207 842 1396 887 praemissis
1410 853 1468 886 per
1486 853 1703 886 quoscumque
1723 842 1770 874 iu-

1028 897 1114 930 dices
1156 896 1341 930 ordinarios
1374 902 1406 929 et
1445 897 1637 938 delegatos,
1673 895 1769 928 etiam

1028 961 1198 983 causarum
1231 950 1344 993 palatii
1375 949 1548 992 apostolici
1584 949 1767 988 auditores,

1029 1014 1065 1036 ac
1089 1004 1121 1036 S.
1141 1003 1177 1036 R.
1197 1003 1232 1036 Ε.
1259 1002 1459 1042 cardinales,
1485 1003 1581 1035 etiam
1608 1003 1646 1035 de
1667 1003 1770 1034 latere

1029 1057 1168 1099 legatOS,
1196 1062 1228 1089 et
1252 1056 1459 1099 Apostolicae
1495 1055 1588 1088 Sedis
1625 1055 1769 1093 nuntios,

1030 1110 1151 1143 aliosve
1178 1109 1343 1153 quoslibet
1376 1119 1583 1152 quacumque
1609 1107 1771 1151 praeemi-

1030 1162 1140 1195 nentia
1179 1167 1209 1195 et
1247 1162 1399 1195 facultate
1426 1162 1595 1203 fungentes
1633 1166 1664 1193 et
1700 1160 1772 1192 fun-

1030 1222 1156 1255 cturos,
1183 1215 1310 1248 sublata
1346 1215 1393 1247 eis
1431 1220 1462 1247 ct
1498 1224 1609 1247 eorum
1638 1213 1772 1246 cuilibet

1030 1269 1142 1313 quavis
1167 1269 1261 1302 aliter
1286 1268 1450 1301 iudicandi
1478 1273 1509 1301 et
1534 1266 1771 1310 interpretandi

1032 1323 1181 1356 facultate
1207 1326 1240 1355 et
1263 1321 1473 1361 auctoritate,
1498 1320 1635 1353 iudicari
1661 1325 1694 1352 et
1719 1319 1774 1352 de-

1031 1375 1115 1408 finiri
1153 1375 1295 1415 debere,
1324 1385 1360 1407 ac
1384 1374 1509 1407 irritum
1551 1379 1582 1406 et
1617 1373 1713 1406 inane
1747 1374 1774 1405 si

1030 1440 1123 1463 secus
1149 1439 1247 1473 super
1271 1428 1322 1461 his
1348 1439 1365 1461 a
1390 1438 1575 1472 quoquam,
1594 1427 1705 1471 quavis
1723 1437 1775 1459 au-

1030 1483 1189 1522 ctoritate,
1216 1482 1360 1515 scienter
1384 1482 1435 1515 vel
1460 1481 1671 1524 ignoranter,
1698 1490 1774 1514 con-

1031 1536 1141 1580 tigerit
1164 1535 1329 1569 attentari.

1073 1591 1088 1634 g
1112 1590 1144 1623 6.
1164 1589 1234 1623 Non
1256 1589 1460 1623 obstantibus
1485 1587 1774 1622 constitutionibus
1787 1598 1897 1619 contraria
1909 1597 1969 1619 tona.

1030 1649 1063 1677 et
1087 1642 1353 1677 ordinationibus
1391 1642 1594 1686 apostolicis,
1623 1653 1669 1680 ac,
1697 1653 1775 1685 qua-

1031 1702 1124 1730 tenus
1141 1707 1225 1740 opus
1243 1695 1296 1737 sit,
1316 1695 1446 1729 Ordinis
1463 1695 1664 1735 huiusmodi,
1689 1695 1776 1728 aliis-

1030 1761 1067 1784 ve
1093 1750 1278 1794 quibusvis,
1306 1749 1401 1783 etiam
1428 1749 1631 1789 iuramento,
1659 1748 1777 1782 confir-

1030 1803 1172 1836 matione
1198 1803 1392 1846 apostolica,
1415 1803 1464 1835 vel
1490 1802 1602 1846 quavis
1627 1801 1776 1834 firmitate

1029 1858 1092 1891 alia
1117 1856 1301 1896 roboratis,
1329 1857 1455 1889 statutis
1480 1862 1511 1889 et
1535 1855 1777 1889 consuetudini-

1030 1911 1102 1951 bus,
1127 1909 1308 1954 privilegiis
1333 1920 1486 1953 quoque,
1514 1909 1646 1942 indultis
1666 1914 1697 1941 et
1725 1908 1776 1941 lit-

1032 1965 1108 1998 teris
1133 1963 1322 2007 apostolicis
1341 1962 1436 1996 etiam
1461 1962 1571 1995 Ordini
1598 1961 1773 2005 praedicto,

1031 2017 1185 2061 illiusque
1211 2016 1444 2060 superioribus,
1470 2015 1623 2048 fratribus
1650 2020 1680 2048 et
1697 2024 1773 2058 per-

1030 2070 1118 2104 sonis
1143 2071 1203 2104 sub
1241 2069 1498 2114 quibuscumque
1537 2068 1704 2102 tenoribus
1742 2071 1773 2100 et

1030 2124 1165 2164 formis,
1193 2134 1229 2157 ac
1255 2133 1326 2156 cum
1352 2122 1519 2166 quibusvis
1546 2122 1642 2156 etiam
1679 2122 1774 2154 dero-

1033 2176 1231 2221 gatoriarum
1268 2175 1506 2219 derogatoriis,
1535 2175 1671 2218 aliisque
1708 2174 1775 2207 effi-

1029 2230 1222 2270 cacioribus,
1239 2228 1471 2263 efficacissimis
1490 2234 1522 2262 et
1538 2228 1675 2261 insolitis
1689 2228 1776 2260 clau-

1028 2284 1127 2324 sutis,
1153 2283 1424 2326 irritantibusque
1450 2288 1481 2315 et
1507 2282 1579 2315 aliis
1613 2281 1772 2320 decretis,

1027 2337 1060 2371 in
1087 2348 1208 2381 genere
1234 2338 1283 2371 vel
1309 2337 1341 2369 in
1368 2336 1489 2380 specie,
1517 2347 1572 2369 seu
1598 2335 1675 2368 alias
1693 2345 1772 2377 quo-

1027 2392 1208 2425 modolibet
1232 2391 1264 2423 in
1291 2391 1492 2424 contrarium
1517 2389 1773 2433 praemissorum

1025 2445 1191 2478 concessis
1208 2471 1215 2485 ,
1241 2454 1277 2478 ac
1301 2444 1422 2487 pluries
1447 2442 1643 2476 confirmatis
1669 2448 1700 2474 et
1725 2443 1774 2474 in-

1027 2498 1176 2538 novatis3
1203 2497 1322 2541 quibus
1356 2496 1508 2529 omnibus
1545 2501 1575 2528 et
1612 2495 1770 2536 singulis,

1025 2550 1158 2584 illorum
1184 2556 1316 2583 tenores
1343 2548 1573 2592 praesentibus
1594 2557 1652 2590 pro
1677 2548 1771 2590 plene

1062 2614 1074 2640 1
1097 2612 1170 2640 Edit.
1191 2612 1271 2640 lllain.
1292 2611 1359 2647 legit
1379 2610 1507 2646 efficaces
1529 2611 1565 2647 (a.
1584 2610 1633 2644 r.).
