2232 3178
47 267 92 293 An.
111 261 139 290 C.
153 260 222 288 1738

58 839 84 860 De
93 811 183 867 past—titia<
192 840 221 856 se-

49 868 139 913 rrae
161 868 222 916 aa:

47 920 127 940 riarum.

853 259 991 284 CLEMENS
1016 258 1061 282 xu
1086 259 1133 283 PP.

232 316 284 348 pro
299 307 425 346 negotiis
441 311 468 338 et
483 307 613 347 epistolis
629 308 723 347 sigilla
740 308 865 338 habeant
881 317 969 347 parva

230 362 346 389 etcum
378 360 459 386 scuto
488 357 605 387 Ordinis
633 357 780 397 insculpto
809 361 837 387 et
866 357 971 386 inscri-

231 406 329 446 ptione
352 414 403 444 per
426 405 544 443 girum:
569 414 747 435 REDEMPTOP.
771 414 968 441 cnrrrvonmr,

231 455 275 484 vel
294 462 491 484 PnocrnATon
507 462 668 484 emanans
685 463 800 484 onmxxs
818 454 875 492 (vel
890 463 971 483 raan-

233 503 311 542 LlAE)
328 512 370 541 N„
387 507 415 532 et
437 502 572 532 similiter
594 507 767 542 procurator
790 503 968 542 provinciae.

270 561 309 582 tx.
334 551 551 590 PraecipimuS‚
577 551 654 590 quod
683 552 851 581 nullatenus
884 561 970 581 exce-

231 603 316 633 datur
338 610 352 630 a
376 600 518 639 disposito
535 600 589 630 hoc
606 600 799 640 paragrapho,
817 609 870 629 nec
894 600 970 629 ullus

232 650 307 680 alius
329 653 410 678 extra
433 649 598 688 praedictos
622 649 854 687 (cuiuscumque
877 653 971 678 status

233 703 261 729 et
282 697 457 728 conditionis
479 698 529 737 sit)
552 698 648 736 sigillo
671 702 782 734 utatur,
800 697 853 727 sub
878 699 971 736 poena
992 697 993 726 i

231 748 328 788 gravis
351 747 465 787 culpae.

271 805 291 826 1.
315 796 402 826 Pater
424 795 559 825 minister
574 795 719 834 generalis
736 795 764 825 in
788 805 855 825 suos
878 804 972 824 secre-

232 844 323 876 tarios
345 848 458 874 tantum
484 844 593 882 eligere
616 844 723 883 poterit
745 844 816 873 duos
839 843 973 873 sacerdo-
993 858 994 862 =

233 898 286 931 tes,
310 893 360 933 qui
382 893 443 922 suis
465 893 607 930 consiliis,
628 893 784 932 prudentia
809 896 837 922 et
862 892 972 922 viribus
992 886 995 896 ’

232 943 315 973 illum
338 941 453 971 valeant
479 942 509 971 in
541 942 608 971 suil
632 942 762 971 muneris
790 951 879 971 onere
908 951 973 980 por-

233 991 318 1022 tando
350 991 500 1021 adiuvare.
525 990 592 1020 Illos
624 991 653 1020 in
684 990 801 1029 scriptis
825 990 970 1028 designet,

233 1039 401 1080 praebendo
433 1039 475 1069 eis
508 1039 622 1069 litteras
652 1043 784 1078 patentes
812 1039 856 1068 sui
885 1039 973 1068 ot'ticii

233 1093 261 1120 et
282 1088 450 1124 secretarti;
470 1089 567 1118 statim
590 1098 622 1118 ac
645 1097 693 1118 eas
715 1088 871 1127 recipiant,
895 1088 974 1117 iura-

234 1142 364 1168 mentum
388 1137 522 1167 emittant
544 1137 573 1166 in
597 1137 732 1166 manibus
765 1137 858 1176 ipsius
881 1137 974 1176 patris

232 1187 358 1218 ministri
381 1187 526 1225 generalis
549 1186 584 1216 de
606 1186 749 1216 servando
776 1190 921 1215 secretum
946 1190 974 1215 et

234 1237 419 1273 fidelitatem,
439 1237 518 1265 iuxta
543 1236 664 1264 formam
687 1235 898 1274 praescriptam
923 1244 974 1273 pro

235 1286 394 1317 secretario
418 1285 539 1324 capituli
561 1285 719 1322 generalis,
744 1283 797 1314 sub
823 1293 849 1313 c⁴
874 1293 972 1318 xxxix,

235 1336 249 1375 ἓ
272 1336 301 1374 5,
325 1343 406 1364 num.
428 1343 477 1363 xil.
502 1334 612 1363 Horum
636 1338 733 1363 autem
756 1343 831 1363 unus
855 1333 910 1362 erit
932 1342 975 1362 se-

235 1385 378 1415 cretarius
400 1383 545 1421 generalis
569 1382 706 1420 Ordinis,
730 1392 815 1421 quem
846 1386 976 1411 assumet

235 1443 270 1464 ex
285 1435 338 1463 sua
354 1432 475 1468 familia,
490 1431 623 1470 aliusque
639 1431 815 1461 secretarius
832 1431 975 1468 generalis

235 1482 356 1513 alterius
377 1481 506 1510 sainiliae
528 1490 562 1510 ex
584 1481 677 1510 altera
708 1480 919 1510 assumendus:
949 1484 976 1509 et

235 1541 293 1562 non
325 1530 397 1560 alios
431 1530 539 1568 eligere
571 1530 689 1568 poterit,
719 1529 776 1558 nisi
809 1529 859 1568 qni
892 1534 975 1559 antea

235 1580 345 1611 suerint
380 1579 548 1609 definitores
584 1579 736 1617 generales
770 1579 814 1608 vel
847 1578 975 1607 ministri

237 1628 444 1669 provinciales,
462 1632 511 1657 aut
529 1627 632 1656 saltem
657 1627 716 1666 apti
740 1637 753 1656 a
778 1628 840 1665 lege
857 1631 886 1656 ut
904 1627 975 1656 tales

237 1679 351 1708 tierent.
372 1676 445 1707 Casu
467 1680 576 1714 autem,
595 1686 651 1715 quo
675 1676 808 1705 minister
831 1676 977 1714 generalis

236 1726 362 1762 deficiat,
386 1725 514 1754 vicarius
536 1724 682 1762 generalis
711 1724 820 1754 electus
850 1729 975 1753 secreta-

239 1775 298 1805 rios
322 1782 473 1804 removere
489 1782 546 1802 non
566 1773 682 1812 poterit,
702 1773 758 1802 nisi
775 1773 977 1802 consentiente

237 1822 402 1854 definitorio
437 1821 567 1860 generali
603 1820 720 1852 Ordinis
758 1831 809 1861 per
845 1822 975 1851 omnium

237 1871 375 1909 consilia,
400 1874 515 1910 praeter
549 1879 651 1900 unum.
676 1870 735 1900 Nec
769 1870 910 1910 praedicti
934 1879 978 1899 se-

237 1920 355 1951 cretarii
379 1919 530 1958 generales
553 1923 691 1958 poterunt
723 1919 792 1957 eligi
816 1929 850 1948 ex
873 1919 977 1948 defini-

239 1969 352 2000 toribus
384 1968 571 2007 generalibus
594 1968 778 2005 actualibus,
804 1968 904 1998 aliisve
928 1969 977 1998 ha-

238 2018 374 2050 bentibus
409 2018 581 2056 suffragium
618 2018 647 2048 in
685 2018 812 2057 capitulo
848 2019 977 2056 generali

238 2068 348 2098 futuro.

278 2126 307 2147 11.
329 2115 550 2146 Commissarius
580 2116 724 2154 generalis
753 2116 861 2154 eligere
894 2116 979 2146 debet

241 2175 276 2197 ex
298 2167 351 2196 sua
366 2165 479 2195 familia
493 2165 684 2195 secretarium
701 2165 870 2203 generalem
890 2165 979 2195 simili

240 2220 269 2245 et
290 2224 348 2244 non
372 2214 475 2243 maiori
498 2214 690 2252 graduatione
718 2214 896 2253 praeditum,
930 2214 979 2253 qui

240 2264 357 2294 aliunde
379 2264 553 2302 suffragium
575 2273 632 2293 non
657 2263 760 2293 habeat
793 2265 821 2293 in
850 2263 979 2303 capitulo

241 2313 371 2352 generali
393 2313 503 2348 futuro,
527 2322 580 2342 nec
602 2313 631 2342 in
655 2312 828 2342 intermedio
851 2322 919 2341 suae
941 2313 981 2342 t'a-

242 2361 350 2399 miliae,
374 2361 398 2391 si
421 2361 548 2396 fuerint;
567 2361 668 2400 illique
691 2361 735 2390 sui
759 2361 847 2390 officii
871 2361 981 2391 litteras

242 2414 371 2450 patentes
394 2409 534 2449 praebere
556 2409 656 2447 debet,
676 2413 703 2439 et
719 2409 906 2447 secretarius,
924 2415 981 2440 sta-

242 2458 293 2488 tim
312 2467 344 2488 ac
366 2467 415 2488 eas
437 2458 573 2497 recipiat,
598 2458 627 2487 in
652 2458 788 2487 manibus
821 2459 865 2488 sui
896 2468 982 2498 supe-

243 2506 328 2537 rioris
350 2507 547 2537 iuramentum
581 2507 684 2545 saciat,
710 2512 740 2537 ut
772 2516 882 2546 supra3
916 2512 944 2537 et
967 2518 980 2538 a

244 2555 535 2594 vice-commissario,
558 2556 582 2586 si
606 2565 690 2585 casus
713 2556 888 2595 occurrerit,
906 2556 982 2586 dese-

281 2659 291 2687 ¹
315 2657 432 2686 Pessime
452 2658 518 2686 edit.
540 2658 619 2685 Maia.
641 2658 706 2693 legit
725 2658 785 2686 suis
805 2659 844 2693 (n.
862 2659 910 2693 r.).

1651 250 1710 284 471

1013 311 1060 337 ctu
1084 307 1296 345 commissarii,
1321 308 1499 339 secretarius
1520 308 1665 339 removeri
1695 317 1752 338 non

1015 357 1121 395 poterit
1143 357 1200 386 nisi
1222 357 1426 387 consentiente
1449 357 1601 396 superiore
1624 357 1753 395 generali

1014 404 1141 434 Ordinis.
1177 405 1206 435 Si
1238 410 1335 435 autem
1373 410 1438 444 post
1474 406 1634 436 triennium
1666 405 1753 435 fuerit

1013 454 1173 492 capitulum
1190 454 1396 484 intermedium
1413 455 1552 491 familiae,
1567 464 1658 484 novus
1675 464 1753 485 com-

1014 504 1164 533 missarius
1187 514 1239 543 pro
1261 505 1344 534 libito
1368 505 1475 543 poterit
1504 505 1613 543 eligere
1646 514 1753 535 novum

1015 554 1218 591 secretarium,
1243 554 1286 583 vel
1311 554 1463 593 antiquum
1487 564 1637 584 assumere
1659 555 1726 584 sibi.

1054 611 1094 631 111.
1119 602 1271 632 Praeterea
1297 603 1432 642 superior
1454 603 1600 641 generalis
1623 603 1752 641 Ordinis,

1014 655 1041 680 et
1066 651 1202 681 similiter
1225 652 1359 690 superior
1381 652 1528 689 generalis
1551 652 1690 689 familiae,
1711 661 1755 681 sa-

1014 700 1161 730 cerdotem
1185 709 1392 730 amanuensem
1418 711 1468 740 per
1490 701 1603 731 litteras
1623 705 1755 740 patentes

1015 747 1059 777 sui
1084 749 1172 778 officii
1202 758 1236 778 ex
1260 749 1361 778 eadem
1385 750 1495 779 familia
1517 750 1625 788 eligere
1649 749 1756 788 poterit

1015 800 1041 826 et
1065 797 1099 826 ad
1123 807 1208 826 suum
1224 797 1378 827 arbitrium
1395 807 1565 827 removere:
1587 807 1635 827 eos
1659 802 1755 827 tamen

1015 846 1124 880 eligere
1151 850 1264 885 oportet
1292 846 1420 884 eleganti
1450 852 1598 876 caractere
1621 847 1754 885 donatos,

1015 895 1260 934 mediocriterque
1284 896 1432 924 communi
1461 896 1626 925 111-11111011οὰ
1648 896 1757 925 instru-

1016 947 1087 980 ctos,
1113 943 1223 973 habiles
1243 943 1360 973 aliunde
1376 948 1463 982 atque
1480 944 1629 983 expeditos
1646 944 1755 982 taliter,

1018 997 1048 1022 ut
1072 1002 1138 1031 spes
1161 993 1256 1031 aliqua
1281 997 1463 1032 supponatur
1480 993 1514 1022 de
1537 1002 1570 1022 eo
1593 993 1669 1032 quod
1688 998 1758 1022 tem-

1018 1041 1096 1080 poris
1129 1042 1278 1080 decursu,
1309 1047 1337 1071 et
1370 1042 1533 1071 officiorum
1566 1042 1757 1080 graduatione

1018 1092 1184 1128 transacta,
1218 1091 1346 1130 aptiores
1380 1091 1449 1120 fiant
1482 1095 1513 1120 ut
1546 1091 1693 1128 eligantur
1727 1092 1757 1119 in

1017 1140 1206 1169 secretarios.
1244 1140 1389 1169 Praedicti
1426 1140 1503 1168 enim
1540 1148 1755 1176 amanuense5‚

1018 1192 1081 1227 post
1103 1192 1236 1227 acceptas
1258 1188 1303 1217 sni
1326 1188 1458 1217 exercitii
1481 1188 1691 1217 nominationis
1711 1187 1757 1217 lit-

1018 1241 1110 1271 10138,
1134 1238 1331 1266 iuramentum
1355 1237 1449 1266 facere
1471 1237 1578 1266 dehent
1609 1236 1757 1266 fidelitatis

1017 1290 1045 1315 et
1067 1286 1173 1315 secreti
1203 1286 1231 1315 in
1261 1285 1395 1315 manibus
1427 1286 1588 1325 superioris
1620 1285 1757 1323 eligentis

1018 1343 1077 1370 cos,
1101 1335 1158 1371 vel,
1176 1334 1212 1364 de
1235 1334 1313 1364 illius
1337 1335 1554 1370 commissione,
1573 1335 1602 1364 in
1622 1333 1757 1364 manibus

1018 1384 1179 1413 secretarii.
1204 1383 1233 1413 Si
1256 1393 1341 1421 vero,
1365 1384 1408 1413 vel
1432 1383 1507 1422 quod
1531 1383 1564 1413 ad
1588 1383 1756 1418 minimum,

1019 1432 1162 1470 fregerint
1179 1432 1390 1469 iuramentum,
1405 1436 1612 1461 removeantur
1628 1431 1663 1461 ab
1679 1441 1760 1461 exer-

1019 1481 1115 1518 citio,
1150 1485 1178 1510 et
1210 1481 1272 1519 ipso
1306 1480 1478 1509 remotionis
1510 1481 1584 1509 sacto
1617 1480 1652 1509 ob
1686 1480 1761 1510 hanc

1020 1539 1136 1559 causam
1153 1529 1356 1567 intelligantur
1372 1529 1517 1558 inhabiles
1540 1529 1569 1558 in
1587 1533 1760 1568 perpetuum

1020 1579 1053 1608 ad
1077 1579 1171 1608 ot‘ticia
1195 1578 1325 1608 Ordinis.

1064 1637 1102 1657 1v.
1128 1628 1229 1657 Patres
1253 1628 1446 1667 provinciales
1472 1638 1556 1658 suum
1586 1628 1673 1658 etiam
1697 1628 1762 1658 uni-

1023 1687 1088 1707 cum
1107 1677 1299 1707 secretarium
1317 1677 1495 1707 sacerdotem
1511 1677 1677 1716 provinciae
1693 1686 1762 1706 suae

1021 1727 1131 1762 eligere
1155 1725 1278 1763 dehent,
1303 1730 1334 1755 ut
1357 1736 1408 1756 suo
1431 1727 1566 1756 similiter
1589 1726 1711 1756 consilio
1735 1730 1763 1756 et

1022 1775 1178 1815 prudentia
1200 1775 1245 1804 sui
1270 1775 1399 1804 muneris
1423 1775 1535 1814 pondus
1559 1779 1674 1814 portare
1698 1784 1763 1814 pos-

1021 1824 1080 1854 sint
1103 1829 1131 1854 et
1152 1824 1340 1860 adiuventur,
1364 1829 1395 1853 ut
1418 1834 1453 1854 ne
1476 1824 1557 1854 ducti
1579 1825 1640 1854 zelo
1663 1824 1762 1854 obser-

1023 1873 1135 1902 vantiae
1158 1872 1324 1910 rigidioris,
1350 1872 1394 1901 vel
1418 1872 1533 1912 pietatis
1552 1873 1648 1911 specie
1668 1873 1759 1909 ducti,

1023 1922 1165 1960 1111110105,
1190 1931 1276 1961 quam
1297 1931 1348 1960 par
1371 1926 1425 1959 est,
1456 1922 1512 1961 ipsi
1537 1922 1616 1951 tiant.
1641 1922 1763 1952 Provin-

1022 1970 1104 2000 cialis
1127 1975 1225 1999 antem
1249 1970 1426 2000 secretarius
1449 1970 1601 2008 eligendus
1624 1975 1667 2000 est
1682 1995 1689 2008 ,
1714 1971 1763 2010 qui

1022 2023 1107 2048 antea
1130 2019 1219 2048 suerit
1249 2019 1395 2055 minister,
1419 2024 1540 2058 aptusve
1572 2024 1602 2048 ut
1625 2019 1654 2049 in
1678 2019 1765 2049 mini-

1023 2073 1115 2098 strum
1146 2068 1255 2098 electus
1284 2068 1391 2106 suerit,
1425 2068 1471 2097 vel
1505 2068 1607 2098 saltem
1631 2068 1680 2107 qui
1714 2077 1764 2108 per

1024 2117 1184 2147 triennium
1219 2117 1306 2147 fuerit
1336 2117 1426 2147 lector
1456 2117 1620 2155 theologiae
1645 2117 1763 2147 moralis

1025 2167 1181 2205 practicae,
1199 2166 1242 2195 vel
1260 2166 1422 2205 superioris
1441 2166 1587 2204 generalis
1604 2175 1764 2195 amanuen-

1023 2215 1063 2245 sis
1079 2240 1086 2253 ,
1111 2216 1155 2245 vel
1189 2225 1240 2254 per
1262 2215 1413 2245 biennium
1438 2215 1639 2255 philosophiae
1660 2215 1761 2251 lector,

1025 2268 1074 2294 aut
1093 2264 1233 2302 magister
1255 2264 1432 2294 novitiorum
1456 2264 1501 2293 vel
1532 2273 1633 2293 recens
1657 2265 1766 2302 profes-

1025 2322 1135 2349 sorum,
1155 2313 1199 2342 vel
1224 2313 1406 2351 praedicator
1429 2312 1642 2348 conventualis,
1660 2316 1687 2341 et
1710 2316 1766 2341 sta-

1026 2363 1077 2392 tim
1111 2372 1144 2392 ac
1177 2363 1289 2392 litteras
1322 2366 1456 2401 patentes
1490 2361 1635 2400 acceperit
1667 2370 1682 2390 a
1713 2370 1765 2390 suo

1026 2411 1221 2451 provinciali,
1246 2411 1275 2440 in
1310 2410 1445 2440 manilius
1468 2410 1560 2449 ipsius
1584 2410 1764 2449 praedictum

1026 2464 1153 2500 praestet
1176 2461 1388 2489 iuramentum.

1066 2517 1094 2538 v.
1112 2509 1189 2538 Idem
1213 2508 1332 2538 omnino
1355 2507 1439 2537 saciat
1464 2507 1595 2537 visitator
1618 2507 1766 2545 delegatus

1026 2557 1055 2587 in
1078 2557 1220 2587 electione
1242 2556 1405 2592 secretarii,
1426 2560 1454 2585 et
1478 2556 1532 2585 iste
1556 2556 1584 2585 in
1608 2556 1765 2586 emissione

1026 2606 1198 2641 iuramenti,
1222 2610 1342 2644 excepto
1375 2615 1444 2634 casu
1479 2614 1535 2643 quo
1570 2605 1707 2642 delegans
1736 2605 1765 2635 111

1026 2654 1232 2685 commissione
1268 2653 1431 2692 designavit
1464 2653 1608 2683 visitatori
1640 2657 1766 2684 secrcta-

1762 259 1809 284 Α11.
1834 260 1860 285 C.
1882 259 1947 286 1738
