2232 3178
48 239 102 268 An.
122 238 150 265 C.
170 237 238 265 ¹736

47 301 172 322 „mmmm
191 283 314 320 e11.haud
335 283 418 314 facile
450 283 488 314 sit
519 283 672 323 religiosos
704 284 836 315 invenire
869 285 919 324 qui
941 286 982 315 of-

47 328 127 353 W'dffi·
208 361 210 363 ,
238 332 335 362 ficium
366 332 504 372 praefecti
538 333 724 363 exercuerint
752 338 781 363 et
809 333 979 372 ceteroquin

237 382 302 411 aliis
321 382 455 412 omnibus
468 383 619 422 requisitis
642 392 674 412 ac
696 382 886 422 qualitatibus
899 391 982 421 prae-

237 430 289 460 diti
312 431 380 469 sint,
398 435 430 461 ut
452 431 480 461 in
503 432 682 462 novitiorum
700 432 863 469 magma-OS,
881 441 981 470 quem-

237 480 392 510 admodum
409 481 579 510 constitutio
597 481 748 520 praecipit,
768 481 835 519 eligi
853 481 978 519 possint:

236 528 315 565 hinc,
332 538 368 558 ne
391 529 557 559 huiusmodi
580 529 738 559 difficultas
755 529 822 558 huic
843 529 978 559 electioni

237 577 361 616 officiat,
385 587 398 607 a
422 588 478 618 qua
502 583 597 608 cetera
633 578 761 618 pendere
783 578 839 608 dici
864 582 977 617 potest,

236 627 405 666 praefectus
427 627 574 665 generalis
596 629 655 656 una
682 636 748 656 cum
771 636 824 656 suo
847 626 980 656 definito-

237 675 282 704 rio
306 675 421 714 plenam
444 674 552 705 habeat
585 675 777 714 imposterum
810 675 978 704 facultatem

237 724 365 763 eligendi
387 734 420 755 ac
444 725 614 755 nominandi
638 725 667 754 in
689 725 866 754 novitiorum
890 724 979 762 magi-

237 778 332 804 strum
355 783 570 813 quemcumque
586 774 655 804 dicti
672 773 791 803 Ordinis
809 773 978 811 religiosum

240 823 289 862 qui
312 832 427 852 morum
451 823 594 862 probitate
617 832 649 852 ac
672 823 814 861 gravitate
833 832 980 852 commen-

237 872 325 902 detur
347 877 374 902 et
397 872 432 902 ad
456 872 623 902 huiusmodi
648 872 776 902 officium
796 877 895 911 aptum
916 881 979 902 esse

238 925 323 960 atque
336 921 473 951 idoneum
483 921 510 951 in
522 921 643 951 Domino
657 921 865 961 comperiatur,
879 931 981 961 quam-

238 970 281 1001 vis
293 975 451 1001 memorato
465 971 606 1010 requisito
618 971 755 1011 praefecti
773 975 880 1006 careat,
898 971 979 1011 isque

237 1020 441 1056 nihilominus,
457 1029 523 1050 cum
540 1021 705 1050 huiusmodi
723 1030 829 1051 munus
848 1021 979 1059 magistri

237 1069 415 1099 novitiorum
439 1078 491 1108 per
514 1069 674 1099 triennium
697 1070 872 1104 exercuerit,
890 1070 918 1099 in
935 1079 980 1099 ca·

238 1118 338 1157 pitulis
360 1118 547 1157 generalibus
570 1128 669 1149 vocem
693 1118 798 1148 habeat
831 1123 889 1148 tam
912 1119 980 1148 acti-

238 1176 303 1196 vam
325 1177 412 1206 quam
436 1167 592 1207 passivam3
617 1168 641 1198 si
665 1177 732 1198 vero
748 1168 894 1206 sacerdos,
911 1168 982 1198 acti-

239 1225 303 1245 vam
327 1220 450 1246 tantum.

277 1273 316 1294 tx.
341 1264 372 1294 In
396 1264 533 1295 omnibus
555 1264 759 1303 electionibus,
780 1265 815 1303 is,
840 1266 868 1295 in
893 1275 979 1305 quem

45 1309 227 1364 ξξὶξξὶζζῗὼξζζζξζ
237 1318 394 1344 concurrat
415 1314 508 1343 maior
531 1323 598 1353 pars
621 1319 753 1344 votorum
771 1315 847 1344 ultra
872 1315 979 1344 medie-

44 1366 138 1385 votorum
155 1368 211 1389 {¹³¹³-
237 1367 325 1394 tatem
340 1363 523 1401 eligentium,
538 1367 691 1394 censeatur
704 1364 843 1394 canonice
859 1364 979 1402 electus,

236 1418 265 1443 et
287 1412 390 1442 electio
413 1412 544 1450 legitima
569 1412 833 1452 pronunciabitur3
858 1413 934 1452 quod
958 1414 981 1443 si

237 1462 348 1492 electus
380 1462 457 1491 inter
484 1461 600 1492 vocales
634 1467 883 1499 connumeretur,
918 1463 982 1492 eius

236 1514 335 1540 votum
359 1510 420 1540 sive
443 1511 581 1541 schedula
598 1520 612 1540 a
628 1511 846 1541 scrutatoribus
861 1512 981 1542 omnino

237 1559 409 1597 recognosci
426 1559 546 1596 debeat;
564 1565 773 1599 compertoque
789 1559 908 1590 sibimet
924 1561 982 1589 suf-

239 1607 365 1646 fragium
388 1608 514 1645 dedisse,
539 1617 605 1638 cum
629 1609 793 1639 huiusmodi
818 1609 922 1638 electio
945 1609 982 1638 sit

238 1656 302 1696 ipso
324 1657 387 1687 iure
409 1657 488 1686 nulla
503 1681 510 1695 ‚
534 1657 570 1687 ad
599 1667 703 1687 novam
728 1658 901 1687 deveniatur
924 1658 983 1687 ele-

238 1706 378 1744 ctionem,
403 1706 538 1745 quamvis
561 1706 658 1736 onmia
683 1711 746 1736 vota
771 1707 799 1736 in
823 1716 889 1737 eum
914 1717 982 1737 con-

239 1754 406 1791 venissent,
429 1764 463 1785 ac
486 1755 546 1795 ipse
569 1765 621 1795 pro
643 1755 695 1785 illa
728 1756 790 1786 vice
813 1755 983 1795 ineligibilis

240 1813 361 1844 prorsus
383 1805 497 1834 evadat.

72 1866 136 1889 Nemo
151 1867 230 1898 napaei
280 1864 308 1884 x·
328 1853 430 1884 Nullus
451 1854 512 1884 sive
535 1854 713 1884 novitiorum
737 1854 797 1885 sive
813 1864 851 1885 ex
868 1855 984 1893 religio-

47 1895 228 1947 ζζξζὶγζεῑῑηηῑῖξ
240 1901 280 1932 sis
303 1902 442 1941 professis
473 1912 543 1933 voce
575 1903 669 1933 activa
702 1907 751 1933 aut
780 1903 895 1943 passiva
931 1913 983 1942 pro

47 1950 229 2001 Bffinffi'g‘nssffl
241 1959 428 1991 quocumque
451 1951 547 1981 officio
570 1951 697 1990 gaudere
721 1952 823 1991 possit,
848 1952 903 1981 nisi
921 1956 984 1991 post

48 2001 147 2023 sessione.
241 2000 373 2039 elapsum
397 2000 556 2030 triennium
580 2009 595 2029 a
618 2000 758 2030 solemnis
793 2000 983 2039 professionis

240 2049 415 2087 emissione;
440 2059 534 2089 neque
558 2050 722 2089 praefectus
751 2050 896 2088 generalis
930 2059 983 2080 nec

241 2097 441 2129 definitorium
464 2099 599 2138 generale
623 2099 681 2129 ullo
699 2099 783 2129 modo
799 2100 828 2129 in
852 2100 905 2129 hoc
924 2099 984 2129 dis-

242 2156 366 2188 pensare
388 2148 504 2178 valeant
527 2149 570 2178 vel
594 2153 792 2188 praesumant.

76 2212 231 2234 „nmmum
282 2196 493 2228 x1.lntimatio
515 2198 676 2237 personalis
710 2198 914 2228 convocatoria
949 2198 984 2228 ad

50 2240 377 2293 ῗζξζξᾞζῗιξξξῖξζείΐεοωηι
400 2247 556 2276 accedendi
580 2251 607 2276 et
628 2248 789 2286 respective
806 2247 984 2286 suffragandi

51 2292 96 2314 ω’·
242 2295 272 2325 in
295 2295 400 2325 futuris
428 2295 568 2334 capitulis
595 2295 802 2333 generalibus,
827 2296 985 2326 transmitti

243 2342 347 2373 debeat
369 2352 420 2383 per
441 2353 550 2373 annum
574 2343 676 2373 saltem
705 2348 771 2374 ante
800 2344 917 2374 illorum
941 2354 987 2375 ce·

245 2392 439 2423 lebrationem
463 2393 620 2433 unicuique
642 2403 677 2423 ex
701 2394 856 2433 praefectis
888 2395 988 2425 locali-

246 2440 322 2480 bus,
347 2441 450 2481 primis
482 2442 617 2472 discretis
639 2446 667 2472 et
697 2443 874 2473 novitiorum
898 2443 988 2482 tnagi-

246 2490 314 2520 stris
333 2490 487 2530 utriusque
503 2491 598 2529 regni,
616 2490 666 2530 qui
689 2491 718 2521 in
741 2492 802 2522 suis
825 2493 986 2532 respective

247 2539 440 2570 conventibus
456 2541 573 2580 propria
590 2540 685 2570 officia
708 2544 775 2571 actu
796 2541 985 2572 exercebunt.

246 2588 326 2625 Quod
349 2589 373 2618 si
395 2588 430 2618 ad
453 2589 586 2627 eosdem,
611 2593 639 2619 et
661 2590 818 2630 praecipue
840 2591 874 2621 ad
898 2591 987 2622 ultra-

248 2638 386 2677 marinos,
408 2637 513 2678 quibus
537 2638 650 2669 facilius
667 2639 695 2671 id
713 2639 845 2671 accidere
869 2640 985 2679 poterit,

83 1283 104 1304 ln
131 1282 227 1303 omnibus

859 237 1001 261 CLEMENS
1027 237 1073 261 XII
1099 238 1148 262 PP.

1658 228 1721 262 107
1768 238 1821 264 An.
1842 239 1956 267 ο.1736

1023 286 1067 315 vel
1090 286 1275 324 nullatenus,
1299 287 1344 317 vel
1373 286 1485 317 tamdiu
1519 290 1585 316 ante
1617 285 1763 316 intimatio

1024 344 1080 364 non
1105 336 1282 374 pervenerit,
1300 346 1329 366 se
1352 345 1382 366 se
1406 345 1458 376 pro
1481 335 1624 365 intimatis
1647 339 1675 365 et
1696 345 1764 365 con-

1025 384 1133 414 vocatis
1156 384 1258 415 haberi
1280 385 1397 415 debent.
1422 385 1467 415 llli
1489 389 1585 414 autem
1607 393 1658 424 pro
1687 384 1764 414 veris

1024 433 1173 463 vocalibus
1195 434 1357 464 habeantur
1379 439 1407 464 et
1430 434 1499 468 sint,
1517 434 1566 473 qui
1582 434 1617 468 <le
1635 438 1764 473 tempore

1023 484 1245 513 convocatoriae
1276 485 1403 523 praefata
1438 493 1558 513 munera
1588 488 1763 520 exerceant,

1023 531 1091 561 licet
1113 532 1184 571 ipsis
1208 533 1332 562 fuissent
1349 533 1403 562 iam
1419 532 1550 572 deputati
1567 541 1763 567 successores,

1025 581 1068 610 vel
1084 580 1143 618 isti,
1161 581 1195 610 de
1219 586 1349 620 tempore
1374 591 1430 620 quo
1453 581 1612 620 capitulum
1635 580 1765 610 celebra-

1023 628 1126 665 bitur,'
1138 639 1258 658 suorum
1277 639 1431 660 munerum
1449 630 1506 659 iam
1523 630 1631 659 fuerint
1654 638 1766 668 posses-

1023 678 1135 707 sionem
1158 678 1271 717 adepti,
1296 683 1383 718 atque
1406 679 1469 708 ideo
1491 678 1527 708 ab
1551 678 1647 708 officio
1669 687 1765 708 cessa·

1024 727 1130 765 verint,
1155 727 1199 756 vel
1223 732 1341 766 propter
1363 727 1484 757 triennii
1502 727 1616 767 lapsum
1632 727 1692 756 sive
1708 727 1765 756 alia

1023 776 1057 805 de
1079 777 1179 813 causa,
1203 785 1261 805 non
1284 780 1381 806 tamen
1405 776 1578 815 privationis
1612 775 1655 805 vel
1679 775 1766 815 depo-

1023 824 1159 861 sitionis;
1183 826 1212 854 in
1235 825 1290 854 hoc
1313 825 1421 864 quippe
1449 835 1516 855 casu
1547 825 1580 855 ad
1604 825 1764 864 capitulum

1023 873 1158 911 generale
1181 873 1250 903 dicti
1273 883 1459 904 successores
1482 874 1640 909 accedent;
1664 874 1767 903 simili-

1024 926 1067 951 ter
1090 921 1219 960 religiosi
1242 923 1291 962 qui
1315 923 1369 952 sub
1392 923 1510 952 nomine
1533 927 1561 953 et
1583 923 1666 953 titulo
1685 932 1767 962 prae-

1024 971 1146 1001 sidentis
1169 981 1182 1001 a
1208 971 1436 1011 vicepraefecto
1459 972 1588 1010 generali
1621 972 1700 1001 illius
1722 981 1768 1002 re-

1024 1021 1072 1059 gni
1096 1021 1124 1051 in
1148 1030 1205 1061 quo
1227 1021 1372 1059 generalis
1395 1022 1455 1051 una
1476 1021 1583 1051 residet
1605 1030 1670 1051 cum
1706 1022 1767 1051 suis

1024 1071 1229 1101 assistentibus
1262 1071 1386 1101 fuissent
1416 1071 1654 1110 provisionaliter
1680 1071 1768 1101 desti-

1025 1120 1096 1156 nati,
1115 1124 1142 1149 et
1158 1120 1192 1149 de
1209 1124 1340 1159 tempore
1353 1120 1547 1150 intimationis
1564 1120 1767 1159 reperirentur

1024 1169 1053 1198 in
1078 1168 1184 1198 actuali
1208 1169 1351 1206 regimine
1370 1173 1578 1207 conventuum,
1596 1177 1696 1197 eorum
1713 1168 1768 1198 sci-

1024 1215 1092 1244 licet
1125 1215 1176 1254 qui
1205 1215 1341 1244 formales
1370 1219 1599 1254 nuncupantur,
1634 1214 1690 1253 ipsi
1722 1215 1767 1244 ius

1025 1264 1150 1294 habeant
1172 1264 1330 1294 accedendi
1352 1263 1386 1293 ad
1418 1264 1580 1303 capitulum
1619 1268 1767 1302 tamquam

1026 1314 1085 1342 veri
1111 1312 1225 1342 vocales
1249 1312 1310 1342 vice
1326 1317 1354 1342 et
1366 1312 1429 1342 loco
1446 1312 1671 1351 praefectorum,
1688 1312 1769 1341 dum-

1025 1362 1109 1392 modo
1145 1367 1241 1392 tamen
1274 1361 1322 1391 isti
1356 1365 1425 1391 tunc
1461 1361 1599 1400 temporis
1632 1361 1666 1390 ad
1701 1370 1768 1391 suos

1025 1415 1186 1441 conventus
1210 1420 1267 1440 non
1291 1411 1480 1447 accesserint,
1503 1420 1599 1449 neque
1615 1410 1722 1440 realem
1741 1414 1769 1440 et

1025 1462 1170 1492 actualem
1195 1462 1305 1502 proprii
1322 1462 1410 1492 officii
1427 1461 1640 1501 possessionem
1665 1470 1769 1500 appre-

1025 1510 1190 1541 henderint.

1066 1569 1115 1589 xn.
1140 1559 1209 1590 Cum
1234 1563 1395 1590 conventus
1424 1559 1552 1589 civitatis
1582 1559 1769 1590 Guatemalae
1811 1575 1907 1602 Caunum
1929 1582 1963 1601 gg.

1027 1609 1188 1647 proximior
1212 1609 1318 1638 ceteris
1350 1613 1378 1639 et
1398 1618 1449 1648 pro
1472 1618 1591 1638 accessu
1610 1613 1637 1638 et
1652 1618 1768 1638 recessu
1780 1604 1861 1650 ξξζῇξξζ
1877 1630 1897 1649 i„
1909 1604 1964 1649 {5222

1026 1658 1175 1687 vocalibus
1198 1658 1351 1697 utriusque
1374 1658 1455 1696 regni
1479 1657 1659 1687 commodior
1674 1658 1712 1687 sit
1727 1662 1769 1688 at-
1780 1658 1823 1677 ‘³²2
1844 1656 1962 1677 Gud¹¹¹¹³¹ffi

1026 1717 1081 1746 que
1105 1708 1196 1747 prima
1220 1707 1323 1737 domus
1349 1711 1377 1737 et
1404 1708 1511 1737 matrix
1537 1708 1625 1737 totius
1648 1707 1769 1737 Bethle-

1026 1757 1182 1787 hemiticae
1204 1756 1366 1795 religionis,
1389 1757 1419 1786 in
1439 1766 1472 1786 eo
1490 1757 1640 1796 perpetuis
1663 1757 1768 1787 suturis

1027 1805 1207 1845 temporibus
1242 1806 1369 1845 capitula
1393 1806 1540 1843 generalia
1564 1806 1767 1844 celebrentur,

1026 1859 1054 1884 et
1076 1855 1105 1884 in
1130 1855 1210 1884 hisce
1232 1855 1325 1884 maior
1347 1854 1530 1884 infirmarius
1553 1854 1683 1884 eiusdem
1703 1864 1770 1884 con-

1028 1908 1130 1934 ventus
1153 1903 1213 1933 sive
1237 1904 1445 1943 hospitalarius
1470 1914 1522 1943 pro
1546 1908 1678 1943 tempore
1711 1904 1770 1933 suf-

1029 1952 1155 1990 fragium
1178 1952 1302 1989 habeat3
1327 1957 1355 1982 et
1378 1953 1461 1982 firma
1492 1952 1662 1991 ceteroquin
1685 1962 1717 1982 ac
1740 1952 1770 1981 in

1028 2011 1080 2031 suo
1103 2001 1209 2032 robore
1232 2001 1394 2032 subsistant
1416 2007 1553 2033 contenta
1577 2003 1606 2032 in
1630 2003 1772 2033 constitu-

1028 2049 1156 2080 tionibus
1179 2049 1296 2081 Ordinis
1318 2061 1382 2091 cap.
1408 2060 1455 2086 1x,
1479 2052 1492 2090 ξ
1517 2052 1554 2081 14
1577 2061 1664 2091 super
1686 2052 1773 2081 alter-

1028 2100 1127 2129 nativa
1150 2100 1277 2138 eligendi
1301 2101 1411 2139 primos
1427 2104 1455 2130 et
1474 2101 1617 2131 secundos
1633 2101 1772 2130 assisten-

1029 2153 1071 2179 tes
1094 2149 1245 2188 generales
1268 2149 1421 2189 utriusque
1444 2150 1537 2188 regni,
1555 2154 1586 2180 ut
1600 2150 1675 2189 apud
1689 2159 1772 2188 prae-

1029 2199 1135 2229 fectum
1160 2198 1327 2236 generalem
1352 2199 1483 2237 religiosi
1500 2199 1640 2228 continuo
1656 2203 1683 2228 et
1706 2198 1770 2228 nbi-

1029 2258 1084 2287 que
1107 2248 1220 2278 adstent
1243 2248 1293 2288 qui
1317 2249 1351 2278 de
1368 2252 1454 2283 statu,
1473 2248 1575 2278 usibus
1594 2253 1622 2278 et
1639 2248 1769 2277 moribus

1030 2297 1199 2327 eorumdem
1233 2306 1391 2335 regnorum
1425 2298 1483 2327 sint
1516 2298 1695 2327 sufficienter
1728 2297 1771 2326 in-

1029 2347 1147 2375 structi.

1071 2404 1131 2424 xiii.
1156 2394 1404 2434 Quotiescumque
1438 2394 1578 2424 canonice
1607 2395 1636 2424 in
1661 2394 1770 2433 praefe—
1822 2407 1876 2431 Qum
1905 2413 1965 2433 prac-

1030 2448 1109 2473 ctum
1133 2444 1300 2482 generalem
1323 2444 1450 2482 eligutur
1482 2443 1597 2479 absens,
1623 2447 1709 2481 tunc,
1736 2436 1966 2481 iiess1‘‚}³¹¹'[,'¹.{¹,¹„2¹,“³?„}

1031 2492 1066 2523 ob
1090 2502 1223 2531 magnam
1254 2493 1383 2523 locorum
1417 2492 1585 2522 distantiam
1618 2493 1720 2530 religio
1742 2489 1903 2540 111gffis³¹⁰¹¹¹
1928 2487 1966 2508 ⁰¹¹·

1030 2552 1083 2573 suo
1116 2543 1258 2581 regimine
1291 2542 1407 2580 aliquod
1431 2542 1557 2581 patiatur
1586 2542 1772 2581 dispendium

1032 2595 1080 2621 aut
1114 2591 1345 2627 detrimentum,
1370 2590 1576 2629 praedecessor
1608 2591 1771 2630 praefectus

1031 2641 1187 2680 generalis,
1207 2640 1265 2671 ‹ix-e
1290 2640 1414 2670 vicarius
1438 2640 1594 2679 generalis,
1613 2640 1673 2680 qui.
1692 2641 1770 2671 iuxta
