2232 3178
57 185 105 212 An.
122 183 150 211 C.
174 181 242 210 ¹740

869 179 1014 206 CLEMENS
1040 180 1087 204 ΧΠ
1111 180 1162 204 ΡΡ.

291 239 321 260 11.
338 229 371 260 In
395 229 498 270 primis
528 230 648 260 habebit
670 229 867 261 inventarium
890 239 989 260 rerum

250 279 382 310 omnium
405 279 440 310 ad
463 280 616 310 ecclesiam
650 284 677 310 et
709 280 830 310 chorum
858 284 992 319 spectan-

251 329 323 359 tium
343 333 400 359 tam
419 329 449 358 in
472 329 557 359 libris
582 339 669 369 quam
692 331 721 359 in
744 329 838 359 sacris
861 328 991 358 vestibus

250 382 279 407 et
302 378 379 408 vasis
407 378 547 417 aliisque:
572 378 655 408 cuius
678 378 834 408 inventarii
865 377 921 407 duo
943 387 993 406 ex·
1012 383 1014 409 ζ

251 426 345 465 empla
362 431 467 465 erunt,
485 427 610 457 alterum
633 436 721 466 penes
738 427 849 466 ipsum,
866 426 990 455 alterum
1013 457 1014 463 ἵ

250 475 281 505 in
303 475 424 506 archivo
447 476 627 513 monasterii,
648 476 676 505 in
700 485 757 514 quo
780 475 942 514 scripturae
965 479 992 504 et
1013 467 1014 482 ³

250 524 447 555 instrumenta
477 529 678 554 asservantur.
703 524 736 554 Et
758 523 875 563 quando
900 532 992 553 novus

250 572 392 602 ecclesiae
406 573 570 612 praefectus
584 573 761 609 instituitur,
774 581 872 602 coram
885 571 991 602 abbate

251 625 279 650 et
294 630 454 651 oeconomo
471 622 614 652 rationem
638 630 737 651 rerum
759 621 888 651 omnium
911 621 991 651 iuxta

250 668 449 699 inventarium
472 670 568 708 exiget
590 679 604 699 a
628 670 862 709 praedecessore.

291 726 334 747 111.
358 718 477 749 Librum
500 719 587 748 etiam
620 718 725 748 habeat
748 718 807 748 dati
830 722 857 748 et
880 718 992 758 accepti

251 775 304 806 pro
327 767 467 798 ecclesiae
489 768 642 807 expensis,
667 772 698 798 ut
720 768 862 798 rationem
894 767 992 798 abbati

251 825 429 856 unoquoque
452 826 550 847 mense
571 817 693 847 reddere
716 817 817 856 possit.

291 873 329 895 lv.
354 865 558 906 Eleemosynas
581 875 766 905 quocumque
789 865 873 895 modo
906 865 992 895 obve-

253 913 386 953 nientes,
411 918 439 945 et
468 915 607 954 pecunias
629 924 682 955 pro
704 915 925 945 manutentione
947 924 994 944 ec-

253 962 361 993 clesiae
376 963 526 1001 collectas,
544 964 620 1003 apud
639 973 830 994 oeconomum
853 964 991 1003 deponat,

253 1016 284 1042 ut
307 1012 335 1042 in
359 1014 428 1042 arca
450 1017 641 1052 reponantur,
662 1013 746 1043 cuius
769 1013 881 1043 clavem
903 1022 992 1042 unam

251 1060 358 1090 habeat
373 1060 474 1099 abbas,
492 1061 613 1091 alteram
631 1062 693 1100 ipse
708 1070 898 1091 oeconomus.
914 1062 993 1097 Quae

252 1118 321 1138 vero
344 1119 396 1148 pro
416 1110 513 1139 missis
529 1110 712 1139 celebrandis
734 1110 846 1140 oblatae
869 1110 990 1145 fuerint,

252 1157 409 1196 diligenter
427 1158 575 1188 describat
597 1158 626 1188 in
651 1158 757 1188 tabella
779 1159 943 1195 sacristiae,
962 1163 993 1188 ut

251 1206 357 1236 missae
381 1207 516 1238 dicantur
543 1207 705 1238 secundum
728 1207 920 1237 intentionem
944 1207 993 1238 be-

250 1256 448 1294 nefactorum3
472 1261 501 1287 et
523 1262 642 1287 notetur
664 1257 693 1287 in
716 1257 801 1295 libro,
822 1267 878 1296 quo
897 1257 943 1287 die
965 1261 994 1287 et

249 1314 266 1335 a
303 1315 360 1344 quo
397 1306 548 1336 sacerdote
583 1306 752 1336 earumdem
789 1306 872 1336 oneri
903 1306 994 1336 fuerit

250 1353 444 1384 satisfactum.

290 1411 319 1432 v.
339 1402 469 1442 Satagat,
485 1407 517 1434 ut
532 1403 697 1434 necessaria
721 1403 755 1434 ad
778 1403 910 1434 divinum
933 1403 995 1434 cul-

250 1455 311 1481 tum
345 1461 404 1482 non
427 1452 543 1489 desint,
567 1456 598 1483 ut
621 1452 723 1482 altaria
747 1453 805 1483 sint
828 1453 934 1483 munda
966 1457 994 1483 et

250 1499 325 1533 bene
347 1506 519 1540 praeparata
535 1526 542 1539 ,
567 1506 653 1541 atque
680 1506 712 1532 ut
738 1511 805 1532 vasa
828 1511 922 1540 sacra,
947 1511 993 1532 or-

251 1554 401 1587 namenta,
425 1549 493 1580 libri
516 1554 543 1580 et
559 1554 654 1581 cetera
671 1551 768 1581 omnia
784 1551 813 1580 in
837 1552 898 1581 suis
921 1552 994 1582 locis

250 1603 316 1638 apte
352 1603 532 1638 reponantur
570 1603 600 1629 et
632 1604 846 1630 conserventur
860 1623 867 1637 ,
905 1601 994 1640 panni

251 1656 353 1678 omnes
385 1648 455 1678 linei
488 1658 603 1688 semper
637 1649 737 1679 mundi
770 1653 935 1687 serventur,
967 1654 995 1680 et

251 1696 409 1736 separatim
436 1697 598 1736 corporalia
624 1702 652 1728 et
675 1698 873 1737 purificatoria
896 1698 995 1728 laven-

251 1749 308 1775 tur.
333 1744 424 1784 Saepe
447 1745 535 1775 etiam
558 1755 605 1776 res
622 1746 811 1785 pretiosiores
834 1746 942 1783 visitet,
957 1756 994 1778 ne

251 1797 301 1823 aut
324 1793 479 1824 laedantur
495 1798 545 1824 aut
560 1794 744 1825 amittantur.
768 1794 891 1834 Templi,
910 1805 995 1834 para-

252 1847 436 1879 mentorum,
461 1842 604 1874 librorum
637 1843 864 1874 instaurationes
893 1848 992 1883 curet,

251 1891 327 1922 sicut
349 1891 385 1922 ab
412 1891 516 1922 abbate
546 1893 634 1923 suerit
667 1893 891 1933 praescriptum.
915 1893 994 1923 Nihil

251 1949 320 1971 vero
352 1950 454 1971 eorum
485 1941 640 1972 extrahere
670 1951 685 1972 e
719 1942 908 1980 monasterie,
942 1946 993 1972 aut

251 1989 379 2029 cuipiam
416 1990 501 2020 alteri
538 1990 679 2021 ecclesiae
715 1991 760 2021 vel
797 1991 992 2030 monasterio,

251 2038 339 2068 etiam
374 2043 492 2069 nostrae
525 2040 777 2079 congregationis,
809 2040 994 2070 commodare

252 2088 383 2127 poterit,
416 2088 479 2118 sine
511 2089 748 2128 congregationis
783 2089 993 2120 monachorum

251 2135 385 2167 licentia.

293 2194 330 2215 vr.
359 2185 411 2215 Det
443 2194 561 2225 operam
597 2191 628 2216 ut
663 2187 743 2218 nullo
777 2188 861 2218 modo
894 2188 993 2218 lumen

251 2234 327 2264 desit
345 2238 412 2264 ante
435 2235 653 2265 sanctissimum
676 2235 876 2266 Eucharistiae
898 2246 995 2266 sacra-

252 2287 403 2320 mentum,
427 2292 522 2323 neque
540 2283 681 2321 interdiu,
699 2293 794 2324 neque
815 2290 919 2321 noctu,
943 2285 994 2316 ubi

251 2331 324 2362 illud
347 2332 493 2362 asservari
519 2333 684 2371 contigerit.
709 2332 811 2363 Oleum
842 2339 992 2372 sanctum,

252 2385 284 2411 ut
305 2385 430 2421 oportet,
453 2385 633 2412 asservatum
657 2382 780 2421 singulis
803 2383 887 2413 annis
909 2393 994 2414 reno-

253 2430 381 2460 vandum
414 2435 516 2469 curet,
542 2435 570 2461 et
599 2435 768 2462 sanctorum
791 2432 932 2471 reliquias
964 2433 993 2462 in

254 2479 372 2509 vasculo
395 2479 430 2509 ad
452 2479 481 2509 id
504 2478 644 2518 deputato
666 2480 802 2510 decenter
836 2481 992 2511 custodiat.

252 2527 282 2559 Si
304 2528 421 2568 quando
437 2529 534 2559 autem
551 2528 713 2559 devotionis
729 2531 819 2560 causa
841 2530 996 2561 ostenden-

253 2578 305 2609 dae
331 2582 434 2616 erunt,
458 2578 515 2609 duo
537 2578 615 2608 cerei
637 2578 846 2610 accendantur.

1076 238 1124 259 vu.
1148 229 1234 260 Curet
1264 233 1297 259 ut
1324 228 1437 259 hostiae
1468 229 1593 259 mundae
1615 228 1674 258 sint
1696 231 1724 257 et
1746 227 1774 257 in

1034 287 1101 308 vase
1119 278 1235 308 decenti
1251 278 1408 318 repositae,
1426 279 1494 308 item
1513 278 1623 312 vinum,
1641 277 1716 317 quod
1741 276 1776 306 ad

1034 327 1211 357 sacrificium
1235 332 1366 366 paratur,
1391 328 1428 358 sit
1455 327 1563 357 bonum
1591 332 1618 357 et
1645 335 1774 361 merum,

1034 386 1126 415 eoque
1143 377 1205 415 ipso
1221 376 1266 406 die
1283 377 1438 414 haustum3
1459 377 1595 406 similiter
1611 381 1639 405 et
1656 385 1729 415 aqua
1749 380 1776 405 et

1034 425 1180 464 ampullae
1202 425 1261 455 sint
1283 426 1426 462 mundae,
1451 431 1479 456 et
1513 425 1660 455 thuribula
1696 425 1776 454 iden-

1035 474 1124 504 tidem
1147 484 1162 503 a
1185 474 1307 512 fuligine
1329 479 1471 513 extergat.

1075 532 1134 553 v111.
1151 522 1285 558 Qualibet
1304 522 1487 552 hebdomada
1508 523 1670 560 catalogum
1688 522 1776 551 couti-

1036 572 1103 609 ciat,
1121 581 1178 610 quo
1200 572 1261 602 dies
1283 572 1347 601 festi
1370 581 1402 601 ac
1425 572 1602 602 ieiuniorum
1627 571 1776 610 proximae

1035 620 1234 650 hebdomadae
1260 620 1477 657 describantur,
1504 625 1531 651 et
1557 621 1646 650 borae
1673 621 1777 649 missa-

1035 678 1100 699 rum
1133 669 1210 699 inter
1238 669 1403 699 sacerdotes
1436 669 1667 699 distribuantur:
1700 669 1776 699 vices

1036 728 1152 758 quoque
1174 718 1479 755 hebdomadariorum,
1504 719 1775 757 ministrorumque,

1037 772 1094 797 tam
1110 768 1140 797 in
1153 767 1260 797 divinis
1272 767 1387 805 officiis,
1401 777 1486 807 quam
1503 767 1532 797 in
1549 767 1638 796 missa
1654 767 1777 797 solemni

1036 817 1222 855 celebranda,
1240 821 1388 847 notentur.
1408 818 1479 847 Eum
1504 827 1590 856 porro
1613 817 1777 854 catalogum

1036 866 1071 896 ab
1084 865 1188 896 abbate
1199 875 1250 896 seu
1267 866 1330 896 eius
1344 866 1452 896 vicario
1468 865 1659 905 approbatum
1673 865 1701 894 in
1715 865 1778 894 loco

1037 916 1147 955 patenti
1170 915 1287 954 affigat,
1304 920 1354 945 aut
1371 916 1401 945 in
1417 915 1571 945 refectorio
1594 915 1777 945 recitandum

1036 969 1118 994 curet
1134 965 1164 994 in
1184 964 1307 1004 prandio
1322 964 1447 994 sabbati.
1466 965 1516 994 Det
1532 968 1629 994 autem
1647 972 1776 1002 operam,

1036 1022 1072 1042 ne
1096 1013 1178 1052 plura
1202 1013 1289 1042 simul
1312 1022 1394 1043 sacra
1417 1013 1605 1049 inchoentur,
1629 1013 1678 1041 sed
1702 1020 1779 1041 com-

1036 1061 1119 1091 mode
1143 1061 1240 1091 omnia
1263 1061 1323 1091 suis
1346 1061 1449 1100 spatiis
1471 1061 1701 1099 distinguantur.
1725 1060 1780 1090 Cu-

1037 1119 1160 1149 ramque
1181 1114 1263 1148 gerat
1286 1110 1439 1140 missarum
1464 1114 1684 1149 perpetuarum,
1705 1118 1779 1148 quae

1037 1169 1088 1198 pro
1125 1159 1363 1189 benefactoribus
1399 1159 1549 1189 annuatim
1586 1157 1779 1188 celebrandae

1036 1213 1121 1244 sunt,
1146 1217 1254 1247 easque
1277 1208 1384 1237 reserat
1405 1209 1435 1236 in
1458 1207 1612 1245 tabellam,
1636 1215 1710 1245 quae
1729 1215 1779 1244 ap-

1036 1257 1187 1297 pendenda
1220 1257 1277 1287 erit
1307 1257 1337 1286 in
1371 1256 1517 1286 sacristia.
1542 1256 1596 1286 Ubi
1618 1260 1646 1286 et
1668 1256 1699 1285 in
1722 1255 1780 1285 alia

1037 1306 1146 1336 tabella
1181 1306 1277 1336 notari
1311 1305 1419 1336 dehent
1457 1315 1541 1336 casus
1577 1304 1780 1345 superioribus

1036 1355 1198 1394 reservati,
1233 1359 1260 1385 et
1295 1354 1521 1394 indulgentiae,
1556 1354 1581 1384 si
1617 1364 1691 1394 quae
1721 1354 1780 1384 sint

1037 1414 1205 1434 concessae.

1076 1463 1116 1484 lx.
1147 1454 1221 1484 Ante
1252 1453 1372 1484 missam
1400 1458 1428 1484 et
1458 1453 1647 1493 psalmodiam
1681 1451 1779 1488 chori,

1037 1503 1117 1542 signa
1135 1503 1197 1542 ipse
1217 1503 1355 1543 pulsabit:
1380 1502 1456 1542 quod
1481 1502 1567 1533 etiam
1592 1502 1689 1539 faciet,
1714 1509 1781 1531 cum

1038 1553 1165 1591 primum
1182 1553 1248 1592 quis
1260 1562 1298 1582 ex
1313 1552 1455 1582 fratribus
1471 1552 1531 1582 vita
1547 1553 1664 1581 functus
1681 1551 1779 1588 fuerit,

1037 1606 1068 1631 ut
1083 1611 1185 1632 omnes
1201 1602 1264 1632 eius
1282 1601 1410 1631 animam
1427 1601 1644 1631 commendent.
1659 1600 1781 1630 Lumina

1037 1655 1096 1680 tam
1119 1651 1149 1681 in
1172 1651 1261 1681 choro
1284 1660 1371 1690 quam
1400 1651 1430 1681 in
1460 1650 1631 1680 dormitorio
1656 1650 1781 1679 fratrum

1036 1700 1187 1730 accendet.

1077 1759 1104 1778 x.
1119 1749 1174 1779 Per
1187 1758 1230 1786 se,
1243 1749 1287 1778 vel
1305 1758 1356 1788 per
1372 1749 1461 1779 alium
1475 1749 1509 1778 ab
1526 1748 1628 1778 abbate
1644 1747 1778 1786 designa-

1038 1801 1117 1835 tum,
1142 1797 1356 1836 promovendos
1385 1797 1419 1827 ad
1450 1797 1647 1828 sacerdotium
1670 1797 1778 1826 instrui

1036 1850 1133 1884 curet,
1152 1851 1179 1876 et
1201 1846 1298 1876 videat
1312 1856 1348 1876 an
1364 1856 1464 1876 omnes
1481 1846 1636 1877 observent
1655 1850 1778 1875 statutas

1036 1895 1247 1926 caeremonias.
1261 1895 1290 1926 Si
1304 1905 1391 1935 quem
1405 1895 1550 1926 defectum
1567 1895 1780 1925 animadverte-

1037 1945 1096 1982 rit,
1121 1944 1154 1974 ad
1178 1943 1312 1974 abbatem
1337 1944 1455 1982 referat,
1480 1945 1524 1974 vel
1548 1945 1610 1984 ipse
1632 1943 1778 1974 emendet.

1036 1993 1120 2023 Notet
1142 1993 1230 2023 etiam
1253 1993 1383 2033 qualibet
1398 1993 1444 2023 die
1461 1993 1579 2023 nomina
1595 1993 1779 2023 sacerdotum

1036 2041 1260 2080 celebrantium,
1274 2046 1305 2072 ut
1321 2041 1349 2071 id
1366 2041 1461 2072 abbati
1478 2046 1526 2072 aut
1539 2042 1648 2072 vicario
1662 2042 1778 2071 referat.

1076 2100 1114 2120 xi.
1145 2090 1290 2120 Externos
1322 2090 1487 2120 sacerdotes
1522 2090 1556 2120 ad
1589 2099 1705 2120 sacrum
1740 2090 1781 2119 fa-

1037 2138 1173 2168 ciendum
1197 2148 1254 2168 non
1279 2138 1425 2175 admittat,
1449 2139 1505 2168 nisi
1528 2139 1674 2177 intelligat
1697 2148 1746 2168 eos
1765 2148 1779 2167 a

1036 2187 1176 2226 legitimis
1210 2188 1414 2227 superioribus
1457 2188 1563 2218 habere
1599 2188 1778 2224 facultatem,

1037 2237 1120 2266 cuius
1144 2241 1231 2267 testes
1254 2237 1401 2267 Ordinarii
1424 2237 1537 2267 litteras
1559 2247 1624 2267 cum
1648 2238 1668 2267 ii
1699 2237 1781 2267 exhi-

1037 2286 1173 2324 buerint,
1198 2286 1409 2316 humanissime
1432 2286 1498 2315 illos
1521 2286 1663 2325 excipiet,
1688 2291 1715 2315 ct
1738 2286 1780 2315 di-

1037 2335 1152 2364 stinctis
1175 2335 1263 2365 etiam
1294 2344 1346 2374 pro
1375 2335 1608 2373 uniuscuiusque
1639 2334 1780 2372 dignitate

1038 2383 1218 2422 paramentis
1240 2383 1323 2413 indui
1346 2386 1439 2412 curet.
1464 2383 1635 2412 Saeculares
1664 2391 1780 2421 quoque

1038 2432 1073 2462 ad
1095 2432 1249 2462 ecclesiam
1271 2436 1400 2462 nostram
1434 2431 1624 2461 adventantes
1653 2431 1780 2469 benigne

1039 2485 1153 2511 tractet.

1078 2539 1128 2559 xn.
1152 2529 1263 2560 Habeat
1285 2529 1339 2559 sibi
1362 2528 1525 2559 subiectum
1545 2528 1693 2559 aedituum
1719 2538 1780 2558 mo-

1038 2580 1184 2618 nachum,
1218 2579 1344 2610 maxime
1376 2579 1406 2609 in
1441 2578 1688 2619 frequentioribus
1720 2587 1778 2609 mc-

1676 169 1741 203 635
1788 179 1836 204 an.
1853 179 1880 205 c.
1905 179 1970 206 ¹740
