2232 3178
276 223 326 250 An.
344 223 372 250 c,
398 223 464 250 ¹740
509 213 573 247 640

463 271 579 311 gatione
611 269 755 309 generali,
786 267 1070 305 excommunicetur,
1094 271 1123 297 et
1144 275 1206 296 mo-

464 320 550 350 nachi
574 318 609 349 ab
632 319 694 348 eius
717 317 882 347 obedientia
901 316 1112 346 absolvantur:
1135 315 1206 346 socii

464 372 558 397 autem
576 366 714 397 abbatum
727 389 734 402 ,
751 365 801 405 qui
821 365 850 395 in
866 364 1091 403 congregatione
1109 373 1207 394 mona-

465 417 585 446 chorum
609 414 691 444 electi
712 414 831 450 suerint,
849 413 996 443 neminem
1014 417 1135 452 possunt
1151 413 1206 442 sibi

464 464 653 500 substituere,
679 471 730 492 nec
753 471 822 491 suae
844 462 980 491 electioni
1003 461 1189 491 renunciare.

506 522 541 541 v1.
566 511 654 541 Nemo
671 511 699 540 in
717 510 940 548 congregatione
957 509 1086 547 generali
1109 518 1207 538 vocem

465 561 579 596 habeat,
603 559 659 589 nisi
683 568 732 588 sex
755 567 847 588 annos
868 558 897 588 in
917 557 1024 588 Ordine
1047 558 1209 597 compleve-

464 610 515 647 rit,
540 607 703 638 inchoando
723 606 758 636 ab
780 607 865 636 annis
888 606 1078 645 probationis,
1102 610 1129 635 et
1151 606 1208 635 nisi

466 657 580 695 triginta
604 665 695 685 annos
717 655 821 685 aetatis
851 654 954 684 saltem
984 654 1136 684 inchoatos
1159 654 1209 683 ha-

464 706 540 735 beat.
565 705 634 734 ltem
658 713 743 734 nemo
772 703 804 733 in
830 703 1040 733 monasterium
1069 703 1104 732 ad
1134 703 1208 732 cele·

464 755 605 784 brandan]
628 753 884 791 congregationem
907 752 1083 782 destinatum
1106 751 1205 787 intret,

464 804 520 834 nisi
552 803 646 833 tribus
674 802 777 832 diebus
806 806 962 841 antequam
987 801 1148 831 inchoanda
1172 801 1209 830 sit

463 851 671 890 congregatio,
701 850 831 890 exceptis
858 850 894 880 iis
916 850 965 889 qui
989 859 1023 879 ex
1046 849 1208 887 longinqua

464 901 582 939 regione
606 909 656 940 per
679 909 758 929 mare
781 899 912 929 veniunt.
937 898 991 934 Qui
1022 898 1057 927 ad
1087 906 1208 935 congre-

464 949 610 987 gationem
634 947 769 977 venerint
791 947 853 976 sine
876 946 1011 982 licentia,
1042 955 1092 986 per
1115 950 1206 975 totum

466 1002 592 1036 tempus,
617 1006 673 1036 quo
689 995 878 1034 congregatio
901 995 1034 1032 durabit,
1058 994 1208 1024 detinean-

465 1050 512 1076 tur
534 1046 563 1075 in
587 1046 649 1074 loeo
672 1044 890 1084 poenitentiae,
912 1044 1136 1082 congregatione
1159 1052 1208 1072 au-

465 1098 521 1124 tem
546 1093 716 1129 terminata,
740 1092 877 1122 decernat
899 1092 934 1122 de
956 1092 998 1121 eis
1021 1091 1207 1129 congregatio

466 1144 709 1181 hegumenorum.
727 1141 756 1172 Si
773 1141 838 1180 quis
858 1150 925 1171 vero
947 1141 1080 1180 querelas
1103 1140 1207 1170 habeat

465 1193 501 1222 ad
534 1191 790 1229 congregationem
820 1190 1006 1226 deserendas,
1031 1189 1127 1219 mittat
1160 1198 1208 1218 eas

466 1250 531 1272 cum
565 1240 668 1270 abbate
700 1239 744 1269 vel
776 1239 840 1269 eius
870 1239 950 1269 socio
979 1238 1098 1278 propria
1120 1247 1207 1268 manu

467 1290 657 1329 subscriptas.

508 1348 556 1369 vn.
575 1337 783 1378 Unusquisque
799 1337 887 1367 abbas
902 1337 937 1367 ad
952 1337 1208 1376 congregationem

468 1388 599 1426 veniens,
623 1391 672 1417 aut
695 1386 834 1416 vicarium
858 1395 942 1416 suum
966 1386 1099 1422 mittens,
1123 1385 1208 1415 debet

467 1437 570 1466 afferre
603 1444 720 1472 secum,
755 1435 799 1464 vel
832 1444 898 1464 cum
932 1434 1040 1464 vicario
1074 1434 1206 1463 mittere:

471 1486 500 1514 10
526 1484 659 1523 Sigillum
693 1483 880 1520 monasterii3
914 1483 946 1513 2⁰
975 1483 1155 1521 Catalogum,
1178 1482 1208 1512 in

468 1544 524 1574 quo
557 1533 723 1573 descriptus
755 1533 794 1562 sit
826 1541 965 1562 numerus
999 1531 1207 1561 monachorum

469 1583 613 1621 vivorum,
633 1586 661 1612 et
684 1586 753 1621 quot
768 1582 896 1612 defuncti
913 1584 981 1611 sunt
998 1585 1062 1620 post
1076 1580 1209 1610 ultimam

467 1631 734 1670 congregationem,
757 1634 786 1660 et
808 1635 878 1670 quot
901 1631 1029 1670 recepti3
1060 1630 1091 1659 3⁰
1114 1629 1210 1659 Ratio-

468 1689 534 1709 nem
553 1680 611 1710 dati
637 1683 665 1709 et
688 1679 800 1718 accepti
825 1683 883 1708 toto
905 1678 1059 1717 regiminis
1077 1678 1120 1708 sui
1138 1682 1210 1707 tem-

468 1738 548 1768 pore.
572 1728 674 1758 Socius
697 1736 763 1757 vero
792 1727 904 1757 abbatis
930 1727 1016 1757 debet
1045 1736 1143 1756 secum
1171 1727 1211 1756 af-

468 1779 564 1807 ferre:
588 1777 619 1806 1⁰
644 1776 767 1806 Litteras
790 1775 999 1806 monachorum
1023 1776 1057 1805 de
1083 1776 1137 1805 sua
1163 1775 1211 1805 de-

470 1825 643 1865 putatione,
667 1824 697 1854 ⁹2²
716 1824 854 1860 Querelas
877 1823 1065 1861 eorumdem,
1089 1824 1113 1853 si
1137 1832 1210 1863 quae

469 1879 566 1904 erunt.

509 1932 567 1952 vn1.
592 1921 687 1952 Abbas
709 1921 867 1961 generalis,
885 1921 940 1959 vel,
960 1931 993 1952 eo
1009 1920 1142 1959 absente,
1161 1921 1211 1951 he-

468 1971 598 2010 gumeni,
622 1975 787 2010 opportuno
817 1975 948 2010 tempore
976 1970 1148 2010 provideant
1175 1970 1210 2000 de

469 2020 555 2050 rebus
582 2020 616 2049 ad
646 2019 852 2049 celebrandam
884 2019 1138 2058 congregationem
1161 2028 1210 2049 ne-

470 2069 615 2099 cessariis.
633 2068 745 2104 Quare:
773 2069 800 2096 1⁰
817 2067 957 2098 Abbatem
982 2067 1163 2104 monasterii,
1180 2067 1209 2097 in

471 2128 527 2157 quo
549 2117 738 2155 congregatio
760 2116 933 2146 celebranda
957 2121 1012 2155 est,
1037 2117 1092 2155 vel,
1110 2126 1143 2147 eo
1160 2116 1210 2145 ab·

470 2170 574 2204 sente,
606 2165 780 2195 monachum
812 2165 900 2195 alium
928 2165 1124 2204 constituant,
1159 2166 1209 2205 qui

470 2215 621 2246 oeconomi
654 2214 887 2253 congregationis
923 2214 1067 2253 generalis
1103 2223 1208 2244 nomen

470 2269 561 2303 gerat,
586 2268 726 2303 curetque
749 2267 780 2293 ut
802 2263 884 2293 locus
906 2263 1128 2302 congregationi
1160 2272 1211 2302 op-

471 2318 614 2353 portunus
646 2316 847 2353 praeparetur,
873 2316 903 2342 ut
932 2312 1028 2342 adsint
1058 2312 1208 2350 victualia,

470 2363 538 2393 lecti
560 2367 587 2392 et
608 2370 809 2402 quaecumque
831 2361 865 2391 ad
888 2361 1083 2401 receptionem
1111 2371 1211 2392 mona-

471 2413 593 2442 chorum
627 2410 776 2450 hospitum
801 2410 967 2440 necessaria
995 2415 1082 2449 sunt,
1104 2410 1136 2440 520
1159 2411 1212 2440 De-

471 2464 573 2500 putent
595 2460 666 2490 duos
688 2459 790 2490 saltem
819 2459 1012 2489 confessarios
1034 2468 1099 2489 cum
1123 2459 1213 2489 sacul-

472 2509 579 2540 tatibus
601 2508 794 2549 opportunis,
828 2518 941 2538 necnon
971 2517 1060 2538 unum
1083 2508 1211 2538 scribam

471 2558 707 2597 congregationis
730 2558 780 2597 qui
809 2557 945 2596 suffragia
968 2557 1079 2588 notabit
1107 2561 1135 2588 et
1163 2557 1210 2587 lit-

473 2612 548 2639 teras
583 2607 617 2638 ad
653 2607 908 2647 congregationem
949 2606 1075 2637 directas
1114 2614 1212 2637 coram

1040 218 1224 243 BULLARIUM
1250 217 1408 243 ROMANUM

1249 266 1384 297 omnibus
1407 266 1501 305 leget3
1527 275 1615 297 unum
1646 270 1797 307 praeterea
1820 268 1986 303 aedituum,

1249 316 1298 356 qui
1321 325 1418 346 curam
1442 316 1560 346 habebit
1589 316 1686 346 sacelli
1719 316 1768 347 ubi
1800 317 1988 357 congregatio

1250 365 1310 403 fiet,
1334 370 1362 395 et
1385 374 1475 395 unum
1498 365 1664 404 ianitorem,
1681 365 1730 405 qui
1753 370 1850 405 portas
1868 375 1991 404 congre-

1250 414 1376 452 gationis
1398 413 1573 443 observabit.
1594 414 1629 443 Hi
1652 423 1720 444 vero
1743 423 1854 451 omneS,
1874 419 1988 454 praeter

1250 462 1383 492 abbatem
1400 462 1612 502 supradictum,
1628 462 1702 492 idest
1718 462 1900 501 confessarii,
1916 463 1988 493 scri-

1251 512 1299 549 ba,
1312 512 1447 542 aedituus
1463 516 1490 541 et
1506 511 1624 549 ianitor,
1639 511 1744 542 debent
1760 521 1823 542 esse
1838 521 1872 541 ex
1887 521 1988 542 eorum

1252 570 1373 590 numero
1402 560 1451 600 qui
1479 560 1616 598 suffragia
1646 570 1702 590 non
1726 560 1832 590 habent
1862 560 1890 590 in
1921 569 1989 590 con-

1250 609 1429 647 gregatione.
1446 609 1567 647 Reliqua
1587 613 1684 638 autern
1700 608 1832 638 coenobii
1856 608 1989 638 ministe-

1251 657 1305 691 ria,
1330 662 1387 687 tam
1407 657 1436 686 in
1460 656 1586 686 ecelesia
1608 666 1694 696 quam
1723 656 1753 686 in
1783 657 1871 687 choro
1894 661 1922 686 et
1944 665 1989 687 re-

1251 705 1382 741 fectorio,
1408 713 1459 744 per
1494 704 1624 734 eiusdem
1660 703 1793 734 coenobii
1832 704 1989 735 monachos

1250 753 1407 791 diligenter
1452 752 1611 790 obeantur,
1658 762 1711 783 nec
1756 753 1989 791 congregationis

1251 805 1405 840 praetextu
1435 801 1593 841 quidquam
1623 810 1657 831 ex
1683 801 1811 840 regulari
1833 800 1990 841 disciplina,

1250 849 1412 879 omittatur.

1291 906 1329 927 rx.
1364 897 1433 927 Cum
1464 897 1526 927 dies
1559 897 1703 936 assignata
1736 897 1897 933 advenerit,
1931 905 1988 926 non

1251 945 1386 976 obstante
1408 945 1618 986 cuiuscumque
1639 946 1785 983 absentia,
1802 945 1990 984 congregatio

1251 995 1421 1034 incipiatur.
1450 994 1621 1032 Cognitores
1654 999 1750 1025 autem
1783 994 1990 1032 suffragiorum

1250 1048 1338 1073 sunt:
1372 1044 1400 1073 1⁰
1423 1042 1519 1072 Abbas
1541 1043 1708 1081 generalis3
1732 1043 1764 1072 ⁶2⁰
1785 1042 1917 1078 Quatuor
1938 1043 1990 1073 he-

1249 1092 1366 1130 gumeni
1382 1102 1389 1129 3
1413 1092 1444 1122 3⁰
1460 1092 1520 1121 Duo
1536 1100 1570 1121 ex
1588 1091 1737 1121 monachis
1753 1091 1989 1130 congregationis

1250 1150 1264 1170 a
1289 1141 1497 1170 communitate
1520 1141 1664 1170 vocalium
1687 1140 1788 1177 electi,
1812 1140 1842 1170 in
1864 1149 1989 1179 quorum

1250 1194 1347 1219 tamen
1370 1189 1512 1220 electione
1534 1199 1629 1228 neque
1652 1189 1740 1219 abbas
1762 1189 1919 1228 generalis,
1938 1197 1989 1218 ne-

1251 1248 1306 1278 que
1329 1237 1486 1277 hegumeni
1509 1247 1608 1268 vocem
1631 1237 1790 1268 habebunt.

1292 1297 1319 1316 x.
1344 1286 1534 1325 Congregatio
1556 1287 1702 1326 generalis
1724 1296 1776 1327 per
1797 1290 1906 1326 septem
1929 1286 1991 1317 dies

1251 1336 1379 1366 durabit.
1396 1336 1526 1374 Singulis
1548 1339 1644 1366 autem
1661 1335 1775 1373 diebus,
1793 1339 1858 1375 post
1875 1340 1991 1366 cantata

1250 1385 1348 1415 divina
1381 1385 1475 1414 officia
1504 1389 1532 1414 et
1560 1384 1735 1415 celebratam
1762 1393 1874 1415 sacram
1907 1384 1994 1415 litur-

1250 1435 1343 1473 giam,
1364 1433 1538 1464 scrutinium
1558 1434 1622 1471 siet,
1640 1435 1687 1464 cui
1711 1434 1915 1474 praemittetur
1929 1443 1991 1464 ser-

1255 1492 1301 1513 mo
1334 1482 1537 1523 paraeneticus
1569 1483 1604 1512 ab
1640 1482 1744 1513 abbate
1775 1482 1904 1521 generali
1940 1486 1991 1513 aut

1251 1532 1309 1561 alio
1341 1531 1478 1571 quopiam
1510 1530 1544 1561 ad
1579 1535 1754 1562 conventum
1781 1532 1989 1562 monachorum

1253 1590 1303 1620 per
1325 1580 1512 1610 semihoram.

1293 1638 1331 1659 xi.
1353 1629 1384 1659 ln
1408 1629 1502 1668 primo
1525 1628 1633 1668 triduo,
1657 1628 1774 1660 OrdInis
1795 1634 1901 1660 statum
1924 1639 1992 1660 exa-

1254 1678 1388 1718 minent,
1412 1679 1573 1723 sedulpque
1595 1679 1761 1718 explorent,
1785 1679 1809 1709 si
1832 1679 1902 1719 quid
1924 1688 1992 1719 sup-

1253 1728 1391 1767 plendum
1423 1732 1473 1758 aut
1504 1728 1696 1758 resecandum
1728 1728 1777 1758 sit.
1804 1727 1992 1767 singulisque

1254 1777 1446 1816 permittitur,
1463 1777 1667 1816 quodcumque
1685 1777 1760 1816 apud
1777 1786 1807 1807 se
1822 1777 1990 1814 statuerint,

1253 1834 1409 1864 suggerere
1438 1825 1536 1855 abbati
1566 1825 1695 1863 generali
1728 1829 1777 1855 aut
1806 1824 1990 1864 hegumenis,

1253 1874 1303 1913 qui
1327 1873 1537 1903 monachorum
1561 1874 1763 1912 suggestiones
1791 1873 1821 1903 in
1844 1882 1992 1904 commen-

1253 1923 1359 1953 tarium
1383 1922 1491 1952 relatas
1513 1931 1610 1952 coram
1638 1923 1866 1961 congregatione
1887 1922 1993 1953 recita-

1252 1971 1335 2002 bunt.
1352 1971 1471 2001 Interim
1488 1971 1644 2010 hegumeni
1666 1971 1746 2002 iussu
1769 1971 1881 2002 abbatis
1903 1980 1991 2010 gene-

1252 2021 1323 2051 ralis
1345 2031 1359 2050 a
1384 2021 1628 2051 monasteriorum
1652 2020 1806 2051 abbatibus
1827 2024 1934 2051 statum
1962 2025 1993 2052 et

1252 2070 1382 2100 rationes
1397 2070 1515 2108 exigant
1530 2070 1713 2108 singulorum
1735 2069 1991 2107 monasteriorum,

1252 2127 1376 2158 easque,
1400 2119 1429 2148 in
1453 2118 1631 2148 tabularium
1655 2118 1744 2148 totius
1766 2118 1884 2149 Ordinis
1917 2118 1992 2148 rese-

1252 2167 1375 2206 rendas,
1408 2167 1502 2198 eidem
1534 2167 1665 2206 generali
1693 2166 1790 2197 abbati
1823 2166 1990 2197 exhibeant.

1251 2217 1360 2253 Quarta
1381 2216 1428 2247 die
1450 2216 1617 2256 proceditur
1632 2216 1666 2246 ad
1682 2216 1854 2246 electionem
1878 2215 1992 2245 abbatis

1251 2265 1396 2304 generalis
1419 2269 1447 2294 et
1469 2264 1700 2303 hegumenorum
1730 2268 1761 2294 ut
1783 2265 1868 2294 infra.
1890 2263 1919 2294 Si
1942 2273 1994 2294 au-

1252 2318 1309 2343 tem
1332 2322 1389 2343 non
1412 2312 1448 2342 ob
1470 2312 1643 2342 electionem
1666 2312 1862 2352 superiorum,
1887 2311 1937 2343 sed
1955 2312 1992 2342 ob

1252 2362 1339 2392 aliam
1362 2371 1479 2392 causam
1505 2365 1602 2392 coacta
1626 2361 1714 2391 fuerit
1737 2361 1935 2400 congregatio,
1958 2361 1994 2392 de

1253 2411 1305 2442 illa
1340 2410 1524 2442 tractabitur.
1560 2409 1666 2440 Tribus
1702 2410 1855 2450 postremis
1890 2409 1994 2440 diebus

1254 2460 1464 2490 monachorum
1500 2468 1604 2489 causae
1640 2459 1798 2495 finiantur,
1834 2467 1994 2498 eorumque

1255 2507 1407 2548 postulatis
1429 2507 1569 2546 satisfiat,
1593 2511 1622 2537 et
1645 2506 1669 2536 si
1692 2506 1761 2547 quid
1784 2511 1885 2537 contra
1907 2516 1993 2546 regu-

1253 2557 1323 2596 lam,
1347 2556 1569 2588 constitutiones
1590 2555 1634 2585 vel
1657 2555 1885 2587 consuetudines
1912 2555 1994 2588 Ordi-

1254 2606 1299 2638 nis
1322 2610 1474 2647 peccatum
1496 2610 1551 2646 est,
1575 2605 1753 2646 corrigatur.

1999 219 2047 245 An.
2067 218 2094 245 C.
2114 218 2179 246 1740
