2232 3178
269 222 318 249 An.
336 222 365 249 c.
389 222 456 249 1737
502 211 565 246 906

726 268 935 303 CLXXXVIII.

465 342 546 375 Unio
585 341 772 384 provinciae
811 339 1028 372 Lombardiae
1067 338 1200 373 Ordinis

503 395 820 437 fratrumMinorum
839 395 943 426 sancti
960 394 1129 427 Franciscz‘
1144 395 1201 428 Cu·

503 448 718 490 puccinorum
743 457 815 479 cum
841 446 986 479 custodiri
1007 447 1200 487 Mantuam,

505 505 534 532 el
551 500 795 533 de'smemhrutt'o
809 504 980 532 conventus
997 500 1200 534 Castelliom‘s

505 553 705 586 Sliverorum
722 564 740 585 a
752 554 920 596 provincid
933 553 1082 593 Brixiae,
1099 553 1199 585 eidem

503 607 691 648 provinciae
737 605 953 638 Lombardiae
999 606 1202 649 incorporali

506 671 578 692 cum
603 660 682 692 aliis
707 661 853 703 quinque
877 660 1083 693 conventibus
1107 660 1200 692 Man-

507 717 592 752 tuae,
619 717 722 746 [errae
745 713 919 753 Hostiliae,
949 713 1049 753 Goiti‚
1071 714 1201 756 Aquae-

505 766 621 809 m'qrae
646 770 674 799 el
699 766 843 799 Serminz'
866 767 941 799 vici.

675 847 811 874 Clemens
832 847 911 880 Papa
926 847 990 879 XII,

602 891 638 918 ad
658 891 794 918 futuram
813 892 861 925 rei
876 893 1061 918 memoriam.

296 968 436 990 Prooemium.

506 959 706 994 Sacrosancti
733 961 935 1003 apostolatus
962 960 1115 999 officium,
1142 960 1202 992 hu-

463 1014 589 1047 militati
616 1019 750 1047 nostrae
775 1025 835 1057 per
856 1014 1087 1047 abundantiam
1124 1013 1204 1046 divi-

463 1077 523 1100 nae
548 1067 701 1101 bonitatis
726 1067 815 1100 nullo
842 1067 918 1100 licet
942 1067 1128 1100 meritorum
1148 1078 1204 1100 no-

463 1125 605 1152 strorum
638 1119 792 1163 suffragio
817 1120 997 1160 creditum,
1027 1120 1205 1153 salubriter

463 1173 589 1216 exequi,
615 1173 784 1206 adiuvante
809 1173 957 1213 Domino,
983 1173 1101 1215 iugiter
1125 1180 1205 1205 sata-

464 1231 590 1268 gentes,
617 1226 656 1258 ad
682 1236 730 1265 ea,
755 1236 815 1268 per
840 1237 924 1269 quae
950 1225 1036 1259 felici
1069 1236 1205 1268 prospe-

463 1290 566 1323 roque
582 1278 846 1312 christifidelium
862 1279 1018 1312 Altissimi
1037 1278 1205 1322 obsequiis

464 1331 523 1364 suh
549 1332 638 1364 suavi
663 1332 832 1374 religionis
849 1332 923 1374 iugo
948 1332 1204 1375 mancipatorum

464 1385 614 1428 regimini
630 1385 821 1425 consulitur,
839 1386 980 1418 libenter
997 1385 1203 1425 intendimus,

464 1439 675 1481 munerisque
694 1439 798 1471 nostri
816 1439 988 1482 pastoralis
1005 1444 1115 1482 partes
1133 1449 1206 1481 pro-

464 1493 565 1534 pensa
580 1492 722 1535 desuper
739 1490 842 1534 parte*
860 1491 1106 1535 interponimus,
1125 1491 1206 1524 sicut

465 1555 525 1577 nos
543 1572 550 1585 ‚
579 1546 748 1585 locorum,
775 1555 986 1588 personarum
1003 1572 1010 1586 ,
1043 1556 1148 1578 rerum
1175 1550 1206 1578 et

467 1603 650 1640 temporum
677 1598 886 1641 qualitatibus
903 1604 1029 1631 mature
1051 1598 1206 1641 pensatis,

466 1652 505 1684 ad
529 1651 763 1694 omnipotentis
781 1651 836 1684 Dei
862 1652 998 1694 gloriam
1024 1657 1055 1685 et
1079 1651 1206 1694 religio-

466 1705 515 1738 nis
549 1704 786 1738 incrementum
822 1706 975 1749 expedire
1012 1706 1044 1738 in
1070 1705 1206 1739 Domino

467 1758 673 1791 arbitramur.

275 1818 456 1865 ἀξῖυῑιῗιῖοῑόιίζῑειθιέ
510 1811 581 1854 §t
608 1811 731 1854 Exponi
771 1811 933 1854 siquidem
974 1812 1067 1846 nobis
1102 1822 1208 1855 nuper

273 1873 397 1924 {2⁴32}less
424 1864 614 1897 se·t'ecerunt
638 1864 748 1898 dilecti
773 1864 831 1898 filii
858 1865 1045 1908 superiores
1075 1870 1107 1898 et
1132 1865 1207 1898 reli-

468 1917 550 1960 giesi
571 1917 700 1950 Ordinis
736 1918 871 1950 fratrum
907 1918 1067 1951 Minorum
1104 1919 1205 1951 sancti

467 1970 627 2004 Francisci
655 1971 911 2014 Capuccinornm
943 1977 1205 2014 nuncupatorum

468 2023 655 2067 provinciae
668 2024 880 2057 Lombardiae
900 2030 932 2057 et
948 2025 1115 2057 custodiae
1127 2024 1207 2057 Man·

469 2082 598 2115 tuanae,
624 2077 709 2120 quod
724 2103 731 2117 ‚
759 2070 844 2117 etun,
862 2078 901 2110 de
929 2087 1089 2110 consensu
1111 2077 1205 2110 etiam

470 2139 506 2162 ac
541 2129 778 2172 approbatione
815 2129 971 2162 carissimi
1011 2130 1043 2162 in
1080 2129 1207 2162 Christo

470 2182 528 2215 filii
553 2182 653 2215 nostri
679 2181 783 2215 Caroli
805 2183 1031 2225 Hispaniarum
1054 2182 1208 2215 catholici

470 2246 600 2268 necnon
625 2235 845 2268 Romanorum
869 2237 956 2279 regis
980 2237 1014 2268 in
1040 2234 1209 2279 imperato-

470 2299 538 2322 rem
565 2289 679 2329 electi,
706 2289 792 2321 inter
816 2299 849 2322 se
875 2289 1088 2322 convenerint
1116 2294 1152 2321 ut
1176 2289 1209 2321 in

470 2351 568 2374 unam
593 2341 807 2385 eamdemque
832 2342 1032 2385 provinciam
1057 2343 1210 2375 Lonibar-

471 2395 543 2428 diae
563 2394 725 2435 uniantur,
745 2400 840 2438 atque
865 2395 1088 2428 secundodicti
1114 2406 1211 2439 supe-

472 2448 577 2480 riores
604 2453 636 2480 et
661 2447 807 2490 religiosi
833 2448 998 2481 custodiae
1023 2448 1210 2482 Mantuanae

473 2500 710 2534 declaraverint
735 2501 862 2534 dilectis
879 2502 1002 2544 pariter
1019 2501 1092 2534 siliis
1119 2501 1211 2534 mini-

473 2558 539 2586 stro
555 2554 696 2596 generali
717 2558 748 2587 et
763 2554 988 2588 definitoribus
1004 2555 1210 2599 generalibus

511 2618 521 2645 l
545 2615 643 2645 Forsan
663 2617 810 2647 voluntate
829 2617 869 2652 (a.
886 2617 936 2653 τ,).

1045 219 1225 244 BULLARIUM
1249 219 1404 243 ROMANUM

1987 218 2036 246 An.
2052 218 2082 246 G.
2102 217 2167 248 ¹737

1245 268 1379 310 praefati
1398 267 1526 300 Ordinis
1553 271 1619 300 tum
1645 273 1854 301 memoratam
1873 273 1978 300 custo-

1245 320 1329 353 diam
1355 321 1572 360 lllantuanam,
1594 327 1730 363 propter
1755 320 1922 363 penuriam
1948 325 1981 353 et

1245 374 1404 407 desectum
1430 373 1617 416 praesertim
1641 373 1811 406 sact·ilicii¹
1830 374 1914 406 unde
1933 383 1981 406 re-

1246 427 1369 469 ligiosis
1405 426 1607 460 commodum
1643 426 1779 460 vestium
1815 427 1978 470 provenit,

1244 481 1338 513 aliter
1363 491 1426 514 non
1453 491 1549 523 posse
1575 480 1767 520 subsistere,
1795 485 1860 513 tum
1885 479 1982 512 maxi-

1244 545 1293 567 me
1319 535 1503 576 regularem
1524 533 1760 567 observantiam
1781 533 1812 566 in
1837 533 1904 566 suis
1930 543 1981 566 re-

1244 587 1385 630 spective
1400 587 1614 620 conventibus
1632 597 1692 629 per
1712 597 1782 619 eam
1807 586 1980 628 contiguae

1244 640 1429 683 provinciae
1444 641 1595 672 unionem
1614 638 1736 681 magis*z
1751 638 1918 682 magisque
1932 638 1983 670 ad-

1245 693 1370 725 iuvante
1389 693 1453 725 Deo
1480 692 1639 724 firmatum
1662 692 1716 724 iri:
1736 703 1830 735 quam
1850 691 1980 734 quidem

1243 746 1398 778 unionem
1420 756 1492 778 eum
1512 744 1699 777 accessione
1725 750 1902 776 conventus
1927 744 1984 777 Ca-

1245 799 1406 831 stellionis
1432 799 1650 837 Stiverorum,
1678 808 1695 830 a
1724 797 1890 840 provincia
1914 796 1984 830 Bri-

1245 852 1324 891 xiae,
1341 851 1613 894 quemadmodum
1633 851 1702 894 ipse
1720 850 1854 883 Carolus
1874 860 1928 883 rex
1950 849 1984 882 in

1245 905 1477 948 imperatorem
1497 905 1620 936 electus
1639 908 1789 946 exoptat,
1808 901 1983 946 separandi

1246 964 1277 991 et
1302 957 1565 997 dismembrandi,
1604 962 1635 989 et
1670 956 1807 989 aliorum
1839 956 1984 1000 quinque

1246 1016 1471 1049 conventuum,
1505 1009 1659 1042 videlicet
1692 1009 1849 1048 Mantuae,
1877 1014 1985 1042 terrae

1246 1064 1412 1103 Hostiliae,
1438 1062 1531 1103 Goiti‚
1550 1061 1776 1105 Aquaenigrae
1798 1067 1830 1094 et
1847 1060 1985 1094 Sermini

1246 1118 1318 1156 vici,
1343 1117 1440 1149 iidem
1467 1116 1615 1149 minister
1641 1115 1803 1158 generalis
1832 1120 1864 1148 et
1888 1125 1986 1157 gene-

1248 1174 1332 1206 rales
1358 1170 1561 1210 definitores,
1587 1175 1699 1212 utpote
1725 1169 1922 1202 laudabilem
1956 1175 1987 1202 et

1247 1224 1387 1268 regulari
1413 1223 1641 1257 observantiae
1667 1223 1699 1256 in
1725 1223 1838 1266 primis
1867 1223 1987 1256 condu—

1248 1279 1396 1317 cibilem,
1421 1276 1660 1309 necessariam³
1685 1275 1917 1319 approbarunt.

1292 1331 1306 1374 ἓ
1332 1330 1363 1363 9.
1391 1330 1468 1363 Cum
1495 1336 1612 1369 autem,
1631 1329 1715 1362 sicut
1732 1329 1846 1362 eadem
1863 1328 1988 1372 exposi-

1251 1385 1294 1417 tio
1320 1383 1543 1426 subiungebat,
1571 1383 1646 1415 dicti
1668 1388 1879 1426 exponentes,
1898 1382 1990 1415 unio-

1250 1447 1322 1470 nem
1339 1436 1529 1469 huiusmodi
1548 1446 1606 1478 per
1623 1446 1683 1469 nos
1699 1435 1847 1475 stabiliri,
1862 1435 1989 1479 sibique

1249 1496 1424 1534 propterea
1450 1490 1481 1522 in
1499 1489 1689 1532 praemissis
1709 1493 1896 1532 opportune
1916 1499 1988 1532 pro-

1248 1544 1350 1577 videri
1377 1550 1408 1577 et
1432 1549 1467 1575 ut
1492 1543 1576 1575 infra
1603 1542 1786 1585 indulgeri,
1812 1542 1988 1586 plurimum

1250 1597 1457 1630 desiderent:
1483 1606 1541 1629 nos
1560 1596 1668 1639 igitur,
1690 1595 1752 1639 piis
1778 1601 1988 1638 utrorumque

1250 1650 1458 1694 superiorum
1476 1659 1511 1682 ac
1528 1649 1757 1691 religiosorum
1774 1648 1855 1682 votis
1877 1648 1917 1681 ad
1942 1659 1990 1681 re-

1250 1703 1381 1747 ligionis
1417 1703 1653 1736 incrementum
1687 1707 1719 1735 et
1751 1702 1880 1735 felicem
1917 1698 1991 1745 pro-

1251 1768 1397 1801 gressum
1419 1756 1637 1796 tendentibus,
1657 1760 1811 1799 quantum
1837 1766 1908 1788 cum
1928 1755 1991 1788 Do-

1250 1811 1338 1843 mino
1370 1820 1565 1853 possumus,
1593 1809 1814 1842 favorabiliter
1845 1818 1990 1842 annuere

1252 1865 1411 1904 volentes,
1444 1873 1565 1906 eosque
1591 1868 1621 1895 et
1646 1863 1777 1895 illorum
1806 1862 1990 1905 singulares

1250 1926 1407 1960 personas
1423 1927 1438 1948 a
1453 1915 1621 1959 quibusvis
1635 1915 1990 1955 excommunicationis,

1251 1969 1473 2013 suspensionis
1499 1974 1531 2001 et
1555 1968 1742 2008 interdicti,
1772 1968 1908 2011 aliisque
1941 1978 1994 2001 ec-

1251 2022 1441 2056 clesiasticis
1467 2021 1639 2054 sententiis
1656 2048 1663 2061 ,
1690 2021 1836 2054 censuris
1861 2026 1893 2054 et
1916 2031 1994 2064 poe-

1250 2076 1316 2115 nis,
1343 2085 1361 2108 a
1385 2075 1452 2108 iure
1479 2076 1528 2107 vel
1555 2076 1594 2107 ab
1614 2075 1755 2115 bomine,
1772 2074 1884 2118 quavis
1903 2084 1994 2107 occa-

1251 2129 1341 2162 sione
1366 2129 1417 2161 vel
1443 2130 1538 2161 causa
1563 2128 1648 2168 latis,
1674 2128 1699 2161 si
1719 2127 1836 2171 quibus
1857 2137 1995 2171 quomo-

1252 2183 1375 2216 dolibet
1400 2183 1573 2215 innodatae
1599 2182 1751 2223 existunt,
1779 2182 1818 2215 ad
1843 2181 1994 2215 effectum

1252 2236 1473 2280 praesentium
1500 2236 1667 2269 dumtaxat
1698 2235 1993 2279 consequendum,

1254 2290 1369 2322 barum
1406 2290 1491 2322 serie
1524 2289 1733 2322 absolventes
1764 2294 1795 2322 et
1830 2289 1995 2322 absolutas

1253 2344 1322 2376 sore
1347 2348 1529 2383 censentes,
1557 2343 1853 2387 supplicationibus
1879 2353 1993 2376 eorum

1255 2397 1388 2429 nomine
1414 2397 1508 2429 nobis
1534 2407 1631 2440 super
1649 2397 1711 2430 boc
1729 2396 1896 2429 humiliter
1921 2406 1996 2439 por-

1254 2450 1351 2483 rectis
1371 2449 1527 2490 inelinati,
1555 2450 1773 2494 supradictam
1796 2450 1993 2494 provinciam

2047 1340 2178 1366 approbatur

1998 1373 2010 1388 a
2026 1368 2137 1391 Pontifices.

1292 2529 1302 2555 1
1327 2528 1428 2556 Forsan
1448 2529 1575 2564 lanificii
1592 2530 1634 2563 (n.
1647 2532 1698 2562 T.).

1290 2573 1306 2600 2
1326 2574 1428 2601 Vocem
1447 2575 1540 2609 maflis
1559 2582 1608 2601 nos
1627 2574 1751 2601 addimus
1770 2576 1808 2609 (a.
1824 2575 1875 2610 T.).

1291 2618 1307 2647 3
1325 2618 1396 2647 Edit.
1418 2619 1497 2650 Μαίη,
1520 2618 1585 2656 legit
1604 2620 1799 2650 necessarium
1817 2621 1856 2655 (a.
1874 2619 1923 2656 ππ).
