2232 3178
257 188 297 214 Αη
329 185 444 214 01131
489 177 532 210 ⁶22
1038 184 1219 210 numanum
1248 184 1403 210 noaiaivuu

496 236 510 279 ἓ
534 236 565 269 3.
587 236 630 268 Ac
655 236 794 279 insuper,
814 239 848 268 ut
873 234 1064 267 christianus
1085 244 1187 277 popu-
1234 234 1372 266 nitentes
1398 238 1429 266 et
1450 232 1599 274 confessi,
1621 233 1798 276 praefatam
1818 241 1973 266 eoronam

1986 183 2033 210 An.
2052 182 2079 209 C.
2104 182 2170 210 ¹734

296 249 440 271 ludulxrwiae

259 276 501 353 {Jifissf'ssiJ-ssa'ssgfilus
527 289 563 321 ad
591 288 644 321 Dei
671 289 790 321 cultum
816 288 875 320 sub
902 286 1044 320 eiusdem
1072 287 1106 320 Β.
1126 286 1188 318 Ma-
1234 286 1328 319 etiam
1356 286 1468 320 devote
1487 285 1701 326 recitaverint,
1720 291 1750 319 et
1767 296 1826 329 pro
1844 290 1973 318 sanctae

300 334 357 347 „mm

258 355 363 380 pel‘ataui.

454 341 518 374 riae
536 342 673 384 Virginis
699 341 850 384 auspiciis
878 341 1053 374 ferventius
1079 350 1191 373 accen-

454 395 556 435 datur,
583 405 804 439 quascumque
830 393 1047 437 indulgentias
1071 399 1101 427 et
1119 403 1192 436 pec-

453 455 598 482 catorum
618 448 835 487 remissiones,
855 458 891 481 ac
915 447 1189 491 poenitentiarum

452 502 676 542 relaxationes,
705 511 872 541 coronam,
896 511 978 544 quae
1003 500 1034 533 in
1060 500 1189 542 Septem

452 554 680 598 principalium
721 554 900 593 Dolorum,
947 563 1029 597 quos
1077 552 1190 584 eadem

453 607 485 639 Β.
512 607 606 639 Maria
639 607 733 648 virgo
771 606 802 639 in
839 604 998 648 unigeniti
1035 605 1107 638 Filii
1145 605 1190 637 sui

452 660 513 692 vita
539 665 570 693 et
595 660 684 693 obitu
710 669 803 703 passa
830 659 898 698 fuit,
927 658 1191 691 recordationem

453 723 488 745 ex
511 718 632 756 septem
658 712 851 756 septenariis
870 712 1090 754 angelicarum
1108 711 1193 744 salu-

453 765 633 805 tationum,
659 769 848 808 septemque
875 764 1045 797 dominicis
1074 763 1193 796 oratio-

455 817 562 857 nibus,
580 827 709 851 necnon
736 818 839 850 trihus
857 816 928 849 aliis
946 816 1194 850 salutationibus

454 871 608 913 angelicis
633 871 664 903 in
693 871 854 903 honorem
880 869 1085 902 lacrimarum
1112 869 1193 902 cius-

455 923 527 956 dem
561 924 593 956 ss.
620 923 736 956 Mariae
761 923 899 965 Virginis
929 933 1001 956 cum
1036 922 1194 966 peculiari

454 977 605 1009 dolorum
633 975 817 1008 huiusmodi
846 975 1062 1019 explicatione
1080 980 1111 1008 et
1129 985 1194 1008 mc-

455 1029 609 1062 ditatione
631 1029 814 1072 composita
840 1028 959 1068 existit,
983 1028 1034 1072 pie
1061 1028 1194 1062 recitan-

455 1083 547 1123 tibus,
561 1084 599 1116 ab
614 1083 728 1116 eodem
746 1083 923 1116 Benedicto
942 1083 1195 1126 praedecessore

454 1146 513 1179 per
549 1146 622 1168 suas
659 1136 782 1169 litteras
820 1136 1014 1179 apostolicas
1040 1136 1135 1168 etiam
1163 1136 1195 1168 in

457 1189 557 1222 forma
583 1189 693 1222 Brevis
732 1189 792 1221 sub
819 1189 869 1222 die
896 1199 968 1222 xxv1
1003 1189 1125 1222 mensis
1150 1199 1197 1222 se-

456 1242 612 1286 ptembris
637 1242 845 1286 pontificatus
879 1243 927 1275 sui
961 1253 1046 1276 anno
1068 1253 1078 1276 1
1105 1253 1197 1285 cxpe-

457 1295 551 1335 ditas,
578 1301 610 1329 et
635 1296 828 1339 incipientes
860 1294 1104 1340 Redemptz'om's
1136 1296 1197 1328 Do-

456 1350 554 1391 mini,
572 1360 743 1383 concessas
769 1355 801 1382 et
826 1350 1016 1393 impartitas,
1036 1355 1068 1382 et
1092 1349 1124 1382 in
1150 1360 1198 1382 ea-

456 1413 525 1435 rum
551 1403 727 1436 summario
755 1403 837 1447 typis
864 1403 1028 1446 impresso
1065 1408 1197 1436 conten-

458 1462 521 1496 tas,
547 1456 612 1490 illis
650 1461 757 1489 tamen
794 1456 936 1499 exceptis
975 1466 1056 1499 quae
1082 1456 1114 1488 in
1139 1455 1154 1498 ξ
1178 1466 1197 1488 v

459 1509 604 1543 eiusdem
629 1509 793 1542 summarii
813 1509 1031 1548 continentur,
1049 1519 1197 1552 quaeque

459 1562 680 1595 tantummodo
706 1572 765 1604 per
790 1571 848 1594 nos
874 1566 1041 1594 revocatae
1062 1564 1091 1594 et
1110 1561 1198 1593 abro-

459 1620 551 1657 gatae
576 1619 793 1655 censeantur,
820 1615 905 1647 dicta
938 1613 1117 1657 apostolica
1143 1623 1199 1646 au-

459 1668 605 1702 ctoritate
623 1667 771 1701 similiter
789 1672 950 1712 perpetuo
969 1667 1199 1700 confirmantes

460 1727 491 1756 et
515 1723 750 1766 approbantes,
777 1721 930 1755 omnibus
954 1721 1123 1765 utriusque
1150 1730 1199 1754 se·

459 1786 518 1809 xus
544 1774 825 1816 christifidelibus,
845 1775 899 1819 qui
917 1775 1014 1808 etiam
1031 1785 1104 1807 vere
1122 1784 1200 1818 poe-

459 1829 600 1862 nitentes
626 1834 657 1862 et
681 1829 839 1869 confessi,
865 1838 922 1861 seu
947 1827 1074 1861 firmum
1101 1827 1200 1861 consi-

461 1882 551 1916 tendi
583 1882 785 1925 propositum
818 1881 997 1922 habentes,
1024 1881 1199 1925 praefatam

462 1945 637 1975 coronam,
665 1935 703 1968 ab
729 1935 836 1978 aliquo
873 1946 908 1967 ex
944 1934 1097 1968 fratribus
1125 1934 1199 1967 dicti

461 1987 591 2022 Ordinis
617 1988 755 2021 mediate
773 1989 823 2021 vel
842 1988 1025 2021 immediate
1043 1994 1202 2031 receptas,

462 2041 516 2085 pie
552 2047 583 2074 et
618 2042 732 2075 devote
758 2042 987 2082 recitaverint,
1014 2042 1141 2085 quoties
1170 2041 1201 2074 id

463 2094 608 2137 egerint,
635 2099 764 2127 centurn
801 2105 926 2135 annos,
953 2094 1014 2127 illis
1045 2105 1121 2127 vero
1148 2095 1201 2137 qui

464 2158 616 2181 coronam
633 2148 821 2192 praefatam,
838 2154 873 2180 ut
891 2148 1085 2191 pi²aesertur,
1112 2158 1202 2181 rece-

463 2205 550 2244 ptam
576 2211 681 2234 secum
708 2201 856 2241 ferentes,
882 2200 969 2233 illam
995 2200 1130 2243 singulis
1156 2211 1204 2233 se-

465 2253 599 2295 cundis,
627 2253 749 2297 quartis
781 2259 812 2286 et
845 2253 943 2286 sextis
969 2253 1069 2293 feriis,
1097 2263 1132 2285 ac
1164 2253 1202 2286 de

464 2311 639 2350 praecepto
664 2305 824 2339 Ecclesiae
849 2305 939 2338 festis
969 2306 1082 2338 diebus
1108 2306 1202 2339 etiam

465 2359 576 2392 devote
613 2358 837 2400 recitaverint,
863 2363 896 2391 et
930 2358 1067 2392 subinde
1109 2359 1202 2392 etiam

464 2421 538 2445 vere
578 2411 800 2455 poenituerint
835 2416 866 2444 et
901 2411 1040 2444 confessi
1068 2411 1204 2452 fuerint,

466 2470 597 2497 eentum
624 2464 861 2508 quinquaginta
887 2474 1008 2505 annos;
1027 2469 1058 2496 et
1084 2464 1204 2497 eisdem

467 2517 750 2558 christifidelibus,
777 2517 849 2561 qui,
878 2517 1096 2550 conscientiae
1130 2528 1205 2551 suae

1236 339 1345 371 matris
1370 339 1531 372 Ecclesiae
1558 339 1773 380 evaltatione,
1800 339 1973 372 haeresum

1235 392 1470 434 extimatione,
1509 402 1545 424 ac
1585 392 1764 425 catholicae
1805 392 1974 435 religionis

1236 449 1408 487 augmento
1434 444 1501 487 pias
1527 445 1564 477 ad
1590 444 1689 477 Deum
1716 455 1831 488 preces
1857 444 1975 478 effude-

1237 497 1309 537 rint,
1343 498 1499 531 ducentos
1524 509 1648 539 annos,
1679 498 1866 542 eisdemque
1892 498 1976 531 chri-

1237 550 1428 583 stifidelibus
1465 551 1587 594 pariter
1622 561 1698 584 vcre
1731 551 1976 594 poenitentibus

1238 610 1269 637 et
1287 604 1456 645 confessis,
1476 616 1512 637 ac
1529 607 1617 639 sacra
1635 604 1865 638 communione
1881 615 1977 648 prae-

1239 658 1301 691 fata
1327 658 1420 691 etiam
1447 659 1586 699 resectis,
1612 670 1648 692 ac
1674 668 1825 692 coronam
1850 658 1976 702 praefa-

1239 717 1302 744 tam
1331 711 1519 755 frequenter
1545 712 1681 745 recitare
1717 721 1890 755 secumque
1924 710 1978 743 de-

1240 765 1326 798 ferre
1352 765 1476 804 solitis,
1503 766 1629 809 quoties
1664 765 1725 809 ipsi
1751 769 1978 798 sacrosanctae

1241 818 1357 851 missae
1382 818 1540 852 sacrificio
1566 824 1621 851 aut
1646 818 1744 851 sacris
1770 817 1978 851 concionibus

1239 872 1346 904 debita
1372 882 1442 904 cum
1468 872 1649 905 attentione
1676 871 1901 911 interfuerint,
1925 875 1979 903 aut

1241 925 1347 968 ipsum
1388 924 1440 957 SS.
1475 924 1695 957 Eucharistiae
1731 929 1979 964 sacramentum,

1240 978 1315 1011 dum
1341 978 1379 1011 ad
1404 978 1546 1022 aliquem
1572 977 1734 1010 infirmum
1762 977 1915 1017 defertur,
1933 987 1980 1009 as-

1240 1030 1457 1072 sociaverint,
1497 1031 1564 1064 sive
1600 1030 1726 1064 devium
1761 1030 1902 1073 aliquem
1939 1029 1979 1062 ab

1242 1085 1405 1118 haeretica
1432 1084 1589 1128 pravitate
1615 1089 1668 1116 aut
1691 1082 1896 1126 blasphemia
1921 1092 1980 1114 seu

1241 1138 1454 1171 detractionis
1492 1138 1610 1181 culpa,
1634 1142 1687 1170 aut
1723 1137 1800 1170 alias
1826 1136 1865 1169 ad
1898 1136 1980 1168 viam

1240 1191 1352 1224 salutis
1379 1190 1578 1232 reduxerint,
1597 1191 1663 1223 sive
1689 1200 1801 1233 pacem
1827 1200 1899 1223 cum
1922 1188 1981 1221 ini-

1240 1244 1330 1277 micis
1354 1243 1498 1288 propriis
1517 1245 1566 1276 vel
1585 1243 1699 1277 alienis
1718 1242 1978 1287 composuerint,

1242 1304 1297 1330 aut
1336 1298 1458 1341 septies
1494 1296 1678 1330 orationem
1714 1296 1910 1330 dominicam
1949 1300 1981 1328 et

1242 1351 1378 1384 totidem
1405 1350 1614 1384 salutationes
1639 1349 1803 1392 angelicas
1818 1348 1980 1393 praefatas

1243 1405 1357 1438 devote
1391 1404 1586 1443 recitantes,
1613 1404 1744 1447 aliquod
1770 1403 1857 1436 aliud
1888 1402 1981 1446 spiri-

1243 1458 1338 1490 tualis
1364 1459 1412 1491 vel
1438 1458 1619 1501 corporalis
1637 1457 1880 1490 misericordiae
1899 1466 1981 1500 opus

1242 1511 1274 1544 in
1300 1511 1490 1544 eorumdem
1509 1511 1630 1544 domini
1649 1510 1751 1544 nostri
1772 1510 1843 1543 lesu
1861 1509 1982 1543 Christi

1243 1568 1275 1594 et
1300 1562 1334 1594 B.
1358 1561 1475 1594 Mariae
1501 1561 1640 1603 Virginis
1666 1560 1733 1593 sive
1759 1560 1891 1593 alterius
1916 1570 1984 1593 san=

1242 1616 1283 1648 cti
1321 1626 1435 1648 eorum
1472 1614 1598 1658 patroni
1635 1615 1793 1647 honorem
1830 1614 1982 1657 egerint,

1243 1668 1356 1700 decem
1374 1677 1477 1700 annos
1494 1667 1674 1711 respective
1693 1667 1732 1700 de
1749 1665 1904 1700 iniunctis
1922 1666 1983 1707 eis,

1243 1726 1297 1754 aut
1322 1720 1411 1761 alias,
1436 1725 1471 1752 ut
1494 1720 1692 1764 praefertur,
1717 1719 1835 1753 debitis
1867 1719 1986 1764 poeni-

1245 1774 1354 1808 tentiis
1388 1773 1484 1807 etiam
1520 1774 1551 1806 in
1584 1774 1687 1807 forma
1712 1773 1875 1807 Ecclesiae
1907 1783 1985 1806 con-

1244 1830 1335 1861 sueta
1352 1827 1501 1861 similiter
1518 1827 1775 1860 misericorditer
1797 1826 1828 1860 in
1847 1826 1985 1860 Domino

1245 1882 1440 1914 relaxamus.
1479 1880 1611 1914 Necnon
1651 1880 1771 1913 eisdem
1812 1879 1984 1924 utriusque

1246 1945 1339 1968 sexus
1377 1934 1666 1976 christifidelibus,
1709 1933 1762 1978 qui
1801 1938 1917 1978 quater
1953 1933 1985 1966 in

1246 1988 1392 2031 qualibet
1416 1987 1622 2020 hebdomada
1651 1992 1862 2020 memoratam
1896 1997 1986 2020 coro-

1247 2052 1319 2074 nam
1334 2041 1472 2074 recitare
1486 2041 1570 2074 soliti
1587 2041 1717 2080 fuerint,
1732 2040 1783 2074 die
1798 2051 1858 2084 per
1870 2050 1986 2074 unum-

1247 2105 1409 2138 quemque
1442 2105 1478 2128 ex
1505 2094 1550 2127 eis
1577 2093 1746 2137 eligenda,
1772 2104 1848 2126 vere
1874 2093 1988 2137 poeni-

1248 2151 1352 2181 tentes
1368 2153 1398 2180 et
1412 2147 1550 2181 confessi
1565 2147 1748 2191 praefatum
1761 2147 1815 2180 SS.
1832 2146 1987 2180 Euchari-

1247 2200 1327 2234 stiae
1353 2206 1590 2234 sacramentum
1610 2200 1822 2244 sumpserint,
1838 2205 1870 2233 et
1884 2199 1988 2243 ipsam

1247 2264 1403 2288 coronam
1440 2254 1555 2287 devote
1581 2253 1805 2295 recitaverint,
1830 2254 1929 2287 semel
1955 2253 1988 2286 in

1247 2318 1354 2348 anno;
1374 2318 1409 2340 ae
1427 2307 1582 2351 praefatis
1602 2307 1771 2351 utriusque
1796 2317 1890 2340 sexus
1907 2306 1988 2340 chri-

1248 2359 1458 2401 stissdetibus,
1490 2360 1544 2404 qui
1570 2371 1630 2404 per
1654 2361 1816 2403 integrum
1842 2370 1988 2394 mensem

1248 2413 1425 2457 praefatam
1440 2423 1592 2446 coronam
1608 2414 1757 2457 quotidie
1772 2413 1987 2452 recitaverint,

1249 2471 1280 2499 et
1305 2466 1423 2499 deinde
1448 2476 1523 2500 vere
1549 2466 1756 2510 poenitentes
1793 2471 1825 2500 et
1850 2465 1988 2500 confessi

1249 2519 1398 2564 dictaque
1425 2520 1653 2554 communione
1685 2520 1800 2554 refecti
1832 2529 1894 2563 pro
1920 2529 1990 2552 san-

468 2571 612 2603 examine
638 2571 695 2604 rite
722 2576 878 2614 peracto,
906 2571 1001 2604 etiam
1028 2580 1101 2604 vere
1127 2582 1206 2615 poe·
1228 2601 1230 2615 ι
1250 2578 1297 2604 tae
1326 2573 1436 2605 matris
1466 2573 1627 2605 Ecclesiae
1663 2573 1876 2615 exaltatione,
1904 2573 1991 2605 chri-
